  <div class='ocr_page' id='page_1' title='image "/cluster/home/n/w/nwhite01/storage/ocr_20150623/47/hvd.32044096580683/251.png"; bbox 0 0 3884 6178; ppageno 0'>
   <div class='ocr_carea' id='block_1_1' title="bbox 337 269 432 321">
    <p class='ocr_par' dir='ltr' id='par_1_1' title="bbox 337 269 432 321">
     <span class='ocr_line' id='line_1_1' title="bbox 337 269 432 321; baseline 0.011 -1"><span class='ocrx_word' id='word_1_1' title='bbox 337 269 432 321; x_wconf 79' lang='grc'>491</span> 
     </span>
    </p>
   </div>
   <div class='ocr_carea' id='block_1_2' title="bbox 1344 265 3756 338">
    <p class='ocr_par' dir='ltr' id='par_1_2' title="bbox 1344 265 3756 338">
     <span class='ocr_line' id='line_1_2' title="bbox 1344 265 3756 338; baseline -0.003 -18"><span class='ocrx_word' id='word_1_2' title='bbox 1344 265 1900 322; x_wconf 77' lang='lat' dir='ltr'>SUI’PLEMENTUM</span> <span class='ocrx_word' id='word_1_3' title='bbox 1943 267 2032 320; x_wconf 88' lang='lat' dir='ltr'>AD</span> <span class='ocrx_word' id='word_1_4' title='bbox 2071 265 2307 322; x_wconf 80' lang='lat' dir='ltr'>OPERA</span> <span class='ocrx_word' id='word_1_5' title='bbox 2346 269 2402 321; x_wconf 89' lang='lat' dir='ltr'>S.</span> <span class='ocrx_word' id='word_1_6' title='bbox 2443 267 2832 322; x_wconf 75' lang='lat' dir='ltr'>AUGUSTINI.</span> <span class='ocrx_word' id='word_1_7' title='bbox 3675 285 3756 338; x_wconf 49' lang='lat'>49.2</span> 
     </span>
    </p>
   </div>
   <div class='ocr_carea' id='block_1_3' title="bbox 337 383 3762 458">
    <p class='ocr_par' dir='ltr' id='par_1_3' title="bbox 337 383 3762 458">
     <span class='ocr_line' id='line_1_3' title="bbox 337 383 3762 458; baseline 0.004 -13"><span class='ocrx_word' id='word_1_8' title='bbox 337 393 476 445; x_wconf 85' lang='lat' dir='ltr'>enim</span> <span class='ocrx_word' id='word_1_9' title='bbox 500 391 876 458; x_wconf 67' lang='lat' dir='ltr'>navigavimus</span> <span class='ocrx_word' id='word_1_10' title='bbox 895 391 1137 455; x_wconf 88' lang='lat' dir='ltr'>ulterius,</span> <span class='ocrx_word' id='word_1_11' title='bbox 1167 387 1310 456; x_wconf 87' lang='lat' dir='ltr'>quod</span> <span class='ocrx_word' id='word_1_12' title='bbox 1331 403 1426 442; x_wconf 90' lang='lat' dir='ltr'>nos</span> <span class='ocrx_word' id='word_1_13' title='bbox 1455 388 1666 441; x_wconf 79' lang='lat' dir='ltr'>cibaria</span> <span class='ocrx_word' id='word_1_14' title='bbox 1685 388 2019 454; x_wconf 76' lang='lat' dir='ltr'>defecissent.</span> <span class='ocrx_word' id='word_1_15' title='bbox 2059 388 2106 442; x_wconf 88' lang='lat' dir='ltr'>A</span> <span class='ocrx_word' id='word_1_16' title='bbox 2145 403 2292 443; x_wconf 90' lang='lat' dir='ltr'>meo.</span> <span class='ocrx_word' id='word_1_17' title='bbox 2324 389 2511 444; x_wconf 86' lang='lat' dir='ltr'><em>Omnes</em></span> <span class='ocrx_word' id='word_1_18' title='bbox 2564 392 2766 458; x_wconf 78' lang='lat' dir='ltr'><em>quippe</em></span> <span class='ocrx_word' id='word_1_19' title='bbox 2819 393 3004 443; x_wconf 88' lang='lat' dir='ltr'>unctos</span> <span class='ocrx_word' id='word_1_20' title='bbox 3034 389 3152 457; x_wconf 89' lang='lat' dir='ltr'>ejus</span> <span class='ocrx_word' id='word_1_21' title='bbox 3207 391 3475 448; x_wconf 71' lang='lat' dir='ltr'>chrismate</span> <span class='ocrx_word' id='word_1_22' title='bbox 3498 383 3630 453; x_wconf 78' lang='lat' dir='ltr'>recte</span> <span class='ocrx_word' id='word_1_23' title='bbox 3645 405 3762 456; x_wconf 85' lang='lat' dir='ltr'>chri-</span> 
     </span>
    </p>
   </div>
   <div class='ocr_carea' id='block_1_4' title="bbox 341 475 2035 551">
    <p class='ocr_par' dir='ltr' id='par_1_4' title="bbox 341 475 2035 551">
     <span class='ocr_line' id='line_1_4' title="bbox 341 475 2035 551; baseline -0.002 -18"><span class='ocrx_word' id='word_1_24' title='bbox 341 482 536 551; x_wconf 90' lang='lat' dir='ltr'>Itaque</span> <span class='ocrx_word' id='word_1_25' title='bbox 581 477 883 533; x_wconf 86' lang='lat' dir='ltr'>auctoritas</span> <span class='ocrx_word' id='word_1_26' title='bbox 930 478 1236 546; x_wconf 71' lang='lat' dir='ltr'>Scripturae</span> <span class='ocrx_word' id='word_1_27' title='bbox 1267 476 1378 530; x_wconf 92' lang='lat' dir='ltr'>huc</span> <span class='ocrx_word' id='word_1_28' title='bbox 1417 476 1564 529; x_wconf 87' lang='lat' dir='ltr'>nihil</span> <span class='ocrx_word' id='word_1_29' title='bbox 1608 475 1872 541; x_wconf 85' lang='lat' dir='ltr'>faciebat,</span> <span class='ocrx_word' id='word_1_30' title='bbox 1906 491 2035 546; x_wconf 72' lang='lat' dir='ltr'>quae</span> 
     </span>
    </p>
   </div>
   <div class='ocr_carea' id='block_1_5' title="bbox 340 563 2035 635">
    <p class='ocr_par' dir='ltr' id='par_1_5' title="bbox 340 563 2035 635">
     <span class='ocr_line' id='line_1_5' title="bbox 340 563 2035 635; baseline -0.005 -11"><span class='ocrx_word' id='word_1_31' title='bbox 340 586 456 624; x_wconf 90' lang='lat' dir='ltr'>non</span> <span class='ocrx_word' id='word_1_32' title='bbox 487 570 651 624; x_wconf 88' lang='lat' dir='ltr'>docet</span> <span class='ocrx_word' id='word_1_33' title='bbox 688 569 874 621; x_wconf 89' lang='lat' dir='ltr'>solum</span> <span class='ocrx_word' id='word_1_34' title='bbox 921 565 1152 620; x_wconf 87' lang='lat' dir='ltr'>boreale</span> <span class='ocrx_word' id='word_1_35' title='bbox 1192 565 1662 635; x_wconf 65' lang='lat' dir='ltr'>hemisphaerium</span> <span class='ocrx_word' id='word_1_36' title='bbox 1717 565 1904 626; x_wconf 88' lang='lat' dir='ltr'>incoli,</span> <span class='ocrx_word' id='word_1_37' title='bbox 1938 563 2035 617; x_wconf 93' lang='lat' dir='ltr'>sed</span> 
     </span>
    </p>
   </div>
   <div class='ocr_carea' id='block_1_6' title="bbox 341 654 2038 724">
    <p class='ocr_par' dir='ltr' id='par_1_6' title="bbox 341 654 2038 724">
     <span class='ocr_line' id='line_1_6' title="bbox 341 654 2038 724; baseline -0.003 -14"><span class='ocrx_word' id='word_1_38' title='bbox 341 662 566 710; x_wconf 88' lang='lat' dir='ltr'>tantum</span> <span class='ocrx_word' id='word_1_39' title='bbox 596 657 655 709; x_wconf 90' lang='lat' dir='ltr'>in</span> <span class='ocrx_word' id='word_1_40' title='bbox 677 672 744 708; x_wconf 90' lang='lat' dir='ltr'>eo</span> <span class='ocrx_word' id='word_1_41' title='bbox 779 655 997 724; x_wconf 88' lang='lat' dir='ltr'>primos</span> <span class='ocrx_word' id='word_1_42' title='bbox 1027 654 1292 708; x_wconf 87' lang='lat' dir='ltr'>homines</span> <span class='ocrx_word' id='word_1_43' title='bbox 1335 659 1592 720; x_wconf 88' lang='lat' dir='ltr'>creatos;</span> <span class='ocrx_word' id='word_1_44' title='bbox 1626 654 1776 708; x_wconf 90' lang='lat' dir='ltr'>unde</span> <span class='ocrx_word' id='word_1_45' title='bbox 1806 669 1921 706; x_wconf 89' lang='lat' dir='ltr'>non</span> <span class='ocrx_word' id='word_1_46' title='bbox 1957 669 2038 706; x_wconf 90' lang='lat' dir='ltr'>se-</span> 
     </span>
    </p>
   </div>
   <div class='ocr_carea' id='block_1_7' title="bbox 341 741 2035 816">
    <p class='ocr_par' dir='ltr' id='par_1_7' title="bbox 341 741 2035 816">
     <span class='ocr_line' id='line_1_7' title="bbox 341 741 2035 816; baseline -0.003 -17"><span class='ocrx_word' id='word_1_47' title='bbox 341 746 540 816; x_wconf 84' lang='lat' dir='ltr'>quitur</span> <span class='ocrx_word' id='word_1_48' title='bbox 568 760 683 797; x_wconf 88' lang='lat' dir='ltr'>non</span> <span class='ocrx_word' id='word_1_49' title='bbox 712 742 965 812; x_wconf 87' lang='lat' dir='ltr'>potuisse</span> <span class='ocrx_word' id='word_1_50' title='bbox 1005 759 1102 796; x_wconf 92' lang='lat' dir='ltr'>eos</span> <span class='ocrx_word' id='word_1_51' title='bbox 1129 742 1188 796; x_wconf 90' lang='lat' dir='ltr'>in</span> <span class='ocrx_word' id='word_1_52' title='bbox 1211 743 1543 812; x_wconf 87' lang='lat' dir='ltr'>oppositum</span> <span class='ocrx_word' id='word_1_53' title='bbox 1564 741 2035 812; x_wconf 64' lang='lat' dir='ltr'>hemisphaerium</span> 
     </span>
    </p>
   </div>
   <div class='ocr_carea' id='block_1_8' title="bbox 340 829 2033 895">
    <p class='ocr_par' dir='ltr' id='par_1_8' title="bbox 340 829 2033 895">
     <span class='ocr_line' id='line_1_8' title="bbox 340 829 2033 895; baseline -0.002 -9"><span class='ocrx_word' id='word_1_54' title='bbox 340 852 397 887; x_wconf 88' lang='lat' dir='ltr'>sc</span> <span class='ocrx_word' id='word_1_55' title='bbox 423 833 698 886; x_wconf 87' lang='lat' dir='ltr'>conferre.</span> <span class='ocrx_word' id='word_1_56' title='bbox 732 833 750 885; x_wconf 90' lang='grc' dir='ltr'>Ι</span> <span class='ocrx_word' id='word_1_57' title='bbox 781 847 935 885; x_wconf 92' lang='lat' dir='ltr'>nunc</span> <span class='ocrx_word' id='word_1_58' title='bbox 965 836 1020 884; x_wconf 91' lang='lat' dir='ltr'>et</span> <span class='ocrx_word' id='word_1_59' title='bbox 1042 831 1208 885; x_wconf 84' lang='lat' dir='ltr'><em>crede</em></span> <span class='ocrx_word' id='word_1_60' title='bbox 1229 830 1451 884; x_wconf 88' lang='lat' dir='ltr'>homini</span> <span class='ocrx_word' id='word_1_61' title='bbox 1481 831 1548 885; x_wconf 93' lang='lat' dir='ltr'>de</span> <span class='ocrx_word' id='word_1_62' title='bbox 1592 829 1692 884; x_wconf 91' lang='lat' dir='ltr'>Dei</span> <span class='ocrx_word' id='word_1_63' title='bbox 1723 831 2033 895; x_wconf 76' lang='lat' dir='ltr'>voluntate,</span> 
     </span>
    </p>
   </div>
   <div class='ocr_carea' id='block_1_9' title="bbox 339 918 2038 992">
    <p class='ocr_par' dir='ltr' id='par_1_9' title="bbox 339 918 2038 992">
     <span class='ocr_line' id='line_1_9' title="bbox 339 918 2038 992; baseline -0.003 -16"><span class='ocrx_word' id='word_1_64' title='bbox 339 923 521 992; x_wconf 87' lang='lat' dir='ltr'><em>deque</em></span> <span class='ocrx_word' id='word_1_65' title='bbox 546 921 762 974; x_wconf 90' lang='lat' dir='ltr'>mundo</span> <span class='ocrx_word' id='word_1_66' title='bbox 793 920 985 974; x_wconf 88' lang='lat' dir='ltr'>futuro</span> <span class='ocrx_word' id='word_1_67' title='bbox 1008 925 1124 974; x_wconf 89' lang='lat' dir='ltr'>tam</span> <span class='ocrx_word' id='word_1_68' title='bbox 1145 919 1326 974; x_wconf 90' lang='lat' dir='ltr'>multa</span> <span class='ocrx_word' id='word_1_69' title='bbox 1353 936 1419 973; x_wconf 84' lang='lat' dir='ltr'>ex</span> <span class='ocrx_word' id='word_1_70' title='bbox 1450 919 1705 974; x_wconf 81' lang='lat' dir='ltr'>obscuris</span> <span class='ocrx_word' id='word_1_71' title='bbox 1731 918 2038 988; x_wconf 52' lang='lat' dir='ltr'>Scriptura),</span> 
     </span>
    </p>
   </div>
   <div class='ocr_carea' id='block_1_10' title="bbox 341 999 2038 1080">
    <p class='ocr_par' dir='ltr' id='par_1_10' title="bbox 341 999 2038 1080">
     <span class='ocr_line' id='line_1_10' title="bbox 341 999 2038 1080; baseline -0.003 -16"><span class='ocrx_word' id='word_1_72' title='bbox 341 1011 478 1064; x_wconf 88' lang='lat' dir='ltr'>locis</span> <span class='ocrx_word' id='word_1_73' title='bbox 507 999 821 1080; x_wconf 87' lang='lat' dir='ltr'>colligenti,</span> <span class='ocrx_word' id='word_1_74' title='bbox 857 1009 956 1079; x_wconf 88' lang='lat' dir='ltr'>qui</span> <span class='ocrx_word' id='word_1_75' title='bbox 987 1026 1056 1062; x_wconf 91' lang='lat' dir='ltr'>ne</span> <span class='ocrx_word' id='word_1_76' title='bbox 1087 1009 1155 1063; x_wconf 94' lang='lat' dir='ltr'>de</span> <span class='ocrx_word' id='word_1_77' title='bbox 1188 1014 1340 1062; x_wconf 88' lang='lat' dir='ltr'>terra</span> <span class='ocrx_word' id='word_1_78' title='bbox 1377 1008 1631 1079; x_wconf 89' lang='lat' dir='ltr'>quidem,</span> <span class='ocrx_word' id='word_1_79' title='bbox 1661 1023 1835 1078; x_wconf 90' lang='lat' dir='ltr'>quam</span> <span class='ocrx_word' id='word_1_80' title='bbox 1883 1005 2038 1077; x_wconf 82' lang='lat' dir='ltr'>pedi-</span> 
     </span>
    </p>
   </div>
   <div class='ocr_carea' id='block_1_11' title="bbox 340 1094 2035 1163">
    <p class='ocr_par' dir='ltr' id='par_1_11' title="bbox 340 1094 2035 1163">
     <span class='ocr_line' id='line_1_11' title="bbox 340 1094 2035 1163; baseline -0.003 -10"><span class='ocrx_word' id='word_1_81' title='bbox 340 1100 444 1153; x_wconf 92' lang='lat' dir='ltr'>bus</span> <span class='ocrx_word' id='word_1_82' title='bbox 469 1099 720 1161; x_wconf 87' lang='lat' dir='ltr'>calcabat</span> <span class='ocrx_word' id='word_1_83' title='bbox 739 1102 892 1151; x_wconf 90' lang='lat' dir='ltr'>recte</span> <span class='ocrx_word' id='word_1_84' title='bbox 921 1096 1269 1163; x_wconf 82' lang='lat' dir='ltr'>ratiocinari,</span> <span class='ocrx_word' id='word_1_85' title='bbox 1323 1102 1423 1151; x_wconf 88' lang='lat' dir='ltr'>aut</span> <span class='ocrx_word' id='word_1_86' title='bbox 1464 1101 1614 1150; x_wconf 87' lang='lat' dir='ltr'>recte</span> <span class='ocrx_word' id='word_1_87' title='bbox 1657 1094 2035 1149; x_wconf 82' lang='lat' dir='ltr'>sentientibus</span> 
     </span>
    </p>
   </div>
   <div class='ocr_carea' id='block_1_12' title="bbox 337 1185 2033 1257">
    <p class='ocr_par' dir='ltr' id='par_1_12' title="bbox 337 1185 2033 1257">
     <span class='ocr_line' id='line_1_12' title="bbox 337 1185 2033 1257; baseline -0.003 -16"><span class='ocrx_word' id='word_1_88' title='bbox 337 1187 602 1242; x_wconf 86' lang='lat' dir='ltr'>assentiri</span> <span class='ocrx_word' id='word_1_89' title='bbox 650 1186 853 1257; x_wconf 85' lang='lat' dir='ltr'>potuit.</span> <span class='ocrx_word' id='word_1_90' title='bbox 887 1186 1057 1256; x_wconf 89' lang='lat' dir='ltr'>Atqui</span> <span class='ocrx_word' id='word_1_91' title='bbox 1089 1187 1271 1239; x_wconf 89' lang='lat' dir='ltr'>multo</span> <span class='ocrx_word' id='word_1_92' title='bbox 1303 1185 1656 1239; x_wconf 84' lang='lat' dir='ltr'>mirabiliora</span> <span class='ocrx_word' id='word_1_93' title='bbox 1689 1187 1858 1238; x_wconf 90' lang='lat' dir='ltr'>erunt</span> <span class='ocrx_word' id='word_1_94' title='bbox 1904 1199 2033 1254; x_wconf 67' lang='lat' dir='ltr'>qua:</span> 
     </span>
    </p>
   </div>
   <div class='ocr_carea' id='block_1_13' title="bbox 340 1274 2031 1345">
    <p class='ocr_par' dir='ltr' id='par_1_13' title="bbox 340 1274 2031 1345">
     <span class='ocr_line' id='line_1_13' title="bbox 340 1274 2031 1345; baseline -0.002 -16"><span class='ocrx_word' id='word_1_95' title='bbox 340 1276 454 1330; x_wconf 91' lang='lat' dir='ltr'>illic</span> <span class='ocrx_word' id='word_1_96' title='bbox 484 1275 824 1343; x_wconf 86' lang='lat' dir='ltr'>videbimus,</span> <span class='ocrx_word' id='word_1_97' title='bbox 853 1291 1024 1345; x_wconf 84' lang='lat' dir='ltr'>quam</span> <span class='ocrx_word' id='word_1_98' title='bbox 1056 1275 1260 1344; x_wconf 75' lang='lat' dir='ltr'>quaein</span> <span class='ocrx_word' id='word_1_99' title='bbox 1291 1275 1468 1327; x_wconf 91' lang='lat' dir='ltr'>altero</span> <span class='ocrx_word' id='word_1_100' title='bbox 1497 1275 1606 1327; x_wconf 93' lang='lat' dir='ltr'>hoc</span> <span class='ocrx_word' id='word_1_101' title='bbox 1637 1274 1772 1326; x_wconf 86' lang='lat' dir='ltr'>orbe</span> <span class='ocrx_word' id='word_1_102' title='bbox 1800 1289 1833 1325; x_wconf 93' lang='lat' dir='ltr'>a</span> <span class='ocrx_word' id='word_1_103' title='bbox 1863 1288 2031 1342; x_wconf 88' lang='lat' dir='ltr'>proa-</span> 
     </span>
    </p>
   </div>
   <div class='ocr_carea' id='block_1_14' title="bbox 339 1361 2032 1431">
    <p class='ocr_par' dir='ltr' id='par_1_14' title="bbox 339 1361 2032 1431">
     <span class='ocr_line' id='line_1_14' title="bbox 339 1361 2032 1431; baseline -0.002 -12"><span class='ocrx_word' id='word_1_104' title='bbox 339 1368 419 1421; x_wconf 90' lang='lat' dir='ltr'>vis</span> <span class='ocrx_word' id='word_1_105' title='bbox 449 1365 655 1420; x_wconf 88' lang='lat' dir='ltr'>nostris</span> <span class='ocrx_word' id='word_1_106' title='bbox 678 1364 907 1418; x_wconf 89' lang='lat' dir='ltr'>inventa</span> <span class='ocrx_word' id='word_1_107' title='bbox 935 1367 1085 1418; x_wconf 90' lang='lat' dir='ltr'>sunt.</span> <span class='ocrx_word' id='word_1_108' title='bbox 1117 1365 1192 1417; x_wconf 91' lang='lat' dir='ltr'>De</span> <span class='ocrx_word' id='word_1_109' title='bbox 1220 1364 1327 1417; x_wconf 92' lang='lat' dir='ltr'>hoc</span> <span class='ocrx_word' id='word_1_110' title='bbox 1363 1362 1568 1426; x_wconf 89' lang='lat' dir='ltr'>merito</span> <span class='ocrx_word' id='word_1_111' title='bbox 1615 1362 1843 1430; x_wconf 77' lang='lat' dir='ltr'>dixeris,</span> <span class='ocrx_word' id='word_1_112' title='bbox 1877 1361 2032 1431; x_wconf 87' lang='lat' dir='ltr'>quod</span> 
     </span>
    </p>
   </div>
   <div class='ocr_carea' id='block_1_15' title="bbox 338 1451 2032 1521">
    <p class='ocr_par' dir='ltr' id='par_1_15' title="bbox 338 1451 2032 1521">
     <span class='ocr_line' id='line_1_15' title="bbox 338 1451 2032 1521; baseline -0.005 -10"><span class='ocrx_word' id='word_1_113' title='bbox 338 1457 406 1511; x_wconf 91' lang='lat' dir='ltr'>de</span> <span class='ocrx_word' id='word_1_114' title='bbox 448 1453 678 1509; x_wconf 87' lang='lat' dir='ltr'>Thalete</span> <span class='ocrx_word' id='word_1_115' title='bbox 717 1468 1004 1506; x_wconf 90' lang='lat' dir='ltr'>nonnemo</span> <span class='ocrx_word' id='word_1_116' title='bbox 1033 1452 1173 1506; x_wconf 82' lang='lat' dir='ltr'>dixit</span> <span class='ocrx_word' id='word_1_117' title='bbox 1204 1468 1218 1505; x_wconf 89' lang='lat'>:</span> <span class='ocrx_word' id='word_1_118' title='bbox 1251 1452 1402 1518; x_wconf 82' lang='lat' dir='ltr'>Quod</span> <span class='ocrx_word' id='word_1_119' title='bbox 1430 1455 1555 1506; x_wconf 97' lang='lat' dir='ltr'>ante</span> <span class='ocrx_word' id='word_1_120' title='bbox 1589 1451 1751 1521; x_wconf 83' lang='lat' dir='ltr'>pedes</span> <span class='ocrx_word' id='word_1_121' title='bbox 1801 1465 1908 1505; x_wconf 90' lang='lat' dir='ltr'>non</span> <span class='ocrx_word' id='word_1_122' title='bbox 1953 1452 2032 1504; x_wconf 81' lang='lat' dir='ltr'>vi-</span> 
     </span>
    </p>
   </div>
   <div class='ocr_carea' id='block_1_16' title="bbox 339 1543 1180 1614">
    <p class='ocr_par' dir='ltr' id='par_1_16' title="bbox 339 1543 1180 1614">
     <span class='ocr_line' id='line_1_16' title="bbox 339 1543 1180 1614; baseline -0.007 -14"><span class='ocrx_word' id='word_1_123' title='bbox 339 1546 448 1614; x_wconf 88' lang='lat' dir='ltr'>det,</span> <span class='ocrx_word' id='word_1_124' title='bbox 487 1546 603 1599; x_wconf 79' lang='lat' dir='ltr'>coeli</span> <span class='ocrx_word' id='word_1_125' title='bbox 639 1547 917 1597; x_wconf 75' lang='lat' dir='ltr'>scrutatur</span> <span class='ocrx_word' id='word_1_126' title='bbox 941 1543 1180 1610; x_wconf 84' lang='lat' dir='ltr'>plagas!</span> 
     </span>
    </p>
   </div>
   <div class='ocr_carea' id='block_1_17' title="bbox 409 1630 2031 1703">
    <p class='ocr_par' dir='ltr' id='par_1_17' title="bbox 409 1630 2031 1703">
     <span class='ocr_line' id='line_1_17' title="bbox 409 1630 2031 1703; baseline -0.004 -15"><span class='ocrx_word' id='word_1_127' title='bbox 409 1634 544 1703; x_wconf 87' lang='lat' dir='ltr'>Cap.</span> <span class='ocrx_word' id='word_1_128' title='bbox 581 1637 665 1686; x_wconf 84' lang='grc' dir='ltr'>Η.</span> <span class='ocrx_word' id='word_1_129' title='bbox 707 1633 858 1687; x_wconf 81' lang='lat' dir='ltr'>Sicut</span> <span class='ocrx_word' id='word_1_130' title='bbox 887 1631 1077 1697; x_wconf 78' lang='lat' dir='ltr'>lingua</span> <span class='ocrx_word' id='word_1_131' title='bbox 1115 1645 1224 1682; x_wconf 90' lang='lat' dir='ltr'>una</span> <span class='ocrx_word' id='word_1_132' title='bbox 1280 1644 1398 1682; x_wconf 90' lang='lat' dir='ltr'>cum</span> <span class='ocrx_word' id='word_1_133' title='bbox 1448 1633 1583 1683; x_wconf 88' lang='lat' dir='ltr'>esset</span> <span class='ocrx_word' id='word_1_134' title='bbox 1628 1630 1884 1695; x_wconf 89' lang='lat' dir='ltr'>omnium,</span> <span class='ocrx_word' id='word_1_135' title='bbox 1923 1642 2031 1681; x_wconf 87' lang='lat' dir='ltr'>non</span> 
     </span>
    </p>
   </div>
   <div class='ocr_carea' id='block_1_18' title="bbox 337 1716 2031 1791">
    <p class='ocr_par' dir='ltr' id='par_1_18' title="bbox 337 1716 2031 1791">
     <span class='ocr_line' id='line_1_18' title="bbox 337 1716 2031 1791; baseline -0.004 -14"><span class='ocrx_word' id='word_1_136' title='bbox 337 1724 455 1777; x_wconf 89' lang='lat' dir='ltr'>ideo</span> <span class='ocrx_word' id='word_1_137' title='bbox 481 1721 592 1791; x_wconf 82' lang='lat' dir='ltr'>ﬁlii</span> <span class='ocrx_word' id='word_1_138' title='bbox 615 1721 934 1790; x_wconf 58' lang='lat' dir='ltr'>pestilentia</span> <span class='ocrx_word' id='word_1_139' title='bbox 974 1720 1298 1784; x_wconf 83' lang='lat' dir='ltr'>defuerunt;</span> <span class='ocrx_word' id='word_1_140' title='bbox 1354 1733 1482 1770; x_wconf 90' lang='lat' dir='ltr'>nam</span> <span class='ocrx_word' id='word_1_141' title='bbox 1513 1723 1566 1772; x_wconf 92' lang='lat' dir='ltr'>et</span> <span class='ocrx_word' id='word_1_142' title='bbox 1608 1722 1733 1771; x_wconf 87' lang='lat' dir='ltr'>ante</span> <span class='ocrx_word' id='word_1_143' title='bbox 1764 1716 2031 1770; x_wconf 81' lang='lat' dir='ltr'>diluvium</span> 
     </span>
    </p>
   </div>
   <div class='ocr_carea' id='block_1_19' title="bbox 335 1806 2032 1876">
    <p class='ocr_par' dir='ltr' id='par_1_19' title="bbox 335 1806 2032 1876">
     <span class='ocr_line' id='line_1_19' title="bbox 335 1806 2032 1876; baseline -0.005 -11"><span class='ocrx_word' id='word_1_144' title='bbox 335 1827 446 1864; x_wconf 92' lang='lat' dir='ltr'>una</span> <span class='ocrx_word' id='word_1_145' title='bbox 490 1814 606 1864; x_wconf 84' lang='lat' dir='ltr'>erat</span> <span class='ocrx_word' id='word_1_146' title='bbox 660 1810 869 1876; x_wconf 89' lang='lat' dir='ltr'>lingua,</span> <span class='ocrx_word' id='word_1_147' title='bbox 902 1812 953 1860; x_wconf 90' lang='lat' dir='ltr'>et</span> <span class='ocrx_word' id='word_1_148' title='bbox 1000 1811 1178 1860; x_wconf 87' lang='lat' dir='ltr'>tamen</span> <span class='ocrx_word' id='word_1_149' title='bbox 1235 1821 1435 1872; x_wconf 90' lang='lat' dir='ltr'>omnes,</span> <span class='ocrx_word' id='word_1_150' title='bbox 1480 1809 1689 1874; x_wconf 74' lang='lat' dir='ltr'>praeter</span> <span class='ocrx_word' id='word_1_151' title='bbox 1727 1820 1892 1858; x_wconf 89' lang='lat' dir='ltr'>unam</span> <span class='ocrx_word' id='word_1_152' title='bbox 1923 1806 2032 1859; x_wconf 85' lang='lat' dir='ltr'>Noe</span> 
     </span>
    </p>
   </div>
   <div class='ocr_carea' id='block_1_20' title="bbox 323 1891 2027 1968">
    <p class='ocr_par' dir='ltr' id='par_1_20' title="bbox 323 1891 2027 1968">
     <span class='ocr_line' id='line_1_20' title="bbox 323 1891 2027 1968; baseline -0.004 -15"><span class='ocrx_word' id='word_1_153' title='bbox 323 1900 468 1968; x_wconf 87' lang='lat' dir='ltr'>justi</span> <span class='ocrx_word' id='word_1_154' title='bbox 507 1898 742 1961; x_wconf 86' lang='lat' dir='ltr'>domum,</span> <span class='ocrx_word' id='word_1_155' title='bbox 790 1895 958 1950; x_wconf 87' lang='lat' dir='ltr'>deleri</span> <span class='ocrx_word' id='word_1_156' title='bbox 997 1894 1203 1948; x_wconf 87' lang='lat' dir='ltr'>diluvio</span> <span class='ocrx_word' id='word_1_157' title='bbox 1243 1898 1553 1947; x_wconf 86' lang='lat' dir='ltr'>meruerunt</span> <span class='ocrx_word' id='word_1_158' title='bbox 1586 1909 1598 1947; x_wconf 92' lang='lat'><strong>:</strong></span> <span class='ocrx_word' id='word_1_159' title='bbox 1657 1895 1739 1946; x_wconf 88' lang='lat' dir='ltr'>ita</span> <span class='ocrx_word' id='word_1_160' title='bbox 1786 1891 2027 1961; x_wconf 85' lang='lat' dir='ltr'>quando,</span> 
     </span>
    </p>
   </div>
   <div class='ocr_carea' id='block_1_21' title="bbox 330 1981 2029 2052">
    <p class='ocr_par' dir='ltr' id='par_1_21' title="bbox 330 1981 2029 2052">
     <span class='ocr_line' id='line_1_21' title="bbox 330 1981 2029 2052; baseline -0.004 -12"><span class='ocrx_word' id='word_1_161' title='bbox 330 1989 520 2040; x_wconf 86' lang='lat' dir='ltr'>merito</span> <span class='ocrx_word' id='word_1_162' title='bbox 537 1987 777 2039; x_wconf 87' lang='lat' dir='ltr'>elatioris</span> <span class='ocrx_word' id='word_1_163' title='bbox 798 1984 1116 2052; x_wconf 87' lang='lat' dir='ltr'>impietatis,</span> <span class='ocrx_word' id='word_1_164' title='bbox 1151 1986 1330 2048; x_wconf 88' lang='lat' dir='ltr'>gentes</span> <span class='ocrx_word' id='word_1_165' title='bbox 1355 1981 1672 2035; x_wconf 81' lang='lat' dir='ltr'>diversitate</span> <span class='ocrx_word' id='word_1_166' title='bbox 1713 1982 2029 2048; x_wconf 89' lang='lat' dir='ltr'>linguarum</span> 
     </span>
    </p>
   </div>
   <div class='ocr_carea' id='block_1_22' title="bbox 332 2067 2032 2140">
    <p class='ocr_par' dir='ltr' id='par_1_22' title="bbox 332 2067 2032 2140">
     <span class='ocr_line' id='line_1_22' title="bbox 332 2067 2032 2140; baseline -0.001 -20"><span class='ocrx_word' id='word_1_167' title='bbox 332 2074 538 2140; x_wconf 70' lang='lat' dir='ltr'>punita:</span> <span class='ocrx_word' id='word_1_168' title='bbox 567 2075 728 2138; x_wconf 89' lang='lat' dir='ltr'>atque</span> <span class='ocrx_word' id='word_1_169' title='bbox 774 2069 964 2123; x_wconf 77' lang='lat' dir='ltr'>divisae</span> <span class='ocrx_word' id='word_1_170' title='bbox 993 2072 1138 2135; x_wconf 90' lang='lat' dir='ltr'>sunt,</span> <span class='ocrx_word' id='word_1_171' title='bbox 1180 2072 1230 2122; x_wconf 90' lang='lat' dir='ltr'>et</span> <span class='ocrx_word' id='word_1_172' title='bbox 1279 2069 1472 2122; x_wconf 77' lang='lat' dir='ltr'>civitas</span> <span class='ocrx_word' id='word_1_173' title='bbox 1512 2068 1804 2135; x_wconf 89' lang='lat' dir='ltr'>impiorum</span> <span class='ocrx_word' id='word_1_174' title='bbox 1851 2067 2032 2131; x_wconf 86' lang='lat' dir='ltr'>confu-</span> 
     </span>
    </p>
   </div>
   <div class='ocr_carea' id='block_1_23' title="bbox 333 2154 2026 2226">
    <p class='ocr_par' dir='ltr' id='par_1_23' title="bbox 333 2154 2026 2226">
     <span class='ocr_line' id='line_1_23' title="bbox 333 2154 2026 2226; baseline -0.005 -12"><span class='ocrx_word' id='word_1_175' title='bbox 333 2161 500 2214; x_wconf 89' lang='lat' dir='ltr'>sionis</span> <span class='ocrx_word' id='word_1_176' title='bbox 539 2174 730 2212; x_wconf 88' lang='lat' dir='ltr'>nomen</span> <span class='ocrx_word' id='word_1_177' title='bbox 784 2159 1011 2226; x_wconf 88' lang='lat' dir='ltr'>accepit,</span> <span class='ocrx_word' id='word_1_178' title='bbox 1068 2158 1161 2210; x_wconf 88' lang='lat' dir='ltr'>hoc</span> <span class='ocrx_word' id='word_1_179' title='bbox 1186 2161 1283 2223; x_wconf 92' lang='lat' dir='ltr'>est,</span> <span class='ocrx_word' id='word_1_180' title='bbox 1343 2156 1623 2225; x_wconf 87' lang='lat' dir='ltr'>appellata</span> <span class='ocrx_word' id='word_1_181' title='bbox 1652 2159 1729 2209; x_wconf 89' lang='lat' dir='ltr'>est</span> <span class='ocrx_word' id='word_1_182' title='bbox 1759 2154 2026 2222; x_wconf 85' lang='lat' dir='ltr'>Babylon,</span> 
     </span>
    </p>
   </div>
   <div class='ocr_carea' id='block_1_24' title="bbox 332 2244 2032 2314">
    <p class='ocr_par' dir='ltr' id='par_1_24' title="bbox 332 2244 2032 2314">
     <span class='ocr_line' id='line_1_24' title="bbox 332 2244 2032 2314; baseline -0.004 -13"><span class='ocrx_word' id='word_1_183' title='bbox 332 2264 437 2301; x_wconf 87' lang='lat' dir='ltr'>non</span> <span class='ocrx_word' id='word_1_184' title='bbox 464 2248 640 2314; x_wconf 80' lang='lat' dir='ltr'>defuit</span> <span class='ocrx_word' id='word_1_185' title='bbox 671 2246 858 2300; x_wconf 85' lang='lat' dir='ltr'>domus</span> <span class='ocrx_word' id='word_1_186' title='bbox 880 2245 1188 2313; x_wconf 84' lang='lat' dir='ltr'>Heber,ubi</span> <span class='ocrx_word' id='word_1_187' title='bbox 1215 2260 1278 2298; x_wconf 89' lang='lat' dir='ltr'>ea</span> <span class='ocrx_word' id='word_1_188' title='bbox 1310 2260 1428 2312; x_wconf 58' lang='lat' dir='ltr'>qua</span> <span class='ocrx_word' id='word_1_189' title='bbox 1464 2248 1624 2297; x_wconf 84' lang='lat' dir='ltr'>antea</span> <span class='ocrx_word' id='word_1_190' title='bbox 1652 2245 1763 2310; x_wconf 82' lang='lat' dir='ltr'>fuit</span> <span class='ocrx_word' id='word_1_191' title='bbox 1793 2244 2032 2296; x_wconf 89' lang='lat' dir='ltr'>omnium</span> 
     </span>
    </p>
   </div>
   <div class='ocr_carea' id='block_1_25' title="bbox 333 2328 2029 2404">
    <p class='ocr_par' dir='ltr' id='par_1_25' title="bbox 333 2328 2029 2404">
     <span class='ocr_line' id='line_1_25' title="bbox 333 2328 2029 2404; baseline -0.004 -15"><span class='ocrx_word' id='word_1_192' title='bbox 333 2337 524 2402; x_wconf 87' lang='lat' dir='ltr'>lingua</span> <span class='ocrx_word' id='word_1_193' title='bbox 574 2333 919 2404; x_wconf 68' lang='lat' dir='ltr'>remaneret]</span> <span class='ocrx_word' id='word_1_194' title='bbox 957 2334 1172 2386; x_wconf 87' lang='lat' dir='ltr'>Merum</span> <span class='ocrx_word' id='word_1_195' title='bbox 1200 2331 1311 2386; x_wconf 90' lang='lat' dir='ltr'>hoc</span> <span class='ocrx_word' id='word_1_196' title='bbox 1340 2347 1461 2385; x_wconf 90' lang='lat' dir='ltr'>esse</span> <span class='ocrx_word' id='word_1_197' title='bbox 1498 2333 1909 2396; x_wconf 87' lang='lat' dir='ltr'>commentum,</span> <span class='ocrx_word' id='word_1_198' title='bbox 1941 2328 2029 2399; x_wconf 92' lang='lat' dir='ltr'>ip-</span> 
     </span>
    </p>
   </div>
   <div class='ocr_carea' id='block_1_26' title="bbox 333 2418 2031 2494">
    <p class='ocr_par' dir='ltr' id='par_1_26' title="bbox 333 2418 2031 2494">
     <span class='ocr_line' id='line_1_26' title="bbox 333 2418 2031 2494; baseline -0.004 -16"><span class='ocrx_word' id='word_1_199' title='bbox 333 2424 495 2494; x_wconf 87' lang='lat' dir='ltr'>sique</span> <span class='ocrx_word' id='word_1_200' title='bbox 525 2422 830 2492; x_wconf 74' lang='lat' dir='ltr'>Scriptura:</span> <span class='ocrx_word' id='word_1_201' title='bbox 861 2419 1212 2474; x_wconf 82' lang='lat' dir='ltr'>contrarium</span> <span class='ocrx_word' id='word_1_202' title='bbox 1235 2418 1479 2473; x_wconf 82' lang='lat' dir='ltr'>ostendit</span> <span class='ocrx_word' id='word_1_203' title='bbox 1498 2418 1697 2472; x_wconf 89' lang='lat' dir='ltr'>multis</span> <span class='ocrx_word' id='word_1_204' title='bbox 1717 2419 1882 2472; x_wconf 83' lang='lat' dir='ltr'>Joan.</span> <span class='ocrx_word' id='word_1_205' title='bbox 1913 2419 2031 2471; x_wconf 91' lang='lat' dir='ltr'>Cle—</span> 
     </span>
    </p>
   </div>
   <div class='ocr_carea' id='block_1_27' title="bbox 333 2505 2030 2578">
    <p class='ocr_par' dir='ltr' id='par_1_27' title="bbox 333 2505 2030 2578">
     <span class='ocr_line' id='line_1_27' title="bbox 333 2505 2030 2578; baseline -0.004 -14"><span class='ocrx_word' id='word_1_206' title='bbox 333 2511 482 2565; x_wconf 88' lang='lat' dir='ltr'>ricus</span> <span class='ocrx_word' id='word_1_207' title='bbox 508 2511 568 2564; x_wconf 90' lang='lat' dir='ltr'>in</span> <span class='ocrx_word' id='word_1_208' title='bbox 619 2509 838 2564; x_wconf 86' lang='lat' dir='ltr'>dissert.</span> <span class='ocrx_word' id='word_1_209' title='bbox 895 2508 964 2562; x_wconf 91' lang='lat' dir='ltr'>de</span> <span class='ocrx_word' id='word_1_210' title='bbox 996 2508 1194 2578; x_wconf 82' lang='lat' dir='ltr'>lingua</span> <span class='ocrx_word' id='word_1_211' title='bbox 1251 2506 1549 2562; x_wconf 87' lang='lat' dir='ltr'>Hebraica.</span> <span class='ocrx_word' id='word_1_212' title='bbox 1604 2507 1715 2560; x_wconf 86' lang='lat' dir='ltr'>Nec</span> <span class='ocrx_word' id='word_1_213' title='bbox 1757 2522 1892 2559; x_wconf 84' lang='lat' dir='ltr'>sane</span> <span class='ocrx_word' id='word_1_214' title='bbox 1925 2505 2030 2558; x_wconf 89' lang='lat' dir='ltr'>hac</span> 
     </span>
    </p>
   </div>
   <div class='ocr_carea' id='block_1_28' title="bbox 332 2594 2030 2669">
    <p class='ocr_par' dir='ltr' id='par_1_28' title="bbox 332 2594 2030 2669">
     <span class='ocr_line' id='line_1_28' title="bbox 332 2594 2030 2669; baseline -0.005 -14"><span class='ocrx_word' id='word_1_215' title='bbox 332 2601 402 2655; x_wconf 91' lang='lat' dir='ltr'>de</span> <span class='ocrx_word' id='word_1_216' title='bbox 432 2615 493 2653; x_wconf 89' lang='lat' dir='ltr'>re</span> <span class='ocrx_word' id='word_1_217' title='bbox 522 2602 748 2669; x_wconf 87' lang='lat' dir='ltr'>poterat</span> <span class='ocrx_word' id='word_1_218' title='bbox 779 2596 1035 2668; x_wconf 87' lang='lat' dir='ltr'>judicare</span> <span class='ocrx_word' id='word_1_219' title='bbox 1079 2595 1455 2666; x_wconf 83' lang='lat' dir='ltr'>Augustinus,</span> <span class='ocrx_word' id='word_1_220' title='bbox 1487 2595 1588 2665; x_wconf 88' lang='lat' dir='ltr'>qui</span> <span class='ocrx_word' id='word_1_221' title='bbox 1618 2610 1744 2649; x_wconf 89' lang='lat' dir='ltr'>eam</span> <span class='ocrx_word' id='word_1_222' title='bbox 1791 2594 2030 2664; x_wconf 88' lang='lat' dir='ltr'>ignora-</span> 
     </span>
    </p>
   </div>
   <div class='ocr_carea' id='block_1_29' title="bbox 328 2683 2022 2756">
    <p class='ocr_par' dir='ltr' id='par_1_29' title="bbox 328 2683 2022 2756">
     <span class='ocr_line' id='line_1_29' title="bbox 328 2683 2022 2756; baseline -0.004 -14"><span class='ocrx_word' id='word_1_223' title='bbox 328 2690 459 2753; x_wconf 86' lang='lat' dir='ltr'>bat;</span> <span class='ocrx_word' id='word_1_224' title='bbox 488 2688 584 2742; x_wconf 89' lang='lat' dir='ltr'>sed</span> <span class='ocrx_word' id='word_1_225' title='bbox 616 2687 804 2741; x_wconf 86' lang='lat' dir='ltr'>nescio</span> <span class='ocrx_word' id='word_1_226' title='bbox 839 2701 952 2756; x_wconf 90' lang='lat' dir='ltr'>quo</span> <span class='ocrx_word' id='word_1_227' title='bbox 983 2685 1098 2739; x_wconf 89' lang='lat' dir='ltr'>fato</span> <span class='ocrx_word' id='word_1_228' title='bbox 1131 2686 1201 2738; x_wconf 92' lang='lat' dir='ltr'>de</span> <span class='ocrx_word' id='word_1_229' title='bbox 1253 2684 1323 2737; x_wconf 79' lang='lat' dir='ltr'>iis</span> <span class='ocrx_word' id='word_1_230' title='bbox 1351 2701 1478 2755; x_wconf 64' lang='lat' dir='ltr'>qua!</span> <span class='ocrx_word' id='word_1_231' title='bbox 1509 2684 1708 2753; x_wconf 88' lang='lat' dir='ltr'>ignota</span> <span class='ocrx_word' id='word_1_232' title='bbox 1751 2683 1804 2736; x_wconf 91' lang='lat' dir='ltr'>ei</span> <span class='ocrx_word' id='word_1_233' title='bbox 1843 2687 2022 2746; x_wconf 85' lang='lat' dir='ltr'>erant,</span> 
     </span>
    </p>
   </div>
   <div class='ocr_carea' id='block_1_30' title="bbox 331 2772 2030 2848">
    <p class='ocr_par' dir='ltr' id='par_1_30' title="bbox 331 2772 2030 2848">
     <span class='ocr_line' id='line_1_30' title="bbox 331 2772 2030 2848; baseline -0.004 -17"><span class='ocrx_word' id='word_1_234' title='bbox 331 2777 540 2848; x_wconf 89' lang='lat' dir='ltr'>passim</span> <span class='ocrx_word' id='word_1_235' title='bbox 593 2775 848 2847; x_wconf 85' lang='lat' dir='ltr'>judicare</span> <span class='ocrx_word' id='word_1_236' title='bbox 862 2789 1160 2844; x_wconf 81' lang='lat' dir='ltr'>aggressus</span> <span class='ocrx_word' id='word_1_237' title='bbox 1183 2776 1286 2839; x_wconf 89' lang='lat' dir='ltr'>est,</span> <span class='ocrx_word' id='word_1_238' title='bbox 1320 2789 1424 2826; x_wconf 90' lang='lat' dir='ltr'>nec</span> <span class='ocrx_word' id='word_1_239' title='bbox 1444 2772 1722 2827; x_wconf 86' lang='lat' dir='ltr'>dubitavit</span> <span class='ocrx_word' id='word_1_240' title='bbox 1743 2787 1847 2842; x_wconf 93' lang='lat' dir='ltr'>pro</span> <span class='ocrx_word' id='word_1_241' title='bbox 1879 2786 2030 2824; x_wconf 87' lang='lat' dir='ltr'>com-</span> 
     </span>
    </p>
   </div>
   <div class='ocr_carea' id='block_1_31' title="bbox 329 2861 2026 2936">
    <p class='ocr_par' dir='ltr' id='par_1_31' title="bbox 329 2861 2026 2936">
     <span class='ocr_line' id='line_1_31' title="bbox 329 2861 2026 2936; baseline -0.004 -17"><span class='ocrx_word' id='word_1_242' title='bbox 329 2864 504 2935; x_wconf 89' lang='lat' dir='ltr'>pertis</span> <span class='ocrx_word' id='word_1_243' title='bbox 547 2864 759 2936; x_wconf 89' lang='lat' dir='ltr'>passim</span> <span class='ocrx_word' id='word_1_244' title='bbox 806 2877 1096 2916; x_wconf 88' lang='lat' dir='ltr'>assumere</span> <span class='ocrx_word' id='word_1_245' title='bbox 1144 2877 1274 2932; x_wconf 70' lang='lat' dir='ltr'>qua:</span> <span class='ocrx_word' id='word_1_246' title='bbox 1313 2877 1608 2931; x_wconf 87' lang='lat' dir='ltr'>nunquam</span> <span class='ocrx_word' id='word_1_247' title='bbox 1656 2861 1898 2931; x_wconf 90' lang='lat' dir='ltr'>probare</span> <span class='ocrx_word' id='word_1_248' title='bbox 1923 2875 2026 2930; x_wconf 89' lang='lat' dir='ltr'>po-</span> 
     </span>
    </p>
   </div>
   <div class='ocr_carea' id='block_1_32' title="bbox 2143 477 3763 548">
    <p class='ocr_par' dir='ltr' id='par_1_32' title="bbox 2143 477 3763 548">
     <span class='ocr_line' id='line_1_32' title="bbox 2143 477 3763 548; baseline 0.007 -16"><span class='ocrx_word' id='word_1_249' title='bbox 2143 483 2251 532; x_wconf 89' lang='lat' dir='ltr'>stos</span> <span class='ocrx_word' id='word_1_250' title='bbox 2275 493 2560 547; x_wconf 85' lang='lat' dir='ltr'>possumus</span> <span class='ocrx_word' id='word_1_251' title='bbox 2590 479 2802 543; x_wconf 80' lang='lat' dir='ltr'>dicere;</span> <span class='ocrx_word' id='word_1_252' title='bbox 2840 477 2984 545; x_wconf 87' lang='lat' dir='ltr'>quod</span> <span class='ocrx_word' id='word_1_253' title='bbox 3011 479 3188 531; x_wconf 85' lang='lat' dir='ltr'>tamen</span> <span class='ocrx_word' id='word_1_254' title='bbox 3218 482 3393 548; x_wconf 87' lang='lat' dir='ltr'>totum,</span> <span class='ocrx_word' id='word_1_255' title='bbox 3431 499 3538 538; x_wconf 88' lang='lat' dir='ltr'>cum</span> <span class='ocrx_word' id='word_1_256' title='bbox 3577 503 3659 542; x_wconf 88' lang='lat' dir='ltr'>suo</span> <span class='ocrx_word' id='word_1_257' title='bbox 3696 508 3763 544; x_wconf 84' lang='lat' dir='ltr'>ca-</span> 
     </span>
    </p>
   </div>
   <div class='ocr_carea' id='block_1_33' title="bbox 2095 565 3769 637">
    <p class='ocr_par' dir='ltr' id='par_1_33' title="bbox 2095 565 3769 637">
     <span class='ocr_line' id='line_1_33' title="bbox 2095 565 3769 637; baseline 0.008 -18"><span class='ocrx_word' id='word_1_258' title='bbox 2095 605 2100 610; x_wconf 69' lang='lat'><strong><em>.</em></strong></span> <span class='ocrx_word' id='word_1_259' title='bbox 2141 569 2274 636; x_wconf 85' lang='lat' dir='ltr'>pile,</span> <span class='ocrx_word' id='word_1_260' title='bbox 2323 583 2514 635; x_wconf 88' lang='lat' dir='ltr'>corpus</span> <span class='ocrx_word' id='word_1_261' title='bbox 2581 581 2718 620; x_wconf 88' lang='lat' dir='ltr'>unus</span> <span class='ocrx_word' id='word_1_262' title='bbox 2766 571 2845 620; x_wconf 90' lang='lat' dir='ltr'>est</span> <span class='ocrx_word' id='word_1_263' title='bbox 2907 565 3216 637; x_wconf 66' lang='lat' dir='ltr'>Christus]</span> <span class='ocrx_word' id='word_1_264' title='bbox 3286 567 3386 622; x_wconf 90' lang='lat' dir='ltr'>Sed</span> <span class='ocrx_word' id='word_1_265' title='bbox 3437 572 3529 626; x_wconf 89' lang='lat' dir='ltr'>ubi</span> <span class='ocrx_word' id='word_1_266' title='bbox 3565 575 3769 632; x_wconf 73' lang='lat' dir='ltr'>Ecclesia</span> 
     </span>
    </p>
   </div>
   <div class='ocr_carea' id='block_1_34' title="bbox 2142 655 3768 732">
    <p class='ocr_par' dir='ltr' id='par_1_34' title="bbox 2142 655 3768 732">
     <span class='ocr_line' id='line_1_34' title="bbox 2142 655 3768 732; baseline 0.006 -24"><span class='ocrx_word' id='word_1_267' title='bbox 2142 655 2351 708; x_wconf 92' lang='lat' dir='ltr'>dicitur</span> <span class='ocrx_word' id='word_1_268' title='bbox 2380 656 2634 709; x_wconf 82' lang='lat' dir='ltr'>Christus</span> <span class='ocrx_word' id='word_1_269' title='bbox 2678 657 2882 711; x_wconf 81' lang='lat' dir='ltr'>Christi</span> <span class='ocrx_word' id='word_1_270' title='bbox 2913 655 2940 709; x_wconf 62' lang='grc' dir='ltr'>ἓν</span> <span class='ocrx_word' id='word_1_271' title='bbox 2980 655 3084 709; x_wconf 89' lang='lat' dir='ltr'>Ubi</span> <span class='ocrx_word' id='word_1_272' title='bbox 3113 656 3344 710; x_wconf 83' lang='lat' dir='ltr'>Christus</span> <span class='ocrx_word' id='word_1_273' title='bbox 3389 666 3600 715; x_wconf 86' lang='lat' dir='ltr'>vocatur</span> <span class='ocrx_word' id='word_1_274' title='bbox 3628 664 3768 732; x_wconf 88' lang='lat' dir='ltr'>ullus,</span> 
     </span>
    </p>
   </div>
   <div class='ocr_carea' id='block_1_35' title="bbox 2143 743 3772 814">
    <p class='ocr_par' dir='ltr' id='par_1_35' title="bbox 2143 743 3772 814">
     <span class='ocr_line' id='line_1_35' title="bbox 2143 743 3772 814; baseline 0.006 -18"><span class='ocrx_word' id='word_1_275' title='bbox 2143 747 2350 813; x_wconf 67' lang='lat' dir='ltr'>praeter</span> <span class='ocrx_word' id='word_1_276' title='bbox 2379 760 2572 813; x_wconf 81' lang='lat' dir='ltr'>regem</span> <span class='ocrx_word' id='word_1_277' title='bbox 2603 746 2700 797; x_wconf 75' lang='lat' dir='ltr'>aut&quot;.</span> <span class='ocrx_word' id='word_1_278' title='bbox 2727 743 3076 796; x_wconf 87' lang='lat' dir='ltr'>sacerdotem</span> <span class='ocrx_word' id='word_1_279' title='bbox 3105 743 3133 798; x_wconf 77' lang='lat'><strong><em>?</em></strong></span> <span class='ocrx_word' id='word_1_280' title='bbox 3164 743 3498 814; x_wconf 88' lang='lat' dir='ltr'>Scripturam</span> <span class='ocrx_word' id='word_1_281' title='bbox 3517 765 3608 802; x_wconf 89' lang='lat' dir='ltr'>nos</span> <span class='ocrx_word' id='word_1_282' title='bbox 3627 751 3772 806; x_wconf 83' lang='lat' dir='ltr'>inter-</span> 
     </span>
    </p>
   </div>
   <div class='ocr_carea' id='block_1_36' title="bbox 2142 829 3775 902">
    <p class='ocr_par' dir='ltr' id='par_1_36' title="bbox 2142 829 3775 902">
     <span class='ocr_line' id='line_1_36' title="bbox 2142 829 3775 902; baseline 0.007 -19"><span class='ocrx_word' id='word_1_283' title='bbox 2142 829 2356 901; x_wconf 88' lang='lat' dir='ltr'>pretari</span> <span class='ocrx_word' id='word_1_284' title='bbox 2386 834 2633 900; x_wconf 80' lang='lat' dir='ltr'>oportet,</span> <span class='ocrx_word' id='word_1_285' title='bbox 2665 845 2784 883; x_wconf 93' lang='lat' dir='ltr'>non</span> <span class='ocrx_word' id='word_1_286' title='bbox 2809 846 2875 882; x_wconf 87' lang='lat' dir='ltr'>ex</span> <span class='ocrx_word' id='word_1_287' title='bbox 2907 830 3052 898; x_wconf 83' lang='lat' dir='ltr'>style</span> <span class='ocrx_word' id='word_1_288' title='bbox 3103 831 3346 899; x_wconf 87' lang='lat' dir='ltr'>quodam</span> <span class='ocrx_word' id='word_1_289' title='bbox 3375 837 3615 902; x_wconf 83' lang='lat' dir='ltr'>possibili,</span> <span class='ocrx_word' id='word_1_290' title='bbox 3637 844 3691 892; x_wconf 90' lang='lat' dir='ltr'>ut</span> <span class='ocrx_word' id='word_1_291' title='bbox 3716 841 3775 893; x_wconf 85' lang='lat' dir='ltr'>ita</span> 
     </span>
    </p>
   </div>
   <div class='ocr_carea' id='block_1_37' title="bbox 2143 917 3776 996">
    <p class='ocr_par' dir='ltr' id='par_1_37' title="bbox 2143 917 3776 996">
     <span class='ocr_line' id='line_1_37' title="bbox 2143 917 3776 996; baseline 0.006 -24"><span class='ocrx_word' id='word_1_292' title='bbox 2143 920 2365 989; x_wconf 88' lang='lat' dir='ltr'>loquar,</span> <span class='ocrx_word' id='word_1_293' title='bbox 2390 935 2563 989; x_wconf 86' lang='lat' dir='ltr'>quem</span> <span class='ocrx_word' id='word_1_294' title='bbox 2590 917 2702 988; x_wconf 90' lang='lat' dir='ltr'>ipsi</span> <span class='ocrx_word' id='word_1_295' title='bbox 2730 917 3376 983; x_wconf 49' lang='lat' dir='ltr'>comminiscamurgsed</span> <span class='ocrx_word' id='word_1_296' title='bbox 3421 938 3482 975; x_wconf 84' lang='lat' dir='ltr'>ex</span> <span class='ocrx_word' id='word_1_297' title='bbox 3522 925 3650 993; x_wconf 81' lang='lat' dir='ltr'>style</span> <span class='ocrx_word' id='word_1_298' title='bbox 3676 927 3776 996; x_wconf 81' lang='lat' dir='ltr'>ipso</span> 
     </span>
    </p>
   </div>
   <div class='ocr_carea' id='block_1_38' title="bbox 2143 1008 3778 1077">
    <p class='ocr_par' dir='ltr' id='par_1_38' title="bbox 2143 1008 3778 1077">
     <span class='ocr_line' id='line_1_38' title="bbox 2143 1008 3778 1077; baseline 0.004 -16"><span class='ocrx_word' id='word_1_299' title='bbox 2143 1024 2250 1061; x_wconf 91' lang='lat' dir='ltr'>usu</span> <span class='ocrx_word' id='word_1_300' title='bbox 2284 1013 2627 1062; x_wconf 84' lang='lat' dir='ltr'>consecrato.</span> <span class='ocrx_word' id='word_1_301' title='bbox 2663 1008 2860 1077; x_wconf 88' lang='lat' dir='ltr'>Itaque</span> <span class='ocrx_word' id='word_1_302' title='bbox 2890 1023 3019 1060; x_wconf 90' lang='lat' dir='ltr'>cum</span> <span class='ocrx_word' id='word_1_303' title='bbox 3060 1022 3337 1076; x_wconf 90' lang='lat' dir='ltr'>nusquam</span> <span class='ocrx_word' id='word_1_304' title='bbox 3381 1008 3778 1069; x_wconf 86' lang='lat' dir='ltr'>inveniretchri-</span> 
     </span>
    </p>
   </div>
   <div class='ocr_carea' id='block_1_39' title="bbox 2142 1096 3779 1173">
    <p class='ocr_par' dir='ltr' id='par_1_39' title="bbox 2142 1096 3779 1173">
     <span class='ocr_line' id='line_1_39' title="bbox 2142 1096 3779 1173; baseline 0.003 -22"><span class='ocrx_word' id='word_1_305' title='bbox 2142 1102 2286 1151; x_wconf 88' lang='lat' dir='ltr'>stum</span> <span class='ocrx_word' id='word_1_306' title='bbox 2313 1097 2526 1152; x_wconf 86' lang='lat' dir='ltr'>dictum</span> <span class='ocrx_word' id='word_1_307' title='bbox 2560 1096 2944 1151; x_wconf 87' lang='lat' dir='ltr'>Christianum</span> <span class='ocrx_word' id='word_1_308' title='bbox 2977 1097 3161 1149; x_wconf 91' lang='lat' dir='ltr'>ullum</span> <span class='ocrx_word' id='word_1_309' title='bbox 3192 1096 3252 1149; x_wconf 92' lang='lat' dir='ltr'>in</span> <span class='ocrx_word' id='word_1_310' title='bbox 3281 1097 3562 1168; x_wconf 88' lang='lat' dir='ltr'>singulari,</span> <span class='ocrx_word' id='word_1_311' title='bbox 3591 1107 3639 1155; x_wconf 85' lang='lat' dir='ltr'>et</span> <span class='ocrx_word' id='word_1_312' title='bbox 3663 1120 3779 1173; x_wconf 70' lang='lat' dir='ltr'>prie-</span> 
     </span>
    </p>
   </div>
   <div class='ocr_carea' id='block_1_40' title="bbox 2143 1184 3781 1258">
    <p class='ocr_par' dir='ltr' id='par_1_40' title="bbox 2143 1184 3781 1258">
     <span class='ocr_line' id='line_1_40' title="bbox 2143 1184 3781 1258; baseline 0.003 -18"><span class='ocrx_word' id='word_1_313' title='bbox 2143 1191 2299 1240; x_wconf 90' lang='lat' dir='ltr'>tcrca</span> <span class='ocrx_word' id='word_1_314' title='bbox 2319 1185 2535 1240; x_wconf 86' lang='lat' dir='ltr'>videret</span> <span class='ocrx_word' id='word_1_315' title='bbox 2563 1185 2656 1238; x_wconf 91' lang='lat' dir='ltr'>hic</span> <span class='ocrx_word' id='word_1_316' title='bbox 2684 1184 2778 1254; x_wconf 85' lang='lat' dir='ltr'>agi</span> <span class='ocrx_word' id='word_1_317' title='bbox 2803 1185 2871 1238; x_wconf 93' lang='lat' dir='ltr'>de</span> <span class='ocrx_word' id='word_1_318' title='bbox 2901 1200 3056 1255; x_wconf 86' lang='lat' dir='ltr'>rege,</span> <span class='ocrx_word' id='word_1_319' title='bbox 3109 1185 3305 1239; x_wconf 89' lang='lat' dir='ltr'>debuit</span> <span class='ocrx_word' id='word_1_320' title='bbox 3332 1185 3462 1240; x_wconf 89' lang='lat' dir='ltr'>inde</span> <span class='ocrx_word' id='word_1_321' title='bbox 3504 1189 3675 1258; x_wconf 84' lang='lat' dir='ltr'>potius</span> <span class='ocrx_word' id='word_1_322' title='bbox 3693 1195 3781 1246; x_wconf 90' lang='lat' dir='ltr'>col-</span> 
     </span>
    </p>
   </div>
   <div class='ocr_carea' id='block_1_41' title="bbox 2141 1273 3784 1345">
    <p class='ocr_par' dir='ltr' id='par_1_41' title="bbox 2141 1273 3784 1345">
     <span class='ocr_line' id='line_1_41' title="bbox 2141 1273 3784 1345; baseline 0.003 -17"><span class='ocrx_word' id='word_1_323' title='bbox 2141 1275 2318 1345; x_wconf 87' lang='lat' dir='ltr'>ligere</span> <span class='ocrx_word' id='word_1_324' title='bbox 2348 1274 2646 1345; x_wconf 82' lang='lat' dir='ltr'>superiora</span> <span class='ocrx_word' id='word_1_325' title='bbox 2675 1274 2744 1328; x_wconf 90' lang='lat' dir='ltr'>de</span> <span class='ocrx_word' id='word_1_326' title='bbox 2767 1273 2988 1328; x_wconf 88' lang='lat' dir='ltr'>Christo</span> <span class='ocrx_word' id='word_1_327' title='bbox 3024 1274 3172 1326; x_wconf 91' lang='lat' dir='ltr'>male</span> <span class='ocrx_word' id='word_1_328' title='bbox 3231 1290 3351 1328; x_wconf 90' lang='lat' dir='ltr'>esse</span> <span class='ocrx_word' id='word_1_329' title='bbox 3406 1275 3684 1332; x_wconf 87' lang='lat' dir='ltr'>intellecta.</span> <span class='ocrx_word' id='word_1_330' title='bbox 3725 1285 3784 1333; x_wconf 80' lang='lat' dir='ltr'>Ac</span> 
     </span>
    </p>
   </div>
   <div class='ocr_carea' id='block_1_42' title="bbox 2141 1361 3786 1434">
    <p class='ocr_par' dir='ltr' id='par_1_42' title="bbox 2141 1361 3786 1434">
     <span class='ocr_line' id='line_1_42' title="bbox 2141 1361 3786 1434; baseline 0.004 -20"><span class='ocrx_word' id='word_1_331' title='bbox 2141 1378 2277 1415; x_wconf 86' lang='lat' dir='ltr'>sane</span> <span class='ocrx_word' id='word_1_332' title='bbox 2330 1362 2377 1414; x_wconf 90' lang='lat' dir='ltr'>si</span> <span class='ocrx_word' id='word_1_333' title='bbox 2433 1361 2810 1416; x_wconf 85' lang='lat' dir='ltr'>consuluisset</span> <span class='ocrx_word' id='word_1_334' title='bbox 2854 1361 3142 1432; x_wconf 85' lang='lat' dir='ltr'>Aquilam,</span> <span class='ocrx_word' id='word_1_335' title='bbox 3212 1368 3313 1417; x_wconf 88' lang='lat' dir='ltr'>aut</span> <span class='ocrx_word' id='word_1_336' title='bbox 3365 1365 3786 1434; x_wconf 87' lang='lat' dir='ltr'>Theodotioncm,</span> 
     </span>
    </p>
   </div>
   <div class='ocr_carea' id='block_1_43' title="bbox 2135 1450 3788 1525">
    <p class='ocr_par' dir='ltr' id='par_1_43' title="bbox 2135 1450 3788 1525">
     <span class='ocr_line' id='line_1_43' title="bbox 2135 1450 3788 1525; baseline 0.004 -22"><span class='ocrx_word' id='word_1_337' title='bbox 2135 1454 2238 1504; x_wconf 86' lang='lat' dir='ltr'>aut</span> <span class='ocrx_word' id='word_1_338' title='bbox 2266 1450 2693 1521; x_wconf 82' lang='lat' dir='ltr'>Symmachum,</span> <span class='ocrx_word' id='word_1_339' title='bbox 2719 1450 3091 1505; x_wconf 85' lang='lat' dir='ltr'>intellexisset</span> <span class='ocrx_word' id='word_1_340' title='bbox 3121 1451 3272 1505; x_wconf 89' lang='lat' dir='ltr'>male</span> <span class='ocrx_word' id='word_1_341' title='bbox 3315 1468 3471 1506; x_wconf 85' lang='lat' dir='ltr'>versa</span> <span class='ocrx_word' id='word_1_342' title='bbox 3512 1470 3620 1508; x_wconf 86' lang='lat' dir='ltr'>esse</span> <span class='ocrx_word' id='word_1_343' title='bbox 3648 1472 3788 1525; x_wconf 88' lang='lat' dir='ltr'>supe-</span> 
     </span>
    </p>
   </div>
   <div class='ocr_carea' id='block_1_44' title="bbox 2139 1538 3788 1609">
    <p class='ocr_par' dir='ltr' id='par_1_44' title="bbox 2139 1538 3788 1609">
     <span class='ocr_line' id='line_1_44' title="bbox 2139 1538 3788 1609; baseline 0.003 -17"><span class='ocrx_word' id='word_1_344' title='bbox 2139 1538 2293 1592; x_wconf 89' lang='lat' dir='ltr'>riora</span> <span class='ocrx_word' id='word_1_345' title='bbox 2330 1541 2505 1594; x_wconf 85' lang='lat' dir='ltr'>verba</span> <span class='ocrx_word' id='word_1_346' title='bbox 2539 1553 2551 1596; x_wconf 94' lang='lat'>:</span> <span class='ocrx_word' id='word_1_347' title='bbox 2588 1541 2852 1594; x_wconf 86' lang='lat' dir='ltr'>Dominus</span> <span class='ocrx_word' id='word_1_348' title='bbox 2875 1539 3117 1594; x_wconf 82' lang='lat' dir='ltr'>ascendit</span> <span class='ocrx_word' id='word_1_349' title='bbox 3149 1541 3204 1593; x_wconf 88' lang='lat' dir='ltr'>in</span> <span class='ocrx_word' id='word_1_350' title='bbox 3229 1541 3378 1595; x_wconf 73' lang='lat' dir='ltr'>ccelos</span> <span class='ocrx_word' id='word_1_351' title='bbox 3410 1546 3457 1594; x_wconf 82' lang='lat' dir='ltr'>et</span> <span class='ocrx_word' id='word_1_352' title='bbox 3487 1546 3662 1609; x_wconf 84' lang='lat' dir='ltr'>tonuit,</span> <span class='ocrx_word' id='word_1_353' title='bbox 3685 1561 3788 1597; x_wconf 82' lang='lat' dir='ltr'>ver-</span> 
     </span>
    </p>
   </div>
   <div class='ocr_carea' id='block_1_45' title="bbox 2143 1628 3793 1701">
    <p class='ocr_par' dir='ltr' id='par_1_45' title="bbox 2143 1628 3793 1701">
     <span class='ocr_line' id='line_1_45' title="bbox 2143 1628 3793 1701; baseline 0.003 -20"><span class='ocrx_word' id='word_1_354' title='bbox 2143 1629 2520 1699; x_wconf 88' lang='lat' dir='ltr'>tendumque,</span> <span class='ocrx_word' id='word_1_355' title='bbox 2579 1633 2639 1682; x_wconf 90' lang='lat' dir='ltr'>ut</span> <span class='ocrx_word' id='word_1_356' title='bbox 2694 1628 2867 1682; x_wconf 90' lang='lat' dir='ltr'>habet</span> <span class='ocrx_word' id='word_1_357' title='bbox 2915 1628 3097 1682; x_wconf 87' lang='lat' dir='ltr'>versio</span> <span class='ocrx_word' id='word_1_358' title='bbox 3147 1628 3623 1700; x_wconf 85' lang='lat' dir='ltr'>Hieronymiana:</span> <span class='ocrx_word' id='word_1_359' title='bbox 3663 1648 3793 1701; x_wconf 78' lang='lat' dir='ltr'>super</span> 
     </span>
    </p>
   </div>
   <div class='ocr_carea' id='block_1_46' title="bbox 2140 1717 3793 1786">
    <p class='ocr_par' dir='ltr' id='par_1_46' title="bbox 2140 1717 3793 1786">
     <span class='ocr_line' id='line_1_46' title="bbox 2140 1717 3793 1786; baseline 0.002 -17"><span class='ocrx_word' id='word_1_360' title='bbox 2140 1719 2284 1786; x_wconf 87' lang='lat' dir='ltr'>ipsos</span> <span class='ocrx_word' id='word_1_361' title='bbox 2308 1717 2413 1786; x_wconf 88' lang='lat' dir='ltr'>(vel</span> <span class='ocrx_word' id='word_1_362' title='bbox 2444 1722 2631 1771; x_wconf 89' lang='lat' dir='ltr'>contra</span> <span class='ocrx_word' id='word_1_363' title='bbox 2673 1718 2816 1786; x_wconf 72' lang='lat' dir='ltr'>illos)</span> <span class='ocrx_word' id='word_1_364' title='bbox 2858 1720 2919 1771; x_wconf 89' lang='lat' dir='ltr'>in</span> <span class='ocrx_word' id='word_1_365' title='bbox 2944 1719 3085 1771; x_wconf 80' lang='lat' dir='ltr'>ccelis</span> <span class='ocrx_word' id='word_1_366' title='bbox 3143 1717 3399 1784; x_wconf 89' lang='lat' dir='ltr'>tonabit;</span> <span class='ocrx_word' id='word_1_367' title='bbox 3452 1735 3556 1773; x_wconf 90' lang='lat' dir='ltr'>nec</span> <span class='ocrx_word' id='word_1_368' title='bbox 3607 1736 3668 1774; x_wconf 86' lang='lat' dir='ltr'>ex</span> <span class='ocrx_word' id='word_1_369' title='bbox 3702 1720 3793 1773; x_wconf 86' lang='lat' dir='ltr'>illis</span> 
     </span>
    </p>
   </div>
   <div class='ocr_carea' id='block_1_47' title="bbox 2138 1805 3794 1877">
    <p class='ocr_par' dir='ltr' id='par_1_47' title="bbox 2138 1805 3794 1877">
     <span class='ocr_line' id='line_1_47' title="bbox 2138 1805 3794 1877; baseline 0.001 -19"><span class='ocrx_word' id='word_1_370' title='bbox 2138 1805 2323 1858; x_wconf 90' lang='lat' dir='ltr'>verbis</span> <span class='ocrx_word' id='word_1_371' title='bbox 2345 1805 2662 1875; x_wconf 85' lang='lat' dir='ltr'>collegisset</span> <span class='ocrx_word' id='word_1_372' title='bbox 2703 1806 2771 1859; x_wconf 92' lang='lat' dir='ltr'>de</span> <span class='ocrx_word' id='word_1_373' title='bbox 2820 1805 3040 1864; x_wconf 88' lang='lat' dir='ltr'>Christo</span> <span class='ocrx_word' id='word_1_374' title='bbox 3073 1805 3189 1876; x_wconf 85' lang='lat' dir='ltr'>agi,</span> <span class='ocrx_word' id='word_1_375' title='bbox 3222 1806 3361 1877; x_wconf 90' lang='lat' dir='ltr'>quia</span> <span class='ocrx_word' id='word_1_376' title='bbox 3387 1807 3536 1861; x_wconf 91' lang='lat' dir='ltr'>solus</span> <span class='ocrx_word' id='word_1_377' title='bbox 3579 1808 3794 1862; x_wconf 85' lang='lat' dir='ltr'>Christus</span> 
     </span>
    </p>
   </div>
   <div class='ocr_carea' id='block_1_48' title="bbox 2139 1894 2774 1948">
    <p class='ocr_par' dir='ltr' id='par_1_48' title="bbox 2139 1894 2774 1948">
     <span class='ocr_line' id='line_1_48' title="bbox 2139 1894 2774 1948; baseline -0.003 0"><span class='ocrx_word' id='word_1_378' title='bbox 2139 1894 2393 1948; x_wconf 88' lang='lat' dir='ltr'>ascendit</span> <span class='ocrx_word' id='word_1_379' title='bbox 2434 1894 2495 1947; x_wconf 93' lang='lat' dir='ltr'>in</span> <span class='ocrx_word' id='word_1_380' title='bbox 2547 1895 2774 1948; x_wconf 66' lang='lat' dir='ltr'>caelum.</span> 
     </span>
    </p>
   </div>
   <div class='ocr_carea' id='block_1_49' title="bbox 2209 1982 3793 2056">
    <p class='ocr_par' dir='ltr' id='par_1_49' title="bbox 2209 1982 3793 2056">
     <span class='ocr_line' id='line_1_49' title="bbox 2209 1982 3793 2056; baseline 0.001 -19"><span class='ocrx_word' id='word_1_381' title='bbox 2209 1983 2345 2053; x_wconf 87' lang='lat' dir='ltr'>Cap.</span> <span class='ocrx_word' id='word_1_382' title='bbox 2377 1987 2431 2049; x_wconf 93' lang='lat'>&#39;7,</span> <span class='ocrx_word' id='word_1_383' title='bbox 2467 1983 2493 2052; x_wconf 82' lang='lat'>§</span> <span class='ocrx_word' id='word_1_384' title='bbox 2523 1984 2582 2037; x_wconf 71' lang='grc'><strong>4.</strong></span> <span class='ocrx_word' id='word_1_385' title='bbox 2623 1984 2896 2037; x_wconf 86' lang='lat' dir='ltr'>Narratur</span> <span class='ocrx_word' id='word_1_386' title='bbox 2940 1982 3178 2037; x_wconf 86' lang='lat' dir='ltr'>historia</span> <span class='ocrx_word' id='word_1_387' title='bbox 3223 1999 3355 2054; x_wconf 67' lang='lat' dir='ltr'>quas</span> <span class='ocrx_word' id='word_1_388' title='bbox 3386 1985 3659 2039; x_wconf 83' lang='lat' dir='ltr'>habetur]</span> <span class='ocrx_word' id='word_1_389' title='bbox 3682 1987 3793 2056; x_wconf 82' lang='lat' dir='ltr'>Reg.</span> 
     </span>
    </p>
   </div>
   <div class='ocr_carea' id='block_1_50' title="bbox 2136 2071 3798 2140">
    <p class='ocr_par' dir='ltr' id='par_1_50' title="bbox 2136 2071 3798 2140">
     <span class='ocr_line' id='line_1_50' title="bbox 2136 2071 3798 2140; baseline 0.001 -16"><span class='ocrx_word' id='word_1_390' title='bbox 2136 2087 2230 2139; x_wconf 87' lang='lat' dir='ltr'>vu,</span> <span class='ocrx_word' id='word_1_391' title='bbox 2267 2074 2349 2126; x_wconf 84' lang='lat' dir='ltr'>l2.</span> <span class='ocrx_word' id='word_1_392' title='bbox 2386 2072 2698 2139; x_wconf 83' lang='lat' dir='ltr'>Assumpsit</span> <span class='ocrx_word' id='word_1_393' title='bbox 2729 2071 3175 2140; x_wconf 81' lang='lat' dir='ltr'>lapidem&#39;unum,</span> <span class='ocrx_word' id='word_1_394' title='bbox 3211 2078 3265 2126; x_wconf 89' lang='lat' dir='ltr'>et</span> <span class='ocrx_word' id='word_1_395' title='bbox 3291 2075 3486 2127; x_wconf 86' lang='lat' dir='ltr'>statuit</span> <span class='ocrx_word' id='word_1_396' title='bbox 3504 2074 3650 2127; x_wconf 89' lang='lat' dir='ltr'>illum</span> <span class='ocrx_word' id='word_1_397' title='bbox 3687 2077 3798 2127; x_wconf 64' lang='lat' dir='ltr'>inter</span> 
     </span>
    </p>
   </div>
   <div class='ocr_carea' id='block_1_51' title="bbox 2136 2161 3801 2230">
    <p class='ocr_par' dir='ltr' id='par_1_51' title="bbox 2136 2161 3801 2230">
     <span class='ocr_line' id='line_1_51' title="bbox 2136 2161 3801 2230; baseline 0.001 -16"><span class='ocrx_word' id='word_1_398' title='bbox 2136 2161 2450 2229; x_wconf 88' lang='lat' dir='ltr'>Massephat</span> <span class='ocrx_word' id='word_1_399' title='bbox 2490 2176 2682 2214; x_wconf 85' lang='lat' dir='ltr'>novam</span> <span class='ocrx_word' id='word_1_400' title='bbox 2729 2165 2778 2213; x_wconf 89' lang='lat' dir='ltr'>et</span> <span class='ocrx_word' id='word_1_401' title='bbox 2830 2165 3067 2227; x_wconf 83' lang='lat' dir='ltr'>veterem,</span> <span class='ocrx_word' id='word_1_402' title='bbox 3119 2166 3168 2214; x_wconf 91' lang='lat' dir='ltr'>et</span> <span class='ocrx_word' id='word_1_403' title='bbox 3223 2165 3441 2216; x_wconf 86' lang='lat' dir='ltr'>vocavit</span> <span class='ocrx_word' id='word_1_404' title='bbox 3489 2177 3665 2216; x_wconf 86' lang='lat' dir='ltr'>nomen</span> <span class='ocrx_word' id='word_1_405' title='bbox 3709 2163 3801 2230; x_wconf 84' lang='lat' dir='ltr'>ejus</span> 
     </span>
    </p>
   </div>
   <div class='ocr_carea' id='block_1_52' title="bbox 2138 2249 3797 2319">
    <p class='ocr_par' dir='ltr' id='par_1_52' title="bbox 2138 2249 3797 2319">
     <span class='ocr_line' id='line_1_52' title="bbox 2138 2249 3797 2319; baseline 0 -17"><span class='ocrx_word' id='word_1_406' title='bbox 2138 2249 2462 2314; x_wconf 86' lang='lat' dir='ltr'>Abenneser,</span> <span class='ocrx_word' id='word_1_407' title='bbox 2492 2249 2637 2318; x_wconf 86' lang='lat' dir='ltr'>quod</span> <span class='ocrx_word' id='word_1_408' title='bbox 2673 2253 2750 2302; x_wconf 91' lang='lat' dir='ltr'>est</span> <span class='ocrx_word' id='word_1_409' title='bbox 2790 2251 2983 2303; x_wconf 81' lang='lat' dir='ltr'>Latine</span> <span class='ocrx_word' id='word_1_410' title='bbox 3021 2251 3164 2318; x_wconf 88' lang='lat' dir='ltr'>lapis</span> <span class='ocrx_word' id='word_1_411' title='bbox 3223 2250 3535 2319; x_wconf 84' lang='lat' dir='ltr'>adjutoris;</span> <span class='ocrx_word' id='word_1_412' title='bbox 3571 2256 3617 2304; x_wconf 87' lang='lat' dir='ltr'>et</span> <span class='ocrx_word' id='word_1_413' title='bbox 3639 2250 3797 2303; x_wconf 62' lang='lat' dir='ltr'>dixit:</span> 
     </span>
    </p>
   </div>
   <div class='ocr_carea' id='block_1_53' title="bbox 2139 2333 3803 2406">
    <p class='ocr_par' dir='ltr' id='par_1_53' title="bbox 2139 2333 3803 2406">
     <span class='ocr_line' id='line_1_53' title="bbox 2139 2333 3803 2406; baseline 0.001 -18"><span class='ocrx_word' id='word_1_414' title='bbox 2139 2335 2325 2406; x_wconf 88' lang='lat' dir='ltr'>Usque</span> <span class='ocrx_word' id='word_1_415' title='bbox 2354 2336 2467 2388; x_wconf 91' lang='lat' dir='ltr'>huc</span> <span class='ocrx_word' id='word_1_416' title='bbox 2499 2333 2719 2405; x_wconf 81' lang='lat' dir='ltr'>adjuvit</span> <span class='ocrx_word' id='word_1_417' title='bbox 2746 2352 2847 2388; x_wconf 88' lang='lat' dir='ltr'>nos</span> <span class='ocrx_word' id='word_1_418' title='bbox 2880 2335 3173 2389; x_wconf 91' lang='lat' dir='ltr'>Dominus.</span> <span class='ocrx_word' id='word_1_419' title='bbox 3209 2337 3527 2405; x_wconf 84' lang='lat' dir='ltr'>Massephal</span> <span class='ocrx_word' id='word_1_420' title='bbox 3570 2339 3803 2405; x_wconf 81' lang='lat' dir='ltr'>interpre-</span> 
     </span>
    </p>
   </div>
   <div class='ocr_carea' id='block_1_54' title="bbox 2137 2424 3800 2493">
    <p class='ocr_par' dir='ltr' id='par_1_54' title="bbox 2137 2424 3800 2493">
     <span class='ocr_line' id='line_1_54' title="bbox 2137 2424 3800 2493; baseline -0.001 -17"><span class='ocrx_word' id='word_1_421' title='bbox 2137 2427 2288 2477; x_wconf 89' lang='lat' dir='ltr'>tatur</span> <span class='ocrx_word' id='word_1_422' title='bbox 2315 2426 2560 2478; x_wconf 85' lang='lat' dir='ltr'>intentio.</span> <span class='ocrx_word' id='word_1_423' title='bbox 2590 2426 2759 2493; x_wconf 82' lang='lat' dir='ltr'>Lapis</span> <span class='ocrx_word' id='word_1_424' title='bbox 2791 2425 2876 2478; x_wconf 91' lang='lat' dir='ltr'>ille</span> <span class='ocrx_word' id='word_1_425' title='bbox 2915 2424 3189 2492; x_wconf 85' lang='lat' dir='ltr'>adjutoris</span> <span class='ocrx_word' id='word_1_426' title='bbox 3231 2425 3492 2478; x_wconf 87' lang='lat' dir='ltr'>medietas</span> <span class='ocrx_word' id='word_1_427' title='bbox 3541 2429 3614 2478; x_wconf 90' lang='lat' dir='ltr'>est</span> <span class='ocrx_word' id='word_1_428' title='bbox 3643 2425 3800 2478; x_wconf 79' lang='lat' dir='ltr'>Satra-</span> 
     </span>
    </p>
   </div>
   <div class='ocr_carea' id='block_1_55' title="bbox 2140 2513 3806 2582">
    <p class='ocr_par' dir='ltr' id='par_1_55' title="bbox 2140 2513 3806 2582">
     <span class='ocr_line' id='line_1_55' title="bbox 2140 2513 3806 2582; baseline -0.001 -16"><span class='ocrx_word' id='word_1_429' title='bbox 2140 2514 2290 2578; x_wconf 89' lang='lat' dir='ltr'>loris,</span> <span class='ocrx_word' id='word_1_430' title='bbox 2331 2528 2432 2581; x_wconf 87' lang='lat' dir='ltr'>per</span> <span class='ocrx_word' id='word_1_431' title='bbox 2477 2528 2632 2581; x_wconf 85' lang='lat' dir='ltr'>quem</span> <span class='ocrx_word' id='word_1_432' title='bbox 2683 2513 3071 2566; x_wconf 84' lang='lat' dir='ltr'>transeundum</span> <span class='ocrx_word' id='word_1_433' title='bbox 3128 2518 3208 2568; x_wconf 90' lang='lat' dir='ltr'>est</span> <span class='ocrx_word' id='word_1_434' title='bbox 3238 2529 3273 2566; x_wconf 90' lang='lat' dir='ltr'>a</span> <span class='ocrx_word' id='word_1_435' title='bbox 3335 2513 3806 2582; x_wconf 71' lang='lat' dir='ltr'>Masscphatreterc</span> 
     </span>
    </p>
   </div>
   <div class='ocr_carea' id='block_1_56' title="bbox 2137 2601 3805 2672">
    <p class='ocr_par' dir='ltr' id='par_1_56' title="bbox 2137 2601 3805 2672">
     <span class='ocr_line' id='line_1_56' title="bbox 2137 2601 3805 2672; baseline -0.001 -18"><span class='ocrx_word' id='word_1_436' title='bbox 2137 2601 2212 2654; x_wconf 87' lang='lat' dir='ltr'>ad</span> <span class='ocrx_word' id='word_1_437' title='bbox 2256 2616 2469 2667; x_wconf 88' lang='lat' dir='ltr'>novam,</span> <span class='ocrx_word' id='word_1_438' title='bbox 2520 2601 2581 2654; x_wconf 91' lang='lat' dir='ltr'>id</span> <span class='ocrx_word' id='word_1_439' title='bbox 2633 2605 2710 2654; x_wconf 90' lang='lat' dir='ltr'>est</span> <span class='ocrx_word' id='word_1_440' title='bbox 2740 2601 2806 2654; x_wconf 89' lang='lat' dir='ltr'>ab</span> <span class='ocrx_word' id='word_1_441' title='bbox 2865 2603 3158 2655; x_wconf 79' lang='lat' dir='ltr'>intentione</span> <span class='ocrx_word' id='word_1_442' title='bbox 3179 2618 3296 2670; x_wconf 89' lang='lat' dir='ltr'>qua</span> <span class='ocrx_word' id='word_1_443' title='bbox 3325 2602 3724 2672; x_wconf 67' lang='lat' dir='ltr'>exspectabatur</span> <span class='ocrx_word' id='word_1_444' title='bbox 3763 2603 3805 2652; x_wconf 78' lang='lat' dir='ltr'>in</span> 
     </span>
    </p>
   </div>
   <div class='ocr_carea' id='block_1_57' title="bbox 2136 2689 3810 2757">
    <p class='ocr_par' dir='ltr' id='par_1_57' title="bbox 2136 2689 3810 2757">
     <span class='ocr_line' id='line_1_57' title="bbox 2136 2689 3810 2757; baseline -0.002 -14"><span class='ocrx_word' id='word_1_445' title='bbox 2136 2691 2354 2746; x_wconf 84' lang='lat' dir='ltr'>carnali</span> <span class='ocrx_word' id='word_1_446' title='bbox 2385 2705 2548 2756; x_wconf 91' lang='lat' dir='ltr'>regno</span> <span class='ocrx_word' id='word_1_447' title='bbox 2582 2689 2853 2744; x_wconf 89' lang='lat' dir='ltr'>beatitudo</span> <span class='ocrx_word' id='word_1_448' title='bbox 2882 2692 3032 2756; x_wconf 82' lang='lat' dir='ltr'>falsa</span> <span class='ocrx_word' id='word_1_449' title='bbox 3061 2693 3327 2757; x_wconf 88' lang='lat' dir='ltr'>carnalis,</span> <span class='ocrx_word' id='word_1_450' title='bbox 3385 2692 3460 2744; x_wconf 84' lang='lat' dir='ltr'>ad</span> <span class='ocrx_word' id='word_1_451' title='bbox 3502 2692 3810 2744; x_wconf 83' lang='lat' dir='ltr'>intentionem</span> 
     </span>
    </p>
   </div>
   <div class='ocr_carea' id='block_1_58' title="bbox 2138 2780 3808 2848">
    <p class='ocr_par' dir='ltr' id='par_1_58' title="bbox 2138 2780 3808 2848">
     <span class='ocr_line' id='line_1_58' title="bbox 2138 2780 3808 2848; baseline -0.002 -16"><span class='ocrx_word' id='word_1_452' title='bbox 2138 2795 2246 2847; x_wconf 87' lang='lat' dir='ltr'>qua</span> <span class='ocrx_word' id='word_1_453' title='bbox 2266 2781 2585 2848; x_wconf 82' lang='lat' dir='ltr'>perNo-vum</span> <span class='ocrx_word' id='word_1_454' title='bbox 2629 2780 3022 2833; x_wconf 81' lang='lat' dir='ltr'>Testamentum</span> <span class='ocrx_word' id='word_1_455' title='bbox 3069 2785 3427 2848; x_wconf 70' lang='lat' dir='ltr'>exspectatur</span> <span class='ocrx_word' id='word_1_456' title='bbox 3452 2783 3508 2833; x_wconf 89' lang='lat' dir='ltr'>in</span> <span class='ocrx_word' id='word_1_457' title='bbox 3553 2794 3703 2845; x_wconf 87' lang='lat' dir='ltr'>regno</span> <span class='ocrx_word' id='word_1_458' title='bbox 3738 2795 3808 2830; x_wconf 72' lang='lat' dir='ltr'>cu-</span> 
     </span>
    </p>
   </div>
   <div class='ocr_carea' id='block_1_59' title="bbox 2138 2865 3810 2939">
    <p class='ocr_par' dir='ltr' id='par_1_59' title="bbox 2138 2865 3810 2939">
     <span class='ocr_line' id='line_1_59' title="bbox 2138 2865 3810 2939; baseline -0.004 -18"><span class='ocrx_word' id='word_1_459' title='bbox 2138 2869 2309 2921; x_wconf 89' lang='lat' dir='ltr'>lorum</span> <span class='ocrx_word' id='word_1_460' title='bbox 2337 2866 2610 2921; x_wconf 83' lang='lat' dir='ltr'>beatitudo</span> <span class='ocrx_word' id='word_1_461' title='bbox 2649 2869 2934 2920; x_wconf 73' lang='lat' dir='ltr'>verissima</span> <span class='ocrx_word' id='word_1_462' title='bbox 2969 2867 3340 2939; x_wconf 66' lang='lat' dir='ltr'>spiritualis.)</span> <span class='ocrx_word' id='word_1_463' title='bbox 3386 2869 3510 2921; x_wconf 86' lang='lat' dir='ltr'>Non</span> <span class='ocrx_word' id='word_1_464' title='bbox 3567 2865 3810 2920; x_wconf 83' lang='lat' dir='ltr'>habebant</span> 
     </span>
    </p>
   </div>
   <div class='ocr_carea' id='block_1_60' title="bbox 329 2948 3809 3024">
    <p class='ocr_par' dir='ltr' id='par_1_60' title="bbox 329 2948 3809 3024">
     <span class='ocr_line' id='line_1_60' title="bbox 329 2948 3809 3024; baseline 0 -19"><span class='ocrx_word' id='word_1_465' title='bbox 329 2952 549 3007; x_wconf 76' lang='lat' dir='ltr'>luisset.</span> <span class='ocrx_word' id='word_1_466' title='bbox 590 2955 854 3006; x_wconf 83' lang='lat' dir='ltr'>Attamen</span> <span class='ocrx_word' id='word_1_467' title='bbox 898 2948 1236 3016; x_wconf 89' lang='lat' dir='ltr'>scholastici,</span> <span class='ocrx_word' id='word_1_468' title='bbox 1295 2948 1392 3002; x_wconf 90' lang='lat' dir='ltr'>sed</span> <span class='ocrx_word' id='word_1_469' title='bbox 1422 2948 1750 3018; x_wconf 89' lang='lat' dir='ltr'>linguarum</span> <span class='ocrx_word' id='word_1_470' title='bbox 1779 2963 1898 3001; x_wconf 91' lang='lat' dir='ltr'>non</span> <span class='ocrx_word' id='word_1_471' title='bbox 1923 2963 2022 3017; x_wconf 90' lang='lat' dir='ltr'>pe-</span> <span class='ocrx_word' id='word_1_472' title='bbox 2061 2957 2101 3012; x_wconf 73' lang='grc' dir='ltr'>α</span> <span class='ocrx_word' id='word_1_473' title='bbox 2138 2956 2263 3010; x_wconf 81' lang='lat' dir='ltr'><strong>LXX</strong></span> <span class='ocrx_word' id='word_1_474' title='bbox 2310 2954 2650 3024; x_wconf 85' lang='lat' dir='ltr'>interpretes</span> <span class='ocrx_word' id='word_1_475' title='bbox 2697 2957 2840 3008; x_wconf 89' lang='lat' dir='ltr'>inter</span> <span class='ocrx_word' id='word_1_476' title='bbox 2896 2956 3222 3024; x_wconf 82' lang='lat' dir='ltr'>Massephat</span> <span class='ocrx_word' id='word_1_477' title='bbox 3253 2972 3454 3009; x_wconf 87' lang='lat' dir='ltr'>novam</span> <span class='ocrx_word' id='word_1_478' title='bbox 3505 2960 3554 3008; x_wconf 84' lang='lat' dir='ltr'>et</span> <span class='ocrx_word' id='word_1_479' title='bbox 3601 2960 3809 3017; x_wconf 70' lang='lat' dir='ltr'>vetm&#39;em,</span> 
     </span>
    </p>
   </div>
   <div class='ocr_carea' id='block_1_61' title="bbox 329 3035 2024 3109">
    <p class='ocr_par' dir='ltr' id='par_1_61' title="bbox 329 3035 2024 3109">
     <span class='ocr_line' id='line_1_61' title="bbox 329 3035 2024 3109; baseline -0.004 -15"><span class='ocrx_word' id='word_1_480' title='bbox 329 3041 578 3106; x_wconf 90' lang='lat' dir='ltr'>ritiores,</span> <span class='ocrx_word' id='word_1_481' title='bbox 620 3039 833 3109; x_wconf 87' lang='lat' dir='ltr'>aliique</span> <span class='ocrx_word' id='word_1_482' title='bbox 871 3054 901 3091; x_wconf 89' lang='lat' dir='ltr'><em>e</em></span> <span class='ocrx_word' id='word_1_483' title='bbox 947 3035 1412 3091; x_wconf 89' lang='lat' dir='ltr'>scholasticorum</span> <span class='ocrx_word' id='word_1_484' title='bbox 1455 3036 1689 3090; x_wconf 88' lang='lat' dir='ltr'>illorum</span> <span class='ocrx_word' id='word_1_485' title='bbox 1735 3035 2024 3106; x_wconf 89' lang='lat' dir='ltr'>prosapia,</span> 
     </span>
    </p>
   </div>
   <div class='ocr_carea' id='block_1_62' title="bbox 331 3121 2024 3193">
    <p class='ocr_par' dir='ltr' id='par_1_62' title="bbox 331 3121 2024 3193">
     <span class='ocr_line' id='line_1_62' title="bbox 331 3121 2024 3193; baseline -0.004 -12"><span class='ocrx_word' id='word_1_486' title='bbox 331 3143 546 3181; x_wconf 61' lang='lat' dir='ltr'>caecum</span> <span class='ocrx_word' id='word_1_487' title='bbox 592 3126 798 3180; x_wconf 90' lang='lat' dir='ltr'>ducem</span> <span class='ocrx_word' id='word_1_488' title='bbox 840 3124 995 3190; x_wconf 70' lang='lat' dir='ltr'>caeci,</span> <span class='ocrx_word' id='word_1_489' title='bbox 1038 3127 1156 3185; x_wconf 88' lang='lat' dir='ltr'>aut,</span> <span class='ocrx_word' id='word_1_490' title='bbox 1191 3123 1348 3193; x_wconf 91' lang='lat' dir='ltr'>quod</span> <span class='ocrx_word' id='word_1_491' title='bbox 1395 3121 1609 3175; x_wconf 88' lang='lat' dir='ltr'>mirum</span> <span class='ocrx_word' id='word_1_492' title='bbox 1663 3126 1749 3176; x_wconf 91' lang='lat' dir='ltr'>est</span> <span class='ocrx_word' id='word_1_493' title='bbox 1793 3121 2024 3188; x_wconf 89' lang='lat' dir='ltr'>oculati,</span> 
     </span>
    </p>
   </div>
   <div class='ocr_carea' id='block_1_63' title="bbox 332 3210 1534 3284">
    <p class='ocr_par' dir='ltr' id='par_1_63' title="bbox 332 3210 1534 3284">
     <span class='ocr_line' id='line_1_63' title="bbox 332 3210 1534 3284; baseline -0.004 -15"><span class='ocrx_word' id='word_1_494' title='bbox 332 3215 432 3271; x_wconf 91' lang='lat' dir='ltr'>sed</span> <span class='ocrx_word' id='word_1_495' title='bbox 469 3217 671 3284; x_wconf 89' lang='lat' dir='ltr'>sponte</span> <span class='ocrx_word' id='word_1_496' title='bbox 702 3211 906 3266; x_wconf 89' lang='lat' dir='ltr'>clausis</span> <span class='ocrx_word' id='word_1_497' title='bbox 941 3211 1136 3277; x_wconf 89' lang='lat' dir='ltr'>oculis,</span> <span class='ocrx_word' id='word_1_498' title='bbox 1171 3210 1347 3264; x_wconf 88' lang='lat' dir='ltr'>secuti</span> <span class='ocrx_word' id='word_1_499' title='bbox 1381 3214 1534 3264; x_wconf 88' lang='lat' dir='ltr'>sunt.</span> 
     </span>
    </p>
   </div>
   <div class='ocr_carea' id='block_1_64' title="bbox 403 3298 2026 3374">
    <p class='ocr_par' dir='ltr' id='par_1_64' title="bbox 403 3298 2026 3374">
     <span class='ocr_line' id='line_1_64' title="bbox 403 3298 2026 3374; baseline -0.003 -17"><span class='ocrx_word' id='word_1_500' title='bbox 403 3304 538 3374; x_wconf 88' lang='lat' dir='ltr'>Cap.</span> <span class='ocrx_word' id='word_1_501' title='bbox 581 3306 667 3356; x_wconf 82' lang='lat' dir='ltr'>l7.</span> <span class='ocrx_word' id='word_1_502' title='bbox 690 3303 1046 3369; x_wconf 77' lang='lat' dir='ltr'>Assyriorum</span> <span class='ocrx_word' id='word_1_503' title='bbox 1077 3298 1360 3369; x_wconf 88' lang='lat' dir='ltr'>(regnum)</span> <span class='ocrx_word' id='word_1_504' title='bbox 1390 3300 1556 3352; x_wconf 89' lang='lat' dir='ltr'>multo</span> <span class='ocrx_word' id='word_1_505' title='bbox 1601 3303 1720 3352; x_wconf 86' lang='lat' dir='ltr'>erat</span> <span class='ocrx_word' id='word_1_506' title='bbox 1752 3301 2026 3368; x_wconf 87' lang='lat' dir='ltr'>potent-ius</span> 
     </span>
    </p>
   </div>
   <div class='ocr_carea' id='block_1_65' title="bbox 331 3388 2026 3459">
    <p class='ocr_par' dir='ltr' id='par_1_65' title="bbox 331 3388 2026 3459">
     <span class='ocr_line' id='line_1_65' title="bbox 331 3388 2026 3459; baseline -0.002 -14"><span class='ocrx_word' id='word_1_507' title='bbox 331 3396 494 3459; x_wconf 87' lang='lat' dir='ltr'>atque</span> <span class='ocrx_word' id='word_1_508' title='bbox 522 3390 826 3444; x_wconf 87' lang='lat' dir='ltr'>sublimius.</span> <span class='ocrx_word' id='word_1_509' title='bbox 864 3390 1002 3445; x_wconf 92' lang='lat' dir='ltr'>Nam</span> <span class='ocrx_word' id='word_1_510' title='bbox 1028 3404 1126 3441; x_wconf 72' lang='lat' dir='ltr'>rean</span> <span class='ocrx_word' id='word_1_511' title='bbox 1154 3389 1244 3441; x_wconf 89' lang='lat' dir='ltr'>ille</span> <span class='ocrx_word' id='word_1_512' title='bbox 1293 3389 1466 3443; x_wconf 84' lang='lat' dir='ltr'>Ninus</span> <span class='ocrx_word' id='word_1_513' title='bbox 1497 3388 1612 3441; x_wconf 87' lang='lat' dir='ltr'>Beli</span> <span class='ocrx_word' id='word_1_514' title='bbox 1635 3389 1804 3455; x_wconf 83' lang='lat' dir='ltr'>ﬁlius,</span> <span class='ocrx_word' id='word_1_515' title='bbox 1835 3403 2026 3456; x_wconf 67' lang='lat' dir='ltr'>excep-</span> 
     </span>
    </p>
   </div>
   <div class='ocr_carea' id='block_1_66' title="bbox 332 3475 2028 3544">
    <p class='ocr_par' dir='ltr' id='par_1_66' title="bbox 332 3475 2028 3544">
     <span class='ocr_line' id='line_1_66' title="bbox 332 3475 2028 3544; baseline -0.003 -11"><span class='ocrx_word' id='word_1_516' title='bbox 332 3485 390 3534; x_wconf 90' lang='lat' dir='ltr'>ta</span> <span class='ocrx_word' id='word_1_517' title='bbox 417 3478 598 3544; x_wconf 84' lang='lat' dir='ltr'>India,</span> <span class='ocrx_word' id='word_1_518' title='bbox 649 3478 909 3530; x_wconf 70' lang='lat' dir='ltr'>uni-versae</span> <span class='ocrx_word' id='word_1_519' title='bbox 957 3477 1104 3530; x_wconf 72' lang='lat' dir='ltr'>Asiae</span> <span class='ocrx_word' id='word_1_520' title='bbox 1157 3475 1384 3543; x_wconf 84' lang='lat' dir='ltr'>populos</span> <span class='ocrx_word' id='word_1_521' title='bbox 1433 3475 1864 3543; x_wconf 81' lang='lat' dir='ltr'>subjugaverat.]</span> <span class='ocrx_word' id='word_1_522' title='bbox 1899 3476 2028 3528; x_wconf 65' lang='lat' dir='ltr'>Haec</span> 
     </span>
    </p>
   </div>
   <div class='ocr_carea' id='block_1_67' title="bbox 331 3563 2026 3639">
    <p class='ocr_par' dir='ltr' id='par_1_67' title="bbox 331 3563 2026 3639">
     <span class='ocr_line' id='line_1_67' title="bbox 331 3563 2026 3639; baseline -0.002 -17"><span class='ocrx_word' id='word_1_523' title='bbox 331 3583 560 3639; x_wconf 88' lang='lat' dir='ltr'>quoque</span> <span class='ocrx_word' id='word_1_524' title='bbox 579 3565 863 3621; x_wconf 88' lang='lat' dir='ltr'>adversari</span> <span class='ocrx_word' id='word_1_525' title='bbox 881 3564 1188 3633; x_wconf 61' lang='lat' dir='ltr'>Scriptura;</span> <span class='ocrx_word' id='word_1_526' title='bbox 1215 3579 1390 3617; x_wconf 68' lang='lat' dir='ltr'>sacrm</span> <span class='ocrx_word' id='word_1_527' title='bbox 1413 3563 1664 3617; x_wconf 89' lang='lat' dir='ltr'>ostendit</span> <span class='ocrx_word' id='word_1_528' title='bbox 1679 3563 1832 3617; x_wconf 90' lang='lat' dir='ltr'>idem</span> <span class='ocrx_word' id='word_1_529' title='bbox 1863 3564 2026 3618; x_wconf 85' lang='lat' dir='ltr'>Mosis</span> 
     </span>
    </p>
   </div>
   <div class='ocr_carea' id='block_1_68' title="bbox 333 3653 1416 3726">
    <p class='ocr_par' dir='ltr' id='par_1_68' title="bbox 333 3653 1416 3726">
     <span class='ocr_line' id='line_1_68' title="bbox 333 3653 1416 3726; baseline -0.004 -17"><span class='ocrx_word' id='word_1_530' title='bbox 333 3671 588 3726; x_wconf 88' lang='lat' dir='ltr'>nuperus</span> <span class='ocrx_word' id='word_1_531' title='bbox 614 3654 896 3723; x_wconf 88' lang='lat' dir='ltr'>interpres</span> <span class='ocrx_word' id='word_1_532' title='bbox 934 3653 1005 3706; x_wconf 90' lang='lat' dir='ltr'>ad</span> <span class='ocrx_word' id='word_1_533' title='bbox 1056 3654 1200 3706; x_wconf 89' lang='lat' dir='ltr'>Gen.</span> <span class='ocrx_word' id='word_1_534' title='bbox 1238 3669 1294 3717; x_wconf 85' lang='lat' dir='ltr'>x,</span> <span class='ocrx_word' id='word_1_535' title='bbox 1333 3655 1416 3706; x_wconf 83' lang='lat' dir='ltr'>l0.</span> 
     </span>
    </p>
   </div>
   <div class='ocr_carea' id='block_1_69' title="bbox 404 3740 2025 3815">
    <p class='ocr_par' dir='ltr' id='par_1_69' title="bbox 404 3740 2025 3815">
     <span class='ocr_line' id='line_1_69' title="bbox 404 3740 2025 3815; baseline -0.003 -16"><span class='ocrx_word' id='word_1_536' title='bbox 404 3745 536 3815; x_wconf 90' lang='lat' dir='ltr'>Cap.</span> <span class='ocrx_word' id='word_1_537' title='bbox 563 3746 651 3798; x_wconf 83' lang='grc'>29.</span> <span class='ocrx_word' id='word_1_538' title='bbox 682 3746 812 3798; x_wconf 86' lang='lat' dir='ltr'>Item</span> <span class='ocrx_word' id='word_1_539' title='bbox 862 3745 1001 3797; x_wconf 90' lang='lat' dir='ltr'>Deus</span> <span class='ocrx_word' id='word_1_540' title='bbox 1051 3743 1315 3811; x_wconf 88' lang='lat' dir='ltr'>apparuit</span> <span class='ocrx_word' id='word_1_541' title='bbox 1356 3741 1599 3795; x_wconf 71' lang='lat' dir='ltr'>Abrahae</span> <span class='ocrx_word' id='word_1_542' title='bbox 1650 3740 1725 3794; x_wconf 89' lang='lat' dir='ltr'>ad</span> <span class='ocrx_word' id='word_1_543' title='bbox 1771 3756 2025 3815; x_wconf 79' lang='lat' dir='ltr'>quercum</span> 
     </span>
    </p>
   </div>
   <div class='ocr_carea' id='block_1_70' title="bbox 330 3829 2026 3898">
    <p class='ocr_par' dir='ltr' id='par_1_70' title="bbox 330 3829 2026 3898">
     <span class='ocr_line' id='line_1_70' title="bbox 330 3829 2026 3898; baseline -0.001 -12"><span class='ocrx_word' id='word_1_544' title='bbox 330 3831 607 3898; x_wconf 67' lang='lat' dir='ltr'>Mambrw,</span> <span class='ocrx_word' id='word_1_545' title='bbox 640 3833 699 3884; x_wconf 90' lang='lat' dir='ltr'>in</span> <span class='ocrx_word' id='word_1_546' title='bbox 724 3830 899 3884; x_wconf 88' lang='lat' dir='ltr'>tribus</span> <span class='ocrx_word' id='word_1_547' title='bbox 925 3832 1059 3884; x_wconf 81' lang='lat' dir='ltr'>viris</span> <span class='ocrx_word' id='word_1_548' title='bbox 1102 3844 1233 3898; x_wconf 89' lang='lat' dir='ltr'>quos</span> <span class='ocrx_word' id='word_1_549' title='bbox 1271 3829 1632 3884; x_wconf 86' lang='lat' dir='ltr'>dubitandum</span> <span class='ocrx_word' id='word_1_550' title='bbox 1670 3845 1776 3884; x_wconf 91' lang='lat' dir='ltr'>non</span> <span class='ocrx_word' id='word_1_551' title='bbox 1805 3834 1883 3885; x_wconf 89' lang='lat' dir='ltr'>est</span> <span class='ocrx_word' id='word_1_552' title='bbox 1917 3845 2026 3884; x_wconf 84' lang='lat' dir='ltr'>an—</span> 
     </span>
    </p>
   </div>
   <div class='ocr_carea' id='block_1_71' title="bbox 329 3917 2024 3989">
    <p class='ocr_par' dir='ltr' id='par_1_71' title="bbox 329 3917 2024 3989">
     <span class='ocr_line' id='line_1_71' title="bbox 329 3917 2024 3989; baseline -0.002 -15"><span class='ocrx_word' id='word_1_553' title='bbox 329 3920 470 3987; x_wconf 84' lang='lat' dir='ltr'>gelos</span> <span class='ocrx_word' id='word_1_554' title='bbox 508 3917 732 3989; x_wconf 69' lang='lat' dir='ltr'>fuisse.)</span> <span class='ocrx_word' id='word_1_555' title='bbox 767 3917 1012 3987; x_wconf 91' lang='lat' dir='ltr'>Optime,</span> <span class='ocrx_word' id='word_1_556' title='bbox 1072 3922 1134 3970; x_wconf 92' lang='lat' dir='ltr'>ut</span> <span class='ocrx_word' id='word_1_557' title='bbox 1179 3917 1429 3972; x_wconf 87' lang='lat' dir='ltr'>ostendit</span> <span class='ocrx_word' id='word_1_558' title='bbox 1456 3917 1628 3971; x_wconf 85' lang='lat' dir='ltr'>etiam</span> <span class='ocrx_word' id='word_1_559' title='bbox 1672 3922 2024 3971; x_wconf 89' lang='lat' dir='ltr'>memoratus</span> 
     </span>
    </p>
   </div>
   <div class='ocr_carea' id='block_1_72' title="bbox 327 4005 2019 4078">
    <p class='ocr_par' dir='ltr' id='par_1_72' title="bbox 327 4005 2019 4078">
     <span class='ocr_line' id='line_1_72' title="bbox 327 4005 2019 4078; baseline -0.001 -17"><span class='ocrx_word' id='word_1_560' title='bbox 327 4008 629 4078; x_wconf 87' lang='lat' dir='ltr'>interpres,</span> <span class='ocrx_word' id='word_1_561' title='bbox 663 4006 763 4077; x_wconf 89' lang='lat' dir='ltr'>qui</span> <span class='ocrx_word' id='word_1_562' title='bbox 805 4023 967 4076; x_wconf 82' lang='lat' dir='ltr'>aeque</span> <span class='ocrx_word' id='word_1_563' title='bbox 998 4006 1242 4060; x_wconf 87' lang='lat' dir='ltr'>libenter</span> <span class='ocrx_word' id='word_1_564' title='bbox 1299 4005 1685 4076; x_wconf 87' lang='lat' dir='ltr'>Augustinum</span> <span class='ocrx_word' id='word_1_565' title='bbox 1743 4005 2019 4076; x_wconf 89' lang='lat' dir='ltr'>sequitur,</span> 
     </span>
    </p>
   </div>
   <div class='ocr_carea' id='block_1_73' title="bbox 328 4095 2019 4165">
    <p class='ocr_par' dir='ltr' id='par_1_73' title="bbox 328 4095 2019 4165">
     <span class='ocr_line' id='line_1_73' title="bbox 328 4095 2019 4165; baseline -0.001 -16"><span class='ocrx_word' id='word_1_566' title='bbox 328 4113 457 4150; x_wconf 88' lang='lat' dir='ltr'>cum</span> <span class='ocrx_word' id='word_1_567' title='bbox 477 4101 628 4150; x_wconf 89' lang='lat' dir='ltr'>recta</span> <span class='ocrx_word' id='word_1_568' title='bbox 668 4095 758 4148; x_wconf 86' lang='lat' dir='ltr'>via</span> <span class='ocrx_word' id='word_1_569' title='bbox 799 4099 1151 4165; x_wconf 57' lang='lat' dir='ltr'>praeeuntem</span> <span class='ocrx_word' id='word_1_570' title='bbox 1183 4099 1364 4165; x_wconf 90' lang='lat' dir='ltr'>putat,</span> <span class='ocrx_word' id='word_1_571' title='bbox 1407 4111 1469 4148; x_wconf 88' lang='lat' dir='ltr'>ac</span> <span class='ocrx_word' id='word_1_572' title='bbox 1499 4095 1567 4149; x_wconf 89' lang='lat' dir='ltr'>ab</span> <span class='ocrx_word' id='word_1_573' title='bbox 1621 4111 1688 4149; x_wconf 90' lang='lat' dir='ltr'>eo</span> <span class='ocrx_word' id='word_1_574' title='bbox 1747 4095 1864 4149; x_wconf 89' lang='lat' dir='ltr'>abit</span> <span class='ocrx_word' id='word_1_575' title='bbox 1891 4110 2019 4148; x_wconf 91' lang='lat' dir='ltr'>cum</span> 
     </span>
    </p>
   </div>
   <div class='ocr_carea' id='block_1_74' title="bbox 325 4182 2020 4252">
    <p class='ocr_par' dir='ltr' id='par_1_74' title="bbox 325 4182 2020 4252">
     <span class='ocr_line' id='line_1_74' title="bbox 325 4182 2020 4252; baseline -0.001 -13"><span class='ocrx_word' id='word_1_576' title='bbox 325 4186 590 4239; x_wconf 85' lang='lat' dir='ltr'>aberrare</span> <span class='ocrx_word' id='word_1_577' title='bbox 648 4199 780 4237; x_wconf 91' lang='lat' dir='ltr'>eum</span> <span class='ocrx_word' id='word_1_578' title='bbox 828 4182 1127 4237; x_wconf 87' lang='lat' dir='ltr'>existimat.</span> <span class='ocrx_word' id='word_1_579' title='bbox 1169 4185 1354 4252; x_wconf 85' lang='lat' dir='ltr'>Atque</span> <span class='ocrx_word' id='word_1_580' title='bbox 1401 4182 1623 4236; x_wconf 88' lang='lat' dir='ltr'>utinam</span> <span class='ocrx_word' id='word_1_581' title='bbox 1655 4198 1880 4252; x_wconf 89' lang='lat' dir='ltr'>semper</span> <span class='ocrx_word' id='word_1_582' title='bbox 1921 4187 2020 4237; x_wconf 90' lang='lat' dir='ltr'>aut</span> 
     </span>
    </p>
   </div>
   <div class='ocr_carea' id='block_1_75' title="bbox 325 4270 2018 4340">
    <p class='ocr_par' dir='ltr' id='par_1_75' title="bbox 325 4270 2018 4340">
     <span class='ocr_line' id='line_1_75' title="bbox 325 4270 2018 4340; baseline -0.001 -14"><span class='ocrx_word' id='word_1_583' title='bbox 325 4273 441 4338; x_wconf 89' lang='lat' dir='ltr'>ille,</span> <span class='ocrx_word' id='word_1_584' title='bbox 475 4277 572 4325; x_wconf 89' lang='lat' dir='ltr'>aut</span> <span class='ocrx_word' id='word_1_585' title='bbox 588 4272 732 4325; x_wconf 88' lang='lat' dir='ltr'>alius</span> <span class='ocrx_word' id='word_1_586' title='bbox 771 4272 1078 4340; x_wconf 69' lang='lat' dir='ltr'>Scriptura:</span> <span class='ocrx_word' id='word_1_587' title='bbox 1108 4270 1413 4339; x_wconf 88' lang='lat' dir='ltr'>interpres,</span> <span class='ocrx_word' id='word_1_588' title='bbox 1437 4275 1656 4323; x_wconf 90' lang='lat' dir='ltr'>certum</span> <span class='ocrx_word' id='word_1_589' title='bbox 1675 4270 1890 4340; x_wconf 89' lang='lat' dir='ltr'>ubique</span> <span class='ocrx_word' id='word_1_590' title='bbox 1919 4271 2018 4325; x_wconf 89' lang='lat' dir='ltr'>du-</span> 
     </span>
    </p>
   </div>
   <div class='ocr_carea' id='block_1_76' title="bbox 325 4359 2018 4430">
    <p class='ocr_par' dir='ltr' id='par_1_76' title="bbox 325 4359 2018 4430">
     <span class='ocr_line' id='line_1_76' title="bbox 325 4359 2018 4430; baseline -0.001 -16"><span class='ocrx_word' id='word_1_591' title='bbox 325 4377 447 4414; x_wconf 89' lang='lat' dir='ltr'>cem</span> <span class='ocrx_word' id='word_1_592' title='bbox 469 4377 525 4414; x_wconf 90' lang='lat' dir='ltr'>se</span> <span class='ocrx_word' id='word_1_593' title='bbox 566 4359 882 4430; x_wconf 64' lang='lat' dir='ltr'>praeberet!</span> <span class='ocrx_word' id='word_1_594' title='bbox 939 4360 1049 4412; x_wconf 89' lang='lat' dir='ltr'>Nos</span> <span class='ocrx_word' id='word_1_595' title='bbox 1079 4375 1214 4411; x_wconf 88' lang='lat' dir='ltr'>sane</span> <span class='ocrx_word' id='word_1_596' title='bbox 1239 4374 1451 4428; x_wconf 90' lang='lat' dir='ltr'>magno</span> <span class='ocrx_word' id='word_1_597' title='bbox 1488 4359 1680 4412; x_wconf 88' lang='lat' dir='ltr'>labore</span> <span class='ocrx_word' id='word_1_598' title='bbox 1727 4359 2018 4428; x_wconf 90' lang='lat' dir='ltr'>liberaret,</span> 
     </span>
    </p>
   </div>
   <div class='ocr_carea' id='block_1_77' title="bbox 325 4445 2022 4518">
    <p class='ocr_par' dir='ltr' id='par_1_77' title="bbox 325 4445 2022 4518">
     <span class='ocr_line' id='line_1_77' title="bbox 325 4445 2022 4518; baseline -0.001 -17"><span class='ocrx_word' id='word_1_599' title='bbox 325 4449 532 4518; x_wconf 90' lang='lat' dir='ltr'>quibus</span> <span class='ocrx_word' id='word_1_600' title='bbox 559 4447 753 4502; x_wconf 89' lang='lat' dir='ltr'>omnia</span> <span class='ocrx_word' id='word_1_601' title='bbox 773 4451 906 4501; x_wconf 88' lang='lat' dir='ltr'>sunt</span> <span class='ocrx_word' id='word_1_602' title='bbox 935 4445 1330 4516; x_wconf 86' lang='lat' dir='ltr'>expendenda,</span> <span class='ocrx_word' id='word_1_603' title='bbox 1355 4446 1490 4516; x_wconf 89' lang='lat' dir='ltr'>quia</span> <span class='ocrx_word' id='word_1_604' title='bbox 1519 4446 1588 4500; x_wconf 91' lang='lat' dir='ltr'>ab</span> <span class='ocrx_word' id='word_1_605' title='bbox 1617 4447 1887 4501; x_wconf 89' lang='lat' dir='ltr'>omnibus</span> <span class='ocrx_word' id='word_1_606' title='bbox 1916 4447 2022 4501; x_wconf 78' lang='lat' dir='ltr'>fer-</span> 
     </span>
    </p>
   </div>
   <div class='ocr_carea' id='block_1_78' title="bbox 323 4533 2018 4606">
    <p class='ocr_par' dir='ltr' id='par_1_78' title="bbox 323 4533 2018 4606">
     <span class='ocr_line' id='line_1_78' title="bbox 323 4533 2018 4606; baseline 0 -16"><span class='ocrx_word' id='word_1_607' title='bbox 323 4553 416 4590; x_wconf 92' lang='lat' dir='ltr'>me</span> <span class='ocrx_word' id='word_1_608' title='bbox 469 4535 773 4606; x_wconf 89' lang='lat' dir='ltr'>aliquando</span> <span class='ocrx_word' id='word_1_609' title='bbox 837 4534 1088 4605; x_wconf 88' lang='lat' dir='ltr'>deceptis</span> <span class='ocrx_word' id='word_1_610' title='bbox 1141 4533 1362 4589; x_wconf 90' lang='lat' dir='ltr'>nemini</span> <span class='ocrx_word' id='word_1_611' title='bbox 1419 4551 1622 4589; x_wconf 91' lang='lat' dir='ltr'>eorum</span> <span class='ocrx_word' id='word_1_612' title='bbox 1685 4533 2018 4590; x_wconf 77' lang='grc' dir='ltr'>ἀϐασανίστως</span> 
     </span>
    </p>
   </div>
   <div class='ocr_carea' id='block_1_79' title="bbox 321 4624 739 4682">
    <p class='ocr_par' dir='ltr' id='par_1_79' title="bbox 321 4624 739 4682">
     <span class='ocr_line' id='line_1_79' title="bbox 321 4624 739 4682; baseline -0.012 -1"><span class='ocrx_word' id='word_1_613' title='bbox 321 4625 552 4682; x_wconf 89' lang='lat' dir='ltr'>credere</span> <span class='ocrx_word' id='word_1_614' title='bbox 590 4624 739 4677; x_wconf 88' lang='lat' dir='ltr'>licet.</span> 
     </span>
    </p>
   </div>
   <div class='ocr_carea' id='block_1_80' title="bbox 393 4709 2011 4781">
    <p class='ocr_par' dir='ltr' id='par_1_80' title="bbox 393 4709 2011 4781">
     <span class='ocr_line' id='line_1_80' title="bbox 393 4709 2011 4781; baseline 0 -14"><span class='ocrx_word' id='word_1_615' title='bbox 393 4715 558 4767; x_wconf 56' lang='grc' dir='ltr'>[λιθιῑο</span> <span class='ocrx_word' id='word_1_616' title='bbox 592 4727 724 4766; x_wconf 87' lang='lat' dir='ltr'>xvu.</span> <span class='ocrx_word' id='word_1_617' title='bbox 781 4711 914 4781; x_wconf 86' lang='lat' dir='ltr'>Cap.</span> <span class='ocrx_word' id='word_1_618' title='bbox 949 4713 1008 4765; x_wconf 82' lang='grc'>4.</span> <span class='ocrx_word' id='word_1_619' title='bbox 1051 4713 1115 4765; x_wconf 92' lang='lat' dir='ltr'>In</span> <span class='ocrx_word' id='word_1_620' title='bbox 1146 4709 1520 4781; x_wconf 88' lang='lat' dir='ltr'>explicatione</span> <span class='ocrx_word' id='word_1_621' title='bbox 1563 4712 1767 4767; x_wconf 89' lang='lat' dir='ltr'>cantici</span> <span class='ocrx_word' id='word_1_622' title='bbox 1811 4714 2011 4779; x_wconf 71' lang='lat' dir='ltr'>Annae,</span> 
     </span>
    </p>
   </div>
   <div class='ocr_carea' id='block_1_81' title="bbox 316 4799 2012 4872">
    <p class='ocr_par' dir='ltr' id='par_1_81' title="bbox 316 4799 2012 4872">
     <span class='ocr_line' id='line_1_81' title="bbox 316 4799 2012 4872; baseline 0.001 -16"><span class='ocrx_word' id='word_1_623' title='bbox 316 4807 622 4872; x_wconf 87' lang='lat' dir='ltr'>postquam</span> <span class='ocrx_word' id='word_1_624' title='bbox 651 4800 848 4870; x_wconf 91' lang='lat' dir='ltr'>priora</span> <span class='ocrx_word' id='word_1_625' title='bbox 901 4799 1072 4854; x_wconf 89' lang='lat' dir='ltr'>verba</span> <span class='ocrx_word' id='word_1_626' title='bbox 1102 4800 1171 4853; x_wconf 91' lang='lat' dir='ltr'>de</span> <span class='ocrx_word' id='word_1_627' title='bbox 1202 4800 1422 4854; x_wconf 86' lang='lat' dir='ltr'>Christo</span> <span class='ocrx_word' id='word_1_628' title='bbox 1455 4801 1745 4871; x_wconf 83' lang='lat' dir='ltr'>explicuit,</span> <span class='ocrx_word' id='word_1_629' title='bbox 1780 4803 2012 4857; x_wconf 88' lang='lat' dir='ltr'>tandem</span> 
     </span>
    </p>
   </div>
   <div class='ocr_carea' id='block_1_82' title="bbox 315 4888 2009 4956">
    <p class='ocr_par' dir='ltr' id='par_1_82' title="bbox 315 4888 2009 4956">
     <span class='ocr_line' id='line_1_82' title="bbox 315 4888 2009 4956; baseline -0.001 -10"><span class='ocrx_word' id='word_1_630' title='bbox 315 4890 620 4946; x_wconf 89' lang='lat' dir='ltr'>deveniens</span> <span class='ocrx_word' id='word_1_631' title='bbox 649 4888 720 4943; x_wconf 88' lang='lat' dir='ltr'>ad</span> <span class='ocrx_word' id='word_1_632' title='bbox 750 4889 903 4942; x_wconf 65' lang='lat' dir='ltr'>haec:</span> <span class='ocrx_word' id='word_1_633' title='bbox 937 4888 1228 4943; x_wconf 73' lang='lat' dir='ltr'>Emaltabit</span> <span class='ocrx_word' id='word_1_634' title='bbox 1255 4903 1421 4942; x_wconf 88' lang='lat' dir='ltr'>cornu</span> <span class='ocrx_word' id='word_1_635' title='bbox 1445 4891 1652 4945; x_wconf 86' lang='lat' dir='ltr'>Christi</span> <span class='ocrx_word' id='word_1_636' title='bbox 1672 4892 1780 4956; x_wconf 89' lang='lat' dir='ltr'>sui,</span> <span class='ocrx_word' id='word_1_637' title='bbox 1806 4891 1828 4943; x_wconf 91' lang='grc' dir='ltr'><strong>Ι</strong></span> <span class='ocrx_word' id='word_1_638' title='bbox 1858 4890 2009 4945; x_wconf 89' lang='lat' dir='ltr'>Sam.</span> 
     </span>
    </p>
   </div>
   <div class='ocr_carea' id='block_1_83' title="bbox 314 4975 2013 5047">
    <p class='ocr_par' dir='ltr' id='par_1_83' title="bbox 314 4975 2013 5047">
     <span class='ocr_line' id='line_1_83' title="bbox 314 4975 2013 5047; baseline 0.001 -16"><span class='ocrx_word' id='word_1_639' title='bbox 314 4996 373 5044; x_wconf 82' lang='grc' dir='ltr'>ιι,</span> <span class='ocrx_word' id='word_1_640' title='bbox 436 4982 544 5032; x_wconf 81' lang='lat' dir='ltr'>lO:</span> <span class='ocrx_word' id='word_1_641' title='bbox 611 4976 900 5047; x_wconf 83' lang='lat' dir='ltr'>Quomodo,</span> <span class='ocrx_word' id='word_1_642' title='bbox 954 4975 1159 5046; x_wconf 87' lang='lat' dir='ltr'>inquit,</span> <span class='ocrx_word' id='word_1_643' title='bbox 1212 4977 1463 5031; x_wconf 83' lang='lat' dir='ltr'>Christus</span> <span class='ocrx_word' id='word_1_644' title='bbox 1518 4977 1782 5031; x_wconf 71' lang='lat' dir='ltr'>exaltabit</span> <span class='ocrx_word' id='word_1_645' title='bbox 1847 4993 2013 5032; x_wconf 88' lang='lat' dir='ltr'>cornu</span> 
     </span>
    </p>
   </div>
   <div class='ocr_carea' id='block_1_84' title="bbox 315 5065 2011 5133">
    <p class='ocr_par' dir='ltr' id='par_1_84' title="bbox 315 5065 2011 5133">
     <span class='ocr_line' id='line_1_84' title="bbox 315 5065 2011 5133; baseline -0.001 -11"><span class='ocrx_word' id='word_1_646' title='bbox 315 5068 519 5122; x_wconf 82' lang='lat' dir='ltr'>Christi</span> <span class='ocrx_word' id='word_1_647' title='bbox 545 5067 679 5120; x_wconf 88' lang='lat' dir='ltr'>sui?</span> <span class='ocrx_word' id='word_1_648' title='bbox 705 5069 780 5120; x_wconf 89' lang='lat' dir='ltr'>De</span> <span class='ocrx_word' id='word_1_649' title='bbox 812 5079 915 5133; x_wconf 90' lang='lat' dir='ltr'>quo</span> <span class='ocrx_word' id='word_1_650' title='bbox 939 5067 1079 5118; x_wconf 89' lang='lat' dir='ltr'>enim</span> <span class='ocrx_word' id='word_1_651' title='bbox 1104 5079 1273 5133; x_wconf 88' lang='lat' dir='ltr'>supra</span> <span class='ocrx_word' id='word_1_652' title='bbox 1329 5065 1534 5120; x_wconf 84' lang='lat' dir='ltr'>dictum</span> <span class='ocrx_word' id='word_1_653' title='bbox 1585 5070 1700 5119; x_wconf 90' lang='lat' dir='ltr'>est:</span> <span class='ocrx_word' id='word_1_654' title='bbox 1738 5066 2011 5120; x_wconf 89' lang='lat' dir='ltr'>Dominus</span> 
     </span>
    </p>
   </div>
   <div class='ocr_carea' id='block_1_85' title="bbox 313 5153 2006 5221">
    <p class='ocr_par' dir='ltr' id='par_1_85' title="bbox 313 5153 2006 5221">
     <span class='ocr_line' id='line_1_85' title="bbox 313 5153 2006 5221; baseline 0.001 -14"><span class='ocrx_word' id='word_1_655' title='bbox 313 5155 564 5207; x_wconf 88' lang='lat' dir='ltr'>ascendit</span> <span class='ocrx_word' id='word_1_656' title='bbox 587 5153 647 5207; x_wconf 89' lang='lat' dir='ltr'>in</span> <span class='ocrx_word' id='word_1_657' title='bbox 676 5154 865 5208; x_wconf 66' lang='lat' dir='ltr'>caelos.</span> <span class='ocrx_word' id='word_1_658' title='bbox 897 5155 968 5208; x_wconf 88' lang='lat' dir='ltr'>Et</span> <span class='ocrx_word' id='word_1_659' title='bbox 986 5155 1283 5207; x_wconf 88' lang='lat' dir='ltr'>intellectus</span> <span class='ocrx_word' id='word_1_660' title='bbox 1317 5158 1396 5208; x_wconf 87' lang='lat' dir='ltr'>est</span> <span class='ocrx_word' id='word_1_661' title='bbox 1431 5156 1690 5208; x_wconf 86' lang='lat' dir='ltr'>Dominus</span> <span class='ocrx_word' id='word_1_662' title='bbox 1713 5155 1959 5210; x_wconf 87' lang='lat' dir='ltr'>Christus</span> <span class='ocrx_word' id='word_1_663' title='bbox 1991 5173 2006 5221; x_wconf 91' lang='lat'>;</span> 
     </span>
    </p>
   </div>
   <div class='ocr_carea' id='block_1_86' title="bbox 311 5241 2010 5309">
    <p class='ocr_par' dir='ltr' id='par_1_86' title="bbox 311 5241 2010 5309">
     <span class='ocr_line' id='line_1_86' title="bbox 311 5241 2010 5309; baseline 0.002 -16"><span class='ocrx_word' id='word_1_664' title='bbox 311 5243 445 5308; x_wconf 87' lang='lat' dir='ltr'>ipse,</span> <span class='ocrx_word' id='word_1_665' title='bbox 505 5243 644 5294; x_wconf 84' lang='lat' dir='ltr'>sicut</span> <span class='ocrx_word' id='word_1_666' title='bbox 699 5245 786 5296; x_wconf 91' lang='lat' dir='ltr'>hic</span> <span class='ocrx_word' id='word_1_667' title='bbox 839 5241 1066 5309; x_wconf 88' lang='lat' dir='ltr'>dicitur,</span> <span class='ocrx_word' id='word_1_668' title='bbox 1121 5241 1390 5294; x_wconf 84' lang='lat' dir='ltr'>exaltabit</span> <span class='ocrx_word' id='word_1_669' title='bbox 1447 5258 1626 5296; x_wconf 86' lang='lat' dir='ltr'>eornu</span> <span class='ocrx_word' id='word_1_670' title='bbox 1665 5241 1871 5297; x_wconf 89' lang='lat' dir='ltr'>Christi</span> <span class='ocrx_word' id='word_1_671' title='bbox 1920 5244 2010 5296; x_wconf 84' lang='lat' dir='ltr'>sui</span> 
     </span>
    </p>
   </div>
   <div class='ocr_carea' id='block_1_87' title="bbox 311 5331 2009 5398">
    <p class='ocr_par' dir='ltr' id='par_1_87' title="bbox 311 5331 2009 5398">
     <span class='ocr_line' id='line_1_87' title="bbox 311 5331 2009 5398; baseline 0.002 -15"><span class='ocrx_word' id='word_1_672' title='bbox 311 5332 442 5396; x_wconf 87' lang='lat' dir='ltr'>Quis</span> <span class='ocrx_word' id='word_1_673' title='bbox 468 5335 545 5384; x_wconf 89' lang='lat' dir='ltr'>est</span> <span class='ocrx_word' id='word_1_674' title='bbox 574 5347 696 5398; x_wconf 88' lang='lat' dir='ltr'>ergo</span> <span class='ocrx_word' id='word_1_675' title='bbox 735 5333 980 5388; x_wconf 88' lang='lat' dir='ltr'>Christus</span> <span class='ocrx_word' id='word_1_676' title='bbox 1011 5333 1216 5387; x_wconf 85' lang='lat' dir='ltr'>Christi</span> <span class='ocrx_word' id='word_1_677' title='bbox 1251 5331 1377 5386; x_wconf 85' lang='lat' dir='ltr'>sui?</span> <span class='ocrx_word' id='word_1_678' title='bbox 1412 5333 1503 5386; x_wconf 85' lang='lat' dir='ltr'>An</span> <span class='ocrx_word' id='word_1_679' title='bbox 1550 5347 1716 5386; x_wconf 89' lang='lat' dir='ltr'>cornu</span> <span class='ocrx_word' id='word_1_680' title='bbox 1742 5333 2009 5388; x_wconf 71' lang='lat' dir='ltr'>exaltabit</span> 
     </span>
    </p>
   </div>
   <div class='ocr_carea' id='block_1_88' title="bbox 310 5417 2006 5490">
    <p class='ocr_par' dir='ltr' id='par_1_88' title="bbox 310 5417 2006 5490">
     <span class='ocr_line' id='line_1_88' title="bbox 310 5417 2006 5490; baseline 0.003 -20"><span class='ocrx_word' id='word_1_681' title='bbox 310 5417 731 5486; x_wconf 85' lang='lat' dir='ltr'>uniuscujusque</span> <span class='ocrx_word' id='word_1_682' title='bbox 755 5418 935 5487; x_wconf 78' lang='lat' dir='ltr'>ﬁdelis</span> <span class='ocrx_word' id='word_1_683' title='bbox 959 5421 1063 5484; x_wconf 88' lang='lat' dir='ltr'>sui,</span> <span class='ocrx_word' id='word_1_684' title='bbox 1088 5421 1231 5473; x_wconf 89' lang='lat' dir='ltr'>sicut</span> <span class='ocrx_word' id='word_1_685' title='bbox 1245 5421 1326 5473; x_wconf 86' lang='lat' dir='ltr'>ita</span> <span class='ocrx_word' id='word_1_686' title='bbox 1355 5421 1500 5488; x_wconf 85' lang='lat' dir='ltr'>ipsa,</span> <span class='ocrx_word' id='word_1_687' title='bbox 1529 5422 1587 5474; x_wconf 89' lang='lat' dir='ltr'>in</span> <span class='ocrx_word' id='word_1_688' title='bbox 1615 5423 2006 5490; x_wconf 87' lang='lat' dir='ltr'>principiohu-</span> 
     </span>
    </p>
   </div>
   <div class='ocr_carea' id='block_1_89' title="bbox 301 5507 2023 5574">
    <p class='ocr_par' dir='ltr' id='par_1_89' title="bbox 301 5507 2023 5574">
     <span class='ocr_line' id='line_1_89' title="bbox 301 5507 2023 5574; baseline 0.002 -15"><span class='ocrx_word' id='word_1_689' title='bbox 301 5507 396 5574; x_wconf 88' lang='lat' dir='ltr'>jus</span> <span class='ocrx_word' id='word_1_690' title='bbox 429 5507 634 5572; x_wconf 80' lang='lat' dir='ltr'>hymni,</span> <span class='ocrx_word' id='word_1_691' title='bbox 667 5507 783 5559; x_wconf 90' lang='lat' dir='ltr'>ait:</span> <span class='ocrx_word' id='word_1_692' title='bbox 844 5507 1158 5561; x_wconf 84' lang='lat' dir='ltr'>Exaltatum</span> <span class='ocrx_word' id='word_1_693' title='bbox 1195 5511 1278 5561; x_wconf 87' lang='lat' dir='ltr'>est</span> <span class='ocrx_word' id='word_1_694' title='bbox 1333 5522 1512 5562; x_wconf 91' lang='lat' dir='ltr'>cornu</span> <span class='ocrx_word' id='word_1_695' title='bbox 1559 5523 1752 5562; x_wconf 90' lang='lat' dir='ltr'>meum</span> <span class='ocrx_word' id='word_1_696' title='bbox 1782 5508 1842 5562; x_wconf 91' lang='lat' dir='ltr'>in</span> <span class='ocrx_word' id='word_1_697' title='bbox 1888 5510 2023 5573; x_wconf 81' lang='lat' dir='ltr'>Deo.</span> 
     </span>
    </p>
   </div>
   <div class='ocr_carea' id='block_1_90' title="bbox 2140 3041 3811 3110">
    <p class='ocr_par' dir='ltr' id='par_1_90' title="bbox 2140 3041 3811 3110">
     <span class='ocr_line' id='line_1_90' title="bbox 2140 3041 3811 3110; baseline 0.003 -23"><span class='ocrx_word' id='word_1_698' title='bbox 2140 3043 2242 3097; x_wconf 82' lang='lat' dir='ltr'>sed</span> <span class='ocrx_word' id='word_1_699' title='bbox 2276 3041 2522 3104; x_wconf 72' lang='grc' dir='ltr'>ἀναμέσον</span> <span class='ocrx_word' id='word_1_700' title='bbox 2571 3041 2842 3105; x_wconf 57' lang='lat' dir='ltr'>Macer-.9319</span> <span class='ocrx_word' id='word_1_701' title='bbox 2885 3045 2967 3090; x_wconf 68' lang='grc' dir='ltr'>καὶ</span> <span class='ocrx_word' id='word_1_702' title='bbox 3012 3042 3266 3104; x_wconf 76' lang='grc' dir='ltr'>ἀναμέσον</span> <span class='ocrx_word' id='word_1_703' title='bbox 3313 3046 3403 3102; x_wconf 78' lang='grc' dir='ltr'>τῆς</span> <span class='ocrx_word' id='word_1_704' title='bbox 3448 3041 3679 3099; x_wconf 72' lang='grc' dir='ltr'>παλαιᾶς,</span> <span class='ocrx_word' id='word_1_705' title='bbox 3707 3056 3811 3110; x_wconf 69' lang='lat' dir='ltr'>qua:</span> 
     </span>
    </p>
   </div>
   <div class='ocr_carea' id='block_1_91' title="bbox 2137 3130 3816 3222">
    <p class='ocr_par' dir='ltr' id='par_1_91' title="bbox 2137 3130 3816 3222">
     <span class='ocr_line' id='line_1_91' title="bbox 2137 3130 3816 3222; baseline -0.003 -38"><span class='ocrx_word' id='word_1_706' title='bbox 2137 3133 2307 3186; x_wconf 88' lang='lat' dir='ltr'>verba</span> <span class='ocrx_word' id='word_1_707' title='bbox 2326 3132 2972 3203; x_wconf 87' lang='lat' dir='ltr'>respondentHebraicis</span> <span class='ocrx_word' id='word_1_708' title='bbox 3007 3149 3020 3186; x_wconf 89' lang='lat'>:</span> <span class='ocrx_word' id='word_1_709' title='bbox 3201 3143 3320 3220; x_wconf 56' lang='lat' dir='ltr'>Vm</span> <span class='ocrx_word' id='word_1_710' title='bbox 3344 3143 3572 3196; x_wconf 55' lang='lat' dir='ltr'>ris-gyan</span> <span class='ocrx_word' id='word_1_711' title='bbox 3589 3142 3672 3218; x_wconf 57' lang='lat' dir='ltr'>Tt:</span> <span class='ocrx_word' id='word_1_712' title='bbox 3692 3130 3816 3182; x_wconf 85' lang='lat' dir='ltr'>inter</span> 
     </span>
    </p>
   </div>
   <div class='ocr_carea' id='block_1_92' title="bbox 2136 3219 3813 3290">
    <p class='ocr_par' dir='ltr' id='par_1_92' title="bbox 2136 3219 3813 3290">
     <span class='ocr_line' id='line_1_92' title="bbox 2136 3219 3813 3290; baseline -0.004 -16"><span class='ocrx_word' id='word_1_713' title='bbox 2136 3220 2375 3288; x_wconf 82' lang='lat' dir='ltr'>Illitspha</span> <span class='ocrx_word' id='word_1_714' title='bbox 2405 3224 2453 3272; x_wconf 84' lang='lat' dir='ltr'>et</span> <span class='ocrx_word' id='word_1_715' title='bbox 2500 3220 2689 3274; x_wconf 89' lang='lat' dir='ltr'>Schen.</span> <span class='ocrx_word' id='word_1_716' title='bbox 2750 3219 3130 3273; x_wconf 79' lang='lat' dir='ltr'>Posteriorem</span> <span class='ocrx_word' id='word_1_717' title='bbox 3187 3219 3420 3286; x_wconf 85' lang='lat' dir='ltr'>vocem,</span> <span class='ocrx_word' id='word_1_718' title='bbox 3457 3235 3584 3290; x_wconf 68' lang='lat' dir='ltr'>quae</span> <span class='ocrx_word' id='word_1_719' title='bbox 3637 3231 3813 3270; x_wconf 87' lang='lat' dir='ltr'>nomen</span> 
     </span>
    </p>
   </div>
   <div class='ocr_carea' id='block_1_93' title="bbox 2138 3305 3813 3378">
    <p class='ocr_par' dir='ltr' id='par_1_93' title="bbox 2138 3305 3813 3378">
     <span class='ocr_line' id='line_1_93' title="bbox 2138 3305 3813 3378; baseline -0.004 -16"><span class='ocrx_word' id='word_1_720' title='bbox 2138 3313 2223 3362; x_wconf 90' lang='lat' dir='ltr'>est</span> <span class='ocrx_word' id='word_1_721' title='bbox 2244 3309 2562 3378; x_wconf 88' lang='lat' dir='ltr'>proprium,</span> <span class='ocrx_word' id='word_1_722' title='bbox 2598 3309 2746 3362; x_wconf 88' lang='lat' dir='ltr'>male</span> <span class='ocrx_word' id='word_1_723' title='bbox 2775 3313 3070 3362; x_wconf 87' lang='lat' dir='ltr'>verterunt</span> <span class='ocrx_word' id='word_1_724' title='bbox 3091 3308 3452 3378; x_wconf 84' lang='lat' dir='ltr'>appellativa</span> <span class='ocrx_word' id='word_1_725' title='bbox 3479 3323 3612 3361; x_wconf 83' lang='lat' dir='ltr'>voce</span> <span class='ocrx_word' id='word_1_726' title='bbox 3641 3305 3813 3356; x_wconf 69' lang='grc' dir='ltr'>παλαιὰ,</span> 
     </span>
    </p>
   </div>
   <div class='ocr_carea' id='block_1_94' title="bbox 2135 3393 3814 3482">
    <p class='ocr_par' dir='ltr' id='par_1_94' title="bbox 2135 3393 3814 3482">
     <span class='ocr_line' id='line_1_94' title="bbox 2135 3393 3814 3482; baseline 0.002 -34"><span class='ocrx_word' id='word_1_727' title='bbox 2135 3400 2379 3463; x_wconf 84' lang='lat' dir='ltr'>veterem,</span> <span class='ocrx_word' id='word_1_728' title='bbox 2413 3395 2550 3449; x_wconf 90' lang='lat' dir='ltr'>dum</span> <span class='ocrx_word' id='word_1_729' title='bbox 2589 3395 2789 3465; x_wconf 89' lang='lat' dir='ltr'>legunt</span> <span class='ocrx_word' id='word_1_730' title='bbox 2831 3395 3205 3482; x_wconf 88' lang='lat' dir='ltr'>jascham</span> <span class='ocrx_word' id='word_1_731' title='bbox 3248 3411 3358 3466; x_wconf 87' lang='lat' dir='ltr'>pro</span> <span class='ocrx_word' id='word_1_732' title='bbox 3405 3396 3532 3482; x_wconf 59' lang='grc' dir='ltr'>τῗέη</span> <span class='ocrx_word' id='word_1_733' title='bbox 3562 3393 3814 3452; x_wconf 70' lang='lat' dir='ltr'>hasschen;</span> 
     </span>
    </p>
   </div>
   <div class='ocr_carea' id='block_1_95' title="bbox 2137 3478 3820 3554">
    <p class='ocr_par' dir='ltr' id='par_1_95' title="bbox 2137 3478 3820 3554">
     <span class='ocr_line' id='line_1_95' title="bbox 2137 3478 3820 3554; baseline -0.005 -16"><span class='ocrx_word' id='word_1_734' title='bbox 2137 3485 2290 3538; x_wconf 92' lang='lat' dir='ltr'>unde</span> <span class='ocrx_word' id='word_1_735' title='bbox 2342 3485 2554 3537; x_wconf 90' lang='lat' dir='ltr'>factum</span> <span class='ocrx_word' id='word_1_736' title='bbox 2582 3487 2647 3536; x_wconf 87' lang='lat' dir='ltr'>ut</span> <span class='ocrx_word' id='word_1_737' title='bbox 2691 3478 2912 3554; x_wconf 87' lang='lat' dir='ltr'>priscus</span> <span class='ocrx_word' id='word_1_738' title='bbox 2963 3483 3252 3553; x_wconf 88' lang='lat' dir='ltr'>interpres</span> <span class='ocrx_word' id='word_1_739' title='bbox 3285 3478 3532 3539; x_wconf 86' lang='lat' dir='ltr'>Latinus</span> <span class='ocrx_word' id='word_1_740' title='bbox 3551 3478 3820 3536; x_wconf 83' lang='lat' dir='ltr'>crediderit</span> 
     </span>
    </p>
   </div>
   <div class='ocr_carea' id='block_1_96' title="bbox 2137 3570 3819 3641">
    <p class='ocr_par' dir='ltr' id='par_1_96' title="bbox 2137 3570 3819 3641">
     <span class='ocr_line' id='line_1_96' title="bbox 2137 3570 3819 3641; baseline -0.005 -14"><span class='ocrx_word' id='word_1_741' title='bbox 2137 3572 2412 3627; x_wconf 90' lang='lat' dir='ltr'>omissum</span> <span class='ocrx_word' id='word_1_742' title='bbox 2443 3587 2563 3626; x_wconf 90' lang='lat' dir='ltr'>esse</span> <span class='ocrx_word' id='word_1_743' title='bbox 2603 3587 2814 3637; x_wconf 89' lang='lat' dir='ltr'>novam,</span> <span class='ocrx_word' id='word_1_744' title='bbox 2863 3570 3203 3641; x_wconf 85' lang='lat' dir='ltr'>verteritque</span> <span class='ocrx_word' id='word_1_745' title='bbox 3269 3575 3421 3626; x_wconf 87' lang='lat' dir='ltr'>inter</span> <span class='ocrx_word' id='word_1_746' title='bbox 3451 3573 3698 3640; x_wconf 82' lang='lat' dir='ltr'>Masphat</span> <span class='ocrx_word' id='word_1_747' title='bbox 3737 3581 3819 3619; x_wconf 86' lang='lat' dir='ltr'>no-</span> 
     </span>
    </p>
   </div>
   <div class='ocr_carea' id='block_1_97' title="bbox 2134 3654 3820 3732">
    <p class='ocr_par' dir='ltr' id='par_1_97' title="bbox 2134 3654 3820 3732">
     <span class='ocr_line' id='line_1_97' title="bbox 2134 3654 3820 3732; baseline -0.006 -16"><span class='ocrx_word' id='word_1_748' title='bbox 2134 3677 2258 3716; x_wconf 77' lang='lat' dir='ltr'>uam</span> <span class='ocrx_word' id='word_1_749' title='bbox 2290 3665 2340 3715; x_wconf 91' lang='lat' dir='ltr'>et</span> <span class='ocrx_word' id='word_1_750' title='bbox 2365 3665 2611 3715; x_wconf 77' lang='lat' dir='ltr'>veterem.</span> <span class='ocrx_word' id='word_1_751' title='bbox 2643 3662 2757 3714; x_wconf 84' lang='lat' dir='ltr'>Hac</span> <span class='ocrx_word' id='word_1_752' title='bbox 2786 3665 2980 3714; x_wconf 90' lang='lat' dir='ltr'>autem</span> <span class='ocrx_word' id='word_1_753' title='bbox 3023 3660 3165 3713; x_wconf 88' lang='lat' dir='ltr'>falsa</span> <span class='ocrx_word' id='word_1_754' title='bbox 3193 3659 3682 3732; x_wconf 84' lang='lat' dir='ltr'>interpretatione</span> <span class='ocrx_word' id='word_1_755' title='bbox 3712 3654 3820 3710; x_wconf 89' lang='lat' dir='ltr'>niti-</span> 
     </span>
    </p>
   </div>
   <div class='ocr_carea' id='block_1_98' title="bbox 2134 3747 3819 3818">
    <p class='ocr_par' dir='ltr' id='par_1_98' title="bbox 2134 3747 3819 3818">
     <span class='ocr_line' id='line_1_98' title="bbox 2134 3747 3819 3818; baseline -0.004 -18"><span class='ocrx_word' id='word_1_756' title='bbox 2134 3751 2228 3800; x_wconf 85' lang='lat' dir='ltr'>tur</span> <span class='ocrx_word' id='word_1_757' title='bbox 2264 3751 2379 3801; x_wconf 88' lang='lat' dir='ltr'>tota</span> <span class='ocrx_word' id='word_1_758' title='bbox 2429 3747 2735 3818; x_wconf 88' lang='lat' dir='ltr'>Augustini</span> <span class='ocrx_word' id='word_1_759' title='bbox 2765 3747 3155 3802; x_wconf 88' lang='lat' dir='ltr'>ratiocinatio:</span> <span class='ocrx_word' id='word_1_760' title='bbox 3213 3765 3282 3802; x_wconf 88' lang='lat' dir='ltr'>ac</span> <span class='ocrx_word' id='word_1_761' title='bbox 3315 3766 3459 3803; x_wconf 89' lang='lat' dir='ltr'>sane</span> <span class='ocrx_word' id='word_1_762' title='bbox 3510 3748 3714 3801; x_wconf 88' lang='lat' dir='ltr'>mirum</span> <span class='ocrx_word' id='word_1_763' title='bbox 3751 3747 3819 3795; x_wconf 85' lang='lat' dir='ltr'>est</span> 
     </span>
    </p>
   </div>
   <div class='ocr_carea' id='block_1_99' title="bbox 2132 3832 3819 3907">
    <p class='ocr_par' dir='ltr' id='par_1_99' title="bbox 2132 3832 3819 3907">
     <span class='ocr_line' id='line_1_99' title="bbox 2132 3832 3819 3907; baseline -0.004 -18"><span class='ocrx_word' id='word_1_764' title='bbox 2132 3836 2317 3890; x_wconf 87' lang='lat' dir='ltr'>virum</span> <span class='ocrx_word' id='word_1_765' title='bbox 2352 3836 2488 3890; x_wconf 88' lang='lat' dir='ltr'>satis</span> <span class='ocrx_word' id='word_1_766' title='bbox 2517 3841 2750 3890; x_wconf 88' lang='lat' dir='ltr'>acutum</span> <span class='ocrx_word' id='word_1_767' title='bbox 2780 3836 2932 3906; x_wconf 89' lang='lat' dir='ltr'>apud</span> <span class='ocrx_word' id='word_1_768' title='bbox 2962 3853 3020 3889; x_wconf 90' lang='lat' dir='ltr'>se</span> <span class='ocrx_word' id='word_1_769' title='bbox 3069 3851 3189 3890; x_wconf 91' lang='lat' dir='ltr'>non</span> <span class='ocrx_word' id='word_1_770' title='bbox 3240 3842 3553 3907; x_wconf 88' lang='lat' dir='ltr'>reputasse</span> <span class='ocrx_word' id='word_1_771' title='bbox 3592 3832 3819 3894; x_wconf 78' lang='lat' dir='ltr'>subinde,</span> 
     </span>
    </p>
   </div>
   <div class='ocr_carea' id='block_1_100' title="bbox 2135 3919 3821 3994">
    <p class='ocr_par' dir='ltr' id='par_1_100' title="bbox 2135 3919 3821 3994">
     <span class='ocr_line' id='line_1_100' title="bbox 2135 3919 3821 3994; baseline -0.005 -16"><span class='ocrx_word' id='word_1_772' title='bbox 2135 3941 2193 3978; x_wconf 91' lang='lat' dir='ltr'>se</span> <span class='ocrx_word' id='word_1_773' title='bbox 2225 3929 2398 3978; x_wconf 90' lang='lat' dir='ltr'>noctu</span> <span class='ocrx_word' id='word_1_774' title='bbox 2453 3927 2508 3977; x_wconf 92' lang='lat' dir='ltr'>et</span> <span class='ocrx_word' id='word_1_775' title='bbox 2537 3924 2790 3978; x_wconf 88' lang='lat' dir='ltr'>interdiu</span> <span class='ocrx_word' id='word_1_776' title='bbox 2816 3925 2885 3978; x_wconf 92' lang='lat' dir='ltr'>de</span> <span class='ocrx_word' id='word_1_777' title='bbox 2915 3924 3212 3994; x_wconf 87' lang='lat' dir='ltr'>Scriptura</span> <span class='ocrx_word' id='word_1_778' title='bbox 3245 3942 3416 3979; x_wconf 88' lang='lat' dir='ltr'>sacra</span> <span class='ocrx_word' id='word_1_779' title='bbox 3437 3929 3526 3978; x_wconf 86' lang='lat' dir='ltr'>sat</span> <span class='ocrx_word' id='word_1_780' title='bbox 3552 3929 3671 3978; x_wconf 88' lang='lat' dir='ltr'>tuto</span> <span class='ocrx_word' id='word_1_781' title='bbox 3691 3919 3821 3990; x_wconf 86' lang='lat' dir='ltr'>loqui</span> 
     </span>
    </p>
   </div>
   <div class='ocr_carea' id='block_1_101' title="bbox 2133 4009 3821 4083">
    <p class='ocr_par' dir='ltr' id='par_1_101' title="bbox 2133 4009 3821 4083">
     <span class='ocr_line' id='line_1_101' title="bbox 2133 4009 3821 4083; baseline -0.005 -17"><span class='ocrx_word' id='word_1_782' title='bbox 2133 4029 2250 4066; x_wconf 91' lang='lat' dir='ltr'>non</span> <span class='ocrx_word' id='word_1_783' title='bbox 2280 4029 2460 4083; x_wconf 87' lang='lat' dir='ltr'>posse,</span> <span class='ocrx_word' id='word_1_784' title='bbox 2486 4011 2597 4066; x_wconf 91' lang='lat' dir='ltr'>nisi</span> <span class='ocrx_word' id='word_1_785' title='bbox 2626 4017 2780 4067; x_wconf 86' lang='lat' dir='ltr'>certo</span> <span class='ocrx_word' id='word_1_786' title='bbox 2811 4012 2978 4066; x_wconf 90' lang='lat' dir='ltr'>sciret</span> <span class='ocrx_word' id='word_1_787' title='bbox 3014 4012 3151 4082; x_wconf 90' lang='lat' dir='ltr'>quid</span> <span class='ocrx_word' id='word_1_788' title='bbox 3187 4012 3307 4066; x_wconf 90' lang='lat' dir='ltr'>sibi</span> <span class='ocrx_word' id='word_1_789' title='bbox 3336 4013 3530 4076; x_wconf 87' lang='lat' dir='ltr'>vellet,</span> <span class='ocrx_word' id='word_1_790' title='bbox 3558 4009 3700 4082; x_wconf 85' lang='lat' dir='ltr'>quod</span> <span class='ocrx_word' id='word_1_791' title='bbox 3731 4021 3821 4060; x_wconf 87' lang='lat' dir='ltr'>non</span> 
     </span>
    </p>
   </div>
   <div class='ocr_carea' id='block_1_102' title="bbox 2131 4097 3824 4172">
    <p class='ocr_par' dir='ltr' id='par_1_102' title="bbox 2131 4097 3824 4172">
     <span class='ocr_line' id='line_1_102' title="bbox 2131 4097 3824 4172; baseline -0.005 -18"><span class='ocrx_word' id='word_1_792' title='bbox 2131 4106 2360 4170; x_wconf 89' lang='lat' dir='ltr'>poterat</span> <span class='ocrx_word' id='word_1_793' title='bbox 2385 4100 2597 4170; x_wconf 90' lang='lat' dir='ltr'>ubique</span> <span class='ocrx_word' id='word_1_794' title='bbox 2619 4117 2688 4155; x_wconf 86' lang='lat' dir='ltr'>ex</span> <span class='ocrx_word' id='word_1_795' title='bbox 2712 4100 2890 4155; x_wconf 81' lang='lat' dir='ltr'>inﬁda</span> <span class='ocrx_word' id='word_1_796' title='bbox 2909 4101 3166 4154; x_wconf 82' lang='lat' dir='ltr'>versione</span> <span class='ocrx_word' id='word_1_797' title='bbox 3197 4101 3554 4172; x_wconf 83' lang='lat' dir='ltr'>intelligere.</span> <span class='ocrx_word' id='word_1_798' title='bbox 3589 4097 3824 4153; x_wconf 79' lang='lat' dir='ltr'>Similiter</span> 
     </span>
    </p>
   </div>
   <div class='ocr_carea' id='block_1_103' title="bbox 2133 4185 3825 4258">
    <p class='ocr_par' dir='ltr' id='par_1_103' title="bbox 2133 4185 3825 4258">
     <span class='ocr_line' id='line_1_103' title="bbox 2133 4185 3825 4258; baseline -0.003 -16"><span class='ocrx_word' id='word_1_799' title='bbox 2133 4188 2288 4257; x_wconf 89' lang='lat' dir='ltr'>quod</span> <span class='ocrx_word' id='word_1_800' title='bbox 2319 4188 2548 4242; x_wconf 88' lang='lat' dir='ltr'>deducit</span> <span class='ocrx_word' id='word_1_801' title='bbox 2584 4204 2650 4242; x_wconf 85' lang='lat' dir='ltr'>ex</span> <span class='ocrx_word' id='word_1_802' title='bbox 2703 4187 3119 4258; x_wconf 85' lang='lat' dir='ltr'>signiﬁcatione</span> <span class='ocrx_word' id='word_1_803' title='bbox 3171 4189 3336 4241; x_wconf 79' lang='lat' dir='ltr'>vocis</span> <span class='ocrx_word' id='word_1_804' title='bbox 3391 4186 3714 4256; x_wconf 82' lang='lat' dir='ltr'>Massaphat</span> <span class='ocrx_word' id='word_1_805' title='bbox 3758 4185 3825 4233; x_wconf 77' lang='lat' dir='ltr'>est</span> 
     </span>
    </p>
   </div>
   <div class='ocr_carea' id='block_1_104' title="bbox 2135 4276 3824 4348">
    <p class='ocr_par' dir='ltr' id='par_1_104' title="bbox 2135 4276 3824 4348">
     <span class='ocr_line' id='line_1_104' title="bbox 2135 4276 3824 4348; baseline -0.005 -18"><span class='ocrx_word' id='word_1_806' title='bbox 2135 4277 2465 4343; x_wconf 86' lang='lat' dir='ltr'>absurdum,</span> <span class='ocrx_word' id='word_1_807' title='bbox 2505 4277 2642 4348; x_wconf 87' lang='lat' dir='ltr'>quia</span> <span class='ocrx_word' id='word_1_808' title='bbox 2685 4293 2801 4331; x_wconf 91' lang='lat' dir='ltr'>non</span> <span class='ocrx_word' id='word_1_809' title='bbox 2840 4276 3121 4330; x_wconf 89' lang='lat' dir='ltr'>intellexit</span> <span class='ocrx_word' id='word_1_810' title='bbox 3179 4276 3333 4346; x_wconf 86' lang='lat' dir='ltr'>quid</span> <span class='ocrx_word' id='word_1_811' title='bbox 3386 4277 3500 4330; x_wconf 86' lang='lat' dir='ltr'>sibi</span> <span class='ocrx_word' id='word_1_812' title='bbox 3552 4276 3712 4329; x_wconf 86' lang='lat' dir='ltr'>vellet</span> <span class='ocrx_word' id='word_1_813' title='bbox 3741 4285 3824 4322; x_wconf 78' lang='lat' dir='ltr'>vox</span> 
     </span>
    </p>
   </div>
   <div class='ocr_carea' id='block_1_105' title="bbox 2128 4365 3824 4430">
    <p class='ocr_par' dir='ltr' id='par_1_105' title="bbox 2128 4365 3824 4430">
     <span class='ocr_line' id='line_1_105' title="bbox 2128 4365 3824 4430; baseline -0.004 -11"><span class='ocrx_word' id='word_1_814' title='bbox 2128 4367 2354 4419; x_wconf 86' lang='lat' dir='ltr'>intentio</span> <span class='ocrx_word' id='word_1_815' title='bbox 2381 4366 2487 4420; x_wconf 93' lang='lat' dir='ltr'>hoc</span> <span class='ocrx_word' id='word_1_816' title='bbox 2517 4366 2577 4418; x_wconf 90' lang='lat' dir='ltr'>in</span> <span class='ocrx_word' id='word_1_817' title='bbox 2605 4366 2730 4419; x_wconf 93' lang='lat' dir='ltr'>loco</span> <span class='ocrx_word' id='word_1_818' title='bbox 2757 4381 2769 4418; x_wconf 92' lang='lat'><strong>:</strong></span> <span class='ocrx_word' id='word_1_819' title='bbox 2803 4369 2886 4419; x_wconf 91' lang='lat' dir='ltr'>est</span> <span class='ocrx_word' id='word_1_820' title='bbox 2904 4365 3060 4418; x_wconf 90' lang='lat' dir='ltr'>enim</span> <span class='ocrx_word' id='word_1_821' title='bbox 3081 4365 3340 4419; x_wconf 89' lang='lat' dir='ltr'>intentio</span> <span class='ocrx_word' id='word_1_822' title='bbox 3370 4366 3694 4430; x_wconf 90' lang='lat' dir='ltr'>oculorum,</span> <span class='ocrx_word' id='word_1_823' title='bbox 3714 4373 3824 4413; x_wconf 84' lang='lat' dir='ltr'>nam</span> 
     </span>
    </p>
   </div>
   <div class='ocr_carea' id='block_1_106' title="bbox 2127 4451 3829 4524">
    <p class='ocr_par' dir='ltr' id='par_1_106' title="bbox 2127 4451 3829 4524">
     <span class='ocr_line' id='line_1_106' title="bbox 2127 4451 3829 4524; baseline -0.008 -11"><span class='ocrx_word' id='word_1_824' title='bbox 2127 4464 2303 4517; x_wconf 65' lang='lat' dir='ltr'>nam</span> <span class='ocrx_word' id='word_1_825' title='bbox 2325 4455 2625 4522; x_wconf 87' lang='lat' dir='ltr'>mitsphah,</span> <span class='ocrx_word' id='word_1_826' title='bbox 2655 4457 2842 4524; x_wconf 88' lang='lat' dir='ltr'>potest</span> <span class='ocrx_word' id='word_1_827' title='bbox 2865 4451 3118 4507; x_wconf 86' lang='lat' dir='ltr'>deducia</span> <span class='ocrx_word' id='word_1_828' title='bbox 3145 4463 3277 4516; x_wconf 62' lang='lat'>.1537</span> <span class='ocrx_word' id='word_1_829' title='bbox 3307 4455 3578 4523; x_wconf 85' lang='lat' dir='ltr'>tsaphah,</span> <span class='ocrx_word' id='word_1_830' title='bbox 3605 4457 3829 4506; x_wconf 85' lang='lat' dir='ltr'>contem-</span> 
     </span>
    </p>
   </div>
   <div class='ocr_carea' id='block_1_107' title="bbox 2127 4535 3825 4612">
    <p class='ocr_par' dir='ltr' id='par_1_107' title="bbox 2127 4535 3825 4612">
     <span class='ocr_line' id='line_1_107' title="bbox 2127 4535 3825 4612; baseline -0.005 -17"><span class='ocrx_word' id='word_1_831' title='bbox 2127 4542 2334 4612; x_wconf 88' lang='lat' dir='ltr'>platus,</span> <span class='ocrx_word' id='word_1_832' title='bbox 2389 4543 2707 4612; x_wconf 87' lang='lat' dir='ltr'>speculatas</span> <span class='ocrx_word' id='word_1_833' title='bbox 2755 4545 2859 4610; x_wconf 87' lang='lat' dir='ltr'>est,</span> <span class='ocrx_word' id='word_1_834' title='bbox 2908 4557 2972 4595; x_wconf 91' lang='lat' dir='ltr'>ac</span> <span class='ocrx_word' id='word_1_835' title='bbox 3031 4541 3284 4611; x_wconf 88' lang='lat' dir='ltr'>proinde</span> <span class='ocrx_word' id='word_1_836' title='bbox 3333 4544 3540 4597; x_wconf 89' lang='lat' dir='ltr'>oculos</span> <span class='ocrx_word' id='word_1_837' title='bbox 3587 4535 3825 4594; x_wconf 82' lang='lat' dir='ltr'>intendit.</span> 
     </span>
    </p>
   </div>
   <div class='ocr_carea' id='block_1_108' title="bbox 2127 4622 3828 4686">
    <p class='ocr_par' dir='ltr' id='par_1_108' title="bbox 2127 4622 3828 4686">
     <span class='ocr_line' id='line_1_108' title="bbox 2127 4622 3828 4686; baseline -0.001 -3"><span class='ocrx_word' id='word_1_838' title='bbox 2127 4632 2206 4683; x_wconf 90' lang='lat' dir='ltr'>Ac</span> <span class='ocrx_word' id='word_1_839' title='bbox 2246 4646 2379 4684; x_wconf 90' lang='lat' dir='ltr'>sane</span> <span class='ocrx_word' id='word_1_840' title='bbox 2427 4630 2488 4684; x_wconf 90' lang='lat' dir='ltr'>in</span> <span class='ocrx_word' id='word_1_841' title='bbox 2533 4629 2710 4685; x_wconf 84' lang='lat' dir='ltr'>lexico</span> <span class='ocrx_word' id='word_1_842' title='bbox 2753 4629 3064 4684; x_wconf 87' lang='lat' dir='ltr'>Nominum</span> <span class='ocrx_word' id='word_1_843' title='bbox 3109 4631 3314 4684; x_wconf 64' lang='lat' dir='ltr'>Graeco</span> <span class='ocrx_word' id='word_1_844' title='bbox 3362 4632 3615 4686; x_wconf 86' lang='lat' dir='ltr'>vertitur</span> <span class='ocrx_word' id='word_1_845' title='bbox 3645 4622 3828 4674; x_wconf 62' lang='grc' dir='ltr'>ἀποσκά-</span> 
     </span>
    </p>
   </div>
   <div class='ocr_carea' id='block_1_109' title="bbox 2128 4717 3829 4778">
    <p class='ocr_par' dir='ltr' id='par_1_109' title="bbox 2128 4717 3829 4778">
     <span class='ocr_line' id='line_1_109' title="bbox 2128 4717 3829 4778; baseline -0.005 -5"><span class='ocrx_word' id='word_1_846' title='bbox 2128 4734 2306 4778; x_wconf 81' lang='grc' dir='ltr'>πευσις,</span> <span class='ocrx_word' id='word_1_847' title='bbox 2339 4723 2396 4773; x_wconf 89' lang='lat' dir='ltr'>et</span> <span class='ocrx_word' id='word_1_848' title='bbox 2431 4719 2493 4773; x_wconf 92' lang='lat' dir='ltr'>in</span> <span class='ocrx_word' id='word_1_849' title='bbox 2537 4719 2686 4773; x_wconf 86' lang='lat' dir='ltr'>libro</span> <span class='ocrx_word' id='word_1_850' title='bbox 2719 4718 2790 4773; x_wconf 91' lang='lat' dir='ltr'>de</span> <span class='ocrx_word' id='word_1_851' title='bbox 2831 4719 3168 4773; x_wconf 83' lang='lat' dir='ltr'>Nominibus</span> <span class='ocrx_word' id='word_1_852' title='bbox 3209 4720 3523 4775; x_wconf 88' lang='lat' dir='ltr'>Hebraicis</span> <span class='ocrx_word' id='word_1_853' title='bbox 3553 4717 3829 4773; x_wconf 87' lang='lat' dir='ltr'>emendato</span> 
     </span>
    </p>
   </div>
   <div class='ocr_carea' id='block_1_110' title="bbox 2125 4799 3831 4879">
    <p class='ocr_par' dir='ltr' id='par_1_110' title="bbox 2125 4799 3831 4879">
     <span class='ocr_line' id='line_1_110' title="bbox 2125 4799 3831 4879; baseline -0.003 -21"><span class='ocrx_word' id='word_1_854' title='bbox 2125 4805 2196 4858; x_wconf 88' lang='lat' dir='ltr'>ab</span> <span class='ocrx_word' id='word_1_855' title='bbox 2270 4805 2613 4876; x_wconf 83' lang='lat' dir='ltr'>Hieronymo</span> <span class='ocrx_word' id='word_1_856' title='bbox 2693 4807 2988 4876; x_wconf 88' lang='lat' dir='ltr'>speculatio</span> <span class='ocrx_word' id='word_1_857' title='bbox 3064 4807 3179 4860; x_wconf 87' lang='lat' dir='ltr'>sive</span> <span class='ocrx_word' id='word_1_858' title='bbox 3253 4810 3676 4879; x_wconf 87' lang='lat' dir='ltr'>contemplatio.</span> <span class='ocrx_word' id='word_1_859' title='bbox 3740 4799 3831 4857; x_wconf 84' lang='lat' dir='ltr'>Sed</span> 
     </span>
    </p>
   </div>
   <div class='ocr_carea' id='block_1_111' title="bbox 2125 4892 3830 4966">
    <p class='ocr_par' dir='ltr' id='par_1_111' title="bbox 2125 4892 3830 4966">
     <span class='ocr_line' id='line_1_111' title="bbox 2125 4892 3830 4966; baseline -0.001 -20"><span class='ocrx_word' id='word_1_860' title='bbox 2125 4892 2409 4964; x_wconf 88' lang='lat' dir='ltr'>quidquid</span> <span class='ocrx_word' id='word_1_861' title='bbox 2450 4893 2753 4964; x_wconf 82' lang='lat' dir='ltr'>signiticet,</span> <span class='ocrx_word' id='word_1_862' title='bbox 2789 4893 3106 4964; x_wconf 88' lang='lat' dir='ltr'>allegoricis</span> <span class='ocrx_word' id='word_1_863' title='bbox 3158 4893 3750 4966; x_wconf 73' lang='lat' dir='ltr'>interpretationibus</span> <span class='ocrx_word' id='word_1_864' title='bbox 3775 4903 3830 4940; x_wconf 75' lang='lat' dir='ltr'>ex</span> 
     </span>
    </p>
   </div>
   <div class='ocr_carea' id='block_1_112' title="bbox 2124 4980 3831 5051">
    <p class='ocr_par' dir='ltr' id='par_1_112' title="bbox 2124 4980 3831 5051">
     <span class='ocr_line' id='line_1_112' title="bbox 2124 4980 3831 5051; baseline -0.003 -18"><span class='ocrx_word' id='word_1_865' title='bbox 2124 4980 2429 5034; x_wconf 89' lang='lat' dir='ltr'>nominum</span> <span class='ocrx_word' id='word_1_866' title='bbox 2457 4981 2781 5051; x_wconf 83' lang='lat' dir='ltr'>signiﬁcatu</span> <span class='ocrx_word' id='word_1_867' title='bbox 2807 4981 3064 5035; x_wconf 91' lang='lat' dir='ltr'>deductis</span> <span class='ocrx_word' id='word_1_868' title='bbox 3086 4982 3234 5035; x_wconf 87' lang='lat' dir='ltr'>nihil</span> <span class='ocrx_word' id='word_1_869' title='bbox 3258 4998 3390 5036; x_wconf 87' lang='lat' dir='ltr'>esse</span> <span class='ocrx_word' id='word_1_870' title='bbox 3406 4982 3642 5037; x_wconf 87' lang='lat' dir='ltr'>inanius</span> <span class='ocrx_word' id='word_1_871' title='bbox 3664 4984 3831 5033; x_wconf 83' lang='lat' dir='ltr'>osten—</span> 
     </span>
    </p>
   </div>
   <div class='ocr_carea' id='block_1_113' title="bbox 2121 5067 3765 5142">
    <p class='ocr_par' dir='ltr' id='par_1_113' title="bbox 2121 5067 3765 5142">
     <span class='ocr_line' id='line_1_113' title="bbox 2121 5067 3765 5142; baseline -0.002 -20"><span class='ocrx_word' id='word_1_872' title='bbox 2121 5068 2206 5122; x_wconf 87' lang='lat' dir='ltr'>dit</span> <span class='ocrx_word' id='word_1_873' title='bbox 2233 5071 2398 5123; x_wconf 87' lang='lat' dir='ltr'>Joan.</span> <span class='ocrx_word' id='word_1_874' title='bbox 2432 5069 2678 5123; x_wconf 89' lang='lat' dir='ltr'>Clericus</span> <span class='ocrx_word' id='word_1_875' title='bbox 2699 5069 2760 5123; x_wconf 90' lang='lat' dir='ltr'>in</span> <span class='ocrx_word' id='word_1_876' title='bbox 2793 5069 3217 5132; x_wconf 66' lang='lat' dir='ltr'>Quaastionibus</span> <span class='ocrx_word' id='word_1_877' title='bbox 3269 5067 3765 5142; x_wconf 78' lang='lat' dir='ltr'>Hieronymianis.</span> 
     </span>
    </p>
   </div>
   <div class='ocr_carea' id='block_1_114' title="bbox 2194 5150 3834 5227">
    <p class='ocr_par' dir='ltr' id='par_1_114' title="bbox 2194 5150 3834 5227">
     <span class='ocr_line' id='line_1_114' title="bbox 2194 5150 3834 5227; baseline -0.001 -17"><span class='ocrx_word' id='word_1_878' title='bbox 2194 5158 2330 5226; x_wconf 87' lang='lat' dir='ltr'>Cap.</span> <span class='ocrx_word' id='word_1_879' title='bbox 2384 5161 2468 5211; x_wconf 85' lang='lat' dir='ltr'>ll.</span> <span class='ocrx_word' id='word_1_880' title='bbox 2515 5158 2796 5211; x_wconf 82' lang='lat' dir='ltr'>Memento</span> <span class='ocrx_word' id='word_1_881' title='bbox 2846 5173 2975 5227; x_wconf 70' lang='lat' dir='ltr'>qua:</span> <span class='ocrx_word' id='word_1_882' title='bbox 3006 5164 3089 5212; x_wconf 88' lang='lat' dir='ltr'>est</span> <span class='ocrx_word' id='word_1_883' title='bbox 3126 5175 3265 5212; x_wconf 86' lang='lat' dir='ltr'>mea</span> <span class='ocrx_word' id='word_1_884' title='bbox 3307 5159 3660 5214; x_wconf 86' lang='lat' dir='ltr'>substantia.</span> <span class='ocrx_word' id='word_1_885' title='bbox 3704 5150 3834 5210; x_wconf 73' lang='lat' dir='ltr'>Nihil</span> 
     </span>
    </p>
   </div>
   <div class='ocr_carea' id='block_1_115' title="bbox 2123 5247 3835 5317">
    <p class='ocr_par' dir='ltr' id='par_1_115' title="bbox 2123 5247 3835 5317">
     <span class='ocr_line' id='line_1_115' title="bbox 2123 5247 3835 5317; baseline -0.001 -18"><span class='ocrx_word' id='word_1_886' title='bbox 2123 5247 2209 5300; x_wconf 87' lang='lat' dir='ltr'>hic</span> <span class='ocrx_word' id='word_1_887' title='bbox 2230 5247 2415 5300; x_wconf 87' lang='lat' dir='ltr'>melius</span> <span class='ocrx_word' id='word_1_888' title='bbox 2446 5261 2608 5314; x_wconf 88' lang='lat' dir='ltr'>quam</span> <span class='ocrx_word' id='word_1_889' title='bbox 2645 5249 2761 5314; x_wconf 89' lang='lat' dir='ltr'>ipse</span> <span class='ocrx_word' id='word_1_890' title='bbox 2807 5247 2945 5300; x_wconf 88' lang='lat' dir='ltr'>Jesu</span> <span class='ocrx_word' id='word_1_891' title='bbox 2976 5247 3339 5317; x_wconf 83' lang='lat' dir='ltr'>intelligitur,</span> <span class='ocrx_word' id='word_1_892' title='bbox 3405 5249 3719 5303; x_wconf 81' lang='lat' dir='ltr'>substantia</span> <span class='ocrx_word' id='word_1_893' title='bbox 3743 5258 3835 5312; x_wconf 79' lang='lat' dir='ltr'>po-</span> 
     </span>
    </p>
   </div>
   <div class='ocr_carea' id='block_1_116' title="bbox 2119 5331 3835 5406">
    <p class='ocr_par' dir='ltr' id='par_1_116' title="bbox 2119 5331 3835 5406">
     <span class='ocr_line' id='line_1_116' title="bbox 2119 5331 3835 5406; baseline -0.004 -18"><span class='ocrx_word' id='word_1_894' title='bbox 2119 5336 2242 5404; x_wconf 84' lang='lat' dir='ltr'>puli</span> <span class='ocrx_word' id='word_1_895' title='bbox 2289 5337 2477 5388; x_wconf 89' lang='lat' dir='ltr'>melius</span> <span class='ocrx_word' id='word_1_896' title='bbox 2523 5351 2685 5403; x_wconf 89' lang='lat' dir='ltr'>quam</span> <span class='ocrx_word' id='word_1_897' title='bbox 2720 5340 2924 5389; x_wconf 78' lang='lat' dir='ltr'>natura</span> <span class='ocrx_word' id='word_1_898' title='bbox 2971 5347 3047 5390; x_wconf 82' lang='lat' dir='ltr'>est</span> <span class='ocrx_word' id='word_1_899' title='bbox 3093 5339 3286 5389; x_wconf 86' lang='lat' dir='ltr'>carnis</span> <span class='ocrx_word' id='word_1_900' title='bbox 3337 5338 3485 5406; x_wconf 88' lang='lat' dir='ltr'>ejus.</span> <span class='ocrx_word' id='word_1_901' title='bbox 3524 5338 3650 5390; x_wconf 83' lang='lat' dir='ltr'>Non</span> <span class='ocrx_word' id='word_1_902' title='bbox 3697 5331 3835 5386; x_wconf 87' lang='lat' dir='ltr'>enim</span> 
     </span>
    </p>
   </div>
   <div class='ocr_carea' id='block_1_117' title="bbox 2119 5418 3837 5492">
    <p class='ocr_par' dir='ltr' id='par_1_117' title="bbox 2119 5418 3837 5492">
     <span class='ocr_line' id='line_1_117' title="bbox 2119 5418 3837 5492; baseline -0.003 -16"><span class='ocrx_word' id='word_1_903' title='bbox 2119 5439 2284 5492; x_wconf 86' lang='lat' dir='ltr'>vane,</span> <span class='ocrx_word' id='word_1_904' title='bbox 2307 5425 2507 5491; x_wconf 88' lang='lat' dir='ltr'>inquit,</span> <span class='ocrx_word' id='word_1_905' title='bbox 2542 5423 2882 5477; x_wconf 88' lang='lat' dir='ltr'>constituisti</span> <span class='ocrx_word' id='word_1_906' title='bbox 2925 5439 3123 5477; x_wconf 88' lang='lat' dir='ltr'>omnes</span> <span class='ocrx_word' id='word_1_907' title='bbox 3159 5422 3324 5478; x_wconf 84' lang='lat' dir='ltr'>ﬁlios</span> <span class='ocrx_word' id='word_1_908' title='bbox 3358 5425 3688 5478; x_wconf 89' lang='lat' dir='ltr'>hominum.</span> <span class='ocrx_word' id='word_1_909' title='bbox 3730 5418 3837 5473; x_wconf 75' lang='lat' dir='ltr'>Nisi</span> 
     </span>
    </p>
   </div>
   <div class='ocr_carea' id='block_1_118' title="bbox 2119 5510 3834 5580">
    <p class='ocr_par' dir='ltr' id='par_1_118' title="bbox 2119 5510 3834 5580">
     <span class='ocr_line' id='line_1_118' title="bbox 2119 5510 3834 5580; baseline -0.001 -15"><span class='ocrx_word' id='word_1_910' title='bbox 2119 5513 2260 5566; x_wconf 87' lang='lat' dir='ltr'>enim</span> <span class='ocrx_word' id='word_1_911' title='bbox 2307 5514 2440 5565; x_wconf 88' lang='lat' dir='ltr'>esset</span> <span class='ocrx_word' id='word_1_912' title='bbox 2485 5525 2622 5565; x_wconf 85' lang='lat' dir='ltr'>unus</span> <span class='ocrx_word' id='word_1_913' title='bbox 2642 5511 2792 5580; x_wconf 81' lang='lat' dir='ltr'>ﬁlius</span> <span class='ocrx_word' id='word_1_914' title='bbox 2837 5511 3071 5567; x_wconf 85' lang='lat' dir='ltr'>hominis</span> <span class='ocrx_word' id='word_1_915' title='bbox 3114 5510 3446 5567; x_wconf 86' lang='lat' dir='ltr'>substantia</span> <span class='ocrx_word' id='word_1_916' title='bbox 3504 5511 3692 5577; x_wconf 82' lang='lat' dir='ltr'>Israel,</span> <span class='ocrx_word' id='word_1_917' title='bbox 3750 5519 3834 5575; x_wconf 68' lang='lat' dir='ltr'>per</span> 
     </span>
    </p>
   </div>
  </div>
