3920 6180
84 281 181 330 493

864 271 1223 326 VARIORUM
1263 272 1863 327 EXERCITATIONES
1901 274 1967 326 IN
2008 275 2062 327 S.
2105 275 2465 331 AUGUSTINI
2504 276 2760 332 OPEItA.

3460 287 3563 339 494

80 412 217 465 quem
253 396 419 462 ﬁlium
468 392 693 445 hominis
738 391 1098 445 liberarentur
1141 393 1302 446 multi
1327 393 1431 461 filii
1460 393 1752 458 hominum,
1793 395 1838 448 A
1875 392 2184 449 colebatur.
2222 397 2358 459 Quae
2396 396 2531 450 satis
2572 398 2738 451 ﬁrma
2770 414 2885 451 non
2927 404 3060 454 sunt
3086 416 3377 460 ταυτοττ,τος
3406 406 3563 458 indi-

80 499 204 541 vane
240 484 419 549 utique
467 482 747 535 constituti
786 484 959 534 essent
1010 496 1186 535 omnes
1240 482 1347 548 ﬁlii
1403 480 1751 551 hominum]

83 580 122 629 Α
174 571 335 642 capite
392 573 423 621 9
476 585 775 639 aggressus
840 574 923 622 est
987 568 1352 640 intrepretari
1406 570 1755 639 Augustinus

86 663 209 733 psal.
235 674 462 713 Lxxxvui
505 673 570 710 ex
618 656 897 710 divisione
929 658 1153 723 Graeca;
1207 658 1369 728 cujus
1416 658 1751 727 interpreta-

77 750 230 805 tionis
251 748 392 801 hanc
421 751 648 800 tantum
686 745 1052 815 particulam,
1089 761 1217 816 quae
1245 751 1331 799 est
1359 763 1505 801 vers.
1537 749 1625 813 47,
1660 764 1755 800 ex-

78 838 386 909 pendemus.
442 834 751 888 Hebraicus
792 834 965 888 codex
1007 834 1214 889 habet:
1269 820 1376 896 15m
1396 847 1489 895 nr;
1514 847 1607 895 uN
1638 848 1749 901 ππ,

74 926 325 980 recordare
352 940 447 989 ego
474 924 668 992 quanti
697 924 798 977 sim
831 924 951 987 aevi,
991 922 1101 976 hoc
1130 927 1217 976 est
1257 939 1433 993 quam
1460 923 1649 977 brevis
1681 924 1755 977 sit

77 1017 174 1067 vita
199 1029 320 1067 mea
352 1013 481 1067 LXX
520 1012 859 1080 interpretes
890 1015 1185 1065 verterunt
1228 1027 1242 1064 :
1285 1010 1523 1072 μνήσθητι
1562 1011 1629 1067 τίς
1661 1027 1752 1072 μου

77 1104 103 1159 ἠ
140 1101 382 1154 undarum:
422 1101 528 1153 hoc
571 1105 675 1167 est,
724 1100 1009 1153 recordare
1054 1116 1173 1167 quae
1218 1116 1335 1153 mea
1380 1101 1469 1163 sit,
1514 1104 1577 1153 ut
1623 1099 1751 1153 bar-

78 1193 191 1245 bare
211 1191 429 1260 loquar,
460 1189 830 1255 subsistentia,
884 1205 980 1242 seu
1013 1187 1271 1258 quandiu
1300 1188 1392 1241 hic
1428 1188 1750 1242 subsistam.

76 1283 135 1331 At
178 1276 398 1330 Latinus
452 1276 738 1346 interpres
792 1292 1096 1346 perperam
1153 1276 1322 1330 vertit
1367 1276 1750 1342 substantiam,

78 1365 211 1435 quod
251 1380 366 1417 non
404 1368 601 1433 posset
645 1364 903 1417 conferre
959 1363 1283 1417 versionem
1326 1365 1579 1419 Graecam
1620 1380 1751 1417 eum

80 1451 325 1507 Hebraico
370 1455 556 1520 textu,
586 1468 715 1505 cum
756 1468 868 1522 quo
913 1452 1023 1505 nisi
1079 1452 1408 1507 conferatur
1449 1470 1599 1523 saepe
1636 1468 1753 1507 non

80 1547 237 1603 potest
280 1540 565 1611 intelligi;
623 1539 777 1593 unde
819 1540 1172 1610 Augustinus
1229 1546 1547 1595 contortam
1593 1542 1752 1595 illam

78 1629 288 1699 arripuit
323 1630 861 1699 interpretationem
891 1646 1065 1699 quam
1095 1629 1460 1699 protulimus.
1500 1630 1637 1683 Vide
1697 1634 1754 1683 et

78 1717 583 1788 interpretationem
632 1717 754 1787 ejus
794 1716 857 1770 in
884 1717 1039 1770 hunc
1093 1718 1400 1787 psalmum.
1434 1717 1531 1771 Vir
1560 1718 1655 1772 ille
1685 1734 1752 1771 ex

80 1807 249 1876 quovis
282 1806 407 1860 loco
469 1804 731 1875 quamvis
762 1806 1104 1859 sententiam
1158 1806 1481 1875 exsculpere
1525 1805 1748 1876 potuit;

80 1895 157 1949 sed
199 1894 369 1948 miror
397 1894 593 1964 ipsum
631 1909 744 1947 non
795 1892 1260 1947 animadvertisse
1296 1909 1422 1947 eam
1470 1894 1751 1948 rationem

82 1982 463 2052 interpretandi
498 1986 676 2036 totam
709 1997 829 2035 esse
884 1981 1359 2047 commentitiam,
1392 1985 1447 2035 et
1477 1982 1753 2053 ﬁgmenta

83 2088 168 2141 pro
196 2071 419 2125 arbitrio
456 2070 796 2140 excogitata,
838 2073 957 2123 tam
986 2085 1180 2124 secure
1231 2074 1286 2124 et
1314 2073 1431 2124 tam
1460 2071 1753 2125 confiden-

85 2167 155 2213 ter
173 2160 416 2229 proferre
448 2158 813 2212 sustinuisse.

140 2251 255 2318 Cap.
287 2250 361 2302 14.
396 2250 545 2303 Mihi
567 2252 744 2301 autem
788 2248 1103 2301 credibilius
1130 2248 1387 2302 videntur
1414 2251 1751 2315 existimare,

88 2338 161 2402 qui
202 2350 365 2389 omnes
398 2337 522 2389 illos
578 2340 786 2390 centum
817 2338 1301 2405 etquinquaginta
1340 2339 1575 2406 psalmos
1638 2338 1754 2405 ejus

87 2426 267 2490 operari
291 2424 561 2490 tribuant,
597 2439 819 2492 eumque
849 2425 1061 2492 aliquos
1092 2430 1421 2493 prznotasse
1449 2426 1754 2479 nominibus

89 2514 298 2578 aliorum,
344 2517 449 2566 etc.
480 2510 502 2583 ]
543 2512 679 2565 Mira
720 2511 972 2582 profecto
1002 2516 1086 2565 est
1116 2512 1235 2566 haec
1286 2513 1587 2578 sententia,
1621 2529 1754 2566 nam

91 2602 125 2652 si
150 2601 298 2653 David
320 2605 648 2670 praenotare
686 2600 874 2670 potuit
904 2601 1149 2670 psalmos
1188 2601 1467 2670 quosdam
1498 2601 1755 2654 nomini-

92 2689 170 2741 bus
193 2690 444 2756 aliorum,
478 2688 612 2758 quis
642 2688 834 2742 docuit
861 2688 1246 2759 Augustinum
1285 2705 1381 2743 eos
1405 2689 1505 2759 qui
1525 2705 1753 2759 praeno-

93 2778 302 2831 tatisunt
330 2777 569 2831 nomine
602 2777 827 2832 Davidis
874 2778 938 2830 at
974 2777 1084 2830 alio
1106 2777 1377 2847 quopiam
1408 2780 1755 2847 praenotatos

90 2881 178 2917 non
205 2866 365 2919 fuisse
386 2866 413 2919 ?
461 2867 608 2919 Nam
639 2866 793 2935 quod
832 2865 911 2919 ait
962 2851 1309 2935 praenotasse
1342 2881 1475 2918 eum
1505 2864 1751 2918 nomini-

1788 1682 1830 1736 Β

92 2950 169 3003 bus
194 2952 411 3021 aliquid,
448 2953 599 3021 quod
636 2952 709 3006 ad
738 2969 850 3007 rem
892 2954 1181 3021 pertineat,
1208 2952 1593 3019 ﬁgurantibus,
1636 2967 1754 3004 me—
1786 2967 1825 3022 ρ

94 3056 193 3092 rum
229 3057 340 3094 esse
365 3046 760 3095 commentum
800 3042 927 3112 quis
968 3057 1083 3094 non
1118 3039 1312 3095 videt?
1341 3039 1556 3093 Deinde
1586 3055 1758 3093 nemo

93 3129 239 3196 possit
275 3130 525 3184 tribuere
566 3129 761 3183 Davidi
804 3130 1056 3198 psalmos
1097 3128 1158 3182 in
1210 3128 1419 3199 quibus
1450 3128 1665 3182 mentio
1696 3128 1763 3182 tit

96 3215 406 3286 Babylonica:
466 3217 851 3287 captivitatis,
930 3216 1094 3288 quasi
1153 3216 1239 3270 rei
1295 3215 1639 3285 praeteritae,
1696 3220 1763 3269 ut

96 3305 210 3371 psal.
241 3320 452 3360 cxxxvr.

151 3393 293 3446 Lmae
335 3410 489 3448 xvm.
551 3394 684 3463 Cap.
722 3396 773 3446 3.
808 3394 886 3446 De
916 3396 1175 3462 tempore
1229 3392 1508 3447 natalium
1543 3393 1757 3447 Isaaci:

100 3481 231 3547 Tunc,
250 3483 451 3553 inquit,
481 3488 534 3536 et
563 3483 809 3549 Assyriis
842 3483 1063 3550 quintus
1090 3486 1204 3535 erat
1236 3497 1334 3535 rear:
1363 3483 1597 3536 Aralius
1622 3498 1634 3545 ;
1657 3483 1763 3536 hoc

97 3572 177 3633 est,
203 3574 317 3638 post
346 3571 779 3639 Belum,.cujus
807 3570 961 3625 ﬁlius
1012 3568 1191 3623 Ninus
1235 3570 1408 3623 fuisse
1440 3570 1668 3623 dicitur.
1705 3570 1762 3624 Si

100 3656 316 3725 sequitur
361 3659 451 3712 hic
496 3657 831 3725 Eusebium,
885 3661 946 3710 ut
999 3657 1241 3723 videtur,
1300 3658 1498 3711 debuit
1527 3658 1756 3712 dicere:

98 3740 285 3810 quartus
320 3754 434 3802 erat
488 3763 590 3802 rex
644 3748 837 3813 Arius,
877 3750 940 3799 ut
982 3761 1046 3799 ex
1103 3744 1463 3815 Scaligerana
1512 3741 1761 3797 editione

103 3831 262 3901 liquet.
292 3838 365 3889 Ac
408 3852 548 3889 sane
574 3840 857 3889 testantur
884 3832 1233 3888 Benedictini
1265 3833 1378 3902 legi
1412 3833 1469 3885 in
1499 3830 1761 3900 pluribus

101 3933 206 3974 mss.
237 3924 477 3989 Arrium,
513 3927 570 3976 et
616 3923 849 3977 deberet
876 3926 1155 3991 prasterea
1184 3920 1301 3989 legi
1345 3924 1597 3989 quartus.
1640 3917 1760 3971 Cae-

101 4010 255 4063 terum
299 4012 504 4065 seriam
576 4011 724 4065 hanc
780 4011 1143 4080 Assyriorum
1204 4024 1409 4078 regum
1463 4006 1763 4059 conﬁctam

102 4096 236 4149 multi
264 4103 481 4167 putant.
526 4099 663 4153 Vide
718 4100 880 4153 Joan.
943 4097 1224 4152 Clericum
1269 4095 1341 4149 ad
1390 4096 1527 4149 Gen.
1578 4108 1632 4159 x,
1700 4094 1762 4145 t0

103 4181 435 4253 Temporibus
468 4202 609 4240 sane
663 4184 971 4239 Abrahami
1022 4201 1140 4238 non
1168 4200 1266 4237 rex
1298 4181 1758 4253 Babyloniorum,

1861 479 1975 533 cia:
2044 497 2148 535 nec
2202 483 2504 553 quisquam
2544 484 2706 538 facile
2754 486 2945 540 credet
3000 489 3410 559 antiquissimis
3453 493 3565 545 illis

1861 570 2213 637 temporibus
2244 571 2533 641 [Egyptios
2564 590 2595 626 a
2638 573 2842 627 Graecis
2900 577 3180 645 accepisse
3218 579 3477 648 reginam
3508 585 3567 633 et

1862 655 2045 709 deam.
2098 659 2417 713 Herodotus
2448 660 2543 713 lib.
2590 677 2626 728 ι,
2659 677 2781 730 cap.
2822 666 2870 729 l,
2906 663 3072 718 docet
3097 666 3328 735 quidem
3361 668 3557 721 Orien-

1860 744 2001 797 tales
2048 746 2255 800 dixisse
2305 748 2501 801 Ionem
2530 747 2697 801 ivisse
2730 748 2790 801 in
2836 750 3168 821 Egyptum,
3202 755 3297 807 sed
3339 761 3561 824 raptam

1861 852 1893 888 a
1938 834 2323 900 Phoenicibus,
2374 840 2431 888 et
2473 836 2610 898 illic,
2671 841 2732 890 ut
2785 837 3029 905 videtur,
3066 841 3371 897 venditem.
3411 844 3568 897 Dica-

1860 938 1987 975 mus
2019 938 2154 991 ergo
2213 922 2420 976 Isidem
2464 924 2791 994 Egyptiam
2827 925 2999 979 fuisse
3030 944 3159 981 cum
3202 929 3446 984 Diodoro
3479 932 3563 985 Si-

1860 1011 1987 1063 culo
2036 1010 2134 1064 lib.
2199 1028 2215 1063 1
2280 1010 2661 1079 Bibliotheca,
2716 1018 2772 1066 et
2828 1015 3059 1083 quidem
3109 1017 3563 1087 antiquissimam

1862 1099 2089 1169 .ﬁgypti
2137 1098 2417 1179 reginam,
2464 1101 2619 1170 quod
2678 1102 2762 1154 vel
2798 1117 3011 1156 nomen
3050 1105 3171 1174 ejus
3229 1107 3513 1176 signiticet
3550 1126 3562 1162 ι

1861 1201 1992 1238 cum
2046 1186 2197 1239 idem
2265 1187 2507 1256 scriptor
2568 1190 2808 1241 testetur
2881 1194 2999 1235 Ἶσιν
3076 1191 3565 1255 μεθερμηνευομένην

1862 1271 1985 1320 εἶναι
2020 1273 2253 1334 παλαιάν,
2286 1279 2400 1329 Isin
2436 1279 2584 1345 verti,
2632 1280 2936 1347 antiquam,
2978 1280 3289 1351 linguaque
3336 1284 3567 1337 Hebrai-

1860 1376 1944 1425 ea,
1978 1378 2107 1432 qum
2156 1362 2341 1416 aftinis
2390 1368 2512 1417 erat
2549 1366 2844 1435 Aigyptiae,
2892 1366 3042 1425 tibi?"
3076 1369 3377 1438 jaschisch,
3404 1376 3565 1424 vetus

1861 1451 2100 1507 dicatur.
2153 1456 2424 1507 Attamen
2480 1455 2833 1524 Augustinus
2884 1461 3036 1510 recte
3096 1463 3295 1512 contra
3344 1460 3566 1514 Graecos

1860 1541 1959 1606 sic,
1995 1546 2056 1595 ut
2080 1542 2230 1610 facit,
2290 1542 2620 1596 ratiocinari
2660 1544 2876 1613 potuit;
2912 1546 3139 1599 tametsi
3167 1548 3457 1618 Egyptios
3499 1566 3566 1602 eo

1861 1629 2031 1683 modo
2057 1630 2127 1683 ad
2172 1630 2346 1684 tidem
2374 1631 2654 1685 adducere
2699 1648 2813 1685 non
2851 1633 3058 1702 potuit;
3098 1650 3227 1687 cum
3258 1653 3314 1689 se
3360 1638 3566 1690 Graecis

1861 1719 2044 1772 multo
2074 1718 2447 1789 antiquiores,
2497 1736 2601 1773 nec
2652 1720 2772 1773 sine
2804 1720 3043 1788 ratione,
3099 1740 3219 1777 esse
3272 1728 3563 1794 putarent,

1933 1808 2066 1878 Cap.
2110 1811 2161 1861 5.
2192 1808 2295 1862 His
2322 1809 2647 1877 temporibus
2679 1808 2923 1879 (nempe
2997 1811 3191 1865 Jacobi
3220 1812 3237 1882 )
3269 1830 3365 1867 rea:
3395 1814 3567 1881 Argi-

1859 1912 2047 1949 vorum
2077 1898 2222 1965 Apis
2274 1897 2503 1950 nauibus
2535 1902 2866 1951 transvectus
2896 1896 2955 1951 in
2986 1901 3302 1967 Egyptum,
3340 1916 3459 1954 cum
3487 1900 3567 1953 ibi

1862 1989 2102 2038 mortuus
2146 1988 2361 2051 fuisset,
2407 1988 2589 2050 factus
2634 1991 2711 2039 est
2750 1986 2969 2055 Serapis
3014 1990 3251 2041 omnium
3291 1991 3565 2043 maximus

1861 2075 2241 2141 .Egyptiorum
2270 2074 2421 2127 deus.
2456 2075 2700 2128 Nominis
2721 2078 2898 2127 autem
2932 2075 3095 2143 hujus
3135 2090 3231 2128 cur
3258 2092 3363 2129 non
3401 2078 3563 2145 Apis,

1862 2164 2026 2215 etiam
2066 2166 2191 2230 post
2228 2166 2471 2225 mortem,
2506 2162 2600 2215 sed
2640 2163 2860 2230 Serapis
2891 2164 3195 2231 appellatus
3225 2166 3315 2229 sit,
3354 2167 3568 2229 facilli-

1860 2266 2006 2303 mam
2047 2256 2309 2303 rationem
2365 2252 2539 2305 Varro
2590 2250 2854 2304 reddidit.
2894 2252 3033 2315 Quia
3058 2254 3197 2305 enim
3225 2268 3355 2305 area
3379 2255 3437 2305 in
3459 2268 3569 2320 qua

1862 2342 2104 2391 mortuus
2154 2341 2398 2407 ponitur,
2453 2338 2598 2405 quod
2644 2354 2825 2392 omnes
2865 2340 2985 2407 jam
3016 2354 3323 2401 σαρκοφαγον
3353 2346 3565 2407 vocant,

1864 2440 2001 2487 σορος
2052 2426 2253 2479 dicitur
2305 2427 2503 2492 Graece,
2562 2432 2612 2480 et
2676 2427 2754 2480 ibi
2810 2443 2928 2480 eum
2998 2431 3247 2482 venerari
3302 2431 3571 2497 sepultum

1862 2518 2131 2582 coeperant
2186 2516 2513 2582 priusquam
2554 2516 2807 2583 templum
2871 2516 2988 2583 ejus
3035 2521 3167 2570 esset
3213 2521 3571 2583 exstructum,

1862 2605 2007 2655 velut
2034 2617 2182 2655 soros
2208 2608 2257 2655 et
2285 2602 2494 2673 -4pis.]
2529 2602 2699 2665 Quasi
2738 2619 2869 2656 vero
2914 2604 3218 2669 defuerint,
3254 2604 3572 2675 iangypto

1862 2688 2129 2742 homines
2158 2705 2302 2759 quos
2329 2688 2389 2742 in
2416 2690 2654 2742 deorum
2684 2706 2987 2744 numerum
3018 2691 3334 2755 referrent,
3369 2701 3431 2747 ut
3473 2695 3573 2747 ad-

1862 2776 2153 2830 venientes
2185 2793 2251 2830 ex
2298 2777 2691 2846 Peloponneso
2724 2778 2998 2831 continuo
3031 2779 3269 2832 deorum
3302 2780 3425 2833 loco
3469 2781 3572 2833 ha-

1864 2864 2100 2929 berent;
2137 2869 2234 2917 aut
2263 2864 2427 2934 quasi
2473 2866 2663 2918 Graece
2714 2865 2886 2918 locuti
2918 2866 3155 2919 fuerint!
3206 2868 3406 2937 Itaque
3453 2869 3573 2921 veri

1868 2952 2019 3007 docti
2074 2952 2280 3007 merito
2330 2952 2755 3023 orginationem
2795 2954 3059 3006 Varronis
3097 2954 3439 3023 rejecerunt,
3471 2958 3571 3011 Se-

1870 3042 2168 3112 rapimque
2221 3040 2692 3111 antiquissimum
2737 3058 2859 3095 esse
2910 3042 3304 3112 Acgyptiorum
3355 3060 3572 3097 numen

1869 3129 2291 3195 existimarunt,
2325 3134 2382 3183 et
2412 3129 2643 3199 quidem
2695 3130 2916 3200 aliquot
2945 3130 3166 3184 saeculis
3203 3132 3413 3201 Argivo
3441 3134 3568 3204 Api.

1869 3219 2008 3272 Vide
2056 3219 2170 3271 Jos.
2223 3218 2575 3287 Scaligerum
2637 3218 2699 3271 in
2745 3218 3342 3273 Animadversionibus
3409 3222 3576 3275 Euse-

1868 3305 2054 3360 bianis
2094 3306 2163 3359 ad
2193 3322 2326 3359 ann.
2365 3309 2520 3372 I730,
2554 3311 2611 3360 et
2640 3307 2807 3362 Gerh.
2847 3308 3008 3362 Joan.
3051 3308 3314 3361 Vossium
3345 3309 3415 3362 de
3448 3310 3575 3364 Ido-

1868 3394 2092 3449 lolatria
2122 3394 2426 3465 gentilium
2476 3394 2575 3447 lib.
2625 3412 2662 3463 ι,
2693 3411 2817 3464 cap.
2849 3399 2939 3460 29,
2988 3396 3247 3466 quamvis
3299 3413 3413 3450 non
3445 3414 3576 3467 pro-

1870 3485 2073 3538 bemus
2102 3483 2437 3553 posterioris
2468 3484 2829 3551 sententiam,
2882 3483 2983 3554 qui
3009 3485 3311 3553 Josephum
3340 3485 3578 3555 patriar-

1870 3572 2035 3626 cham
2060 3572 2297 3640 Serapin
2342 3570 2558 3625 dictum
2588 3572 2728 3625 vult.

1940 3662 2074 3729 Cap.
2107 3663 2158 3714 8.
2192 3662 2441 3714 Minerva
2484 3675 2607 3714 vero
2655 3662 2808 3727 longe
2851 3660 2977 3729 his(
3010 3662 3249 3714 Hercule
3279 3664 3336 3713 et
3360 3662 3577 3717 Mercu-

1868 3747 1955 3800 rio
1989 3749 2326 3815 )antiquior.
2358 3748 2497 3802 Nam
2524 3747 2851 3815 temporibus
2892 3748 3092 3814 Ogygii
3135 3748 3209 3800 ad
3258 3749 3431 3801 lacum
3483 3752 3581 3816 qui

1873 3836 2106 3887 Tritonis
2138 3835 2359 3897 dicitur,
2388 3835 2653 3898 virginali
2677 3835 3001 3902 apparuisse
3021 3835 3201 3898 fertur
3229 3839 3406 3900 aetate,
3436 3835 3578 3888 unde

1870 3927 1920 3976 et
1951 3924 2176 3975 tritonia
2198 3926 2513 3989 nuncupata
2542 3926 2638 3986 est,
2673 3926 2774 3973 etc.
2816 3922 2831 3989 ]
2868 3920 3283 3990 Etymologiam
3326 3922 3578 3974 nominis

1870 4008 2162 4073 Tritonia,
2203 4014 2259 4061 et
2282 4007 2572 4061 rationem
2601 4025 2702 4061 cur
2733 4024 2763 4062 e
2792 4009 2975 4078 capite
3000 4009 3151 4062 Jovis
3208 4012 3341 4062 nata
3366 4008 3580 4063 dicere-

1869 4100 1982 4163 tur,
2032 4096 2223 4149 attulit
2261 4095 2685 4148 verisimiliores
2727 4097 2884 4149 Joan.
2918 4096 3167 4150 Clericus
3203 4097 3275 4150 ad
3321 4097 3579 4167 Theogo-

1871 4185 2027 4238 niam
2060 4182 2292 4237 Hesiodi
2321 4200 2466 4237 vers.
2493 4186 2616 4237 895.

104 4270 181 4336 qui
216 4251 311 4326 hic
353 4275 721 4345 Assyriorum
764 4274 987 4336 dicitur,
1020 4273 1119 4327 sed
1153 4251 1528 4341 Elymaeorum
1556 4274 1764 4340 potcn-
1797 4251 1843 4305 D
1944 4272 2077 4341 Cap.
2125 4274 2207 4325 12.
2263 4273 2419 4325 Hisce
2476 4272 2801 4340 temporibus
2850 4272 3101 4325 Hercules
3148 4274 3209 4325 in
3256 4274 3422 4343 Syria
3454 4274 3469 4341 (
3506 4272 3585 4325 sic

106 4355 316 4415 tissimus
344 4370 464 4419 erat
493 4379 743 4434 regnum
771 4359 1442 4431 Transeuphratensium.
1487 4358 1622 4413 Vide
1670 4359 1770 4412 Ge-

109 4457 200 4498 nes.
228 4463 329 4515 xw,
362 4454 389 4503 4
404 4492 417 4506 .

160 4532 283 4590 Ibid.
318 4540 365 4591 Io
393 4540 516 4608 ﬁlia
545 4540 736 4593 Inachi
772 4540 944 4605 fuisse
976 4537 1292 4607 perhibetur
1313 4550 1431 4603 qua:
1454 4538 1640 4603 postea
1669 4534 1768 4586 Isis

110 4624 364 4692 appellata,
416 4633 477 4681 ut
526 4643 726 4694 magna
755 4627 858 4680 dea
887 4628 1032 4681 culta
1061 4630 1138 4681 est
1168 4628 1225 4679 in
1269 4626 1543 4691 (Egi/pio;
1578 4636 1768 4690 quam-

112 4708 173 4759 vis
192 4711 279 4763 alii
312 4716 546 4769 scribant
576 4731 693 4769 eam
732 4731 800 4767 ea:
839 4716 1118 4782 Ethiopia
1142 4715 1201 4767 in
1246 4715 1541 4782 Egyplum
1573 4711 1772 4762 venisse

112 4800 338 4869 reginam,
372 4810 419 4857 et
448 4805 592 4873 quod
642 4806 750 4859 late
792 4804 1045 4872 justeque
1072 4804 1385 4871 imperavit,
1434 4801 1615 4866 eisque
1638 4798 1772 4850 mul-

114 4886 158 4933 ta
181 4890 429 4943 commoda
484 4897 532 4945 et
582 4894 793 4945 litteras
845 4892 1167 4956 instituerit,
1227 4890 1365 4941 hunc
1414 4888 1661 4940 honorem
1689 4886 1774 4938 illi

116 4968 325 5028 habitum
371 4992 477 5032 esse
513 4978 784 5045 divinum,
830 4982 1186 5046 posteaquam
1234 4976 1313 5027 ibi
1344 4979 1558 5027 mortua
1594 4978 1689 5037 est,
1725 4976 1774 5024 et

118 5059 291 5114 tantum
322 5064 585 5133 honorem,
615 5070 675 5118 ut
700 5066 931 5133 capitali
977 5065 1201 5117 crimine
1238 5076 1361 5114 reus
1388 5064 1535 5129 ﬁeret
1582 5062 1632 5113 si
1653 5061 1773 5128 quis

118 5158 208 5199 8am
249 5150 499 5207 hominem
533 5155 704 5219 fuisse
742 5149 1019 5221 diceret.]
1082 5151 1279 5203 Ionem
1335 5164 1496 5201 suam
1560 5152 1773 5199 temere

122 5244 223 5287 Cum
263 5238 648 5311 antiquissima
702 5240 902 5310 regina
940 5237 1340 5309 Egyptiorum
1397 5236 1775 5289 confuderunt

124 5316 284 5390 Graeci,
324 5332 381 5381 ut
408 5329 734 5384 viderentur
761 5329 830 5381 iis
862 5344 983 5381 esse
1030 5325 1405 5396 antiquiores,
1455 5323 1575 5377 nixi
1624 5324 1775 5376 dun-

124 5408 243 5464 taxat
290 5417 445 5470 tenui
495 5418 869 5472 similitudine
918 5415 1189 5481 nominis,
1243 5418 1299 5468 et
1355 5412 1510 5483 quod
1540 5411 1642 5465 Isis
1672 5412 1775 5465 sub

127 5491 335 5567 imagine
360 5519 558 5569 vaccae,
590 5506 651 5561 in
682 5521 855 5578 quam
884 5508 1106 5559 mutata
1129 5502 1420 5558 ferebatur
1452 5500 1508 5553 Io
1546 5500 1773 5570 Argiva,

1876 4361 2089 4414 habent
2109 4376 2269 4429 mss,
2294 4376 2409 4413 non
2436 4360 2497 4413 in
2532 4362 2703 4430 Tyria
2734 4364 2796 4413 ut
2827 4364 2912 4414 est
2952 4361 3011 4413 in
3042 4361 3392 4415 editionibus
3421 4362 3438 4429 )
3465 4364 3583 4415 cla-

1832 4500 1837 4505 ,
1874 4464 1969 4503 rus
2014 4448 2342 4515 habebatur;
2375 4449 2470 4503 sed
2500 4451 2761 4502 nimirum
2790 4450 2957 4517 alius,
2990 4465 3097 4503 non
3138 4451 3229 4503 ille
3272 4450 3336 4503 de
3361 4466 3465 4517 quo
3489 4466 3583 4504 su-

1874 4553 1981 4607 pra
2022 4539 2187 4593 locuti
2224 4552 2434 4591 sumus.
2493 4539 2784 4592 Secretiore
2855 4540 3056 4606 quippe
3125 4538 3360 4592 historia
3401 4540 3588 4607 plures

1876 4629 2048 4692 fuisse
2085 4626 2342 4679 dicuntur
2372 4631 2422 4679 et
2450 4626 2634 4679 Liberi
2675 4625 2877 4679 Patres
2919 4631 2968 4679 et
2999 4626 3309 4698 Hercules]
3357 4627 3586 4681 Certum

1878 4717 1961 4766 est
1993 4714 2290 4765 Herculem
2323 4729 2537 4765 numen
2571 4729 2691 4766 esse
2716 4714 3092 4779 Phoenicium,
3114 4715 3205 4768 cui
3224 4716 3360 4769 urbs
3409 4715 3590 4783 Tyrus

1878 4804 2204 4853 consecrata
2250 4798 2375 4851 fuit.
2408 4798 2555 4861 Quin
2602 4803 2659 4852 et
2688 4800 2882 4868 plures
2921 4800 3119 4869 Tyrios
3150 4800 3322 4854 fuisse
3370 4800 3586 4865 volunt,

1880 4891 1943 4939 ut
1999 4884 2403 4938 animadvertit
2460 4884 2634 4938 Cerh.
2690 4885 2816 4937 Joh.
2873 4885 3098 4938 Vossius
3138 4886 3207 4938 de
3265 4884 3591 4938 Idololatria

1881 4974 2188 5043 gentilium
2220 4973 2319 5027 lib.
2350 4990 2365 5025 ι
2398 4988 2522 5042 cap.
2554 4974 2623 5024 2‘2
2653 4976 2709 5025 et
2745 4973 2831 5025 34.
2889 4972 3239 5025 Crediderim
3274 4972 3461 5040 ipsum
3492 4978 3592 5026 aut

1880 5063 2233 5129 Thebanum,
2270 5065 2367 5114 aut
2386 5060 2661 5131 Argivum
2683 5060 2985 5113 Herculem
3016 5059 3271 5113 indidem
3308 5058 3591 5128 originem

1882 5149 2108 5215 ducere,
2153 5148 2269 5202 sive
2309 5164 2458 5202 unus
2482 5147 2617 5216 sint,
2660 5147 2775 5200 sive
2807 5148 3021 5217 plures.
3056 5147 3191 5200 Vide
3224 5163 3354 5217 quas
3407 5148 3595 5201 obiter

1882 5238 1988 5291 hac
2018 5237 2086 5290 de
2117 5252 2177 5289 re
2212 5236 2383 5290 habet
2429 5237 2589 5289 Joan.
2651 5234 2898 5290 Clericus
2928 5234 2985 5287 in
3035 5234 3189 5287 notis
3247 5235 3314 5288 ad
3370 5241 3504 5289 sect.
3562 5240 3591 5289 3

1883 5324 2105 5379 dissert.
2148 5324 2375 5378 Joannis
2419 5324 2646 5379 Seldeni
2672 5325 2741 5377 de
2778 5322 3033 5377 Decimis.
3072 5323 3213 5375 Nam
3262 5339 3382 5377 rem
3411 5324 3595 5392 pluri-

1883 5412 1989 5467 bus
2028 5412 2119 5466 hic
2149 5412 2414 5466 diducere
2448 5427 2566 5464 non
2604 5416 2784 5476 vacat,
2818 5424 2921 5462 nec
2946 5424 3172 5463 necesse
3202 5415 3306 5465 est.
3330 5410 3439 5465 Sed
3459 5411 3595 5465 hinc

1886 5504 2126 5571 apparet
2173 5515 2290 5553 non
2325 5514 2627 5569 perperam
2658 5497 2748 5551 hic
2778 5497 2892 5568 legi
2920 5498 2976 5552 in
3024 5498 3209 5566 Syria,
3246 5515 3349 5553 nec
3406 5515 3604 5553 emen-
