3884 6178
327 259 430 312 495

1338 255 1894 313 SUPPLEMENTUM
1935 259 2025 312 AD
2061 256 2294 313 OPEBA
2333 259 2387 312 S.
2429 255 2818 313 AUGUSTINI.
3667 272 3748 326 496

329 381 578 435 dandum
610 381 1131 451 esseinTirynthia,
1160 382 1215 432 ul
1241 379 1650 448 putabatloau.
1677 379 1810 441 Lud,
1836 378 2016 443 Vives,
2059 380 2100 434 A
2141 379 2351 433 Ninum
2407 378 2585 432 serius
2643 393 2908 446 regnasse
2959 377 3178 436 volunt.
3237 393 3290 431 c.
3339 382 3372 432 2
3441 381 3593 453 hujus
3637 387 3766 443 libri.

400 469 535 539 Cap.
568 471 657 524 14.
697 471 798 524 Per
837 468 978 522 idem
1009 469 1260 536 temporis
1310 469 1657 522 intervallum
1704 469 2028 522 exstiterunt

323 559 533 627 poetae(
582 557 859 626 Orpheus,
918 555 1181 620 Musaeus,
1225 554 1417 614 Linus,
1474 556 1826 625 temporibus
1868 555 2026 624 judi-

327 660 458 697 cum
486 643 734 713 Israelis)
785 645 881 712 qui
909 644 1072 697 etiam
1115 643 1348 710 theologi
1393 643 1716 710 dicerentur,
1773 645 2026 712 quoniam

326 733 391 786 de
419 733 527 786 diis
569 735 815 786 carmina
856 731 1156 797 faciebant,
1192 731 1286 784 sed
1336 732 1534 786 talibus
1576 732 1706 796 diis,
1764 733 1860 800 qui
1905 733 2025 785 licet

324 821 511 888 magni
559 821 814 880 homines,
873 824 1048 872 tamen
1115 820 1350 873 homines
1392 821 1651 885 fuerunt;
1702 824 1799 873 aut
1839 820 2031 872 mundi

325 908 508 975 hujus,
557 922 712 976 quem
755 911 890 961 Deus
935 922 1093 961 verus
1141 909 1288 974 fecit,
1331 908 1586 961 elementa
1632 911 1790 973 sunt;
1839 913 1935 960 aut
1972 909 2029 960 in

316 997 722 1064 principatibus
789 1001 838 1049 et
881 995 1258 1064 potestatibus,
1304 1010 1407 1064 pro
1442 997 1716 1050 voluntate
1762 997 2029 1052 Creatoris

321 1087 372 1136 et
398 1085 511 1138 suis
561 1085 770 1137 meritis
822 1081 1136 1154 ordinati.]
1191 1083 1394 1153 Liquet
1437 1085 1546 1137 hoc
1595 1099 1661 1137 ex
1699 1083 2030 1154 Theogonia

323 1171 575 1238 Hesiodi,
609 1171 710 1242 qui
759 1170 1158 1241 antiquissima
1195 1170 1437 1225 numina
1481 1171 1612 1225 facit
1658 1171 1855 1240 Chaos,
1909 1172 2031 1226 Cae-

322 1259 443 1312 lum
465 1264 520 1313 et
546 1261 778 1312 Terram
815 1264 977 1326 ;tum
1008 1260 1240 1330 spiritus
1281 1259 1470 1313 nescio
1503 1276 1658 1330 quos,
1691 1276 1832 1330 quos
1863 1259 2032 1313 variis

324 1351 544 1400 natura
577 1347 836 1416 partibus
868 1347 1142 1417 praeficit;
1196 1363 1260 1400 ac
1315 1347 1544 1401 tandem
1590 1347 1815 1400 animus
1844 1347 2029 1401 homi-

221 1464 234 1472 ισ
325 1451 465 1488 num
513 1434 628 1488 fato
678 1435 1027 1489 functorum.
1088 1436 1212 1488 Non
1265 1434 1462 1489 dubito
1509 1435 1649 1505 quin
1707 1435 2032 1505 superiores

326 1527 519 1593 poetas
547 1523 844 1593 theologos
889 1522 963 1576 sit
991 1538 1058 1576 ea
1085 1523 1144 1576 in
1176 1538 1237 1575 re
1291 1522 1565 1589 imitatus,
1597 1523 1856 1593 quamvis
1885 1537 2030 1576 non-

326 1610 472 1664 nulli
503 1615 760 1664 veterum
789 1610 1044 1680 primum
1090 1614 1384 1663 auctorem
1415 1610 1760 1680 Theogonize
1792 1626 1924 1664 eum
1956 1609 2032 1663 fa-

2209 469 2344 538 Cap.
2412 470 2502 521 23.
2555 466 2778 521 Eodem
2803 470 3036 535 tempore
3082 468 3328 521 nonnulli
3377 470 3603 538 sibyllam
3649 478 3768 545 Ery-

2137 556 2361 609 thrwam
2388 557 2742 608 vaticinatum
2779 555 2987 619 ferunt.
3021 554 3256 622 Sibyllas
3285 561 3450 610 autem
3482 561 3638 614 Varro
3663 579 3770 630 pro-

2135 643 2279 696 didit
2303 644 2488 712 plures
2517 644 2706 709 fuisse,
2749 657 2857 696 non
2897 657 3083 696 unam.
3131 643 3250 696 Haec
3295 658 3416 698 sane
3436 648 3685 714 Erythraeo
3709 655 3771 704 si-

2138 731 2284 798 bylla
2314 731 2561 800 quaedam
2609 730 2675 784 de
2703 730 2928 784 Christo
2962 732 3259 796 manifesta
3303 736 3616 802 conscripsit,
3660 740 3774 804 quod

2135 821 2295 873 etiam
2323 834 2418 873 nos
2443 820 2602 887 prius
2633 820 2692 872 in
2723 820 2922 872 Latina
2952 819 3162 887 lingua,
3194 820 3428 874 versibus
3455 823 3582 875 male
3600 825 3777 880 Latinis

2136 911 2186 960 et
2213 922 2318 960 non
2365 906 2637 960 stantibus
2675 906 2922 974 legimus,
2955 921 3056 975 per
3101 907 3276 960 nescio
3321 907 3468 975 cujus
3513 912 3777 980 interpretis

2137 996 2488 1063 imperitiam,
2523 995 2665 1047 sicut
2702 998 2829 1062 post
2865 995 3226 1061 cognovimus.
3286 995 3407 1062 etc]
3455 997 3642 1051 Postea
3675 999 3783 1054 dicit

2138 1083 2430 1153 exemplar
2483 1083 2742 1137 Graecum
2793 1081 2902 1136 sibi
2957 1087 3249 1136 ostensum
3303 1098 3335 1134 a
3366 1083 3654 1152 Flacciano,
3681 1102 3784 1156 pro-

2137 1169 2359 1240 fertque
2416 1171 2802 1225 Achrostichin
2849 1171 3124 1234 versibus,
3158 1174 3225 1225 ut
3263 1169 3532 1240 loquitur,
3563 1177 3788 1228 stantibus

2136 1274 2391 1324 versam,
2459 1259 2619 1328 cujus
2674 1258 2923 1312 initiales
2978 1258 3186 1313 litterae
3246 1263 3377 1312 sunt
3418 1261 3594 1318 Ιησοῦς,
3627 1261 3787 1322 Χριστὸς

2139 1343 2246 1391 Θεού
2276 1343 2371 1398 υἱὸς
2413 1360 2593 1408 σωτηρ.
2626 1345 2792 1409 Quod
2839 1345 2909 1400 de
2952 1344 3161 1401 Grmcis
3206 1345 3462 1400 versibus
3504 1352 3584 1401 est
3622 1347 3792 1402 intelli-

2139 1431 2412 1500 gendum,
2445 1448 2580 1490 nam
2608 1432 2671 1486 in
2727 1431 2939 1486 Latinis
2979 1448 3092 1486 non
3143 1436 3456 1501 potuerunt
3498 1449 3576 1487 em
3624 1435 3790 1489 littera

2140 1534 2490 1588 comparere.
2548 1519 2734 1583 Quare
2764 1519 2946 1573 miror
2998 1519 3351 1590 imperitiam
3380 1521 3690 1591 interpretis
3723 1539 3794 1576 ac-

2141 1607 2347 1671 cusari,
2378 1606 2478 1678 qui
2508 1624 2641 1662 sane
2673 1624 2787 1662 non
2832 1607 3026 1678 potuit
3070 1608 3286 1662 Latinis
3325 1609 3574 1663 versibus
3600 1610 3696 1664 hoc
3719 1627 3795 1664 ex-

325 1697 493 1751 ciant.
528 1698 665 1752 Vide
692 1699 970 1752 Joannem
1002 1697 1283 1751 Clericum
1309 1697 1380 1750 ad
1409 1697 1645 1752 titulum
1675 1698 2027 1768 Theogoniaz
2068 1685 2106 1739 Β
2138 1693 2407 1764 primere.
2450 1694 2560 1748 Sed
2612 1695 2794 1750 multo
2835 1695 3016 1766 magis
3061 1695 3243 1750 miror
3279 1697 3672 1766 Augustinum,
3722 1698 3800 1767 qui

326 1786 638 1850 Hesiodeaa,
689 1789 746 1838 et
796 1785 1144 1855 prooemium
1194 1784 1463 1857 Diogenis
1512 1786 1739 1853 Laertii,
1807 1786 1907 1840 ubi
1960 1786 2030 1840 de

322 1873 650 1943 Theogonia
681 1871 826 1927 Lini.

394 1962 527 2031 Cap.
565 1965 649 2016 18.
689 1962 752 2016 Si
788 1963 930 2015 enim
970 1962 1272 2017 dixerimus
1316 1979 1378 2018 ea
1431 1979 1537 2018 non
1587 1979 1698 2018 esse
1740 1963 2026 2030 credenda,

321 2066 426 2104 non
459 2050 652 2108 desunt
681 2052 845 2104 etiam
873 2066 1014 2104 nunc
1063 2053 1159 2118 qui
1193 2053 1462 2120 ejusmodi
1509 2052 1756 2121 quaedam
1807 2053 1889 2105 vel
1917 2067 2030 2106 cer-

323 2139 536 2192 tissima
557 2138 850 2204 audivisse,
883 2139 966 2192 vel
989 2140 1155 2192 etiam
1183 2144 1431 2207 expertos
1462 2155 1517 2194 se
1564 2154 1675 2193 esse
1704 2143 2025 2193 asseverent.

322 2228 462 2282 Nam
501 2230 550 2280 et
577 2241 671 2280 nos
718 2241 837 2280 cum
875 2241 1104 2280 essemus
1143 2231 1202 2280 in
1254 2229 1440 2294 Italia,
1489 2227 1841 2281 audiebamus
1895 2227 2030 2280 talia

324 2314 389 2368 de
435 2313 674 2383 quadam
713 2315 928 2380 regione
985 2314 1204 2367 illarum
1249 2315 1516 2382 partium,
1560 2314 1654 2367 ubi
1694 2314 2028 2367 stabularias

323 2402 571 2455 mulieres
611 2401 845 2455 imbutas
875 2402 960 2455 his
981 2402 1138 2455 malis
1177 2401 1412 2467 artibus,
1443 2404 1501 2455 in
1522 2416 1671 2455 caseo
1701 2401 1832 2455 dare
1856 2402 2022 2454 solere

321 2489 575 2543 dicebant
616 2489 810 2556 quibus
864 2489 1057 2542 vellent
1101 2503 1194 2542 seu
1241 2493 1458 2557 possent
1517 2489 1840 2557 viatoribus,
1890 2488 2031 2542 unde

322 2579 381 2630 in
412 2577 661 2645 jumenta
703 2577 846 2630 illico
882 2580 1218 2630 verterentur
1244 2580 1294 2629 et
1321 2579 1622 2630 necessaria
1655 2592 1876 2645 quaeque
1899 2591 2029 2645 por-

323 2669 520 2731 tarent,
549 2669 775 2733 postque
810 2666 1102 2732 perfuncta
1149 2679 1311 2732 opera
1340 2665 1537 2718 iterum
1581 2664 1655 2717 ad
1681 2678 1739 2718 se
1768 2664 2029 2733 redirent,

322 2756 427 2806 etc.
452 2750 473 2824 ]
497 2752 670 2807 Miror
698 2751 1080 2822 Augustinum
1111 2752 1233 2805 haec
1261 2751 1341 2805 ita
1369 2768 1691 2822 proponere
1714 2751 1878 2822 quasi
1906 2768 2031 2822 pos-

323 2842 449 2890 sent
469 2854 589 2891 esse
639 2854 788 2906 vera,
832 2838 1037 2910 vixque
1077 2854 1144 2893 ea
1172 2855 1383 2910 negare
1426 2840 1638 2905 liceret,
1674 2856 1805 2894 cum
1836 2845 2032 2910 postea

2137 1781 2438 1843 γντισιόττλτα
2463 1783 2746 1838 librorum
2783 1800 3076 1839 sacrorum
3115 1789 3315 1839 contra
3347 1785 3673 1840 Manichaeos
3709 1801 3801 1839 non

2138 1871 2288 1925 male
2334 1871 2609 1938 defendit,
2663 1887 2779 1926 non
2847 1872 3317 1927 animadvertisse
3348 1872 3442 1954 hic
3487 1873 3799 1927 manifestam

2139 1959 2612 2028 suppositionem.
2670 1959 2792 2014 Scio
2848 1960 2989 2014 alios
3039 1960 3250 2014 multos
3307 1961 3646 2015 Christianos
3693 1960 3804 2013 scri-

2135 2052 2328 2116 ptores
2357 2049 2463 2102 hac
2500 2049 2561 2102 in
2589 2063 2652 2103 re
2682 2063 2816 2102 eum
2846 2064 2967 2102 esse
2988 2053 3271 2116 secutum,
3297 2065 3404 2103 nec
3433 2054 3677 2119 repetam
3702 2065 3803 2119 quae

2137 2141 2334 2190 contra
2372 2152 2467 2190 eos
2519 2136 2915 2190 animadversa
2961 2141 3113 2204 sunt,
3168 2153 3306 2191 cum
3353 2137 3425 2191 ab
3469 2137 3612 2204 aliis,
3655 2142 3808 2191 tuma

2137 2223 2344 2278 Davide
2387 2224 2680 2279 Blondello
2729 2224 2788 2278 in
2837 2240 3010 2296 opere
3059 2224 3275 2279 Gallico
3321 2225 3393 2280 de
3437 2225 3674 2296 Sibyllis.
3723 2225 3804 2278 Sed

2135 2311 2386 2380 profecto
2439 2317 2523 2366 est
2552 2313 2707 2384 quod
2753 2314 3112 2384 suspicemur
3165 2313 3388 2367 multos
3437 2329 3635 2367 eorum
3673 2312 3807 2366 facile

2137 2399 2367 2469 quidem
2401 2400 2653 2454 olfecisse
2713 2401 3169 2471 suppositionem
3226 2402 3472 2472 hujusce
3531 2401 3688 2464 fetus,
3732 2400 3808 2453 sed

2137 2485 2272 2556 quia
2306 2487 2460 2541 rudis
2491 2487 2787 2558 plebecula
2827 2494 2943 2542 tam
2983 2488 3205 2543 levibus
3237 2489 3576 2559 capiebatur
3616 2486 3811 2541 rationi-

2135 2573 2241 2626 bus
2266 2590 2439 2645 quam
2471 2575 2758 2646 gravibus,
2797 2591 2892 2630 eos
2920 2576 3230 2647 arripuisse
3282 2576 3394 2630 hoc
3424 2581 3814 2647 argumentum,

2137 2667 2204 2716 ut
2238 2662 2348 2717 alia
2383 2664 2585 2729 multa,
2627 2663 2764 2734 quia
2818 2665 3417 2730 conducebat-causae,
3453 2681 3567 2720 non
3597 2665 3721 2735 quia
3743 2681 3816 2718 ve-

2138 2766 2266 2804 rum
2294 2751 2363 2804 iis
2394 2752 2711 2806 videbatur.
2737 2752 2966 2823 Alioqui
2995 2753 3042 2806 si
3072 2753 3152 2806 ita
3177 2754 3579 2808 obbrutuisset
3605 2753 3670 2807 iis
3696 2753 3818 2823 pala-

2140 2844 2287 2904 tum,
2329 2845 2396 2894 ut
2433 2840 2577 2894 nihil
2618 2840 2712 2893 hic
2759 2840 3039 2910 suppositi
3085 2841 3639 2910 animadverterent,
3667 2842 3821 2895 nullos

323 2926 470 2980 dicat
521 2927 628 2980 haec
680 2928 762 2980 vel
807 2929 955 2993 falsa
1018 2943 1146 2992 esse,
1183 2929 1266 2981 vel
1309 2932 1418 2982 tam
1462 2931 1748 2996 inusitata,
1798 2933 1860 2982 ut
1917 2944 2024 2982 me—
2064 2961 2103 3018 ϐ
2145 2926 2469 2996 suppositos
2490 2925 2635 2980 fetus
2666 2943 2697 2979 a
2727 2927 2995 2996 genuinis
3023 2943 3330 2982 secernere
3363 2929 3693 2998 potuissent.
3725 2929 3822 2981 Non

322 3014 428 3066 rito
453 3027 560 3066 non
585 3013 895 3079 credantur,
929 3019 1205 3084 putetque
1248 3015 1439 3085 potius
1467 3032 1497 3069 a
1526 3016 1884 3070 daemonibus
1925 3020 2034 3072 tur.

322 3099 516 3154 batam
561 3100 734 3154 fuisse
791 3101 1153 3171 phantasiam
1201 3103 1525 3170 hominum,
1560 3104 1659 3175 qui
1690 3121 1808 3174 prae
1839 3104 2032 3158 furore

323 3189 620 3243 crederent
665 3205 723 3242 se
778 3206 899 3243 esse
940 3191 1220 3259 jumenta.
1264 3193 1462 3246 Postea
1490 3191 1660 3246 etiam
1692 3196 1887 3245 narrat
1933 3208 2030 3245 cu-

315 3277 550 3346 jusdam
609 3277 926 3331 Prmstantii
971 3278 1140 3348 patri,
1177 3284 1307 3349 post
1335 3279 1483 3333 casei
1532 3281 1817 3350 ejusmodi
1846 3297 2029 3335 come~

321 3365 587 3431 stionem,
629 3365 740 3419 tale
795 3366 932 3436 quid
962 3367 1023 3419 in
1067 3367 1282 3420 somnis
1324 3367 1651 3438 contigisse.
1698 3368 1806 3422 Sed
1851 3368 1897 3421 si
1927 3368 2032 3422 hoc

321 3454 486 3508 tieret
524 3470 629 3524 ope
668 3454 1018 3521 daemonum,
1063 3454 1201 3525 quid
1242 3455 1355 3508 illis
1386 3472 1528 3525 opus
1581 3456 1690 3509 fuit
1738 3456 2018 3510 medicato

322 3541 447 3594 cibo
470 3543 498 3594 ?
529 3545 638 3595 Aut
677 3541 724 3594 si
776 3541 908 3595 talis
947 3541 1105 3596 cibus
1141 3543 1198 3596 id
1245 3542 1515 3609 efﬁceret,
1576 3543 1712 3614 quid
1744 3560 1888 3614 opus
1916 3543 2027 3598 fuit

321 3630 720 3685 daemonibus?
770 3632 1052 3685 Prmterea
1104 3631 1152 3685 si
1203 3648 1266 3686 ex
1300 3632 1534 3687 arbitrio
1579 3633 1908 3687 daemonum
1951 3634 2028 3687 ita

319 3718 679 3788 pependisset
727 3718 1031 3772 hominum
1078 3720 1400 3789 phantasia,
1461 3726 1690 3786 utnec,
1721 3720 1846 3776 cibo
1876 3738 2027 3775 sum-

319 3810 668 3875 pto,.eorum
698 3807 752 3858 vi
783 3807 1040 3860 resistere
1091 3808 1354 3862 homines
1379 3814 1635 3878 possent,
1671 3825 1776 3862 nec
1825 3810 2020 3863 turba-

319 3898 392 3946 tae
436 3893 754 3963 phantasiee
811 3894 1090 3964 imagines
1138 3897 1383 3962 vincere,
1433 3913 1548 3951 non
1603 3898 1875 3967 exiguum
1917 3898 2025 3951 hoc

320 3981 515 4035 fuisset
543 3981 894 4051 prodigium.
929 3984 1127 4054 Itaque
1183 3984 1358 4038 satius
1396 3984 1506 4039 fuit
1555 3987 2024 4040 muliercularum

319 4070 591 4139 ﬁgmenta
639 4077 833 4140 aperte
888 4087 1120 4142 negare,
1158 4089 1331 4144 quam
1380 4090 1574 4128 rerum
1625 4074 1910 4145 ejusmodi
1939 4090 2024 4128 ra-

319 4158 503 4212 tiones
536 4175 815 4229 quaerere.

391 4248 523 4317 Cap.
561 4251 650 4301 22.
687 4249 967 4317 Siquidem
993 4257 1118 4318 post
1157 4251 1298 4305 illud
1343 4253 1642 4304 maximum
1690 4256 1852 4320 atque
1897 4253 2021 4304 uni-
2060 4241 2103 4295 D

315 4337 521 4399 versate
569 4335 857 4402 diluvium,
894 4353 1013 4390 cum
1056 4339 1113 4390 in
1145 4353 1276 4391 arca
1315 4340 1424 4391 Noe
1472 4344 1585 4392 octo
1633 4340 1735 4392 soli
1781 4339 2020 4394 homines

317 4426 618 4486 evaserunt,
661 4424 794 4474 anni
835 4439 940 4476 non
978 4425 1147 4477 multo
1191 4425 1426 4492 amplius
1459 4441 1622 4493 quam
1655 4427 1800 4479 mille
1834 4433 2021 4480 trans-

320 4511 492 4561 ierant
545 4509 762 4576 quando
826 4511 1002 4566 Ninus
1058 4513 1255 4565 Asiam
1313 4517 1500 4579 totam,
1551 4519 1778 4581 excepta
1824 4515 2019 4578 India,

316 4594 695 4664 subiugavit]
745 4597 961 4650 Revera
1027 4615 1090 4650 ex
1141 4600 1356 4653 calculo
1427 4602 1555 4656 LXX
1611 4600 2016 4672 interpretum,

257 4689 266 4695 '
319 4684 388 4738 ad
422 4684 670 4738 natalem
711 4684 1020 4739 Abrahami
1051 4703 1266 4741 annum
1305 4704 1424 4742 non
1454 4689 1798 4744 efﬂuxerunt
1825 4691 2019 4759 plures

317 4770 450 4823 anni
483 4787 656 4841 quam
692 4775 848 4839 1132,
881 4779 944 4826 ut
997 4774 1241 4828 ostendit
1288 4777 1510 4831 Isaacus
1538 4778 1767 4831 Vossius
1806 4779 1866 4832 in
1916 4780 2016 4835 lib.

315 4858 384 4912 de
415 4861 596 4913 Aitate
629 4860 830 4914 mundi
862 4877 993 4930 cap.
1035 4866 1086 4915 6.
1120 4862 1227 4916 Sed
1254 4879 1385 4918 cum
1417 4882 1448 4918 a
1479 4867 1833 4936 temporibus
1871 4867 2017 4921 Pha-

315 4947 446 5018 legi,
471 4948 680 5019 quibus
711 4964 894 5017 genus
923 4950 1242 5004 humanum
1273 4953 1333 5006 in
1363 4954 1546 5016 varias
1574 4955 1718 5010 abiit
1745 4956 2013 5023 colonias,

311 5036 382 5089 ad
415 5041 676 5107 tempora
696 5037 845 5102 Nini,
877 5054 944 5090 ex
986 5039 1190 5093 eodem
1234 5041 1449 5096 calculo
1481 5059 1595 5113 quo
1637 5045 1906 5098 statuitur
1945 5045 2014 5099 ab

314 5124 548 5177 Eusebio
598 5124 774 5178 Ninus
808 5128 980 5194 paulo
1025 5132 1155 5180 ante
1195 5133 1394 5182 natum
1442 5130 1830 5184 Abrahamum
1855 5132 2017 5186 sube-

311 5209 459 5278 gisse
490 5211 702 5278 Asiam,
737 5229 851 5266 non
895 5214 1225 5268 efﬂuxerint
1256 5218 1436 5270 multo
1468 5218 1660 5288 plures
1690 5223 1793 5274 500
1829 5221 2012 5288 annis,

311 5297 440 5352 Asia
469 5298 608 5351 nihil
631 5300 807 5354 ferme
837 5302 1083 5356 habebat
1112 5307 1317 5372 praeter
1346 5305 1592 5374 deserta,
1617 5324 1752 5361 nam
1775 5307 1924 5363 intra
1955 5310 2013 5364 id

311 5391 538 5454 tempus
571 5401 686 5440 non
734 5394 1039 5458 potuerunt
1072 5390 1148 5444 ita
1181 5392 1378 5462 augeri
1416 5391 1698 5461 homines,
1735 5401 1796 5449 ut
1822 5400 2012 5451 tantos

313 5479 594 5528 terrarum
626 5479 833 5530 tractus
862 5476 1187 5548 implerent.
1215 5482 1413 5552 Itaque
1444 5483 1651 5536 rectius
1679 5483 2012 5557 faciuntqui

2141 3013 2356 3082 patitur
2387 3013 2618 3083 quidem
2648 3013 2902 3067 historia:
2924 3014 3064 3068 tides
3115 3031 3225 3068 nos
3255 3015 3528 3070 dubitare
3561 3016 3692 3085 quin
3722 3014 3821 3067 fue-

2140 3101 2257 3155 rint
2281 3101 2529 3155 fatidicm
2559 3102 2824 3171 quaedam
2871 3103 3144 3157 mulieres
3190 3120 3330 3174 quae
3377 3104 3537 3157 varia
3565 3102 3823 3174 praedixis-

2140 3192 2285 3252 sent,
2335 3189 2404 3242 de
2451 3188 2692 3259 imperio
2747 3189 3071 3259 praesertim
3099 3191 3395 3259 Romano,
3427 3191 3529 3244 sed
3577 3191 3670 3244 illa
3709 3188 3821 3242 nihil

2139 3277 2209 3331 ad
2253 3276 2636 3331 Christianam
2686 3278 3047 3349 religionem.
3121 3279 3515 3346 Crediderim,
3561 3285 3624 3333 ut
3670 3293 3823 3332 meam

2139 3381 2369 3436 quoque
2403 3365 2788 3436 conjecturam
2816 3367 3093 3437 aperiam,
3118 3368 3409 3423 fanaticas
3440 3368 3567 3422 illas
3593 3367 3822 3420 mulieres

2136 3468 2348 3506 nomen
2401 3453 2470 3506 ab
2509 3453 2759 3520 Oriente,
2817 3471 2929 3510 una
2981 3471 3112 3510 cum
3142 3461 3274 3511 arte
3309 3456 3660 3526 decipiendi,
3699 3460 3822 3508 attu-

2135 3540 2286 3607 lisse,
2312 3545 2368 3595 et
2399 3541 2575 3595 dictas
2602 3543 2831 3612 sibyllas
2862 3560 2894 3597 a
2945 3543 3174 3612 Graecis,
3235 3546 3398 3615 quod
3431 3545 3718 3598 Phoenices
3755 3558 3826 3593 vo-

2135 3633 2332 3682 carent
2369 3630 2702 3700 hujusmodi
2754 3632 3056 3687 mulierem
3088 3618 3292 3695 Πιὶνέδεθ
3337 3635 3611 3700 schcbola,
3642 3634 3738 3688 hoc
3764 3635 3828 3685 est

2135 3732 2253 3784 qua
2282 3721 2631 3772 consenescit:
2669 3736 2802 3774 nam
2845 3722 3049 3775 vetulae
3089 3727 3263 3776 erant
3295 3723 3392 3776 hae
3422 3729 3598 3787 vates,
3625 3738 3718 3776 nec
3755 3737 3827 3773 ea-

2133 3820 2262 3857 rum
2294 3814 2554 3859 senectus
2609 3807 2800 3861 minus
2849 3808 3150 3863 decantata
3201 3810 3322 3864 fuit
3353 3827 3536 3881 quam
3578 3809 3827 3868 vaticinia,

2134 3891 2367 3946 Ovidius
2398 3895 2620 3958 Metam,
2662 3895 2762 3950 lib.
2814 3911 2926 3962 xiv,
2975 3900 3096 3965 {32,
3145 3898 3234 3952 sic
3265 3898 3505 3954 inducit
3534 3900 3829 3969 loquentem

2133 3979 2394 4049 sibyllam
2431 3999 2443 4035 :

2193 4051 2305 4118 Lux
2335 4052 2692 4118 azternamihi
2721 4053 3051 4118 carituraque
3076 4054 3182 4118 ﬁne
3212 4053 3475 4118 dabatur,

2192 4111 2245 4178 §i
2276 4126 2394 4162 mea
2420 4115 2697 4178 virginitas
2732 4115 2931 4164 thbo
2952 4111 3211 4178 patuisset
3245 4111 3484 4169 amanti.

2192 4174 2326 4245 Qum
2353 4174 2687 4245 tameuhanc
2715 4182 2907 4245 sperat,
2925 4174 3050 4245 dum
3077 4193 3552 4245 praecorrumpere
3586 4182 3729 4231 donis

2194 4236 2285 4309 ille
2306 4237 2469 4309 cupit,
2491 4237 2661 4309 Elige,
2686 4236 2775 4309 ait,
2806 4239 2954 4309 virgo
2986 4236 3219 4309 cumaea,
3245 4243 3392 4309 _quid
3424 4236 3601 4309 optes,

2195 4297 2393 4368 thatis
2422 4297 2621 4361 potiere
2649 4297 2776 4368 tuis.
2806 4297 2957 4368 Ergo
2976 4297 3212 4368 pulveris
3245 4297 3434 4354 h'austi

2191 4358 2485 4432 9stendens
2514 4358 3213 4432 c_umulum,_qiiot'haberet
3236 4381 3478 4432 corpora
3515 4367 3700 4432 pluvis,

2191 4420 2434 4490 Iotniihi
2464 4423 2666 4471 natales
2684 4420 2994 4490 contingere
3031 4420 3381 4490 vanarogavi
3407 4444 3418 4477 :

2190 4482 2395 4550 Excidit
2419 4490 2653 4550 optarem
2674 4482 2903 4550 juvenes
2917 4501 3127 4550 quoque
3163 4482 3427 4550 provtinus
3451 4506 3643 4548 annos,

2191 4544 2497 4614 l‘lnostame—n
2522 4547 2608 4595 ille
2633 4544 2769 4614 mihi
2809 4544 2987 4614 dabat,
3022 4544 3404 4614 aeternamque
3429 4544 3728 4614 juventam,

2191 4605 2242 4673 _Si
2275 4606 2528 4673 venerem
2558 4613 2778 4670 paterer.
2811 4605 3121 4673 Contempto
3150 4605 3393 4663 munére
3428 4605 3617 4665 Phoebi

2190 4666 2725 4734 I_nnuba_pernianeo,
2756 4671 2845 4734 sed
2869 4672 2981 4734 jam
3010 4666 3216 4722 felicior
3247 4680 3388 4724 aetas

2187 4729 2352 4800 ’l‘erga
2386 4729 2554 4800 dedit,
2600 4729 2930 4800 tremuloque
2991 4735 3155 4800 gradu
3189 4738 3352 4800 venit
3397 4752 3548 4800 aegra
3600 4737 3831 4785 senectus.

2188 4792 2316 4861 Quae
2346 4792 2592 4861 patienda
2621 4794 2710 4842 diu
2731 4799 2826 4852 est,
2844 4792 3118 4858 _nam'jam
3145 4797 3288 4861 mihi
3328 4792 3537 4849 saecula
3570 4803 3757 4861 septem

2185 4853 2314 4924 Acta
2343 4853 2506 4924 vides,
2539 4861 2774 4924 superest
2795 4853 3048 4924 numeros
3073 4862 3132 4906 ut
3161 4859 3421 4924 pulveris
3446 4853 3675 4924 mquam,

2184 4915 2496 4963 Tercentum
2522 4915 2735 4976 messes,
2761 4921 3056 4967 tercentum
3078 4915 3264 4970 mu’sta
3306 4918 3516 4972 videre.

2124 4976 2262 5039 Quae
2289 4982 2424 5031 sunt
2451 4979 2677 5048 poetica
2729 4980 3006 5050 ﬁgmenta
3033 4981 3170 5036 inde
3204 4989 3378 5053 nata,
3430 4985 3596 5057 quod
3645 4982 3830 5039 dicere-

2122 5068 2218 5118 tur
2246 5064 2449 5134 sibylla
2470 5066 2774 5136 grandaava
2821 5068 3018 5123 fuisse.

2193 5152 2332 5206 Ibid.
2366 5153 2506 5224 §tt.
2549 5156 2758 5209 Inserit
2804 5159 2965 5210 etiam
3000 5159 3341 5216 Lactantius
3383 5164 3543 5232 operi
3589 5176 3682 5217 suo
3711 5173 3836 5228 quee-

2121 5241 2249 5296 dam
2273 5242 2338 5295 de
2369 5243 2586 5298 Christo
2609 5245 2874 5297 vaticinia
2893 5245 3119 5312 sibylla,
3149 5254 3427 5315 quamvis
3448 5268 3560 5305 non
3589 5248 3839 5319 exprimi

2121 5329 2347 5402 cujus.]
2419 5331 2687 5400 Respexit
2739 5332 2808 5386 ad
2857 5333 3046 5388 locum
3097 5336 3396 5392 Lactantii
3456 5357 3525 5394 ex
3567 5339 3664 5393 lib.
3716 5337 3836 5389 lust.

2121 5418 2296 5472 divin.
2358 5436 2394 5485 ι,
2450 5435 2580 5490 cap.
2619 5423 2672 5486 6,
2715 5420 2831 5489 ubi,
2890 5424 3233 5478 memoratis
3291 5428 3477 5481 variis
3506 5427 3741 5497 sibyllis,
3772 5423 3846 5474 sic

2120 5506 2400 5577 loquitur:
2433 5508 2642 5562 Harum
2666 5512 2904 5565 omnium
2931 5510 3267 5579 sibyllarum
3298 5519 3565 5570 carmina
3594 5519 3645 5570 et
3660 5514 3834 5581 feruno
