3920 6180
104 326 196 377 497

879 321 1241 379 VARIORUM
1283 321 1880 380 EXERCITATIONES
1920 326 1986 381 IN
2026 328 2080 382 S.
2123 326 2488 384 AUGUSTINI
2527 328 2777 384 OPERA.

3475 338 3578 391 498
3623 328 3629 334 ’

99 451 177 498 tur
204 449 251 497 et
268 444 544 507 habentur,
577 445 942 512 praeterquam
972 444 1215 513 Cumae,
1249 447 1404 513 cujus
1438 446 1567 499 libri
1598 464 1633 501 a
1662 451 1769 502 Ro-
1809 448 1853 501 A
1884 452 2070 516 ctores,
2130 466 2186 503 eo
2234 451 2377 518 quad
2419 466 2506 505 eas
2555 452 2837 523 inducant,
2887 455 2946 507 id
2973 461 3050 510 est
3076 457 3422 511 introducant
3445 475 3577 527 quo-

97 535 255 587 manis
293 530 653 597 occuluntur;
698 547 789 584 nec
838 546 923 585 eos
970 532 1037 584 ab
1086 534 1214 599 ullo,
1260 536 1370 587 nisi
1396 551 1429 587 a
1462 536 1771 605 quindecim

100 626 238 690 viris,
256 622 449 687 inspici
495 622 583 685 fas
633 625 727 673 est.
768 623 837 674 Et
866 626 992 673 sunt
1023 623 1366 688 singularum
1385 626 1589 691 singuli
1619 625 1768 689 libri,

101 714 186 780 qui
223 711 341 777 quia
389 708 597 775 sibylla?
640 711 850 761 nomine
901 711 1295 778 inscribuntur,
1323 714 1484 765 unius
1514 728 1622 765 esse
1650 729 1768 766 cre-

96 799 295 861 duntur,
346 801 577 863 suntque
622 798 853 863 confusi.
906 799 1187 851 Hactenus
1235 799 1379 852 nihil
1413 800 1584 854 habet
1614 801 1767 870 quod

94 902 193 939 non
218 890 654 938 consentaneum
684 886 756 938 sit
788 886 908 939 loco
939 886 1246 955 Augustini
1272 907 1285 953 ;
1330 888 1424 941 sed
1474 889 1767 959 sequentia

94 977 135 1027 ei
186 973 571 1038 adversantur,
624 972 701 1026 sic
730 973 883 1026 enim
920 973 1109 1043 pergit
1138 974 1379 1044 scriptor
1408 976 1765 1045 elegantissi-

92 1079 200 1116 mus
230 1078 241 1115 :
276 1063 381 1115 Nec
429 1061 683 1125 discerni,
740 1077 802 1115 ac
842 1076 999 1115 suum
1043 1065 1234 1130 cuique
1260 1066 1541 1131 assignari
1565 1070 1761 1133 potest,

87 1153 182 1204 nisi
220 1150 533 1217 Erythraeae,
582 1166 700 1217 quae
728 1154 778 1203 et
799 1166 985 1203 nomen
1014 1166 1170 1205 suum
1202 1166 1383 1205 verum
1414 1155 1646 1205 carmini
1671 1156 1759 1205 in-

88 1241 254 1303 seruit,
286 1244 335 1291 et
364 1239 706 1305 Erythraeam
740 1253 794 1291 se
831 1240 1168 1292 nominatum
1214 1242 1291 1291 iri
1326 1240 1618 1307 praelocuta
1661 1245 1758 1308 est,

88 1344 188 1381 cum
215 1330 343 1380 esset
371 1331 494 1379 orta
532 1326 829 1392 Babylone.
881 1326 990 1379 Sed
1025 1331 1074 1380 et
1112 1342 1204 1380 nos
1239 1329 1457 1393 confuse
1499 1329 1756 1396 sibyllam

88 1417 317 1477 dicemus,
365 1414 541 1467 sicubi
589 1416 908 1467 testimoniis
962 1430 1147 1468 earum
1192 1417 1364 1480 fuerit
1411 1416 1755 1470 abutendum.

85 1503 173 1557 Sed
219 1506 271 1555 et
313 1505 511 1572 postea
559 1502 865 1571 Erythraeae
908 1518 1103 1555 versus
1156 1496 1495 1556 nominatim
1542 1505 1761 1573 profert

86 1593 168 1645 lib.
199 1607 263 1657 iv,
298 1607 425 1660 cap.
474 1593 556 1655 l5,
591 1590 767 1644 etlib.
819 1590 888 1645 de
920 1592 1008 1644 Ira
1068 1608 1190 1662 cap.
1241 1595 1329 1645 22.
1385 1593 1521 1656 Quae
1566 1592 1759 1645 omnia

86 1680 193 1733 licta
220 1694 332 1731 esse
364 1696 395 1731 a
422 1678 758 1732 Christianis
787 1695 853 1733 eo
902 1680 1133 1733 nomine
1181 1680 1452 1750 indignis,
1510 1696 1598 1734 res
1634 1680 1757 1751 ipsa

86 1768 281 1820 clamat.

142 1854 263 1923 Cap.
314 1856 400 1907 37.
464 1856 717 1923 Tempore
754 1858 928 1922 igitur
975 1858 1369 1927 prophetarum
1425 1862 1751 1925 nostrorum,

86 1957 284 2010 quorum
308 1943 429 2011 jam
467 1945 678 2011 scripta
720 1944 793 1997 ad
831 1948 1084 1999 notitiam
1109 1947 1225 2011 fere
1254 1948 1490 1999 omnium
1516 1948 1755 2013 gentium

82 2034 423 2098 pervenerunt,
457 2032 772 2099 philosophi
800 2034 1037 2097 gentium
1068 2034 1306 2087 nondum
1354 2038 1510 2089 erant
1534 2036 1631 2101 qui
1660 2035 1754 2087 hoc

84 2121 219 2171 etiam
256 2120 462 2171 nomine
507 2124 848 2185 vocarentur,
897 2121 1041 2188 quod
1081 2122 1238 2189 σαξρῆ
1267 2137 1301 2174 α
1332 2123 1513 2177 Samio
1546 2122 1745 2189 Pytha-

83 2223 210 2274 gora,
240 2209 401 2275 quieo
425 2211 661 2275 tempore
683 2223 785 2274 quo
810 2208 1119 2262 Judaeorum
1151 2214 1228 2263 est
1251 2211 1428 2263 soluta
1460 2213 1753 2279 captivitas

82 2296 216 2363 capit
238 2296 491 2349 excellere
512 2300 676 2363 atque
705 2299 965 2360 cognosci.
998 2296 1015 2365 ]
1042 2296 1192 2350 Nihil
1214 2297 1423 2366 verius,
1447 2298 1755 2367 optimum-

82 2400 170 2453 que
197 2385 248 2438 id
283 2390 363 2439 est
392 2389 822 2455 argumentum,
858 2402 971 2455 quo
1004 2402 1175 2456 quam
1208 2386 1280 2440 sit
1308 2402 1508 2441 recens
1541 2389 1755 2441 Graeco-

84 2487 187 2525 rum
223 2473 583 2543 philosophia
605 2473 953 2526 ostendatur.
991 2473 1355 2527 Illustrarunt
1395 2475 1568 2528 etiam
1607 2476 1755 2528 hanc

87 2560 488 2632 chronologiam
567 2561 812 2615 editores
871 2560 1255 2627 Parisienses;
1312 2562 1413 2615 sed
1471 2563 1749 2614 nonnulla

88 2652 195 2700 sunt
219 2648 273 2701 in
308 2664 507 2702 eorum
542 2649 911 2702 adnotatione
940 2653 1125 2702 errata
1154 2654 1253 2702 aut
1299 2649 1750 2719 typothetarum,

86 2740 163 2787 aut
187 2735 494 2791 festinantis
528 2736 752 2800 calami,
780 2754 907 2807 quae
938 2737 1031 2791 hic
1060 2738 1397 2800 emendabo,
1432 2741 1493 2790 ut
1521 2754 1587 2791 ex
1628 2738 1753 2790 aliis

86 2822 409 2891 editionibus,
442 2826 490 2879 si
521 2842 649 2896 quae
680 2826 915 2895 posthac
940 2826 1102 2893 ﬁant,
1135 2826 1457 2879 demantur.
1492 2826 1750 2878 Primum

85 2910 215 2964 aiunt
231 2912 295 2966 ab
318 2914 562 2968 Eusebio
587 2914 644 2967 in
668 2914 945 2968 Chronico
969 2914 1347 2984 Pythagoram
1376 2914 1445 2967 ad
1476 2917 1540 2967 63
1566 2914 1747 2982 olym-

86 2998 275 3065 piadem
306 3002 531 3055 referri.
566 3001 738 3072 Atqui
773 3006 857 3055 est
884 3005 950 3055 65
982 3003 1053 3055 ad
1097 3018 1269 3073 quam
1317 3002 1378 3055 in
1430 3001 1744 3055 Eusebiano
1773 3009 1813 3065 C

87 3086 327 3143 Chronico
357 3091 553 3159 legere
586 3095 702 3143 est:
732 3092 1071 3157 Pythagoras
1092 3093 1353 3161 physicus
1397 3090 1751 3159 philosophus

85 3175 232 3229 clarus
254 3177 494 3232 habetur.
529 3178 762 3231 Addunt
780 3177 1136 3231 Benedictini
1150 3177 1414 3231 eumdem
1447 3176 1750 3231 Eusebium

88 3262 167 3315 lib.
211 3280 238 3317 x
281 3266 346 3319 de
389 3266 819 3336 Prmparatione
870 3265 1213 3334 evangelica,
1264 3280 1386 3334 cap.
1422 3268 1473 3332 3,
1505 3264 1748 3317 scribere

84 3349 311 3406 claruisse
367 3356 755 3424 Pythagoram
816 3354 1139 3425 Olympiade
1196 3357 1281 3407 62.
1326 3355 1388 3406 In
1431 3353 1527 3405 illo
1557 3357 1749 3406 tamen

84 3440 234 3508 capite
271 3442 413 3496 nihil
462 3442 637 3496 habet
671 3442 944 3496 Eusebius
978 3443 1046 3496 de
1068 3446 1232 3496 aetate
1260 3442 1617 3512 Pythagorea,
1648 3442 1744 3495 sed

86 3529 271 3582 tantum
318 3529 374 3583 in
424 3534 727 3600 sequente,
774 3530 875 3583 ubi
922 3530 1095 3584 etiam
1124 3531 1233 3583 hoc
1261 3545 1441 3583 unum
1474 3529 1627 3593 dicit,
1660 3528 1740 3581 vi-

86 3613 204 3668 xisse
255 3633 380 3672 eum
409 3619 514 3673 diu
546 3622 677 3689 post
720 3624 937 3688 septem
966 3618 1279 3688 Sapientes.
1309 3620 1587 3671 Prmterea
1612 3616 1744 3670 sub-

82 3700 253 3767 jiciunt
287 3706 352 3759 de
405 3723 473 3760 eo
510 3711 765 3776 tempore
791 3726 805 3763 :
832 3707 1112 3772 Regnabat
1156 3711 1333 3759 autem
1363 3705 1513 3774 apud
1545 3708 1741 3759 Roma-

86 3802 159 3840 nos
200 3792 403 3847 Servius
451 3794 743 3861 Sulpitius.
812 3793 1133 3846 Voluerunt
1197 3792 1383 3845 dicere
1440 3791 1548 3844 viri
1595 3791 1744 3844 docti

90 3874 553 3945 ServiumTullium,
588 3897 721 3934 nam
753 3882 969 3936 Servius
998 3879 1269 3949 Sulpitius
1299 3880 1744 3950 jurisconsultus

89 3963 187 4025 fuit.
217 3968 489 4024 Ciceronis
512 3970 767 4040 azqualis.
792 3970 1043 4024 Tandem
1064 3969 1144 4023 ita
1167 3970 1235 4023 de
1258 3968 1562 4022 emortuali
1595 3984 1743 4020 anno

90 4052 379 4127 Pythagorae
412 4060 730 4129 loquuntur
755 4075 767 4124 ;
799 4060 1139 4126 Pythagoras
1168 4063 1389 4111 mortem
1415 4057 1548 4112 obiit
1575 4057 1742 4124 olym-

87 4142 222 4203 Ρῑάίίε
269 4147 355 4211 70,
400 4162 544 4200 anno
579 4146 715 4214 ejus,
740 4152 911 4214 Juxta
953 4146 1174 4200 Eusebii
1198 4146 1513 4211 Chronicon,
1551 4150 1744 4213 quarto

88 4228 152 4279 vel
184 4234 372 4297 quinto.
434 4233 641 4288 Debuit
671 4234 842 4287 scribi
873 4236 1029 4288 tertio
1058 4235 1141 4287 vel
1171 4238 1382 4302 quarto,
1420 4238 1475 4287 et
1501 4233 1579 4286 sic
1601 4232 1738 4286 scri-

89 4319 223 4381 ptum
254 4326 383 4389 puto
431 4339 466 4376 a
511 4321 647 4375 viris
696 4322 934 4376 eruditis
977 4337 1110 4375 nam
1154 4323 1241 4375 vel
1271 4322 1434 4391 pueri
1465 4321 1650 4375 sciunt
1682 4321 1741 4374 in

89 4401 289 4474 singulis
346 4409 768 4481 olympiadibus
816 4426 935 4463 esse
984 4414 1207 4463 tantum
1247 4413 1492 4479 quatuor
1542 4426 1740 4463 annos.

90 4486 223 4548 Quod
249 4494 497 4557 observo,
532 4513 647 4550 non
672 4496 988 4551 insectandi
1020 4498 1221 4568 gratia,
1256 4497 1429 4552 absitl
1465 4498 1563 4562 qui
1596 4498 1745 4551 labo-

92 4589 187 4629 rem
223 4595 408 4638 eorum
452 4584 693 4639 minime
731 4585 992 4638 omnium
1026 4602 1269 4656 sperno;
1300 4585 1397 4639 sed
1438 4590 1499 4639 ut
1529 4585 1746 4639 discant

94 4662 168 4716 alii
212 4666 459 4725 homines
510 4673 750 4743 maligni
803 4689 870 4726 ex
889 4674 1097 4727 talibus
1151 4672 1445 4743 exemplis,
1480 4689 1596 4727 non
1628 4689 1745 4726 esse

93 4748 224 4806 bonis
266 4762 317 4810 et
358 4760 596 4814 eruditis
640 4760 776 4814 viris
808 4765 1115 4831 propterea
1144 4761 1558 4827 insultandum,
1591 4778 1746 4832 pra!-

95 4840 256 4896 sertim
277 4845 319 4898 si
344 4862 400 4900 se
430 4846 555 4901 aliis
582 4847 774 4901 faciles
803 4848 860 4901 in
885 4848 1095 4902 talibus
1114 4848 1421 4918 praebeant.

150 4927 270 4984 Ibid.
304 4935 401 4989 Isis
440 4951 601 5003 porro
641 4936 834 4991 Inachi
851 4937 969 5004 ﬁlia
996 4938 1170 5001 fuisse
1192 4937 1467 5005 proditur,
1492 4938 1589 5005 qui
1623 4939 1746 5006 pri-

96 5027 188 5069 mus
210 5035 421 5088 regnare
446 5027 601 5093 ccepit
630 5026 875 5091 Argivis.
903 5023 924 5095 ]
983 5026 1059 5091 Si,
1106 5025 1402 5087 nimirum,
1451 5025 1749 5079 credamus

94 5099 275 5177 Ionem,
304 5112 450 5181 quod
483 5116 648 5167 antea
670 5128 876 5183 parum
907 5112 1212 5167 verisimile
1241 5128 1364 5168 esse
1397 5112 1750 5168 ostendimus

98 5189 149 5242 ad
172 5192 256 5249 lib.
280 5214 425 5265 xvm,
451 5217 572 5271 cap.
601 5204 651 5255 3.

153 5280 266 5352 Cap.
320 5290 411 5343 '29.
470 5294 674 5361 Moyses
725 5291 785 5342 in
823 5290 1019 5357 populo
1057 5292 1337 5344 constituit
1368 5290 1465 5357 qui
1500 5289 1750 5343 docendis

101 5364 259 5425 litteris
288 5385 579 5442 praeessent,
614 5380 941 5447 priusquam
989 5378 1187 5433 divinae
1212 5379 1340 5445 legis
1368 5378 1510 5431 ullas
1541 5379 1749 5431 litteras

101 5466 291 5516 nossent.
364 5467 712 5535 Hosappellat
763 5466 1051 5534 Scriptura
1078 5474 1631 5536 γραμματοεισαγωγεῖς,
1656 5467 1752 5532 qui

103 5541 281 5601 tLatine
303 5551 408 5606 dici
432 5560 660 5625 possuut
689 5556 996 5610 litteran
1026 5554 1349 5621 inductores,
1391 5555 1472 5608 vel
1500 5553 1749 5607 introdu-

1882 536 2164 590 dummodo
2187 541 2241 589 in
2264 539 2425 591 corda
2447 540 2786 610 discentium,
2808 544 2891 595 vel
2911 546 2967 596 in
2988 559 3071 597 eos
3092 548 3272 613 potius
3291 549 3433 614 ipsos
3447 564 3577 616 quos

1881 624 2088 678 docent.
2121 622 2142 694 ]
2180 626 2285 688 Qui
2318 626 2394 677 ita
2420 626 2822 698 interpretatus
2846 635 2929 684 est
2952 648 3142 685 vocem
3176 634 3423 687 Graecam
3464 641 3573 690 Au-

1878 713 2128 782 gustino,
2149 714 2439 768 hominem
2458 716 2673 782 fefellit,
2692 735 2824 772 nam
2839 720 3208 789 Septuaginta
3235 721 3575 793 interpretes

1876 818 2071 855 vocem
2103 803 2379 856 adhibent
2409 805 2473 857 ad
2506 808 2832 860 vertendam
2862 809 3193 862 Hebraicam
3415 814 3573 866 scho-

1874 894 1970 953 ter,
1999 906 2126 960 quae
2159 892 2611 960 grammatistam
2640 894 2875 948 minime
2907 896 3208 965 significat,
3251 898 3350 951 sed
3390 916 3571 970 appa-

1876 977 2107 1031 ritorem
2139 979 2598 1048 magistratuum.
2632 981 2767 1034 Vide
2800 998 2925 1051 quae
2956 984 3171 1037 notavit
3210 985 3277 1037 de
3328 1000 3393 1039 ea
3442 1004 3573 1041 voce
3650 1016 3653 1019 -

1872 1066 2119 1119 Joannes
2142 1068 2389 1120 Clericus
2420 1067 2491 1120 ad
2525 1068 2694 1123 Exod.
2724 1085 2772 1129 v,
2809 1073 2860 1122 6.

1944 1156 2078 1223 Cap.
2131 1158 2215 1208 43.
2271 1154 2590 1208 Memoratis
2638 1156 2995 1209 versionibus
3033 1159 3272 1227 Aquilae,
3308 1161 3566 1230 Symma-

1872 1242 1982 1305 chi,
2030 1243 2433 1295 Theodotionis
2492 1246 2547 1295 et
2599 1243 2835 1312 quinta:
2896 1245 3063 1297 Hanc
3113 1252 3307 1311 tamen,
3360 1248 3568 1319 inquit,

1871 1346 1989 1398 quae
2022 1332 2378 1399 Septuaginta
2398 1336 2494 1393 est,
2530 1337 2789 1399 tanquam
2808 1333 2921 1385 sola
2948 1338 3082 1387 esset
3122 1337 3198 1387 sic
3236 1338 3429 1403 recipit
3466 1341 3569 1391 Ec-

1870 1419 2050 1482 clesia,
2082 1434 2247 1486 eaque
2274 1425 2503 1471 utuntur
2535 1421 2714 1473 Grzeci
2742 1421 2936 1488 populi
2981 1422 3301 1483 Christiani,
3345 1439 3569 1489 quorum

1865 1507 2111 1574 plerique
2139 1508 2323 1574 aliqua
2356 1510 2426 1559 sit
2456 1508 2569 1559 alia
2599 1510 2897 1575 ignorant.)
2946 1508 3160 1578 Nempe
3212 1511 3477 1563 mulieres
3516 1517 3571 1564 et

1870 1592 2132 1658 artifices,
2166 1598 2485 1662 caeteraque
2506 1594 2822 1661 plebecula,
2848 1594 3006 1663 vagis
3030 1596 3289 1649 Numidis
3320 1597 3522 1651 similis
3548 1617 3560 1663 ;

1870 1697 2001 1734 nam
2035 1681 2147 1745 alii,
2218 1681 2315 1750 qui
2356 1682 2443 1734 vel
2490 1681 2691 1734 leviter
2738 1682 2943 1734 litteris
2972 1682 3142 1735 sacris
3182 1684 3344 1737 tincti
3378 1691 3561 1753 erant,

1865 1769 2084 1839 aliquid
2133 1770 2391 1838 legerant
2447 1774 2545 1821 aut
2593 1770 2994 1823 inaudiverant
3022 1772 3090 1823 de
3133 1772 3428 1841 Tetraplis,
3466 1781 3564 1827 aut

1868 1858 2130 1927 Hexaplis
2161 1857 2436 1927 Origenis.
2474 1858 2808 1926 PergitzEJ:
2849 1859 2949 1912 hac
2987 1859 3344 1927 Septuaginta
3386 1863 3559 1914 inter-

1859 1948 2161 2015 pretatione
2190 1948 2349 1999 etiam
2370 1947 2426 1999 in
2456 1948 2709 1999 Latinam
2748 1947 2990 2015 linguam
3026 1951 3438 2017 interpretatum
3484 1955 3561 2003 est

1863 2035 2007 2102 quod
2039 2036 2243 2087 Latinae
2268 2034 2505 2087 Ecclesize
2526 2038 2717 2086 tenent.
2753 2035 2948 2105 Itaque
2978 2036 3243 2105 legebant
3296 2038 3557 2090 homines

1863 2123 2012 2176 docti
2042 2127 2099 2176 et
2129 2123 2440 2192 prudentes
2464 2121 2781 2175 versionem
2812 2123 3103 2189 versionis,
3138 2140 3381 2193 quarum
3433 2126 3555 2195 ple-

1862 2210 2025 2281 rique
2057 2210 2420 2263 ecclesiastici
2447 2214 2711 2263 neutram
2744 2215 3004 2279 poterant
3033 2212 3350 2281 expendere
3376 2231 3388 2278 ;
3422 2230 3555 2267 nam

1862 2300 2111 2352 Graecam
2158 2313 2288 2351 cum
2336 2298 2570 2351 Hebrmo
2623 2299 2815 2351 codice
2863 2300 3119 2353 conferre
3164 2302 3246 2354 vel
3301 2301 3413 2354 duo
3458 2318 3557 2371 po-

1861 2391 2112 2450 tuerunt,
2156 2391 2223 2439 ut
2268 2386 2522 2456 loquitur
2569 2386 2683 2450 ille,
2733 2388 2820 2439 vel
2870 2403 3073 2453 nemo;
3127 2388 3383 2441 Latinam
3428 2406 3558 2443 cum

1863 2476 2052 2529 Graeca
2094 2474 2287 2544 plures
2329 2474 2581 2543 quidem,
2630 2474 2728 2528 sed
2768 2475 2953 2545 pauci,
2989 2493 3109 2545 pra:
3140 2476 3210 2529 iis
3238 2478 3336 2547 qui
3368 2479 3556 2532 Graece

1861 2562 2206 2629 nesciebant,
2242 2561 2392 2615 inter
2419 2578 2561 2631 quos
2592 2564 2961 2633 Augustinus.
3000 2566 3021 2617 Ι
3054 2581 3203 2618 nunc
3232 2573 3288 2618 et
3309 2566 3367 2618 in
3400 2566 3556 2635 ejus-

1862 2649 2018 2703 modi
2047 2649 2375 2703 hominibus
2407 2650 2573 2703 lauda
2602 2656 2698 2703 aut
2729 2667 2970 2703 acumen
3000 2651 3059 2704 in
3089 2652 3556 2722 interpretatione

1861 2736 2186 2807 Scriptura),
2218 2742 2314 2791 aut
2337 2737 2691 2806 diligentiam
2724 2738 2784 2790 in
2809 2738 2977 2791 sacris
3012 2738 3228 2805 studiis,
3276 2743 3372 2792 aut
3418 2756 3553 2809 pru-

1861 2825 2113 2878 dentiam
2147 2826 2205 2877 in
2235 2826 2645 2895 acquiescendo
2674 2825 2734 2878 in
2764 2826 3121 2878 versionibus
3147 2842 3275 2895 quae
3317 2826 3553 2879 bonaane

1861 2918 2051 2966 essent
2080 2929 2151 2965 an
2182 2915 2345 2965 mala:
2377 2912 2722 2966 nesciebant.

1931 3002 2204 3067 Quamvis,
2280 3000 2487 3070 inquit,
2549 3017 2654 3054 non
2716 3002 2953 3067 defuerit
3024 3003 3277 3070 temporis
3345 3003 3551 3055 nostris

1858 3091 2139 3159 presbyter
2186 3092 2557 3156 Hieronymus,
2614 3091 2763 3143 homo
2830 3090 3169 3144 doctissimus
3219 3094 3269 3143 ct
3314 3093 3551 3143 omnium

1860 3180 2023 3232 trium
2074 3178 2387 3244 linguarum
2425 3180 2674 3245 peritus;
2721 3181 2817 3246 qui
2861 3193 2966 3230 non
3013 3184 3080 3231 ca:
3113 3179 3311 3245 Graeco,
3363 3178 3457 3231 sed
3484 3194 3551 3230 ea:

1860 3268 2075 3320 Hebraeo
2106 3268 2160 3317 in
2190 3266 2441 3318 Latinum
2468 3265 2735 3332 eloquium
2764 3266 2974 3318 easdem
2999 3265 3316 3335 Scripturas
3342 3282 3553 3319 conver-

1859 3357 2003 3408 terit.
2038 3354 2328 3416 Quatenus
2380 3354 2770 3423 porrigeretur
2808 3354 3053 3406 eruditio
3103 3354 3552 3424 Hieronymiana

1856 3440 1917 3494 in
1968 3445 2209 3510 utraque
2260 3440 2477 3508 lingua,
2537 3442 2749 3508 Graeca,
2798 3445 2854 3493 et
2886 3441 3175 3507 Hebraica,
3221 3442 3355 3495 satis
3386 3442 3550 3495 lucu-

1854 3530 2006 3583 lente
2038 3528 2285 3582 ostendit
2312 3530 2556 3582 Joannes
2589 3530 2838 3583 Clericus
2861 3529 2919 3582 in
2963 3529 3383 3593 Quaestionibus
3427 3531 3553 3583 Hie-

1855 3616 2249 3686 ronymianis;
2282 3615 2380 3668 sed
2413 3616 2653 3669 collatus
2685 3616 2810 3668 aliis
2843 3616 3138 3685 presbyter
3166 3617 3551 3670 Stridonensis

1855 3721 1989 3758 sane
2018 3710 2139 3757 erat
2170 3704 2551 3758 doctissimus.
2598 3704 2705 3758 Sed
2750 3704 2885 3771 ejus,
2920 3703 3147 3773 subjicit
3176 3703 3547 3773 Augustinus,

1855 3798 1965 3847 tam
1996 3793 2292 3845 litteratum
2323 3792 2576 3855 laborem,
2637 3794 2882 3859 quamvis
2921 3790 3104 3844 Judaei
3133 3792 3413 3855 fateantur
3442 3801 3551 3841 esse

1850 3896 2110 3945 ueracem,
2143 3880 2503 3947 Septuaginta
2532 3894 2655 3932 vero
2685 3882 3019 3945 interpretes,
3044 3880 3101 3929 in
3131 3877 3315 3929 multis
3345 3888 3551 3927 errasse

1853 3970 2211 4031 contendant;
2246 3972 2421 4019 tamen
2456 3969 2697 4021 Ecclesiae
2727 3967 2941 4019 Christi
2961 3970 3035 4019 tot
3058 3966 3330 4017 hominum
3367 3967 3550 4015 aucto-

1852 4060 2030 4125 ritati,
2063 4056 2129 4109 ab
2164 4056 2431 4109 Eleazaro
2473 4060 2594 4108 tunc
2643 4058 2913 4123 pontiﬁce,
2952 4054 3027 4106 ad
3056 4054 3149 4107 hoc
3181 4056 3389 4107 tantum
3417 4066 3549 4118 opus

1852 4148 2133 4200 electorum
2153 4146 2410 4197 neminem
2427 4143 2685 4211 judicant
2703 4141 3101 4210 prmferendum
3127 4157 3139 4193 :
3166 4143 3297 4208 quia
3316 4142 3421 4191 etsi
3443 4153 3549 4191 non

1852 4237 1911 4288 in
1936 4236 2009 4287 eis
2029 4247 2167 4286 unus
2186 4232 2790 4300 apparuissetspiritus,
2814 4231 2927 4282 sine
2943 4229 3277 4281 dubitatione
3306 4226 3545 4293 divinus,

1854 4321 1948 4375 sed
1974 4323 2116 4373 inter
2142 4334 2196 4373 se
2215 4318 2377 4371 verba
2404 4318 2865 4385 interpretationis
2895 4330 3004 4369 suae
3026 4316 3385 4382 Septuaginta
3406 4313 3551 4366 docti

1854 4424 1997 4462 more
2035 4409 2305 4461 hominum
2337 4407 2700 4470 contulissent,
2732 4410 2792 4458 ut
2813 4402 2956 4472 quod
2984 4404 3273 4472 placuisset
3307 4402 3549 4456 omnibus

1856 4499 1949 4551 hoc
1978 4500 2239 4561 maneret,
2273 4496 2454 4547 nullus
2482 4496 2557 4547 eis
2588 4508 2726 4547 unus
2755 4496 3019 4560 interpres
3050 4491 3232 4544 debuit
3273 4493 3544 4559 anteponi.

1855 4583 2122 4647 Quamvis
2149 4582 2293 4635 nihil
2323 4585 2468 4634 esset
2498 4581 2651 4650 quod
2683 4584 3055 4650 reponeretur
3082 4579 3215 4633 huic
3246 4578 3550 4632 ratiocina-

1853 4670 2018 4731 tioni,
2050 4686 2167 4723 non
2199 4674 2388 4738 posset
2418 4673 2610 4721 tamen
2640 4672 2835 4721 contra
2862 4684 2986 4721 rem
3018 4667 3198 4738 ipsam
3234 4666 3441 4731 valere,
3474 4666 3551 4718 ita

1858 4763 1919 4811 ut
1976 4756 2278 4811 manifesta
2324 4761 2553 4825 peccata
2598 4772 2727 4825 quas
2786 4755 3157 4809 inveniuntur
3201 4755 3262 4809 in
3290 4754 3549 4809 versione

1861 4847 1985 4901 LXX
2041 4845 2441 4913 interpretum,
2497 4842 2583 4895 vir
2645 4842 2913 4897 Hebraice
2945 4844 3142 4897 doctus
3174 4841 3409 4911 incipiat
3437 4857 3551 4893 cre-

1856 4936 1990 4988 dere
2045 4938 2161 4986 non
2211 4948 2331 4985 esse
2376 4934 2635 5001 peccata;
2690 4946 2821 4983 nam
2872 4930 3349 4988 ratiocinationes.
3383 4944 3450 4982 ex
3482 4943 3548 4980 eo

1855 5022 2009 5093 quod
2039 5018 2342 5074 convenire
2366 5018 2589 5072 videtur
2618 5018 2890 5085 deductae,
2924 5019 3061 5088 ipsis
3091 5017 3249 5071 factis
3285 5032 3348 5069 ac
3382 5016 3551 5069 rebus

1855 5109 2067 5181 opponi
2093 5125 2205 5163 non
2226 5110 2464 5177 possunt
2493 5124 2503 5161 :
2538 5106 2672 5177 quia
2696 5122 2846 5175 saepe
2885 5107 3040 5177 quod
3087 5121 3207 5159 non
3245 5103 3547 5157 convenie-

1856 5200 1952 5253 bat
2005 5197 2131 5251 ﬁeri
2159 5197 2366 5250 factum
2401 5200 2505 5264 est,
2535 5210 2641 5249 nec
2690 5195 2897 5248 factum
2948 5199 3037 5247 est
3072 5193 3226 5263 quod
3257 5192 3551 5245 convenie-

1858 5288 1974 5341 bat.
2031 5286 2247 5340 Deinde
2304 5284 2488 5339 omnis
2551 5284 2648 5338 illa
2692 5284 2929 5338 historia
2973 5284 3097 5337 LXX
3168 5282 3550 5351 interpretum

1859 5392 2015 5429 mera
2075 5380 2157 5429 est
2208 5374 2419 5439 fabula,
2466 5374 2597 5427 ﬁcta
2652 5389 2685 5426 a
2730 5372 2925 5426 Judzeo
2954 5371 3278 5433 Hellenista,
3315 5370 3456 5423 forte
3491 5376 3552 5423 ut

1859 5462 2108 5535 pigritia:
2141 5463 2578 5517 Hellenistarum
2611 5461 3036 5526 consuleretur;
3069 5475 3138 5512 ne
3177 5474 3402 5512 necesse
3442 5457 3549 5510 ha-

1860 5552 2063 5605 berent
2108 5551 2321 5604 discere
2369 5551 2626 5619 linguam
2674 5548 3029 5615 Hebraicam,
3071 5565 3199 5602 cum
3231 5555 3548 5602 Θεόπνευστον
