3884 6178
338 277 441 330 499

1348 270 1909 326 SUPPLEMENTUM
1954 269 2042 322 AD
2079 267 2312 323 OPERA
2351 268 2404 322 S.
2446 267 2832 324 AUGUSTINI.
3668 285 3747 337 500

340 399 660 453 versionem
707 397 914 451 habere
968 395 1317 450 viderentur.
1363 393 1556 460 Doleo,
1603 393 1806 460 fateor,
1857 395 1940 446 tot
1967 408 2030 445 ac
2065 392 2110 445 A
2141 390 2322 445 videat
2349 406 2454 445 non
2491 393 2734 461 potuisse
2761 393 3049 457 utrumque
3074 394 3200 442 tunc
3229 387 3336 443 dici
3353 406 3384 444 a
3404 397 3648 466 propheta,
3683 407 3755 470 qui

339 492 497 542 tanta
535 488 686 557 apud
713 491 928 540 veteres
956 482 1202 537 inveniri
1233 481 1549 552 specimina
1587 497 1703 535 non
1754 481 1890 536 ﬁdei
1931 480 2041 534 cir-

343 580 682 645 cumspecta
717 580 772 628 et
800 572 980 626 firmis
1009 571 1327 625 rationibus
1353 571 1518 636 nixa,
1562 571 1661 624 sed
1694 567 2042 622 credulitatis

344 665 681 719 inconsulta
709 668 764 716 et
793 660 984 714 omnia
1016 665 1233 714 temere
1268 658 1631 728 arripientis;
1659 657 1767 711 nisi
1797 657 1924 727 quis
1949 671 2045 725 po-

346 755 550 807 liticam
587 749 975 813 calliditatem,
1030 753 1096 802 ut
1143 764 1294 802 nunc
1344 747 1657 817 loquimur,
1714 746 1877 799 malit
1922 745 2046 798 hac

345 840 560 893 haberi.
599 837 882 893 Utrumvis
902 853 1100 891 verum
1131 840 1431 901 statuatur,
1482 835 1616 889 inde
1657 833 2044 903 colligendum

347 928 453 981 erit
497 927 680 993 nobis,
725 931 935 998 prater
976 925 1265 979 Christum
1313 928 1370 978 et
1398 923 1700 994 apostolos,
1733 921 1834 992 qui
1862 919 2045 974 fideli-

345 1021 432 1068 ter
480 1015 755 1070 doctrina
803 1015 925 1084 ejus
967 1013 1354 1078 adhaserunt,
1401 1027 1520 1065 non
1552 1026 1673 1064 esse
1705 1008 2046 1080 quarendos

347 1104 652 1173 magistros
680 1103 740 1156 in
781 1118 1029 1172 quorum
1058 1099 1396 1154 auctoritate
1432 1098 1897 1164 acquiescamus:
1937 1111 2050 1166 qua

347 1191 415 1246 de
454 1207 514 1245 re
565 1190 738 1244 etiam
787 1206 889 1242 nos
954 1189 1074 1258 ipse
1136 1187 1389 1242 Christus
1439 1185 1647 1239 diserte
1703 1183 2051 1254 pramonuit

350 1279 542 1334 Matth.
602 1294 757 1344 xxm,
807 1281 858 1331 8.
919 1279 1200 1330 Praeterea
1245 1274 1409 1328 facile
1458 1273 1585 1327 fieri
1613 1277 1804 1343 potest
1842 1276 2051 1326 utnon

350 1366 742 1436 Septuaginta,
802 1364 900 1418 sed
942 1364 1161 1434 aliquot
1180 1362 1409 1417 centeni
1436 1361 1700 1416 homines
1730 1360 1921 1414 minus
1952 1377 2049 1430 pe-

353 1455 447 1508 riti
475 1471 594 1509 uno
625 1454 746 1507 viro
776 1453 988 1507 fuerint
1013 1472 1028 1518 ;
1061 1468 1125 1505 ac
1151 1467 1288 1505 sane
1317 1450 1528 1520 integri
1558 1465 1854 1504 consessus
1877 1465 2052 1518 quam

352 1557 504 1612 sape
551 1541 857 1594 errarunt?
907 1540 1122 1604 Quidve
1173 1545 1258 1595 est
1287 1539 1477 1594 notius
1519 1555 1694 1610 quam
1717 1537 1833 1592 veri
1855 1552 2052 1590 aman-

354 1630 506 1683 tibus
540 1628 809 1698 suffragia
851 1644 966 1681 non
1008 1644 1130 1682 esse
1177 1644 1244 1681 ex
1277 1643 1540 1692 numero,
1569 1627 1667 1680 sed
1697 1642 1765 1679 ex
1793 1624 2051 1695 pondere

356 1716 691 1770 astimanda
712 1717 740 1771 ?
775 1717 940 1770 Nulla
962 1716 1384 1786 propemodum
1415 1715 1640 1780 veritas,
1675 1730 1748 1768 ne
1778 1713 1902 1782 ipsa
1923 1712 2050 1783 qui-

354 1807 485 1859 dem
529 1804 806 1874 religione
857 1804 1174 1859 Christiana
1205 1809 1460 1874 excepta,
1503 1801 1730 1857 defendi
1759 1805 1965 1871 potest,
2009 1799 2056 1853 si

354 1907 630 1946 numerus
677 1896 814 1946 nota
856 1908 918 1946 ac
967 1896 1376 1962 argumentum
1436 1889 1692 1945 veritatis
1756 1889 2052 1942 habeatur.

357 1981 635 2051 Denique,
668 1988 732 2034 ut
749 1981 872 2051 jam
901 1981 1036 2047 dixi,
1064 1982 1163 2034 illa
1206 1981 1276 2035 de
1308 1981 1433 2034 LXX
1481 1979 1889 2050 interpretibus
1937 1977 2059 2031 Ari-

359 2074 494 2123 stea
552 2069 790 2124 historia
818 2070 1019 2139 putida
1059 2074 1143 2124 est
1167 2069 1394 2123 fabella.
1428 2069 1561 2122 Vide
1596 2083 1725 2139 qua
1755 2068 1860 2121 hac
1897 2067 1966 2121 de
1997 2082 2059 2119 re

353 2157 475 2226 jam
522 2157 845 2211 notavimus
875 2158 947 2211 ad
993 2163 1131 2211 tom.
1175 2158 1245 2225 II,
1281 2157 1443 2227 epist.
1477 2159 1564 2211 28.
1594 2157 1791 2226 Itaque
1820 2155 2058 2225 dignum

363 2249 449 2299 est
476 2246 616 2314 risu,
647 2245 802 2315 quod
830 2249 946 2298 tam
970 2245 1242 2315 gravibus
1265 2245 1453 2299 verbis
1479 2245 1821 2314 exprimitur
1859 2243 1920 2296 in
1967 2259 2059 2296 se-

309 2377 314 2382 .
363 2334 705 2404 quentibus:
740 2335 870 2388 Cum
898 2349 1020 2388 vero
1047 2339 1258 2388 tantum
1280 2337 1337 2387 in
1366 2336 1440 2387 eis
1471 2337 1687 2401 signum
1738 2333 2059 2387 Divinitatis

364 2424 649 2490 apparuit,
676 2424 913 2490 profecto
943 2424 1193 2491 quisquis
1219 2423 1360 2476 alius
1388 2423 1610 2476 illarum
1651 2423 2060 2490 Scripturarum

365 2528 432 2562 ea:
480 2511 702 2564 Hebraea
744 2512 803 2564 in
845 2512 1140 2578 quamlibet
1187 2512 1356 2565 aliam
1402 2513 1645 2579 linguam
1689 2513 1953 2578 interpres
1983 2513 2060 2563 est

363 2614 552 2664 veram,
609 2604 704 2652 aut
744 2601 992 2665 congruit
1042 2601 1152 2654 illis
1211 2601 1336 2654 LXX
1396 2599 1798 2668 interpretibus,
1849 2603 1962 2664 aut,
2011 2601 2062 2652 si

359 2702 647 2753 congruere
669 2703 774 2740 non
802 2688 1038 2756 videtur,
1070 2688 1303 2742 altitudo
1330 2689 1411 2741 ibi
1437 2689 1754 2757 prophetica
1782 2701 1892 2740 esse
1933 2701 2058 2740 cen-

360 2774 529 2827 senda
541 2779 637 2828 est.
654 2776 763 2828 Aut
778 2773 870 2827 hic
883 2773 1099 2844 aliquid
1113 2774 1340 2840 excidit,
1357 2779 1455 2828 aut
1467 2774 1850 2844 supplendnm
1866 2773 2060 2826 animo

360 2867 491 2930 post
518 2876 808 2928 congruere
837 2876 941 2915 non
973 2861 1214 2929 videtur,
1251 2861 1398 2914 hanc
1427 2859 1769 2914 sententiam
1796 2876 1808 2913 :
1843 2863 1901 2913 et
1929 2875 2058 2912 cum

2149 483 2344 534 missus
2381 481 2564 546 fuerat
2610 485 2806 532 terrere
2847 479 3254 532 comminatione
3299 481 3591 538 imminentis
3633 492 3755 543 exitii

2151 569 2516 621 civitatem?..
2534 610 2546 622 .
2585 568 2646 622 Si
2673 582 2797 634 ergo
2827 582 2860 619 a
2881 582 2962 619 me
2991 567 3254 634 quaritur
3283 569 3405 633 quid
3435 571 3602 626 horum
3624 577 3759 629 Jonas

2152 657 2380 722 dixerit,
2414 657 2507 710 hoc
2522 660 2656 725 puto
2677 657 2859 724 potius
2885 654 3030 723 quod
3059 655 3255 720 legitur
3300 657 3352 707 in
3391 658 3618 713 Hebraeo:
3643 663 3760 726 Qua-

2152 744 2414 813 draginta
2454 743 2590 810 dies,
2625 747 2681 796 et
2731 742 2929 796 Ninive
2981 737 3333 810 evertetur.]
3379 742 3599 812 Optime,
3650 751 3765 803 unde

2155 832 2544 902 colligendum
2592 835 2713 886 erat
2757 836 2856 885 aut
2902 829 3149 900 graviter
3177 844 3384 882 errasse
3417 831 3768 905 LXXinterpre-

2155 925 2262 986 tes,
2286 926 2384 976 aut
2435 921 2735 974 mendosos
2782 935 2902 974 esse
2947 934 3146 972 eorum
3203 917 3432 972 codices.
3475 920 3620 974 Prius
3643 923 3772 980 fateri

2156 1011 2338 1064 noluit
2367 1009 2751 1080 Augustinus;
2785 1008 2977 1078 itaque
3001 1007 3070 1060 ad
3102 1005 3382 1076 posterius
3426 1007 3772 1067 deveniendum

2156 1098 2370 1161 fuisset,
2402 1098 2509 1152 nisi
2543 1097 2676 1152 hinc
2705 1096 3070 1150 incommoda
3100 1094 3362 1165 quadam
3394 1101 3633 1150 exortura
3671 1116 3776 1168 pra-

2157 1187 2426 1252 vidisset;
2457 1202 2686 1256 nempe,
2713 1185 2942 1255 plebem
2971 1184 3254 1238 dicturam
3301 1183 3455 1237 valde
3500 1185 3684 1254 pigros,
3709 1196 3780 1241 aut

2158 1275 2528 1340 inconsultos,
2577 1279 2674 1328 aut
2715 1274 2971 1327 indoctos
3017 1271 3187 1326 fuisse
3238 1271 3504 1340 prasules
3552 1289 3682 1340 suos,
3708 1276 3781 1345 qui

2158 1363 2481 1418 versionem
2535 1363 2808 1428 Latinam,
2837 1362 3122 1426 haustam
3161 1375 3229 1414 ex
3281 1359 3494 1413 vitiosis
3553 1361 3786 1415 codicibus

2161 1452 2384 1518 Gracis,
2439 1451 2546 1505 sibi
2585 1451 2824 1522 pralegi
2879 1449 3067 1502 adhuc
3096 1452 3424 1514 curassent;
3455 1465 3577 1502 nam
3611 1466 3786 1520 magna

2160 1541 2270 1595 hoc
2292 1541 2404 1594 fuit
2433 1539 2796 1611 ignorantia,
2830 1537 2875 1590 si
2898 1537 3216 1591 nescientes
3237 1541 3566 1606 peccarant;
3602 1553 3692 1591 nec
3706 1539 3792 1591 mi-

2164 1629 2320 1683 noris
2367 1629 2609 1699 pigritia
2658 1632 2756 1681 aut
2802 1626 3230 1696 imprudentia,
3285 1624 3414 1678 siin
3444 1625 3706 1679 veritatem
3729 1626 3794 1679 in-

2167 1717 2413 1788 quirere,
2445 1716 2696 1786 vitiaque
2721 1715 2999 1768 versionis
3021 1714 3327 1768 emendare
3348 1714 3648 1767 noluerant.
3663 1714 3796 1768 Multo

2167 1807 2276 1861 hoc
2322 1804 2576 1860 deterius
2633 1807 2774 1869 erat,
2837 1801 3316 1871 consectariisque
3363 1800 3799 1870 periculosioribus

2167 1894 2501 1960 obnoxium,
2537 1909 2711 1964 quam
2741 1907 2888 1946 nova
2916 1889 3314 1961 interpretatio
3358 1889 3664 1958 Hieronymi
3686 1890 3801 1942 vocis

2170 1982 2456 2038 Hebraica
2487 1994 2666 2071 ΠΡηὲ
2695 1982 2949 2050 Kikajon,
2975 1980 3035 2033 in
3083 1979 3288 2034 eodem
3310 1978 3604 2071 propheta,
3639 1993 3734 2048 qua
3757 1979 3805 2031 de

2172 2089 2230 2126 re
2277 2077 2463 2124 tantas
2500 2066 2768 2141 querelas
2807 2069 3140 2139 profuderat
3167 2067 3354 2121 ventis
3381 2066 3632 2120 ferendas
3665 2069 3806 2136 Augu-

2169 2160 2371 2225 stinus,
2403 2160 2566 2229 cujus
2589 2159 2715 2213 vide
2745 2157 3043 2228 epistolam
3071 2160 3133 2210 7t
3175 2161 3234 2210 et
3265 2172 3395 2226 qua
3438 2155 3508 2209 ad
3546 2170 3662 2208 eam
3689 2160 3811 2207 nota-

2167 2249 2372 2302 vimus.
2419 2247 2601 2318 lgitur
2643 2263 2763 2300 sese
2809 2246 2876 2299 ad
2923 2245 3078 2299 aliud
3110 2242 3263 2306 σοφὸν
3293 2244 3566 2307 φάρμακον,
3594 2243 3813 2296 convertit

2169 2338 2376 2390 Panus
2407 2340 2614 2390 orator.
2669 2337 3033 2404 Septuaginta
3078 2337 3307 2403 quippe,
3359 2333 3564 2404 inquit,
3593 2335 3727 2401 longe
3742 2346 3817 2398 pe—

2167 2427 2364 2478 sterius
2391 2425 2739 2494 interpretati
2760 2423 2915 2477 aliud
2941 2422 3114 2476 dicere
3140 2427 3462 2491 potuerunt,
3511 2421 3646 2491 quod
3684 2425 3817 2473 tamen

2169 2513 2243 2567 ad
2291 2529 2402 2566 rem
2450 2515 2762 2582 pertineret,
2819 2515 2868 2565 et
2919 2513 2976 2564 in
3026 2526 3192 2564 unum
3257 2510 3602 2578 eamdemque
3637 2523 3820 2563 sensum.

2171 2604 2420 2669 quamvis
2447 2601 2545 2654 sub
2578 2602 2752 2654 altera
2771 2601 3166 2667 signiﬁcatione
3196 2603 3542 2653 concurreret
3566 2615 3582 2664 ,°
3618 2597 3819 2650 admone-

2168 2694 2354 2756 retque
2385 2689 2627 2741 lectorem
2652 2692 2883 2755 utraque
2926 2688 3252 2740 auctoritate
3303 2701 3412 2740 non
3441 2689 3645 2757 spreta,
3673 2684 3730 2736 ab
3760 2683 3822 2734 hi-

2170 2780 2340 2832 storia
2385 2791 2497 2831 sese
2539 2777 2783 2830 attollere
2829 2775 2904 2828 ad
2935 2791 2997 2828 ea
3025 2775 3385 2842 requirenda,
3414 2779 3631 2842 propter
3656 2787 3756 2840 quae
3776 2772 3826 2822 si-

2169 2865 2483 2933 gniﬁcanda
2525 2865 2756 2919 historia
2798 2867 2921 2932 ipsa
2962 2865 3276 2932 conscripta
3325 2867 3425 2916 est.
3475 2863 3601 2916 Hac
3642 2861 3828 2914 demum

365 2949 610 3003 Hebraio
657 2949 851 3003 codice
896 2953 1091 3002 tamen
1147 2949 1465 3014 consentit;
1513 2964 1646 3002 nam
1671 2964 1739 3002 ex
1774 2947 2061 3019 sequenti-
2096 2965 2135 3020 α
2170 2952 2321 3007 inter
2352 2969 2418 3006 ea
2457 2952 2690 3023 quidem
2711 2951 2991 3006 recenseri
3020 2955 3268 3021 possunt
3326 2967 3459 3021 qua
3491 2965 3603 3003 non
3628 2952 3744 3001 sunt
3768 2961 3832 2998 na-

361 3037 469 3092 bus
493 3038 602 3092 hoc
631 3037 774 3091 velle
805 3037 1193 3107 Augustinum
1213 3037 1414 3107 liquet.
1442 3038 1573 3090 Hac
1599 3053 1734 3090 sane
1765 3036 1912 3090 mira
1931 3040 2064 3090 sunt

366 3131 423 3178 et
469 3125 748 3192 inaudita,
798 3141 902 3179 nec
947 3130 1162 3179 temere
1210 3142 1272 3179 ac
1306 3126 1426 3179 sine
1457 3125 1726 3196 gravibus
1749 3125 2066 3180 rationibus

365 3214 725 3267 aftirmanda.
777 3213 914 3276 Quis
966 3213 1118 3266 enim
1170 3213 1347 3284 possit
1375 3213 1482 3266 sibi
1511 3213 1854 3283 persuadere
1885 3212 2064 3283 Spiri-

365 3305 490 3355 tum
535 3302 943 3371 propheticum
997 3305 1213 3354 certam
1260 3300 1600 3354 sententiam
1653 3299 1890 3354 dictasse
1960 3301 2066 3354 He-

365 3389 533 3444 brais
563 3389 702 3443 olim
731 3389 973 3454 vatibus,
1024 3406 1057 3443 a
1087 3388 1297 3460 quibus
1327 3387 1581 3459 primum
1615 3389 1845 3442 oracula
1874 3388 2068 3442 divina

367 3478 571 3533 litteris
603 3478 874 3532 mandata
903 3482 1072 3544 sunt;
1108 3479 1313 3532 deinde
1354 3479 1620 3532 eumdem
1658 3477 1931 3548 Spiritum
1973 3494 2066 3532 eo-

370 3583 500 3621 rum
547 3571 740 3620 vatum
791 3567 997 3620 Gracis
1043 3566 1452 3637 interpretibus
1498 3567 1692 3630 aliam,
1726 3571 1827 3620 aut
1850 3571 2069 3620 contra-

371 3656 516 3710 riam
547 3655 746 3709 affasse
777 3655 1160 3708 sententiam?
1183 3655 1359 3708 Nemo
1398 3654 1533 3707 talia
1577 3653 1738 3708 facile
1791 3654 1900 3708 sibi
1939 3670 2067 3725 per-

371 3743 624 3798 suadeat.
657 3743 757 3797 Hic
795 3759 928 3796 vero
956 3743 1115 3796 nulla
1141 3741 1407 3797 credendi
1431 3741 1578 3795 ratio
1613 3742 1874 3808 occurrit,
1922 3758 2068 3810 pra-

372 3837 459 3886 ter
488 3832 699 3885 anilem
730 3831 884 3884 illam
915 3831 1149 3885 Aristea
1179 3831 1453 3896 fabulam,
1494 3831 1587 3884 cui
1640 3831 1836 3884 insunt
1876 3830 2070 3885 omnia

371 3920 656 3975 mendacii
696 3920 844 3973 male
895 3919 1119 3973 conficti
1165 3919 1393 3981 indicia.
1444 3923 1499 3972 et
1540 3918 1632 3973 cui
1666 3935 1756 3972 res
1783 3918 1901 3990 ipsa
1926 3935 2069 3972 con—

372 4008 616 4064 tradicit.
655 4009 794 4063 Nam
829 4007 1028 4078 liquet,
1061 4007 1378 4062 conferenti
1411 4007 1731 4061 versionem
1762 4023 1891 4062 cum
1933 4023 2069 4061 con-

373 4101 529 4151 textu
588 4096 879 4160 Hebraico,
929 4097 1216 4166 permulta
1257 4095 1462 4150 delicta
1514 4112 1632 4149 esse
1683 4113 1716 4149 a
1746 4097 1869 4150 LXX
1899 4096 2073 4150 inter-

372 4185 629 4256 pretibus
659 4189 758 4239 aut
785 4184 857 4238 ab
890 4200 980 4252 eo,
1011 4184 1338 4255 quicunque
1369 4183 1460 4250 sit,
1478 4183 1578 4256 qui
1600 4200 1726 4237 eam
1748 4184 2068 4238 versionem

2174 3046 2300 3095 tura
2339 3057 2442 3095 sua
2468 3040 2871 3111 repugnantia,
2907 3056 2969 3093 ac
2999 3039 3245 3110 proinde
3277 3038 3406 3093 ﬁeri
3444 3053 3563 3092 non
3605 3038 3830 3107 possunt:

2175 3128 2485 3199 cateroqui
2511 3145 2584 3183 ne
2615 3129 2904 3182 levissima
2944 3128 3178 3199 quidem
3227 3125 3724 3182 verisimilitudine
3758 3123 3836 3174 tin-

2175 3223 2284 3272 cta.
2334 3216 2710 3288 Septuaginta
2755 3216 3116 3286 interpretes,
3155 3232 3226 3270 eo
3269 3215 3403 3286 ipso
3431 3215 3587 3286 quod
3615 3230 3670 3268 se
3698 3212 3834 3265 inter-

2175 3311 2361 3377 pretes
2390 3306 2756 3375 profitentur,
2788 3304 3134 3374 pollicentur
3160 3321 3222 3358 se
3248 3305 3515 3359 dicturos
3537 3305 3713 3358 Grace
3735 3315 3834 3370 qua

2118 3437 2123 3443 .
2177 3395 2450 3450 Hebraice
2484 3393 2691 3466 scripta
2720 3398 2853 3448 sunt
2873 3411 2888 3460 ;
2923 3393 3076 3465 quod
3105 3393 3226 3447 nisi
3251 3397 3557 3465 praestent,
3592 3407 3701 3446 non
3741 3403 3836 3459 pos-

2178 3488 2311 3538 sunt
2339 3484 2555 3538 crimen
2594 3487 2693 3537 aut
2715 3483 3039 3554 imperitia,
3069 3486 3168 3536 aut
3186 3483 3590 3554 negligentia,
3615 3475 3842 3534 autmala

2177 3571 2313 3624 ﬁdei
2359 3572 2628 3642 effugere.
2681 3572 2794 3624 Hoc
2847 3587 2977 3624 cum
3009 3585 3241 3640 semper
3294 3585 3505 3623 verum
3531 3568 3603 3620 sit
3626 3567 3679 3619 in
3703 3563 3840 3617 histo-

2177 3659 2395 3712 riarum
2422 3658 2916 3727 interpretatione,
2958 3657 3004 3711 si
3034 3657 3112 3711 ita
3141 3658 3318 3729 loqui
3341 3658 3500 3722 licet,
3540 3659 3625 3710 est
3651 3667 3767 3707 vero
3781 3664 3846 3699 ve-

2179 3748 2320 3816 rius,
2354 3747 2614 3818 quisquis
2662 3746 2817 3800 enim
2862 3746 3084 3800 inducit
3121 3747 3394 3818 aliquem
3425 3747 3489 3800 in
3520 3742 3760 3798 versione
3791 3735 3849 3787 di-

2177 3841 2400 3890 centem
2441 3835 2594 3906 quod
2619 3851 2734 3889 non
2765 3839 2850 3889 est
2879 3835 2938 3889 in
2968 3835 3287 3906 archetypo
3321 3835 3488 3906 quod
3505 3830 3690 3897 vertit,
3721 3839 3849 3882 mcu-

2176 3926 2343 3982 titur.
2375 3928 2446 3978 At
2497 3925 2648 3992 licet,
2687 3924 2931 3996 inquies,
2979 3923 3153 3978 verba
3181 3923 3472 3978 nonnihil
3498 3923 3795 3978 immutare,
3821 3911 3853 3960 si

2179 4014 2253 4068 sit
2280 4014 2478 4069 eadem
2511 4013 2812 4068 sententia.
2847 4014 2969 4067 Non
3000 4029 3173 4084 nego,
3211 4013 3321 4067 sed
3342 4013 3460 4068 hoc
3508 4015 3632 4066 tum
3673 4007 3855 4062 demum

2179 4102 2307 4156 fieri
2331 4107 2536 4172 potest,
2568 4117 2698 4156 cum
2726 4101 2782 4155 id
2812 4101 3064 4172 postulat
3081 4101 3404 4172 ingenium
3428 4101 3629 4170 lingua
3646 4111 3748 4166 qua
3771 4089 3856 4143 nti-

2180 4195 2276 4244 tur
2301 4191 2605 4260 interpres.
2640 4206 2756 4244 non
2783 4189 2885 4243 ubi
2917 4188 3058 4242 nihil
3081 4205 3328 4244 necesse
3360 4194 3473 4244 est.
3500 4189 3766 4243 Praterea
3786 4176 3852 4231 tal-

373 4272 756 4340 concinnavit,
817 4272 1101 4338 admissa;
1153 4271 1308 4342 quod
1357 4273 1505 4325 male
1538 4271 1594 4325 in
1625 4272 1935 4342 exemplari
1965 4290 2066 4328 suo
2103 4248 2149 4303 Β
2180 4295 2306 4333 sum
2338 4284 2422 4332 est
2452 4295 2572 4333 esse
2599 4278 2775 4345 idem,
2809 4278 2880 4332 ad
2910 4277 3265 4332 sententiam
3295 4279 3464 4348 quod
3488 4277 3702 4336 attinet,
3723 4269 3862 4323 adhuc

375 4362 633 4431 legerent
672 4376 835 4414 voces
883 4359 1208 4424 Hebraicas,
1261 4359 1416 4429 quod
1458 4359 1657 4414 affines
1700 4360 1917 4415 litteras
1973 4363 2073 4416 mi.

377 4453 620 4513 scerent,
651 4448 802 4518 quod
836 4463 1038 4502 vocum
1068 4447 1354 4500 rariorum
1383 4446 1733 4517 significatus
1763 4450 2065 4518 nescirent,

376 4537 529 4607 quod
584 4537 705 4590 loca
761 4536 1000 4590 obscura
1038 4552 1156 4590 non
1204 4541 1660 4606 assequerentur,
1709 4541 1765 4590 et
1801 4539 1958 4609 quod
1997 4557 2068 4594 ne

373 4627 525 4678 clara
555 4623 790 4694 quidem
821 4623 1108 4677 interdum
1139 4623 1275 4678 satis
1320 4623 1742 4694 intelligerent;
1800 4640 1929 4694 qua
1961 4626 2067 4678 hu-

375 4712 532 4767 mani
583 4717 640 4765 et
675 4711 1036 4766 allucinantis
1083 4710 1316 4782 spiritus
1360 4716 1513 4777 sunt,
1564 4729 1681 4766 non
1720 4712 1918 4767 divini.
1962 4713 2070 4769 Sed

373 4803 495 4856 hac
525 4816 627 4872 per
655 4817 712 4854 se
760 4800 900 4853 scire
947 4800 1295 4870 Augustinus
1344 4816 1461 4854 non
1515 4801 1740 4870 potuit;
1772 4817 1972 4855 verum
1999 4803 2070 4857 de

372 4906 434 4945 re
462 4889 570 4960 ipsi
603 4888 776 4958 plane
829 4887 1185 4958 incomperta
1238 4893 1426 4944 tacere
1473 4905 1606 4943 eum
1635 4889 1829 4960 potius
1859 4889 2067 4952 decuit,

373 4995 547 5050 quam
572 4983 688 5031 tam
710 4977 891 5030 multa
911 4976 1106 5030 inania
1125 4977 1438 5032 effundere.
1465 4977 1524 5032 Si
1549 4993 1746 5031 verum
1788 4994 2070 5046 amamus,

371 5067 664 5121 fatendum
710 5070 829 5119 tam
881 5065 1152 5119 absurdas
1199 5065 1500 5136 opiniones
1555 5083 1672 5119 non
1714 5065 2070 5136 displicuisse

374 5157 507 5210 viris
546 5171 912 5226 nequaquam
945 5155 1264 5221 hebetibus,
1297 5155 1450 5225 quod
1480 5171 1677 5210 eorum
1711 5155 1960 5225 pigritia
2007 5172 2072 5210 ac

371 5243 778 5299 existimationi
800 5245 1184 5304 consulerent,
1201 5247 1266 5296 ut
1287 5243 1410 5313 jam
1440 5243 1575 5297 alibi
1599 5243 2066 5314 significavimus.

445 5333 580 5400 Cap.
627 5334 714 5386 44».
754 5334 879 5396 Sed,
923 5335 1007 5386 ait
1065 5333 1290 5400 aliquis,
1331 5332 1592 5399 quomodo
1619 5334 1786 5386 sciam
1824 5333 1960 5402 quid
1985 5335 2070 5386 Jo-

375 5437 474 5476 nas
511 5420 771 5489 propheta
799 5421 1004 5475 diacerit
1031 5422 1315 5482 Ninivitis,
1338 5425 1549 5473 utrum:
1574 5420 1868 5485 Triduum,
1895 5426 1952 5474 et
1973 5421 2068 5475 Ni-

370 5507 500 5562 nive
529 5512 847 5574 evertetur;
875 5525 946 5562 an
971 5525 983 5561 :
1017 5508 1404 5579 Quadraginta
1430 5507 1594 5562 dies?
1623 5509 1758 5572 Quis
1791 5511 1932 5562 enim
1963 5525 2069 5564 non

2180 4368 2553 4438 quadraginta
2606 4367 2742 4431 dies,
2791 4371 2848 4420 et
2893 4367 3074 4420 adhuc
3122 4373 3236 4421 tres
3285 4367 3427 4421 dies.
3462 4365 3576 4420 Sed
3607 4361 3862 4417 audiamus

2177 4457 2563 4527 Augustinum
2595 4455 2930 4524 allegoricus
2960 4455 3264 4509 machinas
3297 4457 3594 4510 violenter
3633 4447 3864 4506 adhiben-

2177 4549 2312 4611 tem,
2361 4549 2422 4598 ut
2470 4543 2736 4598 defendat
2787 4545 3010 4598 Gracos
3062 4544 3472 4614 interpretes:
3527 4544 3590 4598 Si
3633 4554 3724 4610 per
3748 4537 3862 4588 illam

2177 4635 2447 4686 civitatem
2477 4637 2613 4686 recte
2641 4634 2909 4700 accipitur
2930 4633 3170 4686 Ecclesia
3202 4636 3469 4700 gentium
3497 4630 3791 4702 prophetico
3817 4626 3866 4687 ﬁ-

2178 4725 2378 4790 gurata
2400 4737 2417 4791 ;
2447 4735 2649 4786 eversa,
2673 4721 2877 4774 scilicet
2902 4735 3000 4788 per
3013 4723 3413 4790 panitentiam
3438 4727 3501 4775 ut
3527 4720 3703 4790 qualis
3719 4714 3867 4780 fuerat

2160 4807 2290 4877 jam
2317 4823 2423 4862 non
2448 4812 2615 4872 esset;
2653 4808 2746 4862 hoc
2775 4810 3031 4876 quoniam
3055 4824 3152 4877 per
3183 4809 3488 4864 Christum
3518 4811 3724 4874 factum
3741 4806 3806 4856 est
3829 4801 3872 4850 in

2179 4896 2417 4949 Ecclesia
2457 4897 2713 4963 gentium,
2772 4896 2928 4962 cujus
2984 4895 3082 4949 illa
3128 4897 3348 4950 Ninive
3381 4899 3627 4964 ﬁguram
3650 4889 3840 4960 gerebat
3857 4903 3871 4942 ,-

2177 4984 2290 5036 sive
2305 4996 2406 5052 per
2425 4981 2800 5050 quadraginta
2821 4982 2954 5048 dies,
2978 4984 3090 5036 sive
3111 4983 3400 5050 triduum,
3435 4983 3584 5037 idem
3606 4984 3717 5050 ipse
3737 4973 3874 5041 signi-

2179 5073 2368 5138 ﬁcatus
2396 5074 2474 5123 est
2503 5070 2747 5125 Christus
2779 5089 2794 5135 ;
2817 5085 2914 5138 per
2943 5071 3362 5139 quadraginta,
3392 5073 3624 5135 scilicet,
3656 5068 3775 5136 quia
3816 5065 3874 5113 tot

2179 5158 2295 5212 dies
2318 5159 2528 5227 peregit
2557 5172 2677 5210 cum
2714 5156 3000 5225 discipulis
3051 5159 3164 5211 suis
3198 5164 3335 5226 post
3356 5159 3812 5215 resurrectionem,
3841 5153 3874 5200 et

2179 5245 2421 5301 ascendit
2448 5248 2507 5300 in
2537 5246 2758 5314 calum;
2783 5260 2879 5313 per
2908 5245 3150 5300 triduum
3184 5262 3344 5314 vero,
3373 5251 3517 5316 quia
3532 5247 3622 5300 die
3642 5245 3784 5298 tertio
3810 5254 3874 5290 re-

2177 5337 2436 5389 surrexit.
2472 5335 2610 5398 Qua
2644 5333 2840 5387 omnia
2860 5337 2993 5388 sunt
3018 5335 3461 5404 commentitia,
3484 5348 3619 5388 nam
3638 5328 3811 5403 primo
3845 5320 3874 5374 si

2178 5437 2460 5492 negavero
2491 5422 2750 5491 Niniven,
2769 5422 2917 5493 apud
2939 5423 3163 5489 Jonam,
3191 5438 3329 5477 esse
3357 5425 3617 5494 figuram
3654 5414 3873 5474 Ecclesia

2178 5510 2461 5579 gentium,
2492 5526 2662 5565 nemo
2707 5527 2775 5564 ex
2842 5509 3131 5581 Scriptura
3186 5511 3572 5566 contrarium
3619 5502 3874 5580 probabit.
