3884 6178
137 288 206 339 δοι
847 269 1205 326 VABIORUM
1247 271 1847 328 EXERCITATIONES
1883 273 1950 326 IN
1991 273 2046 328 S.
2089 273 2451 328 AUGUSTINI
2489 273 2747 329 OPERA.

3447 283 3548 333 502

133 400 292 458 Deinde
327 397 492 451 dicam
538 391 850 447 absurdum
889 408 1008 446 esse
1038 391 1224 446 dicere
1255 391 1608 446 eversionem
1637 393 1731 446 in-
1761 389 1812 444 Α
1850 393 2122 460 ctionem,
2155 395 2270 465 jam
2319 396 2679 450 manifestam
2720 398 2888 468 hujus
2928 400 3324 470 discrepantia:
3364 406 3541 459 ratiu-

131 495 290 544 tentam
320 483 497 538 Ninive
525 485 760 552 propter
788 485 1041 551 peccata,
1061 480 1171 534 nisi
1204 480 1600 550 pamitentiam
1622 497 1771 550 age--

135 585 207 643 ret,
229 591 323 628 esse
343 573 572 642 ﬁguram
598 570 934 624 mutationis
961 586 1187 624 morum
1209 586 1336 640 quae
1369 571 1432 623 fit
1472 586 1576 640 per
1621 585 1740 640 pce-

138 665 380 720 niteutiam.
416 661 664 714 Profecto
686 659 731 712 si
757 665 989 730 peccata
1008 664 1063 713 et
1083 659 1319 713 exitium
1350 663 1585 730 propter
1617 675 1742 729 pec-

132 761 216 807 cata
227 753 314 805 sint
329 750 497 819 ﬁgura
517 747 864 818 paenitentiae
887 747 1290 801 etmutationis
1308 751 1563 800 veterum
1587 746 1740 801 iusti-

129 848 318 895 tutorum
331 855 424 908 per
435 836 850 907 pcenitentiam,
859 837 981 905 jam
995 835 1253 888 omnium
1271 835 1466 888 omnia
1477 838 1745 904 poterunt

127 945 212 985 esse
235 930 424 998 ﬁgurae,
459 941 557 978 nec
583 925 700 978 ulla
728 924 975 994 amplius
1014 923 1327 978 similitudo
1350 923 1500 976 inter
1530 924 1743 993 ﬁguras

125 1025 163 1071 et
181 1033 251 1070 res
274 1017 520 1085 ﬁguratas
550 1012 657 1067 erit
687 1013 1016 1082 quaerenda.
1046 1014 1319 1066 Poterunt
1348 1013 1594 1066 rotunda
1636 1012 1741 1064 ha-

127 1106 210 1160 beri
249 1105 527 1172 archetypa
583 1103 1009 1172 quadratorum,
1066 1104 1123 1154 et
1170 1101 1448 1170 quadrata
1487 1100 1744 1169 antitypa

125 1193 448 1247 rotundorum.
479 1191 749 1244 Tenebrae
781 1195 952 1242 erunt
980 1189 1171 1258 imago
1223 1189 1382 1253 lucis,
1433 1188 1529 1241 lux
1579 1192 1742 1242 tene—

123 1284 313 1335 brarum.
364 1279 610 1350 Denique
650 1277 1028 1348 quadraginta
1059 1282 1158 1330 aut
1185 1281 1302 1330 tres
1334 1275 1453 1330 dies
1493 1275 1742 1329 concessi

121 1368 402 1439 poenitentiae
427 1384 539 1420 non
571 1371 811 1437 possunt
837 1383 956 1420 esse
977 1367 1180 1435 ﬁgurae
1208 1365 1432 1420 dierum
1457 1364 1666 1434 jejunii
1687 1369 1745 1418 et

121 1457 267 1511 mortis
285 1455 497 1522 Christi,
524 1456 623 1526 qui
644 1455 830 1509 simile
852 1455 994 1508 nihil
1023 1454 1254 1518 habent,
1279 1457 1488 1523 printer
1517 1453 1743 1506 numeri

120 1543 503 1599 similitudinem.
538 1545 658 1597 Imo
686 1559 820 1596 vero
849 1543 1107 1613 quamvis
1139 1546 1222 1595 tot
1249 1541 1511 1594 violenta:
1569 1541 1742 1594 inter-

120 1634 394 1704 pretationes
441 1631 899 1697 admitterentur,
945 1636 1251 1701 propterea
1298 1635 1493 1683 tamen
1531 1645 1646 1682 non
1673 1628 1739 1681 li-

118 1723 198 1776 cuit
220 1723 324 1776 LXX
349 1720 752 1790 interpretibus
802 1724 1020 1773 mutare
1068 1734 1373 1772 numerum
1407 1717 1736 1788 prOphetaa;

119 1817 155 1864 et
175 1811 297 1880 quod
323 1810 388 1863 de
417 1825 616 1863 eorum
649 1807 984 1879 prophetico
1007 1807 1211 1877 spiritu
1243 1807 1332 1860 hic
1353 1806 1524 1860 habet
1553 1810 1745 1876 Augu-

117 1899 267 1964 stinus,
309 1899 467 1968 plane
518 1902 606 1952 est
653 1898 824 1951 inane
881 1901 935 1950 et
982 1901 1180 1966 aptum
1233 1897 1301 1949 ad
1338 1894 1748 1949 oli‘endiculum

118 1987 359 2041 lectoribus
383 1985 790 2056 objiciendum.
823 1985 956 2049 Quis
997 1984 1151 2038 enim
1192 2000 1311 2056 n‘on
1340 1984 1490 2036 illico
1517 1982 1745 2048 dixerit,

117 2075 150 2127 si
169 2075 266 2128 LXX
291 2075 625 2143 interpretes
651 2072 982 2142 prophetico
1015 2070 1223 2140 spiritu
1255 2071 1450 2126 donati
1481 2070 1744 2136 fuissent,

116 2166 203 2232 ejus
242 2180 335 2233 ope
376 2161 572 2232 potius
617 2177 788 2214 novas
824 2160 1156 2230 prophetiae
1208 2160 1506 2222 effusuros,
1574 2174 1748 2229 quam

116 2256 276 2304 veteres
321 2249 538 2304 inscitia
591 2253 960 2318 corrupturos
1017 2247 1232 2302 fuisse?
1279 2249 1474 2318 itaque
1541 2245 1747 2300 merito

118 2340 243 2393 habet
269 2341 640 2409 Hieronymus
673 2338 731 2392 in
761 2338 1076 2391 Comment.
1103 2338 1294 2391 Jonaa:
1335 2338 1528 2389 Trinus
1566 2351 1750 2388 nume-

116 2444 195 2494 rus,
221 2432 300 2496 qui
317 2431 538 2498 ponitur
567 2443 603 2480 a
633 2428 1014 2496 Septuaginta,
1042 2442 1148 2480 non
1199 2427 1440 2479 convenit
1483 2428 1749 2494 perniten-

117 2521 188 2578 (ἐκ.
205 2523 246 2570 et
261 2519 385 2571 satis
403 2519 576 2571 miror
604 2533 701 2570 cur
727 2519 806 2569 ita
827 2517 1153 2570 translatum
1173 2515 1268 2582 sit,
1295 2529 1412 2567 eum
1433 2515 1490 2566 in
1512 2513 1749 2566 Hebrzo

116 2621 177 2657 ne:
201 2607 498 2671 litterarum,
529 2622 626 2660 nec
642 2605 1003 2675 syllaba-rum,
1020 2619 1113 2658 nec
1132 2607 1461 2670 accentuum,
1486 2618 1578 2656 nec
1601 2602 1752 2655 verbi

117 2694 192 2745 ulla
213 2697 274 2747 sit
300 2697 686 2759 communitas;
719 2698 824 2747 tres
853 2695 994 2746 enim
1023 2693 1281 2745 dicuntur
1308 2706 1494 2756 sanos,
1536 2696 1585 2744 et
1612 2705 1749 2759 qua-

115 2781 316 2847 draginta
364 2799 599 2836 ARBAII.
654 2783 923 2851 Alioquin
975 2785 1025 2834 et
1063 2780 1127 2834 de
1159 2780 1348 2834 Iudaea
1385 2784 1534 2833 tanto
1563 2781 1753 2832 itinere

114 2872 258 2924 missus
275 2872 528 2940 propheta
561 2873 620 2923 in
649 2871 924 2937 Assyrios,
955 2868 1177 2935 dignam
1205 2884 1313 2920 sua:
1344 2867 1753 2936 pradicationis

1852 497 1985 535 nem
2033 482 2390 536 habebimus.
2445 485 2680 554 Nempe,
2729 486 2916 539 minor
2965 505 3238 542 numerus
3279 493 3543 548 excidite

1849 570 2141 623 codicibus
2191 571 2459 637 Hebraeis,
2510 573 2695 643 major
2740 592 2870 629 vero
2922 578 3077 632 abest
3133 580 3200 634 ab
3257 582 3544 640 hodiernis

1851 659 2270 728 exemplaribus
2303 661 2544 727 Graecis;
2579 663 2639 715 in
2662 664 2868 734 quibus
2898 666 3032 719 olim
3066 668 3257 737 fuisse,
3316 688 3432 726 non
3481 681 3544 728 ut

1850 749 2022 816 vulgo
2065 747 2134 793 ἔτι
2175 750 2299 809 τρεῖς
2346 749 2552 812 ἡμέραι,
2599 753 2692 806 sed
2745 770 2877 807 vero
2926 755 2995 800 ἔτι
3039 759 3163 818 τρεῖς
3207 759 3288 805 καὶ
3330 766 3375 820 μ’
3419 761 3540 822 ἡμέ-

1854 853 1929 898 ραι
1957 838 2105 892 clare
2127 853 2194 892 ex
2222 839 2440 892 Justino
2461 840 2767 909 colligitur.
2795 845 2965 897 Porro
2998 845 3088 897 hic
3122 863 3396 903 numerus
3433 854 3542 906 val-

1851 925 1920 978 de
1967 932 2053 980 est
2095 927 2305 980 rationi
2343 934 2773 982 consentaneus.
2807 932 3083 985 Triduum
3115 935 3269 988 enim
3303 939 3539 992 omnino

1850 1013 2246 1083 requirebatur
2274 1015 2345 1069 ad
2362 1016 2789 1086 praedicandum
2804 1023 2858 1072 et
2875 1023 3288 1090 peragrandam
3313 1026 3536 1082 urbem.

1851 1102 2115 1171 Confecto
2143 1102 2314 1156 unius
2343 1103 2455 1157 diei
2494 1104 2718 1169 itinere,
2763 1107 3025 1175 prtedixit
3071 1111 3271 1166 urbem
3318 1115 3539 1183 peritu-

1849 1205 1993 1256 ram,
2023 1195 2150 1260 post
2177 1190 2296 1244 dies
2316 1192 2694 1262 quadraginta
2711 1197 2842 1248 tres.
2877 1197 3133 1250 Secundo
3165 1200 3276 1266 die,
3315 1203 3540 1273 longius

1849 1294 2206 1349 progressus,
2239 1281 2619 1350 quadraginta
2646 1282 2787 1336 duos
2808 1283 2928 1336 dies
2958 1284 3317 1354 signiﬁcavit.
3350 1292 3540 1345 Tertio

1850 1368 2042 1438 itaque
2098 1367 2188 1421 die
2246 1369 2457 1438 elapso,
2509 1374 2564 1422 et
2613 1377 2911 1440 peragrata
2949 1374 3069 1440 jam
3108 1375 3271 1441 urbe,
3313 1379 3541 1432 nonnisi

1851 1455 2230 1526 quadraginta
2276 1463 2611 1526 supererant
2657 1459 2794 1512 dies.
2837 1482 2858 1506 ι
2913 1463 3038 1514 Haec
3069 1463 3295 1517 Vossius
3341 1465 3435 1520 lib.
3474 1468 3542 1520 de

1850 1543 2240 1598 Translatione
2287 1547 2408 1599 LXX
2453 1546 2831 1616 interpretum
2873 1566 2995 1619 cap.
3050 1553 3149 1619 23,
3207 1570 3335 1622 quae
3385 1555 3544 1625 inge-

1854 1632 2015 1686 niosa
2041 1639 2214 1699 sunt;
2245 1634 2342 1687 sed
2371 1635 2572 1700 multo,
2601 1641 2664 1689 ut
2693 1637 2834 1690 mihi
2878 1639 3107 1707 quidem
3161 1641 3406 1706 videtur,
3451 1661 3544 1697 ve-

1855 1721 2169 1787 risimilius,
2216 1737 2347 1776 cum
2395 1723 2586 1776 caeteri
2633 1726 2824 1778 Patres
2869 1732 2924 1778 et
2971 1727 3188 1781 codices
3236 1729 3295 1783 in
3329 1732 3546 1802 vulgari

1858 1811 2096 1864 lectione
2123 1811 2499 1878 consentiant,
2532 1812 2756 1866 lustino
2785 1813 2957 1866 fuisse
2983 1815 3233 1869 codicem
3278 1817 3338 1871 in
3386 1821 3548 1890 cujus

1857 1905 2127 1954 contextu
2176 1899 2450 1970 scriptum
2503 1905 2624 1954 erat
2656 1903 2810 1964 τρεῖς,
2842 1902 2938 1956 sed
2964 1903 3126 1972 cujus
3157 1906 3404 1976 margini
3436 1908 3547 1960 ali-

1857 1987 1985 2058 quis
2055 2003 2122 2041 ex
2180 1987 2452 2040 Hebraico
2517 1989 2710 2042 codice
2767 1989 3104 2060 ascripserat
3153 1995 3544 2056 τεσσαράκοντα,

1859 2076 2014 2146 quod
2061 2075 2156 2130 ille
2202 2075 2651 2145 praetermissum
2696 2082 2934 2147 putans,
2983 2080 3126 2134 dixit
3181 2084 3548 2146 τεσσαράκοντα

1855 2168 1999 2226 τρεῖς.

1928 2247 2062 2317 Cap.
2105 2248 2192 2298 5'2.
2239 2245 2561 2298 Memoratis
2606 2245 2799 2299 decem
2849 2248 3382 2316 persecutionibus:
3417 2249 3550 2304 Pla-

1857 2351 1955 2403 gas
2002 2336 2163 2399 enim,
2212 2333 2420 2404 inquit,
2460 2333 2857 2402 .Egyptiorum,
2903 2340 3158 2402 quoniam
3202 2337 3378 2390 decem
3425 2340 3552 2403 fue-

1856 2429 2006 2489 runt,
2027 2428 2314 2490 antequam
2337 2423 2462 2476 inde
2480 2425 2629 2476 exire
2646 2424 2902 2491 inciperet
2951 2425 3182 2492 papulas
3223 2428 3338 2491 Dei,
3357 2431 3552 2494 puta-nt

1858 2513 1933 2568 ad
1980 2514 2121 2566 hunc
2174 2513 2502 2566 intellectum
2560 2526 2670 2564 esse
2713 2511 3120 2580 referendas...
3156 2513 3262 2568 Sed
3308 2529 3401 2581 ego
3457 2515 3554 2568 illa

1858 2617 1916 2655 re
1961 2605 2112 2667 gesta
2158 2602 2216 2652 in
2253 2602 2507 2668 zEgypto,
2548 2600 2682 2652 istas
2718 2602 3108 2666 persecutiones
3138 2601 3452 2669 prophetiae
3484 2604 3554 2655 si-

1859 2692 2146 2757 gniﬁcatas
2174 2702 2282 2741 esse
2311 2702 2415 2740 non
2444 2686 2683 2740 arbitror
2706 2703 2721 2752 ;
2755 2689 3002 2753 quamvis
3030 2687 3098 2739 ab
3131 2691 3206 2741 eis
3226 2691 3323 2755 qui
3341 2689 3435 2742 hoc
3445 2705 3553 2757 pu-

1863 2786 1981 2835 tant
2009 2781 2276 2848 erquisite
2296 2783 2345 2832 et
2376 2781 2651 2845 ingeniose
2675 2779 2774 2832 illa
2793 2779 3011 2844 singula
3042 2779 3124 2830 his
3154 2780 3386 2846 singulis
3405 2794 3551 2832 com-

1857 2875 2062 2939 parata
2117 2868 2443 2929 videantur;
2499 2882 2605 2919 non
2647 2866 2960 2934 prophetico
3009 2868 3230 2934 spiritu,
3259 2867 3353 2920 sed
3382 2867 3554 2935 conje-

113 2962 412 3024 pirnitentiam
428 2959 743 3027 ﬂagitabat,
764 2963 824 3012 ut
853 2959 1082 3025 antiqua
1105 2962 1155 3010 et
1177 2956 1405 3025 putrida
1421 2957 1645 3009 vulnera
1657 2954 1753 3008 diu
1782 2977 1822 3032 ρ
1863 2965 2019 3013 ctura
2047 2959 2238 3010 mentis
2265 2957 2528 3021 humanae,
2572 2969 2690 3023 qua?
2719 2953 3020 3022 aliquando
3049 2955 3124 3007 ad
3151 2970 3334 3008 verum
3370 2970 3556 3024 perve-

115 3049 304 3113 npposito
331 3052 654 3102 curarentur
699 3047 1008 3114 emplastro.
1049 3047 1222 3099 Porro
1279 3044 1750 3114 quadragenarius

116 3149 308 3189 numerus
352 3139 596 3190 convenit
637 3135 1006 3204 peccatoribus
1035 3138 1085 3187 et
1107 3134 1323 3202 jejunio
1352 3137 1400 3186 et
1421 3134 1674 3198 orationi,
1705 3136 1755 3184 et

117 3235 227 3275 sacco
248 3230 292 3277 et
319 3227 574 3292 lacrymis
603 3227 651 3276 et
674 3224 1090 3291 perseverantiae
1121 3220 1469 3290 deprecandi,
1520 3220 1583 3273 ob
1611 3219 1756 3288 quod

116 3316 147 3361 et
167 3313 336 3379 Moyses
385 3312 764 3381 quadraginta
792 3311 978 3364 diebus
1003 3310 1280 3378 jejunavit
1310 3311 1368 3361 in
1388 3311 1564 3362 monte
1579 3308 1756 3374 Sinai,

117 3402 191 3451 etc.
213 3401 391 3470 Itaque
412 3400 522 3454 viri
554 3399 704 3453 docti
735 3399 1104 3468 conjccerunt
1142 3397 1416 3450 mendum
1447 3412 1568 3448 esse
1599 3395 1754 3465 apud

120 3486 205 3542 LXX
227 3489 574 3560 interpretes,
621 3487 736 3541 sive
788 3487 992 3540 vitioso
1036 3485 1226 3539 codice
1286 3484 1374 3538 usi
1415 3488 1620 3545 essent,
1652 3483 1752 3537 ubi

117 3589 189 3640 pro
205 3588 265 3643 ε,
281 3579 422 3648 quod
443 3582 530 3631 est
550 3577 946 3647 quadraginta,
977 3562 1125 3628 esset
1148 3586 1177 3634 λ
1197 3575 1304 3628 hoc
1323 3577 1406 3626 est
1431 3575 1542 3627 tria
1577 3589 1591 3626 :
1623 3587 1757 3625 nam

119 3661 374 3734 frequentia
400 3666 612 3720 menda
642 3681 769 3735 quin
800 3669 934 3717 sunt
963 3663 1024 3716 in
1049 3662 1306 3716 numeris
1347 3661 1496 3731 apud
1543 3664 1759 3714 veteres

117 3751 389 3823 Scriptores,
434 3771 502 3809 eo
560 3754 922 3808 adduxerunt
952 3751 1190 3805 eximios
1220 3751 1442 3804 criticos
1471 3754 1533 3804 ut
1563 3750 1760 3804 crede-

120 3847 208 3894 rent
239 3843 361 3896 olim
394 3860 510 3898 non
545 3841 786 3911 integris
825 3840 1080 3905 vocibus,
1117 3839 1213 3892 sed
1266 3837 1470 3892 litteris
1509 3837 1760 3907 signatos

122 3943 330 3984 numeros
360 3933 556 3986 fuisse.
593 3932 790 3985 Posset
820 3929 992 3982 etiam
1021 3927 1146 3981 ﬁeri
1185 3930 1247 3979 ut
1275 3926 1334 3980 in
1363 3927 1620 3980 Graecum
1667 3942 1760 3979 co-

121 4015 254 4073 dicem
280 4020 550 4075 mendum
582 4018 906 4089 irrepsisset
925 4021 983 4070 et
999 4033 1030 4070 L
1060 4016 1334 4086 scriptum
1361 4014 1557 4068 fuisset
1576 4029 1679 4084 pro
1703 4029 1756 4066 si.

122 4105 217 4158 Vide
242 4109 301 4162 ad
329 4111 526 4163 loriam
559 4109 835 4162 Joannem
868 4104 1159 4170 Drusium,
1194 4109 1252 4158 et
1282 4105 1575 4172 Hugonem
1629 4102 1763 4155 Gro-

121 4192 240 4250 lium.
283 4198 382 4252 Sed
428 4198 572 4251 nihil
617 4201 771 4250 vetat
808 4211 912 4248 nos
941 4193 1034 4248 hic
1061 4208 1293 4264 quoque
1324 4193 1579 4245 Isaacum
1619 4191 1760 4243 Vos-

1859 3050 1962 3111 nit,
1995 3044 2293 3112 aliquando
2317 3043 2580 3112 fallitmn]
2600 3042 2735 3106 Quis
2762 3059 2881 3096 non
2905 3042 3181 3096 exclamet
3208 3043 3296 3096 hic
3320 3059 3332 3096 :
3362 3041 3548 3095 καλῶςε

1861 3137 2043 3196 condis!
2093 3132 2235 3185 nihil
2287 3132 2532 3186 melius?
2576 3131 2686 3184 Sed
2734 3135 2792 3184 et
2833 3147 2936 3184 nos
2983 3147 3212 3202 quoque
3261 3130 3412 3184 idem
3455 3135 3554 3200 ju-

1862 3221 2074 3275 dicium
2124 3219 2359 3273 ferimus
2416 3219 2485 3272 de
2542 3222 2625 3272 tot
2681 3217 2933 3287 mysticis
2991 3218 3556 3288 interpretationibus

1861 3309 2184 3380 Augustini,
2238 3307 2447 3378 quibus
2497 3307 2676 3360 ferme
2722 3310 2906 3360 totum
2937 3308 3106 3360 Vetus
3127 3307 3554 3360 Testamentum

1861 3400 1922 3454 in
1949 3399 2164 3452 alienos
2196 3413 2394 3450 sensus
2424 3396 2716 3450 contorsit.
2752 3396 3032 3450 Caeterum
3088 3395 3156 3449 de
3190 3395 3384 3449 decem
3426 3411 3556 3465 per-

1863 3487 2252 3542 secutionibus
2297 3484 2422 3539 vide
2470 3483 2778 3554 Sulpitium
2825 3484 3097 3538 Severum
3142 3483 3242 3537 lib.
3291 3500 3328 3536 u
3374 3483 3558 3537 Sacra:

1864 3575 2141 3630 Historiae.

1937 3666 2105 3718 Lamo
2155 3679 2262 3728 xxx,
2316 3664 2448 3732 Cap.
2500 3666 2547 3729 l,
2592 3662 2624 3731 §
2672 3664 2722 3715 3.
2782 3663 3022 3729 Denique
3058 3661 3285 3726 fuerunt
3311 3662 3410 3728 qui
3439 3675 3559 3714 cum

1865 3753 2084 3807 diversa
2113 3757 2464 3820 sequerentur
2493 3751 2630 3804 bona
2656 3751 2871 3819 ﬁnalia,
2903 3750 3006 3803 alii
3034 3751 3311 3815 virtutem,
3339 3750 3442 3802 alii
3460 3764 3556 3802 vo-

1866 3843 2148 3910 luptatem,
2197 3841 2435 3896 eumdem
2480 3846 2657 3894 tamen
2705 3838 2950 3892 habitum
3013 3842 3063 3891 et
3126 3837 3559 3891 consuetudinem

1868 3930 2133 3996 tenebant,
2166 3945 2232 3982 ea:
2263 3943 2373 3996 qua
2426 3928 2616 3996 Cynici
2655 3924 3091 3994 appellabantur.
3126 3922 3146 3994 ]
3183 3924 3313 3978 ldeo
3343 3925 3554 3994 Apolli-

1868 4019 2024 4072 naris
2050 4016 2315 4071 Sidonius
2346 4031 2520 4068 carm.
2549 4018 2602 4083 2,
2635 4029 2781 4067 vers.
2819 4016 2914 4066 l6?
2944 4029 2956 4066 :

1994 4113 2259 4175 Quidquid
2290 4112 2578 4161 Erichtheis
2608 4111 2926 4175 Cynicorum
2959 4110 3115 4175 turba
3142 4109 3349 4158 volutat

1996 4172 2309 4240 Gymnasiis,
2333 4175 2534 4223 imitata
2554 4172 2690 4233 tuos,
2721 4172 3188 4236 Epicure,sodates.

122 4280 247 4347 sium,
290 4286 381 4355 qui
419 4285 531 4339 hoc
572 4283 682 4337 sibi
724 4282 942 4354 negotii
988 4255 1350 4335 datum-esse
1404 4277 1664 4343 credidit,
1696 4281 1760 4330 ut
1798 4263 1842 4316 D
1869 4269 1954 4323 Ad
1979 4282 2152 4338 quem
2191 4265 2380 4318 locum
2421 4262 2825 4317 illustrandum
2872 4261 3026 4315 hunc
3071 4259 3264 4314 laudat
3298 4260 3412 4314 Jac.
3445 4255 3560 4312 Sir-

124 4368 393 4426 defenderet
421 4371 800 4443 Septuaginta
827 4371 1186 4439 interpretes.
1222 4386 1247 4417 (ί
1276 4368 1387 4420 Hoc
1419 4366 1645 4432 saeculo,
1666 4368 1756 4418 in-

124 4459 222 4523 quit,
245 4460 422 4514 Graeca
450 4460 638 4514 versio
668 4456 1020 4512 unanimiter
1065 4456 1172 4508 hoc
1221 4453 1280 4506 in
1312 4453 1437 4507 loco
1479 4453 1757 4523 rejicitur,

125 4559 198 4597 nec
231 4547 520 4604 immerito.
565 4547 918 4617 Augustinus
972 4545 1070 4598 lib.
1099 4561 1253 4611 xvm,
1283 4558 1405 4612 cap.
1438 4543 1528 4608 44,
1561 4541 1629 4595 de
1670 4540 1758 4595 Ci-

132 4631 258 4689 ritate
309 4638 422 4703 Dei,
460 4641 704 4692 conatur
750 4649 1094 4705 componere
1138 4633 1284 4686 hanc
1323 4629 1760 4700 discrepantiam

128 4723 195 4775 sed
214 4725 339 4780 nihil
382 4743 512 4780 meo
556 4723 774 4795 judicio
821 4722 1061 4793 proﬁcit.
1115 4720 1313 4776 Melius
1354 4718 1760 4795 Theodoretus,

129 4810 195 4877 qui
219 4829 448 4870 errorem
481 4817 809 4869 Grmcorum
838 4810 1258 4880 exemplarium
1288 4825 1403 4862 non
1435 4807 1762 4878 interpreti-

128 4895 219 4964 bus,
244 4904 329 4956 sed
357 4903 608 4958 librariis
633 4901 901 4970 imputat.
934 4901 1166 4954 Miratur
1205 4897 1582 4967 Hieronymus
1619 4895 1767 4948 hanc

130 4984 480 5059 diversitatem,
513 5006 644 5044 cum
672 4989 828 5042 nulla
861 4991 958 5041 aut
979 4986 1306 5064 verborum,
1350 4991 1450 5038 aut
1498 4999 1766 5037 numero-

130 5087 223 5127 rum
249 5078 316 5132 sit
335 5080 596 5145 afﬁnitas,
626 5079 778 5132 inter
807 5082 920 5130 tres
951 5079 1006 5128 et
1051 5074 1448 5145 quadraginta.
1499 5073 1607 5127 Sed
1636 5088 1768 5126 vero

133 5166 448 5229 questionem
479 5169 627 5221 hanc
663 5166 830 5219 solvit
856 5163 1110 5218 Justinus
1150 5168 1386 5232 martyr,
1415 5161 1534 5231 qui,
1559 5162 1618 5214 in
1647 5161 1767 5215 dia-

136 5249 230 5319 logo
275 5270 393 5309 cum
420 5255 742 5325 Tryphone,
795 5254 920 5323 ipsa
975 5252 1327 5320 interpetum
1358 5249 1529 5302 verba
1558 5250 1770 5320 produ-

137 5352 248 5405 cens,
277 5343 387 5396 dies
410 5348 678 5398 numerat
705 5340 1086 5412 quadraginta
1113 5343 1248 5392 tres.
1300 5337 1389 5392 Bis
1444 5353 1578 5391 vero
1609 5354 1768 5392 eum-

139 5428 231 5486 dem
254 5437 448 5506 repetit
474 5451 800 5500 numerum,
827 5450 897 5488 ne
929 5432 1060 5503 quis
1089 5430 1293 5484 vitium
1315 5429 1547 5482 subesse
1579 5425 1768 5480 existi-

143 5525 238 5574 met.
261 5523 310 5576 Si
337 5525 524 5595 itaque
552 5525 696 5579 hanc
743 5525 869 5578 LXX
917 5522 1296 5590 interpretum
1346 5530 1654 5588 sequamur
1694 5515 1770 5566 le-

1867 4356 2134 4412 mondus.

1941 4447 2074 4516 Cap.
2119 4450 2171 4499 7.
2224 4445 2401 4513 Opera
2449 4442 2582 4496 data
2611 4444 2689 4494 est
2714 4444 2775 4493 ut
2801 4440 3090 4508 imperiosa
3119 4442 3310 4494 civitas
3335 4455 3441 4493 non
3471 4451 3562 4491 so-

1869 4537 1980 4590 lum
1995 4535 2212 4604 jugum,
2246 4548 2431 4586 verum
2458 4534 2621 4586 etiam
2649 4531 2892 4596 linguam
2911 4543 3065 4582 suam
3090 4527 3304 4582 domitis
3320 4527 3564 4594 gentibus

1867 4641 1966 4694 per
2009 4639 2195 4692 pacem
2240 4623 2508 4676 societatis
2554 4621 2887 4687 imponeret;
2928 4633 3026 4685 per
3043 4632 3206 4686 quam
3234 4632 3336 4669 non
3367 4616 3565 4668 deesset

1871 4716 1978 4767 imo
2008 4717 2058 4766 et
2079 4710 2378 4764 abundaret
2407 4710 2569 4762 etiam
2597 4710 2952 4774 interpretum
2981 4707 3156 4774 copia.
3192 4705 3206 4772 ]
3242 4703 3428 4757 Multis
3460 4703 3564 4755 hac

1873 4802 1942 4855 de
1970 4817 2030 4854 re
2057 4799 2175 4869 egit
2199 4797 2284 4850 vir
2313 4795 2671 4851 doctissimus
2699 4795 2847 4848 Just.
2901 4793 3122 4864 Lipsius
3164 4793 3310 4844 libro
3349 4791 3417 4843 de
3449 4790 3564 4841 Re—

1873 4893 1962 4944 cta
1992 4887 2176 4942 Latini
2201 4883 2486 4939 sermonis
2506 4881 3000 4948 Pronuntiatione,
3035 4897 3158 4950 cap.
3183 4883 3234 4945 4,
3267 4878 3365 4930 ubi
3411 4881 3564 4929 recte.

1876 4979 2051 5033 etiam
2079 4978 2278 5028 monet
2305 4973 2397 5027 hic
2427 4971 2755 5040 legendum,
2786 4986 2902 5023 non
2926 4985 3110 5038 pacem
3140 4967 3430 5025 societatis,
3469 4963 3565 5016 sed

1875 5069 2101 5137 speciem
2121 5065 2411 5124 societatis,
2436 5066 2534 5114 aut
2586 5075 2689 5128 per
2729 5074 2919 5128 pacem
2939 5058 3176 5111 sociatis.
3217 5054 3431 5108 Vellem
3474 5050 3566 5105 hic

1877 5175 1910 5211 a
1937 5151 2314 5210 Benedictinis
2337 5150 2619 5222 prolatam
2648 5147 2950 5202 lectionem
2981 5161 3110 5198 mss.
3144 5141 3423 5196 codicum.

1951 5246 2084 5313 Cap.
2127 5244 2215 5296 231.
2267 5243 2572 5310 Postquam
2625 5236 2872 5291 ostendit
2917 5234 3039 5288 sine
3086 5247 3281 5285 amore
3343 5231 3474 5285 Dei.
3513 5234 3571 5283 et

1881 5331 2128 5406 proximi
2177 5345 2295 5384 non
2344 5345 2465 5383 esse
2498 5327 2797 5398 populum,
2841 5324 2922 5377 ita
2951 5323 3059 5375 hoc
3085 5324 3256 5390 caput
3292 5319 3520 5372 inchoat
3551 5334 3564 5370 :

1883 5405 1942 5478 Si
1986 5425 2162 5474 autem
2206 5418 2440 5486 populus
2485 5431 2590 5469 non
2636 5416 2739 5467 isto
2782 5411 2878 5465 sed
2928 5412 3039 5463 alio
3065 5410 3357 5478 deﬁniatur
3395 5405 3564 5466 modo,

1881 5511 2024 5562 velut
2054 5511 2103 5560 si
2133 5507 2387 5560 dicatur:
2418 5503 2650 5573 populus
2693 5506 2771 5553 est
2799 5504 2958 5553 cactus
2995 5497 3362 5551 multitudinis
3393 5496 3569 5547 ratio-
