3884 6178
344 230 448 283 503
1357 227 1911 284 SUPPLEMENTUM
1951 229 2042 284 AD

2078 229 2312 286 OPERA
2345 230 2403 284 S.
2448 227 2830 284 AUGUSTINI.
3679 248 3760 301 504

336 350 504 416 nalis,
552 364 734 402 rerum
771 363 908 416 quas
957 348 1142 415 diligit
1180 347 1430 402 concordi
1476 352 1840 404 communione
1867 353 2032 417 socia,
2064 351 2111 406 A
2145 357 2346 421 puta-nt
2396 353 2490 406 hoc
2536 352 2601 406 de
2646 353 2870 421 imperio
2911 351 3116 407 dictum
3142 354 3310 419 fuisse
3336 359 3568 427 Romano,
3595 369 3639 417 et
3659 381 3764 434 pro-

340 443 462 504 tus;
511 440 751 506 profecto
791 441 849 489 ut
895 436 1148 490 videatur
1193 438 1371 503 qualis
1413 440 1641 505 quisque
1678 441 1908 508 populus
1938 441 2032 506 sit,

338 527 439 580 illa
456 531 583 580 sunt
609 525 868 580 intuenda
907 541 1024 592 qua
1071 525 1277 591 diligit.
1327 525 1660 594 Quaecunque
1693 531 1868 580 tamen
1900 527 2035 581 diti-

339 618 454 680 gat,
485 616 535 668 si
569 620 728 667 coitus
749 618 826 666 est
855 613 1245 678 multitudinis,
1273 629 1376 667 non
1396 630 1647 683 pecorum
1673 616 1767 669 sed
1791 619 2036 670 rationa-

341 703 474 757 lium
524 707 917 766 creaturarum,
969 707 1018 755 et
1075 717 1255 755 eorum
1297 718 1415 771 qua:
1457 703 1646 771 diligit
1674 707 2038 758 communione

341 789 590 844 concordi
619 791 854 843 sociatus
885 795 981 853 est,
1014 805 1120 842 non
1138 790 1371 844 absurde
1394 793 1631 859 populus
1667 797 2035 860 nuncupatur,

343 881 491 932 tanto
516 879 702 945 utique
729 879 915 931 melior
943 883 1144 946 quanto
1170 881 1228 932 in
1275 879 1622 934 melioribus:
1661 884 1915 948 tantoque
1954 880 2040 934 de-

343 967 506 1018 terior
526 968 728 1034 quanto
757 970 836 1018 est
857 967 913 1018 in
943 965 1296 1019 deterioribus
1327 981 1560 1020 concors.
1598 967 1738 1020 Tum
1773 966 2036 1036 subjicit:

339 1053 644 1106 Secundum
673 1055 835 1106 istam
885 1053 1251 1121 deﬁnitionem
1294 1058 1536 1108 nostram
1571 1057 1837 1109 Romanus
1866 1071 2040 1124 popu-

342 1140 425 1193 lus
473 1141 708 1208 populus
752 1145 847 1206 est,
900 1139 1060 1211 etc.]
1118 1141 1290 1195 Miror
1336 1141 1396 1195 in
1443 1145 1693 1196 mentem
1721 1143 2041 1213 Augustino

341 1241 460 1279 non
509 1227 730 1279 venisse
778 1225 886 1278 loci
930 1225 1163 1281 Deuter.
1214 1243 1380 1296 XXXII,
1429 1231 1486 1282 2t
1531 1230 1688 1296 :Ipsi
1724 1243 1805 1281 me
1839 1244 2042 1298 provo-

343 1319 600 1367 caverunt
619 1316 678 1367 in
703 1329 758 1367 eo
785 1317 880 1382 qui
908 1330 1012 1368 non
1038 1320 1155 1368 erat
1184 1317 1339 1383 Deus,
1371 1319 1421 1368 et
1453 1318 1812 1370 irritaverant
1852 1319 1911 1369 in
1940 1333 2041 1369 va-

341 1402 608 1454 nitatibus
639 1403 774 1462 suis,
800 1406 850 1454 et
879 1417 977 1469 ego
1003 1403 1302 1470 provocabo
1331 1417 1414 1456 eos
1443 1405 1500 1456 in
1542 1418 1598 1456 eo
1637 1418 1730 1463 om
1785 1419 1894 1456 NON
1949 1418 2045 1456 asr

349 1505 603 1555 POPULUS,
629 1493 677 1541 et
703 1491 758 1542 in
785 1494 935 1556 gente
962 1490 1376 1567 stultalirritabo
1424 1492 1563 1545 illos.
1614 1490 1720 1544 Ubi
1771 1491 1918 1567 Deus
1976 1491 2044 1544 ad

347 1574 605 1644 gentium
637 1567 986 1627 vodationem
1022 1559 1271 1645 respicit,
1301 1580 1366 1629 ut
1397 1576 1563 1630 docet
1610 1559 1847 1630 Paulus.
1874 1578 2038 1630 Rom.

347 1679 402 1727 x,
441 1665 524 1717 19.
568 1661 712 1716 Sane
761 1662 854 1714 vix
901 1662 1058 1731 digni
1105 1666 1268 1716 erant
1311 1663 1546 1718 nomine
1571 1665 1795 1735 populi,
1835 1664 1935 1736 qui
1965 1665 2044 1719 sic

348 1748 619 1818 descripti
645 1752 777 1802 sunt
801 1764 833 1801 a
858 1748 1071 1802 Lucilio
1094 1768 1110 1803 :

407 1889 711 1953 ﬁuncvero
733 1902 763 1936 a
785 1901 940 1953 mane
975 1888 1040 1938 ad
1074 1891 1304 1953 noctem,
1335 1889 1469 1953 festo
1496 1893 1651 1953 atque
1671 1890 1901 1953 profesto

405 1951 534 2015 'l‘oto
560 1950 740 2015 itidem
769 1951 1065 2015 pariterque
1091 1951 1192 2011 die,
1212 1950 1862 2015 populusquefpatresque

405 2013 609 2076 iactare
634 2011 895 2076 indo’t‘oro
922 2011 1492 2076 se’omnes,‘décedere
1527 2011 1809 2076 nusquam.

411 2073 506 2121 Uni
523 2087 577 2121 se
607 2077 762 2135 atque
791 2073 961 2122 eidem
993 2074 1172 2123 studio
1193 2088 1378 2123 omnes
1399 2075 1587 2124 dedere
1609 2073 1663 2123 et
1682 2077 1798 2132 arti,

407 2135 588 2198 yerbar
611 2135 734 2198 dare
765 2140 823 2183 ut
848 2139 998 2183 caute
1029 2139 1249 2198 possint.
1283 2150 1520 2198 pugnare
1549 2136 1750 2196 dolose,

407 2197 671 2245 Blanditia
703 2200 917 2258 certare,
947 2197 1145 2245 bonum
1175 2197 1423 2246 simulare
1465 2198 1634 2246 virum
1664 2212 1738 2257 se,

413 2258 632 2306 Insidias
666 2257 855 2318 facere,
889 2257 946 2306 ut
974 2259 1016 2306 si
1036 2259 1216 2308 hostes
1249 2260 1356 2308 sint
1379 2260 1626 2308 omnibus
1655 2272 1860 2309 omnes.

348 2391 506 2455 Quos
534 2389 988 2461 elegantissimos
1019 2407 1215 2444 versus
1243 2391 1409 2445 nobis
1439 2391 1683 2446 servavit
1727 2392 2048 2447 Lactantius

349 2481 493 2533 Inst.
527 2478 704 2532 divin.
739 2478 836 2532 lib.
872 2495 922 2547 v,
952 2495 1075 2549 cap.
1108 2482 1158 2534 9.

415 2567 583 2622 Lleao
632 2582 725 2620 xx.
772 2568 905 2637 Cap.
950 2571 1000 2620 7.
1054 2568 1131 2620 De
1177 2567 1350 2638 Apoc.
1403 2584 1496 2636 xx,
1554 2571 1573 2622 1
1623 2571 1678 2622 et
1708 2584 1868 2639 seqq.
1901 2570 2049 2623 Mille

339 2660 520 2709 autem
573 2658 708 2709 anni
758 2655 966 2709 duobus
1013 2655 1189 2709 modis
1215 2661 1459 2724 possunt,
1493 2661 1760 2726 quantum
1796 2659 1934 2711 mihi
1963 2662 2046 2711 oc-

343 2745 538 2805 currit,
571 2744 846 2809 intelligi:
867 2747 964 2796 aut
989 2747 1120 2811 quia
1145 2745 1202 2797 in
1234 2745 1441 2798 ultimis
1481 2747 1641 2799 annis
1663 2747 1808 2798 mille
1828 2747 1937 2800 ista
1964 2763 2049 2800 res

344 2833 547 2899 agitur,
582 2830 645 2884 id
672 2837 769 2897 est,
811 2835 961 2885 sexto
1000 2847 1265 2885 annorum
1289 2833 1571 2899 milliaria,
1616 2838 1877 2901 tanquam
1897 2840 2047 2890 semto

349 2919 458 2984 die,
492 2919 647 2986 cujus
695 2933 836 2971 nunc
874 2920 1059 2986 spatia
1100 2922 1407 2988 posteriora
1427 2921 1756 2985 volvuntur;
1800 2926 2045 2976 secuturo

347 3007 541 3060 deinde
581 3006 826 3072 sabbato,
885 3007 1029 3075 quod
1074 3022 1180 3060 non
1211 3007 1368 3061 habet
1398 3022 1694 3076 vesperam,
1725 3012 1910 3078 requie
1937 3013 2044 3064 sci-

348 3096 472 3150 licet
518 3100 842 3158 sanctorum,
892 3111 1011 3163 qua
1056 3111 1162 3148 non
1207 3095 1364 3149 habet
1410 3099 1590 3164 ﬁnem,
1640 3095 1781 3168 etc.]
1818 3097 1881 3151 Hi
1913 3103 2045 3154 sunt

346 3182 564 3236 fructus
608 3181 928 3251 allegoricae
976 3181 1370 3248 arithmeticae,
1405 3197 1472 3235 ex
1523 3199 1637 3253 qua
1694 3185 2047 3256 collegerunt

346 3274 565 3324 veteres
607 3268 778 3322 multi
821 3269 1026 3323 mundi
1066 3269 1305 3338 hujusce
1359 3269 1725 3323 durationem
1773 3270 1894 3324 fore
1947 3285 2044 3325 sex

348 3355 595 3409 millium
623 3372 931 3421 annorum,
965 3357 1212 3425 septimo
1244 3373 1378 3410 vero
1411 3358 1733 3411 millenario
1760 3358 1813 3411 ei
1868 3358 2044 3412 finem

347 3443 681 3514 impositum
711 3443 803 3510 iri,
836 3448 894 3497 et
929 3448 1052 3497 tum
1083 3444 1205 3498 fore
1232 3449 1512 3498 mternum
1557 3446 1786 3515 piorum
1838 3446 2046 3500 sabba-

347 3531 602 3586 tismum.
665 3531 755 3586 Sic
802 3531 858 3585 S.
911 3532 1198 3586 Barnabas
1244 3532 1385 3604 epis.
1447 3548 1578 3602 cap.
1633 3535 1718 3598 15,
1773 3533 1842 3587 ad
1873 3549 2044 3604 quem

348 3620 476 3674 vide
515 3622 681 3673 notas
732 3618 1046 3672 doctissimi
1089 3619 1196 3674 viri
1225 3621 1391 3674 Joan.
1431 3621 1592 3690 Bapt.
1628 3621 1913 3687 Cotelerii,
1945 3622 2046 3692 qui

349 3707 593 3761 aliorum
639 3707 692 3760 ei
741 3705 1177 3762 assentientium
1227 3712 1283 3761 et
1323 3707 1560 3761 nomina
1591 3711 1648 3762 et
1678 3708 1802 3762 loca
1840 3725 2046 3780 suppe-

349 3795 583 3863 ditabit._

422 3885 558 3953 Cap.
620 3887 710 3937 15.
764 3883 840 3936 De
885 3882 994 3936 hoc
1042 3883 1462 3952 Apocalypseos
1506 3883 1628 3936 loco
1656 3899 1779 3954 cap.
1809 3900 1902 3951 xx,
1931 3887 1993 3939 t3
2029 3902 2041 3940 :

348 3974 416 4027 Et
440 3971 688 4024 exhibuit
737 3986 888 4024 mare
924 3975 1158 4024 mortuos
1194 3973 1290 4038 qui
1345 3973 1404 4024 in
1461 3987 1518 4026 eo
1540 3977 1716 4039 erant,
1749 3977 1799 4026 et
1826 3988 1969 4027 mors
1998 3979 2047 4028 et

348 4062 596 4126 infernus
627 4049 1248 4114 reddiderunt‘mortuos
1277 4075 1408 4128 quos
1445 4064 1502 4114 in
1532 4076 1586 4114 se
1612 4060 1919 4129 habebant;
1970 4062 2048 4116 sic

345 4148 715 4202 ratiocinatur
747 4164 759 4202 :
793 4148 903 4202 Sed
933 4150 1030 4216 qui
1056 4153 1182 4202 sunt
1209 4151 1410 4202 mortui
1447 4163 1578 4218 quos
1609 4149 1857 4203 exhibuit
1876 4166 2042 4218 mare,

347 4238 446 4304 qui
475 4237 535 4289 in
565 4252 621 4290 eo
650 4240 806 4289 erant
833 4235 861 4290 ?
888 4237 1068 4304 Neque
1090 4239 1230 4290 enim
1253 4239 1350 4304 qui
1368 4239 1427 4290 in
1442 4239 1587 4290 mari
1614 4239 1921 4291 moriuntur
1940 4253 2044 4292 non

348 4327 474 4377 sunt
500 4326 560 4376 in
589 4325 824 4388 inferno,
857 4329 953 4377 aut
983 4339 1210 4391 corpora
1238 4338 1417 4376 eorum
1455 4327 1740 4377 servantur
1768 4326 1829 4376 in
1867 4327 2038 4392 mari;

349 4414 466 4475 aut,
501 4410 645 4477 quod
663 4413 743 4462 est
765 4410 1076 4476 absurdius,
1109 4424 1258 4462 mare
1288 4409 1516 4462 habebat
1548 4409 1706 4462 bonos
1731 4414 1966 4464 mortuos
1994 4416 2045 4465 et

348 4499 597 4562 infernus
644 4497 833 4550 malos.
881 4498 1013 4561 Quis
1054 4498 1148 4550 hoc
1170 4496 1494 4565 putaverit?
1519 4496 1625 4552 Sed
1642 4499 1883 4568 profecto
1912 4513 2042 4552 con-

347 4585 619 4638 venienter
648 4583 874 4652 quidam
900 4585 994 4639 hoc
1025 4585 1133 4638 loco
1156 4600 1306 4638 mare
1323 4599 1427 4654 pro
1458 4587 1560 4640 isto
1588 4587 1778 4640 saeculo
1808 4589 2044 4656 positum

349 4669 674 4742 accipiunt]
706 4671 829 4725 Non
860 4673 1035 4725 semel
1066 4671 1267 4726 fefellit
1288 4672 1670 4743 Augustinum
1701 4689 1810 4728 vox
1845 4674 2044 4730 Latina

348 4762 633 4827 infernus,
679 4759 826 4828 quod
875 4759 1175 4814 nesciverit
1217 4758 1368 4822 ᾅδην,
1423 4761 1689 4816 Hebraice
1739 4747 1916 4828 51M?)
1966 4762 2041 4816 si-

347 4846 619 4916 gniﬁcare
648 4847 971 4916 sepulcrum.
1015 4849 1159 4903 Vide
1190 4865 1319 4919 qua:
1351 4850 1672 4904 notavimus
1699 4850 1768 4904 ad
1799 4854 1941 4904 tom.
1966 4851 2036 4914 Il,

346 4936 511 5006 epist.
567 4937 655 4990 64.
709 4938 912 4990 Mortui
967 4952 1110 5006 quos
1156 4937 1360 4992 reddet
1406 4953 1563 4991 mare
1593 4944 1728 4992 sunt
1767 4937 2041 4992 cadavera

346 5040 544 5078 eorum
584 5023 684 5095 qui
715 5024 775 5077 in
809 5040 875 5077 eo
928 5025 1262 5094 perierunt;
1295 5041 1437 5080 mors
1480 5042 1614 5080 vero
1653 5031 1710 5080 et
1737 5028 2040 5095 sepulcrum

347 5117 478 5165 sunt
506 5112 711 5182 reliqui
741 5112 973 5177 mortui,
1007 5112 1103 5182 qui
1135 5112 1194 5165 in
1233 5117 1382 5166 terra
1411 5113 1756 5180 ceciderunt,
1796 5113 1911 5168 sive
1943 5115 2038 5167 in-

345 5199 574 5268 sepulti,
600 5200 714 5253 sive
741 5200 969 5271 sepulti.
1005 5201 1147 5254 Nam
1176 5216 1319 5254 mors
1341 5204 1396 5254 et
1425 5199 1544 5261 ᾅδης
1575 5217 1724 5272 saepe
1746 5206 2040 5272 ponuntur

347 5284 404 5332 ἐκ
430 5285 774 5348 παραλλήλου,
806 5294 868 5342 ut
907 5290 926 5342 Ι
969 5289 1094 5344 Cor.
1148 5303 1238 5352 xv,
1291 5290 1397 5353 54;
1449 5290 1623 5359 Apoc.
1666 5305 1757 5353 xx,
1814 5294 1914 5343 H:
1967 5290 2036 5344 ad

348 5391 477 5446 quae
506 5375 626 5428 loca
659 5375 780 5430 vide
811 5376 1171 5447 interpretes.

416 5465 550 5533 Cap.
616 5466 699 5517 19.
753 5464 829 5518 De
874 5465 921 5517 ll
968 5465 1162 5520 Thess.
1213 5481 1272 5530 ιι,
1338 5469 1355 5519 1
1410 5469 1465 5518 et
1513 5467 1683 5536 seq.§
1725 5469 1775 5520 3.
1802 5466 2039 5531 Quidam

2143 445 2329 509 pterea
2375 441 2603 495 Paulum
2657 443 2959 510 apostolum
3003 456 3109 495 non
3157 442 3217 496 id
3263 451 3433 513 aperte
3467 451 3670 505 scribere
3691 471 3765 508 vo-

2147 531 2305 583 luisse
2335 546 2347 595 ;
2379 545 2444 582 ne
2473 530 2797 584 calumniam
2826 530 3075 583 videlicet
3094 532 3398 600 incurreret,
3422 538 3552 604 quod
3578 543 3768 597 Romano

2145 620 2371 688 imperio
2409 619 2548 671 male
2595 620 2880 688 optaverit,
2929 634 3049 672 cum
3093 625 3394 687 speraretur
3441 630 3687 693 etei-num,
3727 639 3767 685 ut

2147 706 2241 759 hoc
2273 705 2416 775 quod
2445 705 2591 758 (limit
2617 720 2630 757 :
2658 705 2779 774 jam
2809 705 2959 758 enim
2994 707 3324 775 mysterium
3352 708 3644 780 iniquitatis
3673 731 3772 785 ope.

2152 796 2331 858 ratur,
2382 794 2640 846 Neronem
2682 794 2912 847 voluerit
2955 795 3210 860 intelligi,
3241 799 3390 864 cujus
3418 799 3529 866 jam
3547 803 3678 866 facta
3701 819 3771 857 ve-

2148 882 2228 935 lut
2255 881 2585 935 Antichristi
2603 881 2945 936 videbantur.
2980 882 2996 952 ]
3024 882 3158 936 Mihi
3183 884 3361 937 multo
3392 887 3713 942 verisimilius
3730 893 3778 946 ﬁt

2148 970 2390 1023 Paulum
2415 968 2506 1022 hic
2537 969 2717 1040 egisse
2750 970 2819 1024 de
2850 970 3162 1024 rebellione
3191 972 3579 1028 Judaaorumin
3606 978 3774 1032 Roma~

2149 1073 2273 1123 nos,
2305 1057 2374 1111 de
2406 1073 2521 1128 qua
2551 1057 2848 1112 obscurius
2877 1059 3102 1114 locutus
3132 1064 3237 1129 est,
3269 1076 3340 1114 ne
3383 1068 3597 1117 noceret
3633 1081 3775 1136 popu-

2151 1146 2361 1200 laribus
2389 1147 2525 1201 suis.
2558 1147 2695 1200 Vide
2725 1148 2830 1202 hac
2861 1148 2931 1202 de
2957 1165 3017 1203 re
3049 1149 3417 1220 interpretem
3456 1153 3610 1206 Henr.
3643 1155 3780 1209 llam-

2151 1233 2369 1302 mondi,
2391 1233 2452 1287 in
2474 1233 2881 1289 additamentis
2916 1251 3044 1306 quin
3069 1236 3522 1290 adnotationibus
3549 1239 3656 1308 ejus
3681 1243 3781 1295 scri-

2152 1322 2330 1392 ptoris
2374 1322 2694 1376 admiscuit.
2745 1323 2854 1377 Sed
2885 1325 3032 1378 hanc
3059 1324 3509 1379 observationem
3532 1329 3782 1397 Augustini

2153 1410 2430 1480 optimam
2461 1410 2854 1471 existimarim.
2901 1411 2972 1465 ad
3017 1411 3302 1465 rationem
3352 1413 3669 1468 reddendam
3707 1417 3783 1470 ob-

2154 1497 2444 1551 scuritatis
2462 1500 2900 1570 Apocalypseos,
2933 1500 2993 1552 in
3022 1517 3136 1570 qua
3165 1500 3400 1554 exitium
3436 1501 3618 1555 Roma),
3641 1503 3786 1557 ethni-

2153 1602 2233 1641 σω
2261 1587 2676 1657 prmdicebatur
2707 1588 2936 1641 nomine
2974 1589 3299 1659 Babylonis.

2227 1676 2359 1745 Cap.
2405 1677 2494 1729 29.
2545 1677 2659 1731 Per
2710 1678 2848 1730 hunc
2894 1677 3074 1730 Etiam
3128 1693 3387 1749 magnum
3445 1679 3791 1749 mirabilemque

2153 1765 2492 1832 prophetam,
2533 1767 2781 1833 exposita
2810 1765 2922 1818 sibi
2951 1766 3082 1832 lege,
3116 1767 3308 1820 ultimo
3334 1772 3576 1835 tempore,
3606 1775 3710 1822 ante
3721 1764 3788 1838 ju-

2155 1851 2379 1916 dicium,
2410 1851 2622 1906 Judaeos
2653 1855 2712 1905 in
2743 1853 3025 1906 Christum
3057 1869 3263 1921 verum,
3297 1855 3358 1908 id
3385 1861 3461 1910 est
3491 1859 3547 1910 in
3572 1857 3791 1913 Christum

2154 1945 2398 1994 nostrum
2447 1954 2556 1994 esse
2603 1940 2920 2006 credituros,
2974 1942 3375 1997 celeberrimum
3417 1950 3491 1998 est
3526 1947 3580 1998 in
3606 1961 3793 1998 sermone

2155 2029 2510 2096 cordibusque
2531 2028 2831 2098 ﬁdelium]
2865 2029 3064 2083 Mirum
3095 2030 3313 2084 estillis
3341 2033 3673 2102 temporibus
3700 2049 3794 2086 eam

2157 2114 2487 2185 opinionem
2534 2120 2653 2169 tam
2701 2117 2842 2170 altas
2889 2117 3108 2170 radices
3153 2119 3214 2170 in
3274 2118 3493 2174 animos
3548 2121 3794 2174 hominum

2156 2203 2359 2273 egisse,
2396 2207 2672 2274 tantoque
2703 2220 2981 2258 consensu
3013 2221 3132 2258 esse
3160 2211 3473 2277 receptam,
3514 2224 3633 2262 cum
3669 2209 3797 2262 Chri-

2156 2296 2276 2344 stus
2314 2291 2684 2346 disertissime
2719 2292 2978 2346 docuerit
3028 2293 3221 2348 Matth.
3276 2311 3408 2362 xvn,
3465 2297 3545 2361 l2,
3608 2300 3660 2349 et
3683 2295 3797 2364 apud

2155 2381 2296 2434 alios
2344 2380 2734 2451 evangelistas,
2785 2380 3016 2435 nomine
3047 2383 3181 2436 Elia:
3211 2381 3639 2452 intelligendum
3666 2383 3797 2436 fuisse

2153 2470 2430 2524 Joannem
2485 2469 2813 2540 Baptistam.
2865 2469 3047 2523 Facile
3087 2475 3210 2525 erat
3241 2471 3532 2525 intellectu
3555 2472 3680 2525 diem
3713 2472 3800 2524 Do-

2153 2560 2291 2612 mini
2331 2573 2587 2625 magnum
2633 2562 2684 2611 et
2736 2558 3048 2619 terribilem,
3093 2574 3212 2612 esse
3250 2575 3382 2612 eum
3422 2559 3568 2613 diem
3596 2561 3672 2612 vel
3691 2564 3798 2612 tem-

2157 2662 2263 2716 pus
2292 2661 2405 2716 quo
2439 2647 2584 2700 Deus
2627 2646 3041 2717 Jerosolymam
3094 2651 3151 2700 et
3196 2647 3459 2701 Judseam
3486 2664 3670 2718 passus
3697 2653 3797 2700 esta

2157 2733 2428 2788 Romanis
2459 2733 2650 2804 diripi,
2681 2733 2947 2806 ferroque
3003 2740 3058 2788 et
3101 2735 3238 2806 igne
3269 2737 3498 2790 vastari.
3531 2736 3631 2790 Sed
3651 2735 3800 2789 nullus

2158 2822 2440 2893 interpres
2464 2823 2573 2876 hoc
2600 2822 2660 2876 in
2689 2822 2908 2892 majore
2935 2825 3058 2877 luce
3087 2824 3393 2879 collocavit
3425 2821 3650 2878 Henrico
3677 2824 3803 2876 Ham-

2083 2907 2122 2962 C
2157 2911 2389 2978 mondo,
2443 2910 2514 2964 ad
2571 2910 2738 2965 Math.
2798 2927 2937 2964 xnv
2983 2915 3040 2964 et
3083 2911 3242 2964 alibi.
3291 2913 3417 2966 Non
3466 2928 3586 2965 raro
3613 2911 3802 2979 contigit

2153 2999 2367 3053 multos
2421 2996 2682 3052 homines
2726 3014 2841 3052 non
2887 2999 3118 3053 hebetes
3160 3000 3517 3054 consensisse
3544 3001 3602 3054 in
3631 3014 3800 3062 errore,

2072 1629 2114 1685 Β

2155 3086 2289 3156 quia
2308 3087 2639 3140 maluerunt
2657 3086 2982 3156 superiores
3009 3087 3172 3158 sequi
3197 3104 3377 3158 quam
3405 3105 3601 3142 eorum
3641 3088 3801 3158 placita

2155 3175 2495 3244 expendere.
2529 3174 2666 3228 Vide
2689 3175 3103 3229 Tertullianum
3135 3176 3204 3230 de
3239 3177 3448 3232 Anima
3469 3192 3585 3248 cap.
3616 3179 3690 3231 35.

2228 3263 2394 3316 Lumo
2422 3278 2534 3316 xxI.
2565 3262 2702 3332 Cap.
2730 3265 2782 3328 3,
2817 3261 2843 3332 §
2877 3266 2923 3317 1.
2971 3263 3180 3317 Contra
3227 3265 3514 3336 supplicia
3567 3265 3800 3318 malorum

2155 3354 2370 3403 aeterna
2397 3350 2545 3403 hanc
2571 3350 2680 3404 sibi
2711 3351 2986 3420 proponit
3014 3351 3404 3422 objectionem
3433 3373 3449 3408 :
3483 3355 3683 3409 Nullum
3727 3355 3799 3411 est,

2154 3440 2432 3505 inquiunt,
2476 3453 2668 3507 corpus
2717 3439 2861 3507 quod
2904 3441 3078 3509 possit
3104 3439 3306 3506 dolere,
3330 3457 3426 3496 nec
3453 3445 3616 3511 possit
3642 3436 3796 3502 mori}

2157 3527 2292 3579 Eam
2338 3525 2717 3596 objectionem
2764 3527 3017 3581 confutat
3074 3529 3510 3598 operosissime,
3563 3529 3800 3597 variisque

2155 3614 2413 3668 adductis
2459 3614 2890 3669 incredibilibus
2935 3621 2992 3670 et
3038 3616 3191 3670 falsis
3241 3617 3499 3672 historiis
3546 3634 3609 3671 ex
3663 3613 3802 3671 Plinio

2155 3719 2261 3757 nec
2305 3707 2498 3756 tamen
2548 3702 2839 3758 satisfacit.
2890 3704 3036 3768 Quid
3087 3705 3318 3759 facilius
3347 3711 3471 3760 erat
3499 3706 3644 3760 dictu
3669 3717 3802 3773 quam

2158 3791 2296 3844 alias
2347 3791 2500 3860 leges
2539 3790 2657 3845 fore
2710 3795 2766 3844 et
2807 3807 3110 3862 corporum
3167 3797 3224 3845 et
3277 3793 3580 3864 spirituum
3609 3808 3668 3847 eo
3693 3796 3804 3844 tem-

2156 3896 2313 3949 pore,
2347 3895 2520 3951 quam
2549 3895 2739 3946 nunc;
2769 3879 3064 3950 Deumque
3085 3879 3431 3934 effecturum
3462 3886 3523 3934 ut
3545 3885 3683 3934 certo
3709 3892 3804 3930 cor-

2155 3970 2308 4040 poris
2342 3973 2522 4030 motn,
2555 3985 2736 4039 eoque
2771 3985 2886 4024 non
2909 3969 2987 4023 ita
3026 3985 3239 4040 magno
3282 3975 3347 4024 ut
3376 3975 3577 4025 noceat
3603 3965 3805 4038 corpori.

2157 4058 2434 4113 excitetur
2478 4057 2681 4128 ingens
2723 4057 2886 4111 dolor
2923 4058 2982 4111 in
3009 4058 3215 4112 animis
3247 4058 3676 4130 improborum?
3700 4054 3804 4107 Vide

2160 4147 2414 4218 Dionysii
2440 4146 2654 4200 Petavii
2687 4147 2944 4215 Dogmat.
3000 4147 3252 4219 theolog.
3296 4153 3439 4203 tom.
3474 4150 3568 4202 Ill.
3597 4148 3728 4218 Opus
3752 4143 3804 4196 de

2076 4217 2120 4272 Ῑ)
2157 4234 2389 4302 Angelis
2419 4233 2521 4287 lib.
2558 4251 2616 4298 ιι,
2648 4250 2772 4303 cap.
2829 4237 2878 4287 5.

2223 4324 2356 4393 Cap.
2417 4323 2504 4376 '24.
2560 4324 2624 4376 Ut
2671 4321 2814 4376 Deus
2870 4325 3187 4377 sententiam
3225 4339 3387 4378 suam
3433 4325 3637 4392 mitiget
3678 4327 3721 4376 et
3741 4335 3802 4372 re-

2149 4415 2325 4480 ﬂectat
2356 4410 2420 4466 in
2464 4411 2672 4464 melius.
2705 4409 2721 4480 ]
2753 4411 2913 4465 Joan.
2959 4411 3188 4467 Freder.
3231 4413 3556 4467 Gronovius
3589 4416 3719 4465 recte
3742 4409 3807 4460 le-

2150 4500 2234 4570 git
2262 4503 2320 4553 in
2348 4499 2586 4564 mollius,
2619 4498 2910 4552 Observat.
2942 4498 3002 4552 in
3057 4498 3250 4569 script.
3305 4501 3582 4555 ecclesiat.
3616 4514 3727 4568 cap.
3766 4497 3804 4546 6-

2150 4589 2239 4643 Sic
2270 4587 2625 4656 Hegesippus
2655 4585 2724 4639 de
2767 4585 2996 4640 Excidio
3023 4586 3306 4642 Hierosol.
3355 4589 3458 4642 lib.
3513 4607 3550 4654 ι,
3585 4603 3696 4657 cap.
3729 4585 3805 4637 t2:

2150 4677 2234 4731 Ab
2272 4674 2584 4730 Aristobulo
2621 4675 2975 4742 impetravere
3016 4679 3077 4728 ut
3120 4680 3352 4730 matrem
3400 4677 3470 4730 ab
3521 4674 3808 4729 exsecutione

2144 4765 2402 4834 praecepti
2442 4764 2724 4817 severioris
2769 4762 2843 4816 ad
2886 4763 3135 4816 molliora
3179 4766 3500 4833 inﬂecteret.
3561 4764 3644 4818 Sic
3679 4775 3806 4848 mss.

2148 4847 2246 4900 ubi
2289 4845 2430 4900 editi
2472 4845 2605 4899 libri
2652 4843 2865 4899 habent
2892 4847 3134 4901 meliora.
3175 4846 3337 4910 Quod
3361 4863 3429 4900 ex
3465 4845 3700 4901 melioris
3725 4843 3806 4894 sevi

2147 4934 2516 5003 scriptoribus
2545 4935 2835 5013 haustum.
2879 4933 3106 4988 Tacitus
3147 4936 3298 4989 Ann.
3335 4952 3375 4999 ι,
3421 4938 3556 4989 satis
3583 4942 3809 5002 superque

2145 5026 2398 5078 missione
2442 5029 2491 5078 et
2533 5025 2782 5092 pecunia,
2835 5028 2884 5076 et
2926 5024 3176 5078 mollibus
3234 5027 3497 5078 consultis
3547 5025 3803 5092 peccatum.

2149 5113 2504 5183 Hegesippus
2523 5111 2733 5165 iterum
2761 5127 2884 5181 cap.
2920 5115 2982 5165 16
3012 5131 3027 5165 :
3071 5113 3365 5182 Verbisque
3397 5116 3454 5167 in
3485 5112 3684 5166 mollius
3701 5121 3806 5175 sup-

2146 5204 2361 5271 pliciter
2391 5202 2624 5268 inﬂescis,
2657 5203 3003 5267 mitigaverat
3031 5199 3466 5270 indignationem
3486 5200 3718 5255 consulis.

2220 5291 2353 5360 Cap.
2407 5292 2496 5342 26.
2555 5289 2766 5343 Locum
2809 5289 3018 5343 Pauli]
3068 5291 3194 5345 Cor.
3251 5307 3336 5358 ιιι,
3389 5293 3474 5357 11,
3527 5289 3592 5343 de
3634 5282 3805 5340 funda-

2147 5383 2340 5432 mento
2367 5377 2460 5432 cui
2487 5377 2584 5430 alii
2613 5377 2850 5447 quidem
2877 5377 3338 5448 superaediﬁcant
3365 5393 3589 5441 aurum,
3632 5386 3805 5442 argen—

2147 5470 2267 5520 tum
2299 5465 2526 5536 aliaque
2569 5465 2849 5534 pretiosa;
2902 5466 2998 5519 alii
3027 5483 3158 5521 vero
3186 5465 3366 5536 ligna,
3408 5465 3616 5526 fenum,
3648 5460 3800 5529 stipu-
