3920 6180
118 280 221 334 505

925 278 1286 337 VARIORUM
1329 279 1932 344 EXERCITATIONES
1970 290 2036 343 IN
2078 290 2131 344 S.
2174 289 2542 346 AUGUSTINI
2580 288 2830 344 OPERA.

3527 295 3630 348 506

116 417 231 469 lam
260 435 275 480 ;
307 413 418 468 sibi
475 414 805 485 objicientes
834 416 1054 471 inducit
1082 419 1361 489 quosdam
1388 421 1487 492 qui
1512 421 1818 478 credebant
1859 411 1903 465 Α
1939 419 2130 473 Cicero
2161 436 2308 474 anno
2340 420 2572 474 demum
2611 425 2740 492 post
2784 384 2990 475 Urbem
3016 421 3300 476 conditam
3330 424 3431 477 648
3463 428 3631 478 natus

117 505 469 574 baptismum
499 509 554 557 et
588 504 845 559 Ecclesiae
883 507 1174 561 catholicas
1201 511 1663 564 communionem
1693 514 1825 566 satis

120 610 244 649 esse
268 593 339 645 ad
378 593 668 646 vitandam
706 594 1133 650 damnationem
1165 601 1465 653 aeternam.
1505 600 1649 654 Tum
1676 600 1823 656 circa

124 699 255 735 eum
289 683 475 734 locum
504 684 750 736 multum
793 683 1032 747 luesitat,
1068 686 1232 754 quasi
1268 686 1327 740 in
1358 703 1425 740 eo
1456 703 1644 741 sermo
1677 694 1825 744 esset

118 771 189 823 de
219 770 493 833 moribus,
530 786 657 823 cum
710 772 916 825 Paulus
947 772 1215 842 loquatur
1261 775 1329 827 de
1368 775 1752 831 doctrina.Sic
1774 784 1829 833 et

114 856 253 909 alibi
285 856 346 911 in
378 874 445 911 eo
484 857 913 929 interpretando
963 863 1240 916 mstuavit.
1278 863 1413 917 Vide
1458 864 1725 919 adnotata
1755 866 1826 919 ad

113 949 373 1013 tom.Vl,
429 947 490 1001 in
529 948 629 1002 lib.
679 949 747 1002 de
802 950 933 1002 Fide
980 955 1039 1003 et
1081 950 1359 1020 Operibus
1388 968 1512 1023 cap.
1552 958 1635 1007 15.
1686 955 1825 1009 Hinc

112 1041 247 1088 nata
288 1037 405 1089 alia
444 1037 722 1104 mstuatio,
775 1054 903 1108 quae
956 1038 1015 1091 in
1038 1038 1193 1092 hisce
1238 1040 1427 1094 verbis
1476 1057 1535 1093 se
1582 1043 1819 1111 prodit:

112 1126 239 1178 Post
261 1126 426 1178 istius
455 1140 583 1178 sane
611 1128 848 1193 corporis
880 1130 1115 1187 mortem,
1147 1127 1309 1181 donec
1348 1128 1423 1181 ad
1453 1130 1607 1183 illum
1644 1134 1826 1185 venia-

110 1217 203 1265 tur
223 1214 329 1279 qui
343 1218 464 1280 post
492 1216 932 1267 resurrectionem
953 1230 1236 1283 corporum
1266 1217 1495 1282 futurus
1529 1222 1627 1286 est,
1667 1219 1823 1272 dam-

109 1302 360 1353 nationis
420 1305 469 1353 et
528 1304 975 1356 remunerationis
1022 1304 1245 1357 ultimus
1304 1304 1436 1371 dies,
1470 1307 1520 1358 si
1570 1306 1664 1360 hoc
1701 1312 1822 1361 tem-

105 1391 264 1457 poris
299 1390 586 1443 intervallo
614 1392 842 1458 spiritus
890 1391 1268 1457 defunctorum
1323 1394 1588 1460 ejusmodi
1645 1398 1824 1462 ignem

109 1478 379 1532 dicuntur
408 1481 615 1547 perpeti
635 1494 790 1546 quem
815 1496 920 1533 non
944 1482 1180 1534 sentiant
1209 1480 1296 1534 illi
1331 1484 1428 1549 qui
1478 1497 1585 1536 non
1618 1484 1824 1537 habue-

107 1572 245 1619 runt
286 1568 422 1620 tales
452 1582 620 1620 mores
651 1572 701 1620 et
742 1582 965 1634 amores,
1016 1570 1073 1620 in
1120 1569 1283 1637 hujus
1312 1573 1551 1638 corporis
1582 1573 1719 1636 vita,
1762 1576 1824 1625 ut

107 1671 299 1707 eorum
330 1655 501 1720 ligna,
528 1656 733 1720 fenum,
771 1657 977 1723 stipula
1024 1661 1407 1723 consumatur;
1439 1657 1540 1711 alii
1557 1674 1680 1712 vero
1701 1674 1819 1714 sen-
1859 1690 1901 1744 Β

108 1745 277 1807 tiant,
314 1744 413 1809 qui
433 1742 747 1810 hujusmodi
792 1758 967 1796 secum
1018 1743 1254 1810 adi/icta
1283 1749 1638 1813 portaverunt
1672 1749 1821 1811 ;sive

108 1831 191 1883 ibi
214 1834 447 1895 tantum,
476 1832 588 1884 sive
614 1834 665 1883 et
693 1832 779 1884 hic
820 1835 871 1883 et
908 1832 986 1883 ibi
1008 1848 1021 1897 ;
1051 1833 1160 1885 sive
1188 1832 1307 1887 ideo
1353 1834 1461 1902 hic,
1493 1838 1552 1887 ut
1584 1850 1689 1888 non
1718 1837 1817 1904 ibi,

109 1917 404 1970 saecularia
435 1920 681 1985 quamvis
703 1935 737 1971 a
757 1918 1103 1972 damnatione
1137 1922 1375 1974 veniatin
1404 1928 1821 1978 concremantem

106 2006 293 2069 ignem
322 2008 651 2059 transitoria?
681 2007 1049 2061 tribulationis
1066 2010 1364 2076 inveniant,
1392 2025 1500 2063 non
1527 2012 1817 2078 redarguo,

109 2095 252 2159 quia
278 2095 519 2159 forsitan
555 2110 740 2148 verum
768 2100 864 2149 est.
889 2096 977 2149 Sic
1006 2096 1098 2149 hic
1135 2097 1294 2150 Pauli
1324 2098 1477 2151 locus
1508 2098 1614 2152 fuit
1645 2100 1821 2154 veluti

107 2182 407 2249 scopulus,
458 2182 518 2235 in
557 2199 731 2253 quem
772 2199 885 2237 non
937 2185 1109 2239 semel
1149 2185 1392 2256 impegit
1429 2188 1818 2258 Augustinus;

105 2284 287 2337 quem
318 2272 510 2323 tamen
534 2271 740 2337 virum,
775 2272 937 2342 quasi
974 2288 1247 2343 magnum
1287 2274 1594 2344 Scripturaa
1641 2276 1821 2331 inter-

106 2362 361 2426 pretem,
402 2359 569 2411 multi
600 2360 764 2413 nobis
796 2361 1127 2427 venditant;
1155 2364 1252 2416 sed
1284 2363 1492 2433 quibus
1521 2364 1562 2419 ii
1582 2365 1817 2420 demum

106 2445 351 2498 credent
388 2446 597 2515 quibus
648 2448 871 2501 nullum
904 2452 987 2501 est
1035 2465 1324 2503 sacrorum
1380 2451 1662 2505 librorum
1703 2457 1818 2506 stu-

104 2530 297 2597 dium,
338 2536 437 2586 aut
470 2534 569 2604 qui
599 2534 905 2604 Augustini
944 2552 1118 2606 opera
1159 2552 1457 2609 nunquam
1494 2544 1709 2595 attente
1738 2542 1819 2595 le-

104 2625 344 2687 gerunt.

184 2712 358 2764 LIBRO
392 2727 527 2777 xxu,
574 2727 695 2782 cap.
728 2716 782 2765 7.
835 2714 966 2769 Cum
990 2716 1254 2769 sexcentis
1283 2716 1452 2781 ferme
1495 2718 1654 2772 annis
1698 2722 1823 2772 ante

104 2800 419 2853 Ciceronem
469 2802 723 2854 Romulus
761 2802 953 2868 fuerit,
998 2801 1131 2873 etc.]
1168 2805 1218 2857 Ι.
1278 2805 1416 2859 Lud.
1454 2806 1612 2860 Vives
1644 2806 1823 2861 edidit

105 2893 235 2941 ante
285 2889 633 2957 Scipionem;
674 2905 881 2961 nempe
919 2891 1310 2951 xEmilianum.
1344 2893 1443 2963 qui
1480 2894 1539 2946 in
1570 2894 1728 2948 libris
1751 2894 1820 2948 de

107 2975 430 3045 Republica
484 2976 729 3046 loquens
778 2994 808 3030 a
886 2978 1154 3033 Cicerone
1206 2979 1622 3047 inducebatur;
1685 2982 1821 3053 quia

1333 3260 1426 3327 IN
1503 3259 1849 3327 TOMUM

419 3490 828 3547 DESIDERIUS
869 3491 1184 3547 ERASMUS
1216 3492 1529 3548 LECTORI.

178 3598 689 3663 Quemadmodum
709 3599 769 3652 in
787 3598 1002 3668 praeliis
1020 3599 1164 3651 solet
1180 3598 1546 3668 potissimum
1572 3599 1816 3654 emicare

112 3687 294 3743 virtus
316 3693 375 3741 et
422 3687 591 3741 ardor
627 3686 875 3741 militum
921 3688 1270 3757 ducumque,
1313 3686 1390 3740 ita
1419 3688 1602 3741 divius
1621 3691 1816 3758 Augu-

115 3776 315 3841 stinus,
352 3792 484 3829 cum
507 3792 791 3846 nusquam
813 3791 931 3828 non
959 3774 1033 3828 sit
1060 3774 1258 3828 multis
1289 3774 1684 3845 suspiciendus
1713 3792 1814 3829 no-

117 3864 390 3930 minibus,
422 3864 574 3917 haud
626 3864 760 3918 alibi
790 3869 985 3916 tamen
1040 3862 1233 3927 eluxit,
1267 3868 1547 3932 quantum
1576 3863 1819 3917 valuerit

114 3954 380 4007 acumine
409 3952 649 4023 ingenii,
689 3952 1000 4006 subtilitate
1040 3951 1263 4020 judicii,
1299 3952 1681 4018 vehementia,
1714 3968 1812 4005 co-

114 4040 322 4110 piaque
353 4039 688 4099 disserendi,
715 4055 887 4108 quam
919 4038 977 4092 in
1008 4039 1096 4092 his
1118 4039 1277 4092 libris
1311 4056 1324 4105 ;
1375 4040 1434 4093 in
1466 4040 1671 4109 quibus
1714 4055 1816 4109 pro

114 4127 529 4197 tranquillitate
567 4127 769 4181 domus
806 4127 923 4191 Dei,
978 4143 1151 4197 quam
1183 4127 1350 4181 unice
1381 4127 1676 4197 diligebat,
1708 4144 1814 4198 pu-

114 4221 247 4285 gnat
288 4216 558 4268 adversus
595 4216 879 4269 haereses:
918 4231 1058 4285 quas
1111 4232 1242 4269 cum
1290 4216 1395 4269 hoc
1435 4216 1569 4270 odio
1599 4216 1814 4286 majore

113 4309 574 4375 prosequeretur,
607 4320 721 4374 quo
779 4303 1097 4373 impensius
1138 4305 1366 4359 amabat
1389 4304 1595 4358 Christi
1635 4321 1815 4375 spon—

114 4408 231 4445 sam
274 4391 596 4454 Ecclesiam,
646 4396 841 4445 tamen
883 4392 1095 4462 ubique
1150 4392 1427 4461 singulari
1459 4392 1696 4446 caritate
1732 4392 1812 4445 la-

115 4481 287 4542 borat,
348 4485 415 4534 ut
465 4480 730 4535 homines
768 4485 932 4534 sanet
958 4480 1147 4550 potius
1193 4496 1365 4551 quam
1393 4481 1609 4551 perdat.
1670 4482 1812 4552 Lege

117 4568 369 4634 feliciter,
404 4584 467 4621 ac
494 4569 639 4622 vale.

596 4654 1252 4711 ANIMADVERSIONES

608 4760 662 4798 IN
692 4760 891 4800 LIBRUM
923 4762 989 4798 DE
1016 4760 1344 4799 HERESIBUS.

188 4833 401 4888 Praefat.
442 4834 631 4889 Noster
681 4849 805 4887 vero
848 4832 1198 4904 Epiphanius
1251 4833 1486 4901 Cyprius
1530 4834 1811 4902 episcopus

115 4919 306 4974 abhinc
334 4937 440 4975 non
461 4922 612 4988 longe
640 4921 797 4975 rebus
829 4922 1076 4975 humanis
1108 4926 1408 4989 ememptus,
1437 4920 1502 4974 de
1541 4923 1813 4989 octoginta

117 5010 399 5063 haeresibus
437 5012 676 5078 loquens,
725 5025 820 5064 sea:
850 5010 1014 5063 libros
1044 5012 1207 5063 etiam
1250 5007 1591 5077 conscripsit,
1636 5010 1811 5063 histo-

115 5100 229 5150 rica
248 5101 561 5152 narratione
576 5112 988 5153 commemorans
1028 5099 1226 5162 omnia,
1249 5098 1403 5150 nulla
1436 5097 1811 5165 disputatione

119 5185 367 5241 adversus
395 5188 698 5252 falsitatem
739 5201 837 5255 pro
874 5188 1099 5240 veritate
1145 5182 1470 5255 decertans.]
1520 5185 1813 5239 Adnotant

125 5275 461 5330 Benedictini
509 5275 574 5329 ad
617 5274 739 5328 haec
766 5275 955 5338 verba,
1005 5273 1389 5344 Augustinum
1428 5273 1633 5327 vidisse
1663 5275 1809 5328 dun-

122 5368 264 5419 taxat
289 5366 775 5435 Anacephataeosin
804 5366 1109 5434 Epiphanii
1134 5384 1155 5429 ;
1187 5364 1283 5418 sed
1330 5380 1401 5417 ne
1431 5364 1539 5417 hoc
1575 5364 1808 5435 quidem

126 5465 256 5520 opus
305 5454 598 5523 integrum
648 5451 805 5518 vidit,
854 5452 1015 5521 cujus
1051 5450 1237 5517 initio,
1282 5454 1338 5503 et
1366 5449 1624 5521 pluribus
1672 5450 1810 5504 locis

125 5537 324 5595 indicat
359 5541 605 5611 scriptor
652 5555 710 5595 se
738 5539 973 5610 majoris
1006 5538 1192 5610 operis
1226 5537 1516 5608 epitomen
1539 5536 1803 5594 scribere.

1936 512 2039 561 est.
2088 509 2200 561 Sed
2252 514 2400 562 recte
2449 509 2802 563 Benedictini
2833 510 3138 564 lectionem
3189 513 3441 578 allatam,
3499 529 3628 583 quas

1935 600 2020 649 est
2047 596 2306 649 omnium
2339 612 2471 650 mss.
2511 596 2792 661 codicum,
2828 596 3206 663 retinuerunt,
3233 598 3369 669 quia
3392 598 3631 653 minime

1936 700 2162 737 necesse
2196 689 2280 738 est
2309 686 2689 754 Augustinum
2722 702 2787 739 ex
2840 687 3115 757 memoria
3145 688 3494 757 loquentem,
3531 704 3631 741 ac-

1935 771 2185 825 curatius
2211 773 2458 825 calculos
2502 774 2755 843 posuisse
2790 790 2802 839 ;
2836 790 2940 827 nec
2967 778 3049 827 est
3081 780 3372 845 peccatum
3404 781 3627 831 tantum

1933 865 1998 914 ut
2028 862 2085 913 in
2108 860 2164 914 id
2196 860 2446 914 incidere
2478 878 2593 914 non
2616 862 2885 930 potuerit.

2006 949 2170 1003 Lmao
2199 966 2333 1015 xxu,
2368 965 2490 1019 cap.
2525 952 2577 1015 8,
2605 949 2631 1019 ξ
2670 956 2714 1004 l.
2748 952 2873 1015 Cur,
2914 954 3189 1019 inquiunt,
3223 968 3364 1006 nunc
3394 953 3493 1006 illa
3520 956 3632 1008 mi—

1932 1039 2118 1091 racula
2151 1055 2269 1107 qua
2288 1039 2599 1107 praedicatis
2622 1040 2777 1105 facta
2814 1054 2942 1105 esse,
2974 1056 3079 1094 non
3108 1044 3245 1108 ﬁunt
3270 1040 3315 1111 ἲ]
3352 1042 3445 1095 Est
3473 1042 3630 1112 obje-

1933 1126 2045 1180 ctio
2075 1127 2458 1192 ethnicorum,
2482 1128 2551 1180 ad
2582 1143 2754 1197 quam
2774 1130 3129 1183 commodius
3150 1131 3477 1185 solvendam
3501 1131 3630 1185 licta

1932 1219 2084 1279 sunt,
2118 1220 2320 1285 quarto
2367 1215 2682 1283 praesertim
2730 1217 2937 1269 saaculo
2968 1217 3409 1273 innumerabilia
3449 1220 3630 1274 mira-

1931 1304 2057 1355 cula
2105 1302 2499 1373 reliquiarum,
2551 1319 2679 1373 quae
2734 1311 2899 1358 antea
2921 1304 3176 1360 inaudita
3214 1306 3459 1361 fuerant.
3488 1309 3630 1363 Cum

1932 1390 2215 1444 incautius
2272 1408 2335 1445 ac
2379 1392 2619 1461 proinde
2673 1392 2863 1445 verius
2894 1394 3272 1464 loquebantur
3328 1394 3632 1449 Christiani

1932 1479 2103 1548 hujus
2162 1480 2287 1543 aevi,
2332 1480 2656 1534 fatebantur
2694 1481 2969 1535 miracula
3019 1499 3135 1536 non
3185 1482 3432 1553 amplius
3483 1481 3629 1547 ﬁeri,

1931 1568 2082 1637 quod
2114 1568 2349 1638 contigit
2403 1569 2723 1640 Augustino
2788 1570 2847 1623 in
2878 1569 2975 1623 lib.
3038 1571 3106 1625 de
3142 1573 3283 1625 Vera
3329 1570 3631 1640 Religione

1933 1672 2055 1727 cap.
2087 1658 2180 1724 25,
2214 1657 2310 1709 ubi
2337 1662 2509 1726 negat
2533 1659 2802 1711 miracula
2828 1659 2927 1711 illa
2965 1658 3182 1729 (qualia
3215 1657 3633 1729 apostolorum)

1931 1745 1990 1796 in
2040 1747 2227 1798 nostra
2248 1744 2509 1813 [tempora
2567 1745 2769 1798 durare
2792 1748 3077 1813 permissa.
3130 1746 3239 1799 Sed
3274 1749 3472 1814 postea
3508 1746 3630 1799 haec

1929 1832 2101 1885 verba
2144 1833 2488 1886 retractavit.
2539 1838 2770 1903 propter
2810 1849 2956 1886 nova
3006 1832 3296 1899 miracula,
3334 1834 3494 1904 cujus
3523 1835 3632 1887 uti-

1930 1919 2149 1974 litatem
2171 1920 2623 1974 animadvertere
2645 1922 2824 1974 serius
2844 1921 3032 1991 coepit.
3070 1923 3167 1975 Hic
3188 1938 3417 1992 quoque
3448 1922 3629 1976 multa

1930 2014 2126 2062 narrat
2155 2025 2283 2079 quae
2315 2008 2511 2062 omnia
2553 2009 2764 2063 claudit
2793 2010 3024 2080 egregia
3067 2010 3164 2063 illa
3204 2009 3531 2064 narratione
3558 2010 3628 2063 de

1930 2112 2045 2167 qua
2092 2097 2160 2149 ad
2216 2101 2358 2150 tom.
2406 2098 2448 2147 V
2498 2096 2738 2167 egimus.
2793 2098 2900 2151 Sed
2930 2098 2997 2151 de
3051 2098 3205 2152 hisce
3250 2098 3539 2163 omnibus,
3572 2103 3629 2152 et

1930 2184 2249 2254 prtesertim
2327 2184 2396 2238 de
2444 2185 2633 2256 quarti
2683 2186 2876 2239 saeculi
2932 2186 3076 2240 lictis
3133 2186 3444 2254 miraculis,
3501 2186 3629 2240 vide

1932 2274 2101 2326 Henr.
2139 2273 2485 2327 Dodwellum
2528 2273 2586 2326 in
2619 2274 2845 2329 dissert.
2897 2274 3154 2328 Irenaica
3183 2276 3235 2328 2.

2002 2363 2135 2433 Cap.
2169 2363 2257 2427 24,
2301 2361 2327 2431 §
2352 2365 2401 2416 3.
2437 2364 2567 2426 Qua:
2594 2365 2653 2416 in
2684 2363 2909 2416 theatris
2931 2364 3212 2417 mirabilia
3240 2363 3628 2432 spectantibus,

1931 2450 2279 2504 audientibus
2300 2450 2643 2503 incredibilia
2688 2455 2736 2503 et
2767 2451 3071 2505 exhibenda
3101 2452 3289 2505 molita
3318 2455 3419 2517 sit;
3452 2452 3629 2505 indu-

1932 2539 2069 2592 stria
2098 2554 2305 2608 nempe
2355 2536 2653 2608 humana]
2690 2538 2981 2608 lntelligit,
3015 2543 3077 2592 ut
3104 2540 3262 2592 Justo
3304 2538 3491 2610 Lipsio
3542 2538 3624 2591 vi-

1932 2627 2116 2694 detur,
2150 2630 2436 2696 pegmata,
2487 2642 2587 2679 seu
2617 2626 2908 2680 machinas
2951 2628 3303 2680 theatrorum
3334 2647 3350 2693 ;
3381 2643 3628 2697 quorum

1934 2719 2266 2786 pegmatum
2288 2715 2487 2783 ﬁgurae
2518 2719 2573 2767 et
2601 2720 2792 2768 motus
2822 2714 3105 2769 mirabilia
3135 2716 3451 2785 spectacula
3481 2732 3627 2784 prie.-

1930 2805 2162 2868 bebant,
2211 2805 2274 2856 ut
2322 2802 2519 2855 multis
2579 2803 2829 2855 ostendit
2864 2803 2949 2856 vir
3000 2802 3361 2856 doctissimus
3390 2803 3448 2855 in
3481 2804 3627 2857 libro

1930 2892 1999 2945 de
2032 2891 2468 2961 Amphitheatro
2511 2906 2633 2961 cap.
2682 2892 2771 2951 22,
2816 2892 2967 2962 quod
3025 2891 3229 2959 legisse
3283 2907 3400 2944 non
3454 2892 3629 2962 poeni-

1931 2980 2091 3033 tebit.

1930 3258 2442 3329 OCTAVUM.

1854 3496 1893 3552 (ἶ
1931 3514 2211 3569 Credibile
2263 3518 2349 3569 est
2386 3513 2773 3585 Augustinum
2815 3518 3078 3584 excerpta
3109 3515 3329 3567 tantum
3353 3527 3419 3566 ex
3441 3527 3530 3581 eo,
3554 3511 3625 3565 ab

1928 3602 2118 3673 aliquo
2147 3604 2335 3658 Graece
2362 3604 2570 3657 sciente
2600 3604 2765 3667 facta,
2790 3601 3083 3657 habuisse.

2000 3691 2207 3743 Hmres.
2248 3695 2299 3744 l.
2336 3690 2472 3754 Quae
2504 3694 2589 3743 est
2618 3688 3083 3744 Simonianorum
3118 3708 3133 3743 :
3184 3689 3367 3743 Jovem
3385 3704 3442 3743 se
3479 3689 3627 3742 credi

1924 3778 2154 3843 volebat,
2227 3779 2525 3832 Minervam
2570 3793 2694 3831 vero
2758 3779 3087 3830 meretricem
3139 3777 3415 3844 quandam
3471 3778 3624 3830 Hele-

1923 3880 2047 3931 nen,
2081 3880 2243 3934 quam
2281 3866 2387 3919 sibi
2444 3868 2644 3918 sociam
2673 3866 2930 3918 scelerum
2961 3865 3201 3929 fecerat;
3253 3866 3626 3931 imaginesque

1924 3956 1974 4004 et
2016 3968 2172 4005 suam
2198 3958 2249 4006 et
2275 3952 2513 4021 ejusdem
2556 3954 2852 4006 meretricis
2889 3952 3174 4020 discipulis
3218 3954 3329 4005 suis
3358 3952 3626 4019 prabebat

1924 4039 2235 4094 adorandus
2257 4056 2270 4105 ;
2298 4055 2433 4108 quas
2455 4046 2505 4094 et
2530 4044 2724 4106 Romae,
2774 4044 3035 4107 tanquam
3062 4040 3280 4093 deorum
3303 4040 3619 4105 simulacra,

1924 4130 2245 4181 auctoritate
2268 4129 2488 4196 publica
2525 4125 2919 4197 constituerat.]
2970 4127 3057 4180 Sic
3101 4127 3377 4197 paulatim
3406 4141 3622 4195 augen-

1924 4220 2017 4269 tur
2044 4217 2271 4279 fabulae,
2303 4220 2474 4286 prout
2503 4232 2535 4269 a
2571 4215 2830 4286 pluribus
2855 4220 3162 4269 narrantur
3194 4214 3406 4267 :instar
3432 4213 3622 4281 rivuli,

1924 4304 2044 4374 qui,
2078 4304 2201 4358 aliis
2247 4310 2420 4376 atque
2468 4304 2594 4358 aliis
2625 4304 3025 4358 accedentibus
3078 4302 3264 4373 aquis,
3295 4302 3525 4356 tandem
3560 4302 3625 4355 lit

1923 4394 2122 4449 amnis.
2161 4392 2646 4448 Clementinarum
2690 4392 3171 4463 Recognitionum
3197 4394 3397 4445 auctor
3427 4390 3522 4444 lib.
3560 4406 3621 4457 ιι,

1924 4483 1951 4548 §
1981 4484 2033 4543 9,
2066 4489 2122 4536 et
2152 4483 2407 4537 Justinus
2458 4483 2666 4552 Martyr
2697 4482 2846 4552 apol.
2890 4485 2938 4549 l,
2968 4480 3358 4534 meminerunt
3386 4478 3620 4550 quidem

1922 4574 2122 4624 statuae
2156 4570 2422 4637 Simonis,
2474 4571 2670 4625 Romae
2715 4570 3001 4623 collocatas
3030 4586 3043 4634 ;
3078 4569 3173 4623 sed
3198 4569 3267 4624 de
3316 4572 3499 4623 statua
3529 4570 3622 4624 Se-

1922 4658 2051 4711 lena’
2067 4658 2148 4710 vel
2178 4658 2418 4721 Helene,
2451 4658 2571 4727 ejus
2600 4657 2951 4723 concubinae,
2983 4658 3130 4711 nihil
3164 4657 3396 4711 habent.
3422 4658 3621 4727 Itaque

1923 4745 2029 4799 hoc
2050 4745 2160 4798 erit
2201 4746 2656 4799 additamentum
2713 4745 3040 4814 Augustini,
3092 4761 3158 4799 ex
3190 4742 3471 4798 memoria
3499 4744 3623 4796 haec

1920 4830 2239 4887 scribentis.
2260 4832 2459 4885 Mirum
2511 4837 2597 4886 est
2653 4831 2907 4885 fabulam
2934 4833 3001 4885 de
3037 4834 3225 4902 posita
3256 4849 3288 4885 a
3346 4829 3621 4885 Romanis

1921 4926 2104 4975 statua
2142 4924 2255 4974 tam
2290 4924 2516 4990 turpem
2547 4925 2603 4975 et
2644 4925 2761 4973 tam
2806 4920 3192 4985 manifestam,
3221 4936 3347 4990 quae
3377 4917 3618 4988 proinde

1921 5010 2123 5063 merito
2149 5009 2218 5063 ab
2250 5008 2489 5062 ethnicis
2537 5008 2852 5075 ridebatur,
2897 5024 3074 5077 usque
3138 5008 3275 5061 adeo
3331 5005 3619 5059 veteribus

1918 5098 2218 5169 placuisse,
2254 5102 2315 5151 ut
2343 5113 2458 5150 uno
2489 5112 2586 5151 ore
2616 5096 2773 5150 illam
2817 5094 3246 5148 afﬁrmaverint.
3283 5094 3420 5147 Vide
3449 5094 3615 5149 Joan.

1920 5189 2079 5257 Bapt.
2113 5184 2455 5241 Cotelerium
2477 5186 2547 5240 ad
2574 5185 3015 5239 Constitutiones
3044 5182 3380 5253 apostolicas
3403 5182 3502 5238 lib.
3540 5200 3618 5251 v1,

1916 5292 2038 5345 cap.
2069 5278 2121 5341 9,
2168 5275 2422 5345 itemque
2481 5275 2548 5329 ad
2612 5273 3092 5344 Recognitionum
3136 5271 3231 5325 lib.
3255 5287 3313 5335 ιι,
3364 5286 3487 5341 cap.
3560 5275 3612 5327 9.

1915 5362 2023 5417 Sed
2048 5362 2265 5417 fallitur
2291 5362 2374 5414 vir
2403 5361 2762 5416 doctissimus
2788 5376 2915 5414 cum
2950 5357 3140 5411 innuit
3182 5358 3251 5411 ab
3298 5358 3615 5428 Augustino

1918 5452 2113 5521 negari
2138 5451 2289 5521 quod
2321 5451 2658 5505 narrabatur
2690 5450 2759 5503 de
2791 5446 3023 5501 interitu
3061 5445 3323 5506 Simonis,
3348 5447 3512 5516 epist.
3549 5448 3614 5499 36

1917 5539 1986 5594 ad
2017 5540 2380 5606 Casulanum,
2412 5555 2541 5592 cum
2571 5538 2719 5592 dicat
2761 5541 2983 5590 tantum
3034 5537 3316 5589 Romanos
3376 5549 3614 5605 negasse
