3884 6178
387 273 485 324 507

1410 270 1966 327 SUPPLEMENTUM
2004 271 2094 325 AD
2131 269 2364 326 OPERA
2402 271 2457 325 s.
2499 243 2884 328 AUGUSTINI.
3703 299 3780 350 508

386 395 618 449 Petrum
670 395 762 450 die
802 393 1020 448 sabbati
1055 393 1368 464 jejunasse,
1417 409 1548 447 cum
1592 397 1739 448 esset
1767 394 1857 448 die
1893 392 2077 447 domi-
2116 393 2160 446 A
2190 392 2468 447 auxilium
2498 394 2651 448 aliud
2683 394 2942 450 divinum
2994 398 3368 454 necessarium
3417 404 3497 468 sit,
3525 411 3657 477 quod
3698 430 3783 469 non

381 484 510 537 nico
567 487 841 556 sequente
885 498 1012 536 cum
1058 481 1288 536 Simone
1344 483 1504 552 Mago
1563 485 1900 536 certaturus.
1951 483 2075 534 Jam

380 572 590 627 eruditi
610 573 787 626 ferme
811 570 1171 625 consentiunt
1197 570 1483 624 Justinum
1529 577 1628 624 aut
1673 570 1851 624 alium
1890 574 2079 625 aucto-

379 678 502 715 rem
531 662 705 732 hujus
725 661 929 714 fabulaa
965 659 1265 729 deceptum
1300 659 1472 712 fuisse
1505 664 1693 713 statua
1724 658 1950 712 Herculi
1979 675 2078 728 po-

382 751 485 805 sita
530 751 591 803 in
623 750 810 803 insula
856 748 1141 815 Tiberina,
1190 748 1350 818 cujus
1389 747 1704 800 etiamnum
1735 747 1906 800 hodie
1929 746 2077 799 basis

381 842 656 908 superest,
727 853 858 890 cum
917 837 1022 890 hac
1095 836 1467 906 inscriptione
1534 835 1791 889 SEMONI
1852 834 2074 888 SANCO

383 925 514 978 Ι)Εο
577 925 716 979 Vide
778 927 900 978 Des.
963 924 1270 978 Heraldum
1329 924 1399 976 ad
1440 923 1771 977 Tertullian.
1828 923 2072 991 Apolog.

377 1029 503 1084 cap.
535 1017 636 1078 l3;
669 1015 834 1067 Henr.
876 1012 1153 1066 Valesium
1188 1011 1256 1065 ad
1293 1011 1517 1065 Eusebii
1543 1011 1687 1064 Hist.
1727 1011 1927 1072 eccles,
1958 1009 2066 1065 lib.

377 1120 437 1169 Il,
462 1119 587 1172 cap.
615 1105 701 1172 13,
724 1102 980 1172 aliosque
1001 1100 1228 1172 passim.
1266 1099 1405 1154 Hinc
1441 1087 1632 1153 autem
1665 1098 1846 1170 liquet
1873 1097 2075 1169 quanti

375 1191 669 1245 faciendus
721 1191 794 1245 sit
841 1207 1147 1244 consensus
1203 1190 1548 1254 multorum,
1611 1187 1730 1241 sine
1789 1187 2070 1252 examine,

376 1281 621 1334 aliorum
650 1285 778 1350 post
809 1278 948 1333 alios
977 1279 1128 1332 idem
1158 1283 1372 1331 temere
1396 1275 1826 1331 attirmantium.
1879 1274 2074 1330 Simile

375 1369 702 1437 exemplum
735 1367 1184 1421 animadvertere
1211 1370 1295 1419 est
1337 1365 1498 1420 Civit.
1543 1367 1642 1419 Dei
1673 1365 1769 1418 lib.
1803 1381 1890 1428 xx,
1945 1379 2068 1433 cap.

374 1460 464 1521 29,
497 1457 566 1510 de
598 1457 848 1511 adventu
869 1456 1003 1509 Elia:
1033 1458 1163 1508 ante
1189 1455 1458 1508 ultimum
1483 1453 1786 1523 judicium.
1829 1452 1886 1506 Si
1917 1468 2070 1505 erro-

377 1561 498 1599 rem
529 1545 704 1599 vitare
731 1545 970 1598 velimus
1001 1544 1062 1597 in
1108 1543 1391 1613 ejusmodi
1422 1543 1611 1610 rebus,
1659 1559 1786 1612 quas
1818 1541 2074 1612 plurium

375 1633 702 1688 testimonio
741 1632 971 1703 probari
1021 1632 1224 1697 solent,
1279 1637 1412 1686 ante
1456 1632 1650 1686 omnia
1687 1631 2072 1702 expendamus

377 1727 603 1793 oportet
632 1722 840 1792 quibus
863 1737 1058 1775 eorum
1093 1720 1192 1791 qui
1221 1721 1607 1786 consentiunt,
1657 1736 1747 1774 res
1777 1723 2073 1790 perspecta

377 1826 497 1864 esse
526 1810 802 1881 potuerit,
840 1825 1049 1879 eosque
1087 1809 1158 1863 ab
1188 1809 1314 1862 aliis
1361 1809 1729 1879 sejungamus
1763 1825 1776 1874 ;
1805 1824 1940 1862 nam
1979 1809 2078 1878 qui

373 1903 646 1969 repetunt
674 1902 895 1952 tantum
929 1899 999 1951 ab
1039 1897 1164 1951 aliis
1189 1902 1437 1966 accepta,
1473 1913 1538 1950 ea
1588 1897 1651 1950 in
1681 1913 1810 1968 quas
1840 1896 2076 1950 minime

374 1985 817 2057 inquisiverunt,
852 1985 1074 2056 indigni
1104 1990 1236 2040 sunt
1267 1985 1367 2057 qui
1415 1985 1648 2040 testium
1691 2002 1934 2040 numero
1980 1985 2077 2038 ha-

371 2074 636 2129 beantur.
687 2075 847 2138 Quod
874 2074 921 2127 si
970 2075 1143 2128 etiam
1181 2074 1358 2145 primi
1406 2075 1491 2128 rei
1521 2077 1826 2128 assertores
1863 2074 1920 2127 id
1952 2090 2078 2143 pro-

372 2162 610 2216 tulerint
639 2162 792 2232 quod
814 2162 992 2231 probe
1029 2178 1146 2215 non
1199 2165 1425 2228 norant,
1460 2161 1640 2215 nubes
1685 2161 1782 2215 illa
1821 2161 2077 2232 speciosa

372 2251 603 2304 testium
649 2251 917 2304 facillime
965 2249 1290 2319 dissipatur.
1326 2249 1463 2313 Quae
1498 2249 1560 2302 in
1605 2248 1846 2303 historia
1886 2249 1954 2302 de
1983 2249 2070 2303 Si-

375 2337 563 2392 monis
597 2338 744 2407 Magi
772 2342 957 2391 statua
999 2337 1296 2391 observare
1335 2341 1438 2402 est,
1471 2353 1574 2390 nec
1604 2336 1718 2390 scio
1756 2353 1827 2390 an
1859 2353 1976 2390 non
2007 2337 2076 2392 de

375 2429 496 2480 tota
527 2425 994 2480 Simonianorum
1025 2430 1174 2479 secta
1210 2424 1320 2479 dici
1351 2429 1602 2494 queant;
1637 2441 1770 2478 nam
1815 2424 2076 2495 quamvis

375 2518 596 2569 constet
627 2531 695 2568 cx
715 2515 866 2568 Actis
897 2513 1220 2585 apostolicis
1250 2513 1543 2568 Simonem
1579 2513 1752 2566 fuisse
1783 2513 2076 2568 hominem

378 2618 650 2673 nequam,
682 2604 864 2656 multa
885 2603 954 2656 de
983 2617 1050 2655 eo
1072 2602 1200 2655 ficta
1221 2605 1376 2666 sunt,
1401 2606 1465 2654 ut
1485 2601 1662 2672 liquet
1678 2617 1740 2654 ex
1769 2601 2077 2655 Clementis

377 2690 902 2760 Recognitionibns.

449 2781 662 2835 Haeres.
701 2783 790 2834 50.
855 2778 1149 2844 Vadianos,
1188 2793 1318 2847 quos
1360 2777 1602 2846 appellat
1635 2779 1999 2846 Epiphanius,
2027 2783 2078 2832 et

374 2869 763 2931 schismaticos,
789 2882 895 2922 non
919 2868 1190 2922 hzreticos
1220 2868 1337 2922 vult
1363 2867 1560 2932 videri,
1592 2868 1690 2920 alii
1718 2872 1909 2920 vocant
1952 2867 2074 2921 An-

2184 482 2429 552 negabat
2452 483 2732 553 Pelagius,
2767 483 2989 537 nemini
3026 500 3224 539 eorum
3269 489 3458 557 quibus
3501 496 3688 566 aliquid
3711 501 3786 555 im-

2183 577 2365 641 perat,
2420 571 2477 626 id
2536 572 2816 626 subtrahit
2859 573 3024 626 Deus.
3079 573 3188 627 Sed
3235 578 3412 630 omnia
3460 579 3541 634 hic
3568 591 3700 647 sunt,
3744 596 3787 642 ut

2181 657 2320 712 alibi
2359 659 2513 728 apud
2542 659 2948 729 Augustinum,
2989 660 3060 714 ad
3085 661 3344 716 invidiam
3371 666 3651 725 faciendam
3677 689 3789 728 com-

2181 747 2380 815 posita.
2412 748 2804 802 Consulendus
2833 750 2938 802 hac
2993 750 3064 804 de
3107 766 3168 803 re
3199 751 3336 805 liber
3366 755 3596 827 Dionysii
3623 762 3790 815 Petavii

2180 836 2249 889 de
2295 837 2505 891 Haeresi
2567 837 2873 907 Pelagiana
2919 843 2977 892 et
3022 839 3482 912 Semipelagiana,
3529 847 3617 917 qui
3661 851 3790 904 estin

2178 928 2335 978 tomo
2396 927 2465 979 ΠΙ
2517 927 2776 996 Dogmat.
2812 927 2934 997 ejus
2974 928 3435 998 theologicorum.
3475 933 3665 988 Czetera
3703 953 3791 990 non

2179 1013 2549 1083 attingemus,
2609 1015 2678 1068 de
2727 1015 2938 1085 quibus
3009 1017 3081 1070 ad
3135 1017 3394 1088 epistolas
3438 1022 3704 1090 Augustini
3735 1033 3796 1078 sat

2179 1101 2377 1155 multis
2406 1101 2650 1156 diximus
2682 1121 2695 1170 ;
2732 1104 2830 1158 sed
2858 1104 2991 1158 hinc
3033 1105 3466 1174 observabimus,
3511 1110 3598 1163 ubi
3649 1112 3793 1180 agitur

2180 1190 2250 1244 de
2300 1190 2749 1246 adversariorum
2790 1194 3092 1260 sententia,
3147 1211 3265 1248 non
3309 1211 3426 1249 esse
3475 1197 3620 1252 facile
3647 1215 3800 1255 eorum

2181 1278 2517 1334 adversariis
2547 1281 2914 1336 credendum.

2700 1406 3268 1462 ANIMADVERSION
3278 1406 3350 1461 ES

2558 1510 2612 1546 IN
2641 1509 2947 1549 TRACTATUM
2977 1511 3489 1550 ADVERSUSJL'DEOS.

2255 1619 2390 1688 Cap.
2419 1621 2470 1685 3,
2506 1618 2534 1686 §
2563 1621 2614 1672 4.
2647 1617 2791 1685 Quid
2844 1619 2952 1672 sibi
2981 1623 3158 1672 autem
3198 1620 3330 1672 velit
3378 1617 3515 1687 quod
3541 1621 3611 1672 sic
3647 1635 3812 1689 przeno-

2112 1678 2154 1734 Β
2189 1678 2376 1760 tantur
2422 1678 2905 1777 quidam‘psalmi,
2941 1722 3071 1776 quos
3118 1711 3169 1760 et
3204 1708 3317 1776 ipsi
3341 1678 3515 1774 legunt
3549 1712 3593 1760 et
3647 1678 3816 1768 habent,

2187 1797 2246 1850 in
2278 1798 2589 1852 litterarum
2619 1798 2942 1850 auctoritate
2955 1801 3290 1861 sanctarum,
3322 1802 3382 1850 ut
3403 1799 3459 1849 in
3489 1812 3657 1851 eorum
3685 1799 3816 1850 titulis

2186 1888 2449 1954 scriptum
2469 1887 2542 1939 sit
2567 1905 2580 1938 :
2603 1886 2712 1939 Pro
2746 1885 2813 1938 iis
2841 1901 2970 1955 quae
2998 1885 3466 1940 immutabuntur
3495 1905 3510 1951 ;
3540 1890 3698 1939 tantus
3729 1901 3818 1937 vero

2187 1975 2488 2028 eorumdem
2536 1974 2873 2043 psalmorum
2925 1975 3201 2043 praedicat
3245 1976 3532 2041 Christum,
3595 1977 3691 2026 nisi
3725 1977 3820 2041 quia

2185 2080 2366 2119 comm
2398 2067 2625 2118 mutatio
2647 2080 2746 2134 per
2788 2066 2943 2119 illum
2961 2067 3157 2130 futura
3183 2066 3452 2135 praedicta
3481 2070 3553 2119 est
3587 2080 3673 2134 per
3705 2079 3820 2132 quem

2186 2157 2415 2222 apparet
2435 2154 2657 2222 impleta
2675 2150 2728 2223 ?]
2759 2153 3008 2224 Respicit
3036 2153 3393 2223 Augustinus
3415 2153 3486 2207 ad
3509 2153 3685 2207 titulos
3708 2152 3822 2221 psal-

2188 2257 2432 2308 morum,
2487 2258 2555 2295 ex
2603 2241 2879 2296 divisione
2949 2243 3144 2296 Graeca
3202 2259 3352 2309 XLiv,
3407 2259 3569 2296 vaui
3597 2245 3648 2295 et
3685 2256 3822 2294 um.

2188 2330 2518 2396 Fatendum,
2551 2328 2661 2383 nisi
2707 2345 2904 2383 verum
2950 2329 3315 2385 dissimulare
3363 2330 3618 2399 velimus,
3647 2328 3825 2399 aptissi-

2187 2435 2348 2473 mum
2378 2418 2552 2472 fuisse
2577 2419 2964 2488 Augustinum
2981 2420 3049 2474 ad
3069 2419 3490 2475 retundendam
3510 2417 3824 2490 pertinaciam

2189 2507 2610 2562 Donatistarum
2632 2512 2734 2562 aut
2754 2508 2986 2562 stultam
3008 2508 3372 2578 impietatem
3400 2507 3796 2562 Manichaeorum
3820 2523 3829 2567 ;

2187 2597 2284 2650 sed
2312 2600 2510 2650 contra
2532 2596 2755 2650 Iudaeos
2784 2596 2844 2649 in
2874 2613 3109 2651 arenam
3150 2597 3498 2651 descendere
3528 2612 3635 2649 non
3659 2594 3828 2657 debuit,

2187 2685 2402 2756 quippe
2450 2684 2756 2740 destitutus
2785 2685 2960 2739 armis
2989 2685 3049 2738 in
3079 2685 3177 2739 illa
3227 2701 3428 2756 pugna
3463 2685 3628 2755 plane
3678 2699 3834 2736 ncces-

2187 2773 2371 2840 sariis,
2413 2774 2520 2827 hoc
2571 2777 2676 2839 est,
2735 2773 3066 2844 cognitione
3097 2774 3316 2843 linguas
3374 2773 3653 2828 Hebraica:
3695 2771 3832 2824 etlit-

2186 2863 2352 2917 terali
2390 2862 2606 2917 Veteris
2652 2862 2999 2917 Testamenti
3055 2863 3464 2933 intelligentia.
3520 2863 3625 2916 Res
3668 2876 3726 2913 ex
3748 2863 3836 2912 toto

376 2954 918 3027 thropomorphitas.]
988 2957 1128 3009 Cum
1188 2955 1280 3009 hic
1337 2955 1722 3025 Epiphanium
1786 2960 2076 3009 auctorem
2115 2964 2154 3019 ο
2187 2951 2380 3006 libello
2450 2949 2653 3022 liquet,
2714 2951 2810 3005 sed
2856 2951 3176 3021 praesertim
3252 2967 3324 3005 ex
3373 2951 3483 3004 hoc
3526 2949 3836 3018 argumento,

376 3045 570 3098 laudat
619 3044 990 3114 Augustinus,
1039 3044 1275 3097 omnino
1333 3042 1707 3096 existimarim
1764 3043 2074 3114 legendum

377 3133 687 3197 Audianos,
719 3132 797 3185 sic
817 3132 971 3185 enim
1004 3147 1098 3185 eos
1127 3131 1424 3185 haereticos
1453 3132 1523 3186 ab
1563 3132 1750 3186 Audio
1781 3133 2072 3187 conditore

377 3225 542 3273 vocat
607 3219 1053 3274 Constantiensis
1101 3219 1428 3289 episcopus.
1487 3221 1612 3273 Non
1682 3236 1940 3274 morarer
1981 3221 2075 3276 hic

378 3308 614 3362 mendas
637 3308 1024 3378 librariorum,
1052 3309 1137 3362 uti
1159 3325 1264 3362 nec
1289 3309 1629 3362 Sirmondus
1648 3309 1779 3364 fecit
1809 3310 1868 3364 in
1891 3311 2072 3380 Opere

379 3395 790 3464 Prmdestinati,
830 3397 1087 3466 quamvis
1129 3397 1192 3450 in
1246 3397 1435 3450 codice
1467 3413 1573 3451 ms.
1610 3397 1898 3467 legeretur
1944 3400 2072 3452 Val-

377 3483 552 3538 diani.
587 3483 832 3538 Nomina
855 3483 1044 3538 minus
1089 3488 1222 3538 nota
1265 3501 1493 3554 semper
1528 3485 1800 3539 facillime
1831 3503 1863 3540 a
1895 3487 2071 3542 libra-

373 3569 474 3624 riis
522 3571 828 3640 depravata
858 3577 1008 3626 sunt.
1048 3571 1187 3626 Hinc
1234 3572 1387 3641 apud
1446 3573 1777 3627 Facundum
1809 3575 2072 3642 Hermia-

377 3674 614 3713 nensem
669 3659 768 3713 lib.
826 3677 921 3713 vm
976 3661 1069 3715 ed.
1142 3660 1431 3715 Sirmondi
1493 3661 1630 3714 anni
1669 3663 1752 3715 clo
1805 3663 1855 3716 Is
1899 3680 2069 3731 cxcvr,

371 3748 476 3801 col.
513 3750 633 3802 671.
692 3749 848 3802 Idem
886 3748 1144 3802 haeretici
1209 3753 1483 3802 vocantur
1523 3751 1768 3816 Basiani,
1807 3767 1935 3821 quas
1965 3769 2071 3807 vox

374 3833 520 3887 facta
549 3850 580 3886 a
618 3834 908 3891 Vadiani..

448 3923 657 3977 Haeresi
687 3926 775 3989 88,
807 3939 936 3994 quas
969 3927 1050 3978 est
1081 3923 1520 3995 Pelagianorum
1554 3941 1568 3978 :
1597 3927 1671 3980 Hi
1709 3929 1807 3980 Dei
1854 3929 2067 3995 gratias,

373 4028 484 4082 qua
521 4014 906 4081 praedestinati
937 4027 1121 4067 sumus
1176 4016 1235 4067 in
1283 4013 1625 4083 adoptionem
1683 4015 1926 4083 ﬁliorum
1970 4033 2070 4085 per

369 4101 563 4154 Jesum
596 4101 868 4156 Christum
896 4103 952 4154 in
981 4103 1181 4170 ipsum,
1210 4106 1262 4156 et
1290 4117 1401 4171 qua
1445 4104 1689 4156 eruimur
1717 4102 1782 4155 de
1807 4107 2069 4172 potestate

375 4188 735 4254 tenebrarum,
764 4194 890 4252 etc.,
938 4192 997 4243 in
1044 4194 1257 4244 tantum
1297 4191 1508 4244 inimici
1530 4195 1674 4258 sunt,
1721 4195 1780 4243 ut
1821 4193 1937 4244 sine
1967 4192 2065 4246 hac

367 4291 525 4344 posse
555 4278 818 4330 hominem
856 4277 1081 4332 credunt
1106 4279 1287 4343 facere
1325 4281 1506 4332 omnia
1553 4279 1745 4332 divina
1784 4279 2066 4347 mandata,

374 4363 506 4432 etc.]
531 4365 848 4419 Anathema
874 4382 1003 4419 vero
1048 4365 1318 4418 omnibus
1349 4366 1448 4436 qui
1475 4365 1683 4419 divina:
1714 4368 1910 4436 gratiae
1941 4373 2072 4421 sunt

373 4450 629 4505 inimici!
676 4453 788 4506 Nec
834 4458 972 4523 puto
1021 4453 1339 4522 Pelagium,
1383 4453 1431 4506 si
1460 4453 1840 4522 revivisceret,
1859 4455 2069 4510 delibe-

373 4543 632 4592 raturmn
679 4556 752 4593 an
803 4545 995 4609 posset
1037 4541 1380 4611 respondere
1439 4542 1640 4607 Amen;
1695 4558 1902 4612 magna
1939 4560 2070 4598 voce

372 4625 524 4679 illico
550 4627 630 4679 ita
657 4628 1045 4697 responderet.
1081 4629 1292 4681 Verum
1323 4630 1670 4683 accusatorie
1710 4629 1849 4684 dicit
1871 4633 2069 4702 Augu-

375 4715 560 4768 stinus
581 4714 841 4768 inimicos
867 4716 1067 4784 gratias
1111 4717 1206 4770 Dei
1238 4732 1335 4769 eos
1367 4717 1466 4787 qui
1492 4717 1782 4773 internum
1814 4719 2070 4773 afﬂatum

374 4799 447 4854 ad
490 4799 744 4870 singulos
792 4802 1169 4856 necessarium
1227 4807 1401 4866 actus,
1456 4820 1702 4875 eumque
1728 4805 2070 4860 ineluctabi-

373 4888 489 4942 lem
519 4893 577 4942 et
603 4888 672 4942 ad
704 4888 876 4942 tinem
904 4905 1084 4960 usque
1114 4889 1245 4945 vitae
1276 4893 1414 4946 solis
1437 4893 1630 4947 electis
1648 4893 1902 4949 dandum
1929 4911 1941 4961 ;
1967 4896 2072 4950 hoc

372 4979 474 5037 est,
515 4979 756 5042 gratiam
797 4977 1124 5046 Augustini,
1159 4996 1276 5033 non
1309 4981 1430 5048 Dei,
1481 4981 1904 5052 repudiabant;
1936 5001 2071 5038 nam

372 5066 611 5129 gratiam
644 5065 794 5119 hunc
853 5065 1132 5131 afﬂatum,
1182 5073 1281 5122 aut
1335 5071 1573 5136 gratiam
1622 5072 1720 5123 Dei
1766 5072 1952 5125 vocari
2011 5073 2072 5127 in

373 5148 663 5218 Scriptura
733 5169 1031 5224 nunquam
1099 5155 1531 5214 demonstravit.
1601 5157 1885 5214 Caeterum
1941 5177 2072 5215 cum

377 5236 524 5289 Deus
563 5239 828 5294 mandata
870 5242 1122 5312 cuipiam
1176 5243 1289 5310 dat,
1351 5245 1473 5299 sine
1527 5245 1702 5300 dubio
1735 5262 1801 5299 ea
1832 5247 1926 5301 ille
1966 5266 2070 5320 po-

377 5326 486 5376 test
514 5323 809 5381 observare
837 5349 852 5395 ;
880 5345 1012 5384 nam
1046 5331 1214 5399 Deus,
1249 5330 1349 5399 qui
1367 5332 1557 5400 justus
1589 5337 1692 5396 est,
1744 5334 2070 5404 impossibi-

373 5409 449 5464 lia
477 5425 594 5465 non
633 5411 878 5484 imperat
907 5418 1149 5472 sumitve
1195 5435 1392 5489 poenas
1423 5421 1493 5475 de
1543 5420 1613 5474 iis
1644 5421 1747 5492 qui
1774 5439 1891 5476 non
1922 5424 2069 5478 fece-

375 5501 514 5552 runt
542 5497 937 5568 impossibilia.
978 5505 1144 5568 Quod
1174 5506 1221 5560 si
1253 5511 1464 5577 praeter
1491 5508 1711 5563 nudum
1737 5508 2068 5580 imperium,

2185 3041 2334 3111 quod
2368 3044 2560 3094 tamen
2577 3039 2835 3110 pluribus
2853 3039 3241 3109 persequitur.
3271 3040 3556 3109 Regerere
3586 3036 3841 3107 potuerunt

2183 3132 2241 3182 et
2270 3128 2505 3198 quidem
2536 3127 2762 3194 merito,
2793 3126 2978 3181 Judaei
3020 3128 3144 3180 LXX
3189 3127 3540 3197 interpretes
3588 3125 3720 3198 male
3746 3135 3838 3172 ver-

2183 3197 2316 3271 tisse
2358 3216 2531 3271 verba
2590 3214 2863 3269 Hebraica
2921 3231 3052 3285 quae
3099 3214 3192 3268 hic
3247 3214 3624 3275 summutavit?
3670 3197 3732 3272 ἣν
3774 3207 3840 3259 hul

2182 3305 2615 3368 εεΙιοεοΙιαηησῑηιν
2659 3302 2780 3365 ὑπὲρ
2821 3305 2919 3349 τῶν
2958 3301 3459 3364 ἀλλοιωθησομένων,
3505 3301 3661 3373 quasi
3687 3299 3840 3366 legen-

2183 3394 2318 3448 dum
2367 3397 2511 3446 esset
2541 3391 2653 3459 hic,
2689 3391 2898 3450 nimus}
2945 3392 3337 3458 scheschonim,
3381 3392 3492 3445 hoc
3534 3395 3633 3453 est,
3663 3389 3839 3458 quimu-

2183 3487 2320 3548 tant,
2353 3481 2440 3534 vel
2484 3481 2694 3537 diversi
2749 3485 2906 3544 sunt;
2942 3495 3063 3534 esse
3081 3480 3437 3534 vertendum
3484 3495 3609 3532 cum
3659 3473 3841 3545 Aquila.

2179 3584 2348 3638 super
2378 3570 2511 3624 [iliis
2543 3584 2560 3637 ς
2619 3584 2752 3622 nam
2971 3585 3092 3622 esse
3123 3569 3330 3635 lilium,
3365 3583 3482 3638 qua
3504 3581 3635 3620 voce
3663 3560 3842 3632 signiti-

2181 3662 2343 3728 c_atur
2394 3657 2487 3711 hic
2516 3660 2616 3710 aut
2648 3650 3096 3710 instrumentum
3144 3657 3468 3721 musicum,
3528 3659 3622 3710 aut
3662 3650 3845 3706 initium

2179 3745 2403 3801 cantici.
2435 3744 2732 3810 Quomodo
2767 3745 3119 3799 contrarium
3160 3746 3474 3816 probasset
3502 3736 3848 3814 Augustinus?

2181 3835 2395 3889 Deinde
2421 3834 2470 3888 si
2497 3834 2906 3888 concessissent
2952 3833 3033 3888 sic
3080 3850 3207 3888 esse
3251 3835 3603 3890 vertendum
3626 3835 3684 3886 ut
3705 3836 3848 3883 trans-

2178 3924 2434 3978 tulerunt
2490 3923 2614 3978 LXX
2652 3923 3014 3993 interpretes,
3071 3927 3394 3992 negassent
3461 3922 3594 3976 inde
3656 3915 3850 3986 sequia

2180 4012 2381 4066 Messia
2409 4013 2595 4082 legem
2618 4012 2829 4066 mutari
2870 4010 3153 4076 debuisse,
3209 4011 3314 4065 sed
3344 4014 3600 4078 tantum,
3639 4001 3852 4078 quando—

2175 4117 2288 4172 que
2309 4101 2548 4168 venerit,
2570 4100 2840 4155 miseram
2871 4117 2989 4155 suaa
3019 4097 3209 4170 gentis
3241 4105 3468 4156 sortem
3497 4100 3559 4153 in
3587 4094 3852 4150 beatiorem

2180 4194 2466 4244 mutatum
2495 4189 2568 4244 iri
2594 4210 2609 4258 ;
2642 4189 2853 4244 frustra
2876 4190 3130 4244 sudasset
3149 4189 3526 4262 Augustinus
3554 4191 3617 4242 ut
3641 4184 3706 4238 iis
3731 4180 3851 4234 hisce

2182 4282 2282 4332 aut
2309 4278 2590 4332 similibus
2621 4279 2976 4350 argumentis
3006 4279 3309 4334 utentibus
3340 4297 3406 4334 os
3450 4275 3770 4332 occluderet.
3795 4270 3854 4320 AC

2181 4383 2315 4421 sane
2362 4369 2585 4422 duobus
2621 4372 2846 4422 tantum
2895 4368 3096 4434 modis,
3130 4384 3269 4422 cum
3316 4369 3517 4440 aliquo
3550 4366 3742 4426 fructu,
3770 4356 3852 4411 dis-

2179 4459 2404 4526 ceptare
2458 4472 2590 4510 cum
2643 4456 2858 4510 Iudaeis
2921 4473 3252 4526 possumus.
3312 4459 3483 4512 Alter
3530 4459 3613 4510 est
3675 4452 3717 4504 si
3765 4459 3855 4500 non

2179 4549 2400 4599 tantum
2460 4545 2766 4615 Scripturis
2815 4547 2935 4599 νει.
2992 4547 3378 4612 Testamenti,
3453 4543 3620 4616 quasi
3665 4537 3853 4594 eludere

2180 4639 2415 4702 norunt,
2447 4634 2544 4688 sed
2577 4634 2812 4688 illorum
2843 4633 3216 4705 opinionibus
3249 4643 3313 4690 et
3353 4632 3724 4705 scriptoribus
3749 4641 3855 4680 con-

2180 4732 2268 4781 tra
2288 4727 2440 4796 ipsos
2460 4729 2690 4779 utamur
2713 4740 2726 4789 ;
2760 4725 2914 4795 quod
2934 4724 3118 4778 facere
3143 4741 3268 4779 non
3297 4725 3500 4795 potuit
3521 4719 3856 4792 Augustinum

2179 4815 2271 4868 cui
2324 4815 2520 4879 ignota
2561 4814 2660 4867 illa
2721 4818 2886 4867 erant
2943 4815 3426 4868 armamentaria.
3491 4813 3648 4868 Alter
3673 4822 3791 4862 vero
3829 4800 3862 4854 si

2180 4901 2478 4955 historiam
2510 4904 2568 4955 et
2622 4899 2897 4954 miracula
2923 4901 3055 4954 Jesu
3110 4901 3406 4956 Nazareni
3437 4917 3570 4955 vere
3600 4892 3863 4961 contigissr

2181 4988 2547 5043 ostendamus
2574 5008 2595 5053 ;
2643 4989 2801 5059 quod
2857 4989 3040 5042 facere
3095 4989 3394 5059 potuisset
3432 4985 3790 5059 Augustinus,
3829 4974 3867 5027 si.

2181 5076 2406 5132 omissis
2439 5076 2750 5146 allegoriis,
2797 5077 3132 5149 frigidisque
3166 5079 3447 5148 argutiis,
3513 5077 3584 5131 ad
3615 5071 3867 5149 accurataS

2180 5145 2650 5211 ratiocinationes
2705 5173 2764 5211 se
2809 5145 3200 5223 convertisset,
3244 5145 3481 5229 ‘quales
3539 5158 3670 5211 sunt
3717 5151 3772 5205 in
3816 5145 3868 5199 li-

2177 5245 2296 5300 bris
2320 5263 2358 5299 u
2389 5250 2447 5300 et
2471 5262 2531 5300 ιη
2554 5246 2744 5316 operis
2778 5246 2848 5301 de
2901 5247 3148 5300 Veritate
3197 5247 3516 5318 religionis
3566 5239 3868 5299 Christiana?

2179 5334 2250 5389 ab
2281 5335 2427 5404 Hug.
2471 5334 2664 5390 Grotio
2699 5335 3028 5406 conscripti,
3078 5351 3210 5406 qua:
3243 5341 3307 5390 et
3336 5335 3407 5390 in
3463 5334 3594 5390 aliis
3620 5324 3868 5386 recentio-

2179 5439 2309 5477 rum
2347 5425 2738 5478 monumentis
2785 5424 3066 5496 copiosius
3105 5425 3396 5494 expositm
3455 5426 3742 5496 leguntur.
3791 5416 3868 5465 Ve-

2179 5527 2308 5566 rum
2329 5511 2399 5567 iis
2427 5511 2670 5574 saeculis,
2694 5515 3062 5585 quantumvis
3088 5515 3159 5567 ab
3184 5513 3491 5584 imperitis
3521 5515 3622 5566 aut
3651 5500 3868 5564 factiosis
