3920 6180
100 306 196 359 509
961 295 1319 353 VARIORUM
1365 297 1973 355 EXERCITATIONES
2013 302 2079 357 IN
2217 306 2588 362 AUGUSTINI
2628 306 2879 362 OPERA.

3482 308 3587 363 510

96 428 380 495 jactentur,
416 436 618 492 parum
664 425 799 474 nota
832 425 955 475 erat
994 420 1371 476 ratiocinandi
1403 425 1460 476 et
1495 421 1777 493 probandi
1806 422 1850 476 Α
1888 430 2306 480 monstraturos
2345 444 2403 481 se
2433 428 2862 497 pollicerentur.
2895 428 3016 492 Qua
3038 428 3099 481 in
3132 444 3210 495 re,
3243 428 3585 483 intoleraudi

106 516 348 567 accurata
378 509 703 564 methodus.

609 598 1270 654 ANIMADVERSIONES

432 704 487 741 IN
520 703 718 741 LIBRUM
752 704 818 739 DE
851 702 1129 741 UTILITATE
1157 703 1439 742 CREDENDI.

170 778 288 846 Cap.
331 778 379 841 3,
435 778 465 842 §
519 779 569 828 5.
627 775 812 829 Omnis
867 776 1155 843 Scriptura
1207 791 1326 843 quae
1387 779 1785 831 Testamentum

110 867 253 918 Vetus
280 869 525 931 vocatur,
549 863 838 931 diligenter
866 880 981 917 eam
1011 879 1165 918 nosse
1185 866 1527 934 cupientibus
1550 868 1783 935 quadri-

100 956 235 1018 faria
263 952 546 1017 traditur;
573 952 864 1005 secundum
903 952 1209 1018 historiam,
1254 954 1548 1007 secundum
1579 956 1784 1008 ztiolo-

102 1044 252 1105 giam,
297 1040 591 1093 secundum
651 1040 981 1107 analogiam,
1048 1040 1341 1093 secundum
1398 1041 1783 1113 allegoriam]

106 1131 219 1182 Haec
260 1127 455 1181 omnia
503 1128 573 1181 ad
604 1142 785 1180 unum
805 1127 1125 1194 referenda,
1173 1128 1334 1198 quid,
1371 1129 1671 1197 nimirum,
1707 1130 1788 1183 si-

103 1216 389 1287 gnificetur
440 1215 628 1269 verbis
676 1215 1005 1286 Scriptura},
1043 1233 1172 1287 qum
1207 1233 1274 1271 ex
1307 1219 1571 1272 omnibus
1604 1235 1789 1289 gram—

104 1304 427 1387 maticorum
481 1309 538 1357 et
593 1304 923 1358 criticorum
974 1305 1193 1375 legibus
1248 1311 1379 1361 sunt
1430 1307 1782 1377 explicanda.

107 1391 404 1461 :Etiologia,
459 1392 724 1461 analogia
772 1397 830 1446 et
875 1393 1168 1464 allegoria,
1223 1410 1353 1465 quae
1383 1410 1498 1449 non
1529 1396 1790 1450 nituntur

106 1478 342 1531 litteralis
371 1478 866 1548 interpretationis
897 1479 1294 1547 fundamento,
1341 1498 1515 1535 merm
1554 1487 1687 1537 sunt
1715 1484 1787 1537 ad

106 1568 363 1637 populum
405 1567 681 1636 phalerae,
732 1570 797 1620 ut
838 1567 1055 1621 dudum
1084 1568 1190 1622 viri
1217 1569 1368 1623 docti
1393 1572 1786 1627 ostenderunt.

106 1655 199 1708 Sed
249 1653 546 1708 videamus
593 1655 881 1726 quomodo
929 1656 1051 1709 haec
1087 1656 1368 1727 intelligat
1398 1658 1782 1730 Augustinus:

107 1743 390 1797 Secundum
445 1745 753 1810 historiam,
805 1744 1015 1815 inquit,
1077 1746 1335 1813 traditur,
1398 1762 1515 1800 cum
1572 1748 1791 1801 docetur

110 1833 228 1900 quid
270 1835 540 1901 scriptum
585 1840 681 1887 aut
726 1833 862 1903 quid
889 1842 1095 1903 gestum
1142 1838 1249 1899 sit;
1274 1837 1411 1904 quid
1438 1852 1542 1890 non
1583 1841 1790 1903 gestum

109 1923 187 1975 sed
214 1924 580 1977 tantummodo
609 1926 872 1992 scriptum
922 1926 1082 1992 quasi
1106 1930 1313 1991 gestum
1353 1927 1444 1979 sit.
1475 1925 1564 1979 Sic
1594 1924 1790 1978 omnia

109 2015 275 2065 essent
306 2011 602 2078 historica,
658 2012 793 2083 quia
841 2016 939 2066 aut
986 2012 1215 2081 scripta,
1259 2017 1359 2065 aut
1403 2018 1563 2083 gesta
1616 2019 1789 2081 sunt;

109 2115 199 2153 nec
222 2099 539 2171 quidquam
570 2100 743 2154 etiam
768 2105 852 2154 est
880 2100 1152 2170 scriptum
1186 2101 1349 2172 quasi
1382 2107 1629 2172 gestum,
1657 2119 1787 2156 cum

112 2194 312 2258 gestum
334 2205 454 2243 non
480 2190 577 2259 sit,
611 2194 822 2261 praeter
845 2190 1167 2259 parabolas.
1198 2191 1555 2260 Augustinus
1604 2208 1791 2245 exem-

110 2278 252 2347 plum
280 2282 473 2332 tamen
508 2278 725 2349 profert
752 2293 900 2331 veras
930 2278 1183 2331 historias
1226 2294 1259 2331 a
1288 2278 1513 2333 Christo
1545 2280 1789 2333 laudatae

116 2366 283 2419 Matth.
341 2382 438 2431 xu,
472 2369 533 2436 3,
577 2369 629 2420 4.
659 2366 961 2421 Secundum
1007 2366 1352 2434 aetiologiam,
1403 2368 1609 2438 inquit,
1660 2371 1793 2437 quid

114 2468 207 2520 qua
246 2453 309 2506 de
348 2468 521 2507 causa
566 2454 650 2507 vel
689 2458 918 2519 factum,
959 2455 1042 2507 vel
1091 2454 1294 2507 dictum
1338 2457 1427 2507 sit.
1489 2456 1660 2525 Cujus
1708 2457 1793 2510 rei

116 2542 415 2612 exemplum
466 2546 555 2596 est
600 2542 817 2595 dictum
866 2542 1093 2608 Christi,
1141 2543 1210 2596 de
1254 2558 1421 2595 causa
1470 2544 1733 2613 permissi
1763 2563 1793 2597 a

118 2631 244 2683 Mosa
297 2630 526 2684 divortii
562 2630 753 2685 Matth.
794 2647 906 2697 xxx,
957 2632 1016 2684 8.
1047 2630 1123 2685 At
1160 2630 1219 2683 in
1248 2629 1610 2701 inquirendis
1635 2633 1790 2703 ejus—

116 2717 251 2771 modi
300 2718 509 2782 causis,
562 2722 787 2788 oportet
815 2723 914 2773 aut
942 2718 1215 2788 praeviam
1244 2721 1456 2773 habere
1483 2721 1791 2774 auctorita-

118 2812 214 2859 tem
264 2806 473 2861 Christi
525 2812 580 2860 et
618 2807 1032 2877 apostolorum,
1075 2811 1173 2861 aut
1210 2807 1585 2861 certissimam
1616 2809 1792 2863 histo-

118 2894 241 2947 riam
287 2895 657 2965 rationesque
705 2910 824 2948 non
871 2894 1091 2948 dubias.
1139 2894 1371 2965 Alioqui
1400 2896 1673 2966 quaelibet
1702 2914 1791 2950 ra-

1891 514 2145 583 profecto
2195 521 2377 583 erant,
2435 533 2561 570 cum
2610 516 2755 570 nihil
2804 516 2911 569 nisi
2956 520 3210 571 monstra
3242 516 3584 585 proferrent,

1893 607 1950 655 et
1978 618 2107 673 quae
2139 604 2297 656 nulla
2328 604 2824 659 verisimilitudine
2852 610 3017 658 erant
3046 605 3246 670 tincta;
3286 606 3501 659 nedum
3526 610 3591 658 ut

1892 691 2113 745 ratione
2144 691 2483 757 niterentur,
2530 698 2593 746 ut
2637 693 2832 747 multis
2879 695 2939 747 in
2990 694 3125 747 locis
3170 700 3321 747 recte
3344 694 3591 748 ostendit

1892 780 2260 849 Augustinus.
2310 782 2518 834 Verum
2563 780 2655 834 hic
2703 782 2864 835 aliter
2914 783 3222 851 respondet
3266 782 3379 835 illis
3412 799 3587 853 quam

1892 868 2099 921 vellem
2131 872 2183 921 et
2210 886 2382 939 quam
2410 885 2499 922 res
2530 870 2869 939 postulabat.
2903 871 3024 934 Quo
3052 871 3206 923 enim
3251 874 3587 939 argumento

1893 956 2137 1026 probare
2185 963 2409 1027 poterat
2464 958 2622 1027 prius
2671 975 2793 1011 esse
2856 958 3121 1029 quadam
3192 959 3314 1012 sine
3367 959 3586 1011 ratione

1897 1047 2047 1113 (nam
2077 1046 2183 1098 hoc
2210 1045 2377 1099 debet
2407 1045 2680 1116 intelligi)
2709 1046 3010 1113 credenda,
3068 1063 3195 1117 quae
3232 1051 3430 1117 postea
3458 1062 3587 1117 per-

1894 1132 2264 1201 ciperentur?
2294 1133 2429 1197 Quis
2460 1134 2888 1187 mendaciorum
2918 1139 2973 1188 et
3008 1135 3325 1189 fabularum
3352 1136 3590 1205 propola

1896 1235 2011 1272 non
2055 1220 2242 1288 potuit
2289 1220 2497 1274 similia
2545 1221 2795 1290 exigere,
2829 1226 2885 1275 et
2905 1225 3105 1291 postea
3146 1221 3353 1286 dicere,
3382 1221 3430 1274 si
3463 1222 3591 1291 quis

1895 1313 2217 1361 commenta
2263 1309 2386 1378 ejus
2429 1309 2736 1378 rejecisset,
2788 1326 2918 1362 eum
2952 1308 3123 1362 fuisse
3158 1309 3458 1379 indignum
3491 1309 3592 1379 qui

1897 1411 1963 1449 ea
1995 1397 2438 1466 assequeretur?
2467 1402 2553 1450 An
2583 1414 2696 1450 non
2752 1397 2935 1451 Judaei
2978 1401 3033 1450 et
3082 1396 3293 1450 ethnici
3319 1396 3592 1451 Christia-

1897 1485 1984 1539 nis
2009 1489 2202 1538 centra
2232 1502 2290 1538 se
2320 1485 2793 1540 ratiocinantibus
2823 1485 2960 1539 talia
2988 1501 3265 1554 reponere
3304 1489 3590 1554 poterant,

1896 1589 2017 1627 esse
2055 1574 2421 1641 credendum,
2471 1590 2585 1628 non
2634 1574 3149 1628 ratiocinandum?
3194 1573 3373 1643 Igitur
3432 1571 3593 1625 Chri-

1902 1662 2086 1725 stiani,
2118 1666 2182 1716 ut
2211 1662 2334 1732 pari
2358 1663 2488 1731 jure
2514 1666 2772 1733 agerent,
2797 1661 2913 1732 pati
2945 1662 3268 1714 debuerunt
3293 1659 3353 1712 id
3396 1663 3594 1713 contra

1901 1767 1959 1803 se
1989 1749 2248 1803 adhiberi
2297 1766 2409 1820 quo
2457 1750 2543 1803 usi
2600 1750 2827 1803 fuerant
2874 1753 3071 1802 contra
3117 1747 3370 1801 ethnicos
3400 1751 3458 1799 et
3494 1748 3592 1801 Ju-

1900 1836 2084 1902 deeos;
2111 1852 2216 1889 nec
2244 1840 2365 1890 erat
2392 1853 2493 1890 cur
2529 1841 2833 1907 pr0pterea
2882 1836 2989 1889 sibi
3034 1836 3323 1897 timerent,
3368 1834 3591 1888 ratione

1902 1925 2057 1979 enim
2104 1926 2271 1995 longe
2324 1926 2584 1995 superior
2624 1926 2816 1979 futura
2869 1929 2989 1978 erat
3018 1924 3217 1993 religio
3250 1922 3590 1988 Christiana,

1900 2019 1965 2068 ut
2011 2012 2148 2066 satis
2192 2013 2565 2066 ostenderunt
2622 2015 2783 2083 Hugo
2808 2013 3055 2079 Grotius,
3089 2011 3303 2082 aliique
3338 2010 3436 2082 qui
3466 2028 3591 2064 eam

1900 2102 2119 2157 ratione
2150 2101 2455 2155 defendere
2483 2101 2874 2155 laudatissimo
2905 2100 3161 2154 instituto
3195 2104 3249 2152 et
3268 2098 3593 2153 felicissimo

1901 2206 2164 2244 successu
2209 2194 2530 2259 cmperunt.
2568 2189 2674 2243 Sed
2699 2190 2809 2243 tria
2839 2194 3000 2243 erant
3029 2204 3159 2259 quae
3201 2193 3458 2258 tempore
3479 2190 3594 2240 Au-

1902 2279 2117 2351 gustini
2167 2279 2476 2333 effecerunt
2521 2283 2584 2333 ut
2628 2279 2768 2333 ﬁdes
2816 2279 2938 2331 sine
2985 2278 3201 2331 ratione
3236 2275 3587 2345 exigeretur.

1904 2368 2183 2433 Primum,
2234 2372 2319 2420 est
2361 2367 2514 2438 quod
2564 2382 2681 2419 non
2722 2366 2858 2419 satis
2907 2369 3067 2418 crant
3120 2364 3179 2417 in
3209 2361 3595 2434 philosophia,

1903 2455 2212 2525 criticaque
2262 2454 2576 2521 exercitati,
2620 2458 2684 2507 ut
2722 2454 3071 2518 Scripturam
3098 2456 3297 2505 contra
3328 2450 3595 2520 objectio-

1905 2560 2006 2598 nes
2052 2543 2518 2613 Manichaeorum,
2569 2543 2932 2613 aliorumque
2967 2540 3271 2595 defendere
3303 2538 3598 2592 commode
3652 2556 3655 2559 ν

1904 2635 2172 2702 possent;
2230 2635 2295 2684 ut
2341 2630 2525 2701 liquet
2565 2631 2656 2683 vel
2723 2646 2790 2683 ex
2834 2628 3075 2683 historia
3109 2627 3433 2690 creationis,
3468 2642 3597 2695 quer.

1905 2725 2204 2790 tantopere
2228 2719 2393 2772 torsit
2420 2718 2821 2789 Augustinum,
2852 2722 2914 2770 ut
2946 2732 3131 2786 neque
3170 2715 3229 2767 in
3277 2714 3597 2768 Confessio—

1904 2809 2093 2875 nibus,
2121 2824 2306 2877 neque
2337 2807 2397 2860 in
2426 2806 2587 2860 libris
2619 2806 2688 2859 de
2720 2794 2922 2859 Genesi
2954 2804 3025 2857 ad
3055 2804 3324 2867 litteram,
3362 2800 3471 2854 sibi
3501 2805 3599 2853 aut

1903 2896 2007 2951 ulli
2049 2895 2402 2950 satisfecerit.
2465 2894 2686 2948 Creatio
2749 2897 2967 2963 septem
3040 2892 3241 2945 diebus
3310 2889 3595 2954 distincta,

116 2982 272 3035 tiones
301 2983 697 3053 quorumlibet
733 2983 1059 3048 reddentur,
1084 2999 1212 3054 qum
1241 2988 1545 3055 utramque
1578 2984 1792 3040 faciunt
1830 2990 1869 3044 C
1908 2984 2184 3055 quiesque
2235 2982 2334 3036 Dei
2383 2982 2627 3051 septimo
2684 2982 2774 3035 die
2820 2979 3037 3050 scopuli
3066 2979 3317 3045 fuerunt,
3358 2977 3429 3030 ad
3458 2993 3599 3047 quos

118 3068 360 3139 paginam
405 3072 565 3143 apud
611 3075 846 3124 veteres.
903 3070 1093 3124 Tertio
1136 3071 1425 3125 secundum
1461 3074 1792 3140 analogiam,

121 3156 302 3228 inquit,
350 3176 471 3214 cum
527 3160 925 3213 demonstratur
960 3176 1064 3212 non
1105 3160 1214 3213 sibi
1237 3160 1523 3214 adversari
1557 3161 1662 3215 duo
1693 3164 1796 3215 Te-

119 3250 378 3314 stamenta,
420 3251 593 3303 Vetus
632 3252 682 3301 et
711 3250 936 3303 Novum.
986 3247 1149 3310 Quod
1175 3247 1559 3315 verissimum,
1594 3249 1641 3302 si
1672 3249 1796 3302 ani-

122 3348 231 3387 mus
260 3336 354 3389 Dei
393 3341 451 3391 et
498 3335 832 3390 oeconomia:
861 3336 1157 3390 diversitas
1186 3337 1362 3406 probe
1402 3338 1794 3405 observentur,

122 3419 198 3473 lex
246 3424 390 3477 enim
429 3424 917 3493 complectebatur
954 3422 1187 3485 στοιχεῖα,
1237 3427 1300 3477 ut
1362 3424 1615 3495 loquitur
1648 3426 1794 3479 Pau—

124 3508 215 3576 lus,
266 3498 359 3565 seu
406 3514 667 3567 elementa
718 3510 1012 3581 religionis
1038 3512 1245 3581 quibus
1284 3511 1351 3564 ad
1393 3511 1572 3565 instar
1604 3512 1793 3582 paeda-

125 3597 258 3667 gogi,
313 3599 594 3669 paulatim
649 3598 828 3652 Judaei
869 3599 941 3653 ad
972 3598 1379 3668 perfectionem
1418 3598 1795 3654 Christianam

128 3684 539 3743 deducerentur.
574 3688 769 3758 Itaque
800 3688 984 3741 multa
1013 3688 1341 3742 ferebantur
1362 3688 1465 3741 sub
1494 3689 1641 3758 lege,
1667 3706 1796 3759 quas

126 3788 222 3826 non
248 3778 488 3847 amplius
520 3778 779 3830 feruntur
808 3776 911 3830 sub
946 3777 1250 3847 Evangelio
1277 3794 1290 3842 ;
1332 3777 1592 3847 quamvis
1637 3781 1795 3831 utro-

127 3858 276 3933 bique
302 3865 476 3919 fuerit
506 3865 658 3919 idem
691 3866 790 3919 Dei
823 3866 1068 3928 animus,
1104 3867 1200 3919 sed
1231 3866 1330 3936 qui
1350 3881 1468 3920 non
1497 3883 1612 3920 una
1652 3884 1797 3921 oeco-

128 3951 313 4018 nomia,
346 3970 449 4024 pro
473 3958 642 4023 captu
669 3954 1017 4024 populorum
1051 3957 1106 4006 et
1134 3958 1486 4024 temporum,
1517 3971 1655 4008 usus
1690 3960 1793 4008 est.

129 4036 267 4100 Quod
287 4042 333 4095 si
350 4042 475 4095 haec
489 4042 837 4095 misceantur
854 4047 910 4095 et
931 4041 1196 4096 violentis
1217 4042 1508 4113 allegoriis
1528 4047 1795 4114 torquea-

129 4130 207 4179 tur
228 4130 387 4184 Vetus
410 4133 867 4200 Testamentum,
899 4136 965 4185 ut
994 4146 1097 4201 per
1128 4130 1323 4185 omnia
1351 4131 1503 4184 idem
1539 4130 1797 4186 videatur

1905 3070 2148 3141 impegit
2176 3070 2625 3139 quotiescunque
2656 3070 2762 3123 hac
2790 3069 2849 3122 in
2872 3072 3031 3139 parte
3072 3066 3216 3120 sacri
3256 3064 3462 3120 Oceani
3493 3080 3596 3118 na-

1904 3158 2096 3228 vigare
2127 3173 2298 3210 ausus
2324 3161 2426 3209 est.
2469 3156 2706 3210 Sensum
2741 3154 3045 3209 litteralem
3091 3152 3254 3223 quasi
3302 3152 3596 3205 adversum

1905 3245 2114 3298 rationi
2161 3244 2367 3314 rejicit,
2422 3243 2795 3314 allegoricum
2869 3257 3003 3295 vero
3057 3258 3087 3294 a
3139 3240 3367 3294 vocibus
3431 3239 3602 3308 plane

1904 3334 2306 3388 abhorrentem
2336 3331 2716 3402 amplectitur.
2750 3331 3029 3396 Alterum,
3058 3329 3212 3400 quod
3253 3344 3450 3381 revera
3495 3326 3603 3380 sibi

1905 3423 2114 3479 conscii
2157 3426 2345 3477 essent
2385 3436 2504 3474 non
2542 3435 2724 3489 pauca
2773 3436 2805 3472 a
2850 3435 2910 3473 se
2954 3418 3066 3472 dici
3106 3419 3275 3489 plane
3319 3415 3605 3470 contraria

1905 3517 2073 3567 rectas
2103 3511 2345 3577 rationi;
2375 3508 2565 3591 qualia
2595 3512 2757 3561 erant
2777 3512 2892 3561 tam
2920 3507 3104 3560 multa
3130 3522 3258 3577 quas
3301 3506 3369 3559 de
3419 3503 3602 3574 gratia

1905 3608 1962 3657 et
1993 3599 2514 3672 praedestinatione,
2547 3597 2784 3667 aliisque
2833 3595 3193 3666 dogmatibus
3239 3594 3308 3647 iis
3347 3591 3602 3662 adnexis,

1906 3689 2069 3760 quasi
2117 3687 2303 3758 capita
2343 3686 2477 3740 ﬁdei
2514 3685 2796 3739 credenda
2838 3683 2908 3736 ab
2957 3681 3279 3751 Augustino
3312 3694 3603 3751 propone—

1904 3780 2133 3832 bantur.
2192 3775 2450 3845 Denique
2498 3775 2544 3827 is
2593 3789 2779 3826 sermo
2830 3772 2939 3825 fuit
3002 3770 3255 3842 partium
3287 3769 3407 3839 jam
3459 3768 3605 3821 vires

1906 3882 2035 3920 suas
2061 3864 2448 3929 sentientium,
2482 3866 2538 3915 et
2568 3859 2939 3914 multitudine
2967 3874 3069 3911 sua
3088 3858 3361 3912 fretarum
3387 3873 3399 3910 :
3430 3872 3603 3926 quam

1906 3971 2057 4025 saepe
2082 3955 2258 4023 jactat
2287 3952 2378 4006 hic
2406 3951 2781 4022 Augustinus,
2822 3953 3146 4019 contempta
3167 3946 3450 4017 paucitate
3499 3946 3604 3998 ali-

1906 4048 1993 4096 ter
2022 4042 2408 4096 sentientium.
2443 4038 2734 4109 Ejusmodi
2759 4040 2971 4108 partes,
2996 4052 3060 4090 ac
3091 4034 3321 4105 ingenia
3345 4034 3464 4104 pati
3487 4048 3603 4086 non

1905 4131 2143 4202 possunt
2171 4128 2279 4182 sibi
2317 4126 2549 4196 obloqui
2578 4125 2897 4205 pauciores,
2933 4124 3030 4178 sed
3059 4124 3260 4177 volunt
3306 4122 3482 4176 fidem
3512 4122 3600 4174 lo-

130 4216 324 4271 tradere
371 4236 434 4274 ac
485 4219 873 4291 Evangelium,
942 4224 1065 4273 tum
1112 4235 1245 4273 vero
1314 4219 1578 4290 analogia
1638 4220 1796 4273 nulla
1832 4270 1876 4325 D
1906 4218 2214 4291 quentibus
2235 4216 2507 4271 continuo
2528 4214 2749 4268 haberi.

132 4306 341 4325 ,ιιι-.--ιρι
496 4310 536 4325 n
622 4308 629 4317 ·
844 4323 927 4325 Ακη
976 4308 1095 4325 γνικν
1196 4309 1281 4325 ,ll.
1336 4323 1365 4325 μ
1398 4310 1489 4325 ιηη
1545 4323 1573 4325 η
1720 4309 1755 4325 1,
1981 4307 2083 4325 nnm
2155 4307 2214 4325 In
2270 4305 2574 4325 n--1..._-__.
2624 4302 2741 4325 ..Ακὶ

132 4306 437 4363 servabitur.
496 4308 772 4379 Denique,
833 4308 1123 4362 secundum
1181 4309 1499 4375 allegoriam
1532 4323 1652 4361 cum
1697 4309 1798 4362 do-

131 4395 258 4444 cetur
302 4411 405 4451 non
450 4396 524 4450 ad
563 4398 798 4450 litteram
845 4411 955 4449 esse
996 4396 1312 4464 accipienda
1372 4396 1621 4464 quaedam
1682 4413 1800 4467 quae

133 4484 313 4551 scripta
334 4490 479 4551 sunt,
507 4486 601 4539 sed
626 4488 856 4553 ﬁgurate
887 4484 1257 4552 intelligenda.
1300 4484 1423 4539 Scio
1475 4485 1613 4556 quid
1655 4486 1800 4539 alle-

136 4570 395 4635 goriarum
445 4573 671 4643 patroni
722 4573 939 4626 soleant
996 4572 1203 4637 dicere,
1274 4572 1373 4626 sed
1432 4588 1500 4626 ea
1566 4574 1798 4628 demum

138 4655 407 4726 allegorice
453 4666 587 4714 sunt
632 4660 1007 4730 intelligenda
1052 4676 1181 4730 quas
1232 4659 1547 4719 manifestae
1583 4662 1800 4734 allego-

137 4741 221 4797 riae
265 4751 505 4818 speciem
552 4766 672 4821 prae
717 4766 774 4803 se
804 4751 1011 4814 ferunt,
1058 4753 1123 4803 ut
1161 4750 1336 4802 Eccle.
1360 4765 1457 4815 xu,
1488 4751 1522 4803 4
1553 4753 1609 4803 et
1637 4765 1797 4820 seqq.

139 4828 331 4973 Claztera
378 4840 570 4894 omnia
607 4838 839 4909 proprie
888 4837 1286 4908 intelligenda.
1345 4837 1453 4892 Sed
1501 4837 1607 4891 hac
1638 4837 1707 4891 de
1741 4853 1799 4890 re

139 4934 273 4973 aias.

137 4934 273 4977 81185.

1979 4307 2112 4377 Cap.
2151 4307 2234 4359 lO.
2270 4305 2579 4373 Postquam
2624 4301 2821 4355 multis
2857 4300 3098 4372 probare
3126 4302 3363 4353 conatus
3394 4302 3478 4352 est
3516 4314 3603 4351 sa-

1910 4395 2199 4449 cerdotem
2252 4392 2304 4446 ei
2351 4391 2451 4462 qui
2500 4390 2837 4461 religionem
2886 4388 3266 4443 Christianam
3316 4386 3424 4440 sibi
3470 4401 3603 4455 pro-

1911 4482 2033 4537 bari
2085 4480 2262 4551 cupit,
2316 4478 2543 4533 credere
2589 4480 2875 4547 oportere,
2926 4491 3057 4528 eum
3108 4473 3300 4527 animo
3357 4471 3607 4526 veritatis

1909 4571 2117 4641 cupido
2174 4569 2253 4623 ita
2291 4584 2348 4621 se
2398 4582 2637 4637 gerere;
2692 4565 2826 4618 hinc
2862 4564 3079 4633 colligit
3105 4564 3278 4617 talem
3310 4562 3604 4616 hominem

1909 4659 2156 4713 vicissim
2225 4654 2503 4709 sacerdoti
2573 4655 2642 4707 de
2699 4653 2978 4722 religione
3028 4652 3245 4723 aliquid
3297 4649 3606 4704 affirmanti

1909 4748 2139 4801 credere
2169 4748 2451 4815 oportere.
2486 4744 2559 4795 In
2606 4743 2864 4809 religione
2891 4757 3033 4806 vero,
3074 4740 3281 4809 inquit,
3315 4738 3451 4807 quid
3492 4739 3607 4790 ini—

1908 4837 2069 4905 quius
2098 4834 2219 4901 ﬁeri
2239 4832 2413 4899 potest
2438 4845 2601 4896 quam
2626 4832 2687 4881 ut
2710 4830 2806 4881 Dei
2826 4830 3098 4881 antistites
3118 4828 3269 4879 nobis
3297 4840 3402 4878 non
3426 4827 3607 4890 ﬁctum

1908 4925 2152 4977 animum
2180 4918 2556 4988 pollicentibus
2615 4916 2852 4976 credant,
2902 4930 3000 4969 nos
3047 4917 3120 4967 eis
3164 4911 3607 4982 praecipientibus

195 5011 317 5082 Cap.
345 5019 394 5071 9.
446 5018 585 5072 Vera
623 5016 832 5083 religio,
877 5018 990 5070 nisi
1020 5015 1312 5069 credantur
1341 5031 1403 5069 ea
1428 5031 1547 5085 qua
1577 5017 1802 5083 quisque
1906 5012 2139 5065 nolimus
2168 5006 2421 5061 credere?
2450 5004 2621 5059 Miror
2650 5008 2767 5056 tam
2798 5003 2979 5055 levem
3013 5002 3293 5054 rationem
3323 5005 3441 5052 tam
3463 4998 3608 5051 mul-

132 5104 312 5163 postea,
342 5107 390 5158 si
414 5120 467 5159 se
491 5106 617 5159 bene
640 5104 886 5173 gesserit,
917 5105 1221 5172 dignusque
1264 5106 1435 5170 fuerit
1479 5107 1802 5171 assequatur
1909 5100 1982 5155 tis
2033 5095 2299 5169 persequi
2357 5093 2694 5148 sustinuisse
2761 5092 3050 5144 rhetorem
3118 5093 3398 5142 nostrum.
3464 5088 3605 5141 Nam

137 5189 276 5255 atque
296 5197 575 5263 percipiat,
623 5198 672 5247 et
701 5197 913 5248 omnino
951 5196 1065 5247 sine
1093 5194 1327 5261 quodam
1366 5195 1525 5260 gravi
1556 5194 1799 5245 auctori-

140 5274 247 5330 tatis
274 5281 513 5351 imperio,
541 5284 675 5336 iniri
696 5285 801 5336 rite
842 5283 988 5335 nullo
1026 5286 1187 5350 pacto
1214 5285 1404 5349 potest.
1435 5278 1456 5351 ]
1490 5281 1621 5333 Haec
1664 5295 1800 5333 con-

138 5363 210 5415 tra
248 5366 589 5438 Manichmos,
647 5370 745 5442 qui
794 5370 1130 5425 catholicam
1190 5369 1494 5422 Ecclesiam
1555 5366 1800 5420 maxime

140 5451 577 5529 criminabantur,
602 5461 754 5531 quod
782 5460 894 5513 illis
925 5459 1022 5530 qui
1060 5459 1132 5512 ad
1162 5474 1284 5513 eam
1316 5456 1622 5511 veniebant
1657 5471 1799 5526 pras-

139 5537 326 5609 Ciperet
366 5554 429 5603 ut
472 5549 785 5615 crederent,
832 5564 962 5600 cum
1010 5547 1115 5618 ipsi
1178 5547 1371 5600 omnia
1426 5545 1642 5599 ratione
1700 5545 1798 5598 de-

1907 5187 2159 5258 primum
2189 5182 2400 5237 similia
2436 5181 2666 5235 Judasus
2712 5195 2777 5232 ac
2825 5177 3086 5231 ethnicus
3127 5175 3386 5229 sacerdos
3418 5174 3605 5229 dicere

1908 5278 2217 5348 potuerunt
2249 5270 2601 5334 Christianis,
2632 5284 2762 5321 cum
2793 5269 3071 5338 potestate
3114 5280 3178 5317 ac
3234 5279 3475 5317 numero
3506 5280 3606 5317 su—

1910 5366 2164 5436 periores
2193 5364 2355 5416 erant
2380 5358 2563 5415 Judaei
2593 5374 2655 5411 ac
2685 5354 2897 5409 ethnici
2927 5354 2988 5407 in
3032 5353 3290 5407 Romano
3337 5351 3603 5422 imperio.

1909 5454 2093 5519 Quare
2124 5450 2507 5507 Christianum
2533 5464 2565 5500 a
2588 5445 2689 5501 tali
2720 5442 3088 5513 responsione
3135 5440 3313 5496 satius
3367 5441 3477 5495 fuit
3505 5440 3604 5495 ab-

1907 5543 2133 5596 stinere.
2183 5538 2463 5603 Secundo,
2512 5534 2642 5606 quis
2684 5531 2877 5586 docuit
2923 5530 3328 5601 Augustinum,
3377 5528 3605 5583 nonnisi
