3884 6178
355 263 448 314 511
1363 259 1922 319 SUPPLEMENTUM
1963 262 2053 317 AD
2089 261 2322 318 OPERA
2350 261 2404 316 S.
2449 259 2838 318 AUGUSTINI.
3713 275 3796 327 512

352 383 425 437 iis
449 381 550 454 qui
572 381 808 437 studiosi
830 381 947 436 veri
972 397 1091 435 esse
1111 380 1440 449 creduntur,
1467 380 1860 450 explicandam
1882 380 2053 434 fuisse
2090 383 2134 436 A
2164 381 2242 436 ita
2272 381 2447 435 hebes
2476 384 2578 447 est,
2625 383 2691 434 ut
2736 379 2806 434 ab
2853 378 3070 433 insanis
3091 394 3207 432 non
3239 380 3473 435 multum
3512 383 3683 440 distet.
3711 387 3797 451 Qui

356 470 697 539 religionem
723 470 1100 524 Christianam
1121 471 1248 523 ‘?An
1280 485 1396 523 non
1418 469 1669 540 indignis
1696 469 1890 523 omnia
1916 486 2052 540 pan-

313 566 320 568 '
354 557 502 611 dunt
531 557 674 610 sacri
704 557 1036 626 Scriptores,
1069 554 1170 624 qui
1200 555 1378 616 libris,
1434 556 1494 609 in
1541 556 1875 626 quorumvis
1922 572 2048 610 ma-

355 659 457 697 nus
527 644 871 709 deventuris,
923 642 1261 712 religionem
1328 643 1705 698 Christianam
1757 661 1920 714 mque
1988 661 2053 699 ac

347 731 662 794 Iudaicam,
694 730 976 799 complexi
1011 735 1142 782 sunt
1166 729 1193 784 ?
1225 732 1422 784 Fateor
1463 731 1772 792 interdum,
1824 732 2049 786 vitandi

355 815 594 886 periculi
625 831 812 880 causa,
849 816 1202 886 fugiendreve
1232 817 1450 870 inutilis
1467 819 1923 885 concertationis,
1959 836 2052 873 sa—

354 903 466 956 tius
519 919 639 956 esse
694 909 879 958 tacere
933 920 1106 974 quam
1156 905 1302 974 apud
1350 906 1641 976 improbos
1688 906 1744 960 id
1787 907 2053 978 proloqui

353 991 504 1061 quod
537 998 830 1062 spernant,
863 998 962 1046 aut
991 1009 1121 1046 cum
1153 993 1548 1063 indignatione
1589 994 1896 1063 excipiant.
1943 996 2048 1050 Sed

355 1081 603 1150 exceptis
653 1081 938 1151 ejusmodi
985 1081 1447 1144 circumstantiis,
1481 1081 1650 1135 debet
1674 1082 1873 1152 religio
1901 1084 2052 1154 apud

293 1227 297 1231 ,
356 1184 557 1222 omnes
604 1170 1026 1224 accuratissime
1075 1169 1328 1238 probari,
1379 1174 1434 1222 et
1459 1169 1776 1239 praesertim
1819 1171 2048 1241 quidem

355 1256 537 1311 libris.
579 1257 850 1320 Quinimo
906 1257 984 1309 sic
1037 1273 1096 1310 se
1143 1258 1316 1324 gessit
1367 1257 1487 1326 ipse
1542 1258 1914 1328 Augustinus,
1975 1261 2052 1314 sic

355 1359 554 1397 omnes
587 1344 895 1398 Christiani
927 1345 1210 1399 doctores.
1250 1345 1458 1409 Tertio,
1492 1360 1660 1398 nemo
1696 1344 1876 1398 nescit
1923 1361 2052 1398 om-

355 1448 454 1485 nes
489 1433 672 1486 bonos
703 1449 824 1488 esse
855 1433 1168 1499 habendos,
1202 1433 1338 1486 dum
1378 1433 1560 1486 malos
1599 1448 1719 1486 esse
1769 1448 1885 1486 non
1915 1449 2051 1486 con-

357 1523 485 1573 stat.
537 1520 672 1583 Quis
725 1525 914 1574 autem
963 1521 1219 1573 animum
1260 1520 1417 1573 novit
1462 1521 1582 1590 ejus
1629 1520 1728 1590 qui
1769 1520 1912 1590 petit
1947 1519 2052 1573 sibi

358 1606 628 1677 explicari
665 1607 1028 1678 religionem,
1076 1608 1188 1662 nisi
1229 1608 1478 1662 hominis
1511 1624 1696 1662 mores
1723 1623 1855 1662 eum
1885 1611 2054 1662 antea

356 1697 734 1768 aperuerint?
778 1698 886 1752 Sed
935 1700 1106 1768 plane
1169 1699 1279 1753 alia
1321 1703 1407 1752 est
1446 1699 1590 1753 ratio
1636 1698 1928 1764 doctrinm,
1962 1697 2054 1751 cui

360 1783 623 1838 assentiri
654 1799 824 1837 nemo
855 1785 1022 1838 debet
1047 1789 1355 1856 antequam
1386 1801 1510 1838 eam
1541 1801 1737 1838 veram
1767 1802 1888 1839 esse
1916 1800 2053 1838 con-

355 1874 484 1925 stet.
539 1872 819 1925 Damnare
871 1887 998 1925 eam
1041 1888 1159 1925 non
1206 1872 1400 1938 debet,
1451 1871 1764 1925 rationibus
1793 1871 2053 1925 nondum
2095 1910 2104 1917 .

357 1958 587 2024 auditis,
623 1959 720 2013 sed
751 1958 1019 2030 amplecti
1062 1961 1218 2013 nulla
1260 1960 1386 2029 lege
1428 1960 1682 2029 jubetur.
1712 1959 1922 2023 Quarto
1953 1959 2051 2012 de-

358 2047 557 2118 nique,
601 2048 826 2117 jubenti
877 2065 964 2101 me
1015 2064 1120 2118 pro
1166 2048 1408 2118 imperio
1465 2048 1692 2102 credere
1758 2046 2052 2118 quidpiam

354 2136 511 2206 quod
542 2136 595 2190 ei
627 2141 829 2190 natura
851 2153 952 2190 sua
983 2138 1172 2190 notius
1205 2153 1316 2190 non
1349 2141 1434 2190 est
1463 2153 1636 2207 quam
1683 2136 1846 2204 mihi,
1899 2137 2055 2190 nulla

353 2224 572 2277 ratione
599 2225 769 2290 edita,
801 2225 1030 2278 nonnisi
1061 2227 1227 2279 stulte
1249 2227 1491 2296 'lcredere
1524 2241 1756 2296 possum
1782 2242 1795 2289 ;
1834 2229 1890 2278 at
1928 2225 2051 2278 ani-

355 2327 484 2365 mus
512 2311 960 2382 uniuscujusque
979 2317 1065 2365 est
1092 2312 1201 2381 ipsi
1222 2311 1576 2367 notissimus.
1603 2313 1708 2366 Sed
1741 2312 1878 2383 quid
1911 2328 2054 2382 opus

357 2403 441 2452 est
499 2397 734 2452 verbis?
781 2399 838 2453 Si
887 2401 1242 2470 Augustinus
1304 2400 1533 2454 vixisset
1578 2401 1728 2470 apud
1773 2394 2048 2464 ethnicos,

359 2486 560 2557 quales
588 2491 749 2540 erant
779 2487 1096 2542 etiamnum
1133 2490 1316 2542 Persa:
1351 2488 1561 2560 aliique
1615 2487 1930 2542 Orientales
1949 2502 2053 2556 po-

355 2574 476 2642 puli
499 2575 620 2643 ejus
641 2580 922 2645 tempore,
946 2576 1288 2647 adiissetque
1310 2577 1656 2630 sacerdotem
1677 2582 1776 2630 aut
1796 2591 2051 2646 magum,

355 2665 410 2715 et
439 2663 510 2716 ab
559 2663 657 2716 illo
696 2664 1014 2734 quaasiisset
1063 2665 1313 2719 rationes
1345 2665 1417 2718 ob
1453 2681 1594 2735 quas
1644 2665 1838 2735 ignem
1870 2666 2054 2717 Persae

351 2751 634 2817 colebant,
663 2752 734 2804 iis
763 2752 992 2805 demum
1019 2752 1335 2806 crediturus
1374 2757 1680 2822 postquam
1730 2751 1924 2804 ﬁrmas
1962 2751 2055 2804 de-

349 2837 782 2906 prehendisset;
827 2839 1090 2894 sacerdos
1141 2857 1273 2894 vero
1328 2841 1425 2894 ille
1458 2840 1670 2894 similia
1713 2840 1947 2894 dixisset
1981 2839 2051 2894 de

2161 468 2330 521 tidem
2382 467 2583 520 habuit
2624 465 2731 519 tibi
2785 466 2904 518 sine
2953 465 3196 531 ratione,
3241 466 3389 520 idem
3418 468 3580 522 etiam
3607 471 3714 524 sine
3735 491 3797 526 ra-

2161 555 2315 609 tione
2342 571 2471 608 cum
2499 553 2800 608 videbitur.
2833 551 2934 606 tibi
2963 553 3135 606 ﬁdem
3166 553 3415 607 detrahet
3439 575 3452 622 ;
3480 559 3798 614 assentielur-

2162 660 2272 714 que
2295 660 2458 715 asque
2480 643 2639 696 facile
2661 641 2905 706 Arianis,
2927 642 2972 694 si
2992 657 3182 695 rerum
3208 642 3508 711 potiantur,
3532 649 3620 697 aut
3639 647 3796 711 etiam,

2163 733 2314 804 quod
2372 731 2624 786 deterius
2672 736 2774 791 est,
2819 730 3342 798 Muhammedanis;
3385 732 3529 801 quod
3547 748 3721 786 revera
3743 736 3800 788 fe-

2162 824 2363 875 cerunt
2386 819 2524 886 Afri,
2557 824 2688 889 post
2719 818 3022 887 Augustini
3068 822 3341 888 tempora.
3388 819 3636 890 Quisquis
3659 825 3802 876 credit

2162 923 2284 962 esse
2319 906 2573 978 aliquam
2624 906 2961 976 religionem
2999 922 3213 971 veram,
3245 907 3554 976 quaeritque
3589 907 3676 962 ubi
3702 926 3801 964 eam

2158 996 2414 1050 invenire
2443 995 2638 1066 possit,
2663 1011 2774 1048 non
2807 998 2892 1048 est
2919 999 3037 1048 tam
3068 995 3274 1060 fatuus,
3326 1000 3391 1049 ut
3418 996 3623 1048 nullam
3663 998 3800 1051 ratio-

2160 1101 2292 1138 nem
2320 1083 2426 1138 sibi
2458 1083 2582 1137 dari
2612 1083 2880 1153 postulet.

2232 1172 2372 1227 Ibid.
2409 1175 2435 1239 §
2472 1175 2560 1225 2t.
2624 1171 2768 1236 Quid
2816 1170 2962 1240 quod
3009 1186 3185 1225 omnes
3233 1171 3469 1226 heretici
3513 1172 3702 1227 Christo
3731 1192 3802 1230 nos

2160 1253 2372 1308 credere
2402 1251 2734 1306 hortantur?
2768 1249 2902 1321 etc.]
2938 1251 3146 1304 Verum
3177 1255 3286 1315 est,
3320 1250 3415 1303 sed
3452 1250 3622 1305 fuitne
3664 1254 3804 1308 haere-

2160 1343 2304 1396 ticus
2333 1345 2449 1395 tam
2480 1339 2787 1410 impudens
2809 1345 2909 1392 aut
2933 1343 3046 1392 tam
3076 1339 3307 1405 bardus,
3341 1338 3438 1409 qui
3457 1340 3631 1393 nullas
3649 1340 3805 1395 ﬁrmas

2162 1431 2407 1485 rationes
2454 1445 2574 1482 esse
2629 1428 2851 1483 Christo
2885 1427 3151 1481 credendi
3183 1427 3444 1482 diceret?
3480 1429 3595 1481 Non
3623 1431 3804 1499 Opinor.

2166 1520 2364 1574 Fuitne
2395 1517 2567 1572 etiam
2597 1517 2855 1570 sacerdos
2873 1521 2991 1570 tam
3013 1515 3248 1585 ignarus
3278 1521 3378 1570 aut
3403 1521 3516 1570 tam
3538 1517 3707 1583 hebes,
3728 1521 3804 1589 qui

2165 1607 2384 1678 aliquas
2414 1621 2612 1659 earum
2642 1605 2928 1658 rationum
2964 1605 3218 1674 proferre
3251 1620 3366 1658 non
3400 1605 3678 1674 potuerit?
3701 1609 3805 1660 Pro-

2165 1692 2309 1745 fecto
2339 1692 2386 1745 si
2414 1691 2541 1758 fuit,
2572 1691 2844 1761 indignus
2870 1691 2976 1745 fuit
3005 1691 3342 1746 sacerdotali
3372 1693 3583 1760 ordine,
3621 1698 3670 1748 et
3705 1711 3805 1764 per-

2162 1796 2363 1851 peram
2413 1780 2472 1834 in
2535 1796 2666 1833 eum
2717 1784 2838 1834 erat
2883 1785 3201 1850 cooptatus.
3248 1782 3424 1834 Nemo
3463 1785 3544 1835 est
3582 1782 3670 1852 qui
3695 1785 3804 1836 nolit

2163 1869 2391 1924 credere
2414 1869 2471 1924 id
2497 1870 2645 1941 quod
2680 1885 2793 1923 non
2822 1869 2980 1935 vidit,
3015 1869 3061 1922 si
3090 1870 3264 1923 modo
3291 1869 3343 1923 ei
3373 1874 3582 1923 constet
3623 1887 3706 1924 eos
3730 1873 3804 1942 qui

2163 1958 2317 2029 quod
2365 1974 2477 2012 non
2526 1958 2666 2012 vidit
2711 1958 2915 2012 docent
2944 1957 3193 2028 potuisse
3225 1974 3349 2012 rem
3375 1959 3591 2020 rescire,
3623 1975 3712 2012 nec
3732 1961 3806 2013 fal-

2161 2045 2278 2100 lere
2307 2047 2575 2113 voluisse,
2604 2050 2704 2100 aut
2732 2047 2888 2116 ipsos
2939 2047 3204 2117 deceptos
3251 2046 3462 2113 fuisse;
3504 2047 3643 2117 quod
3669 2047 3805 2118 liqui-

2163 2135 2299 2188 dum
2330 2135 2496 2189 nobis
2524 2135 2588 2188 fit
2613 2135 2680 2189 de
2713 2135 2933 2189 Christo
2966 2140 3023 2188 et
3053 2135 3351 2204 apostolis,
3395 2139 3449 2188 et
3491 2139 3678 2188 natura
3713 2136 3806 2204 ipsa

2161 2239 2354 2278 rerum
2387 2239 2528 2294 quas
2560 2223 2894 2289 docuerunt,
2923 2227 2978 2276 et
3026 2223 3322 2276 miraculis
3360 2223 3680 2292 praesertim.
3725 2223 3806 2276 Sed

2162 2312 2263 2383 qui
2294 2312 2419 2380 scis,
2455 2312 2700 2382 inquies,
2742 2311 2886 2365 facta
2923 2310 3098 2365 fuisse
3152 2311 3292 2365 talia
3334 2312 3618 2378 miracula,
3663 2327 3804 2382 eaque

2162 2401 2465 2471 contigisse
2509 2416 2638 2470 quae
2687 2404 2994 2453 narrantur
3041 2399 3100 2452 in
3151 2401 3544 2470 apostolorum
3589 2400 3805 2469 scriptis?

2166 2491 2278 2544 Hoc
2299 2490 2432 2558 scio,
2465 2494 2638 2560 prout
2663 2489 2793 2542 novi
2814 2488 3064 2558 reliquos
3090 2504 3293 2542 omnes
3324 2487 3574 2542 Historiae
3602 2487 3805 2558 antiquae

2163 2582 2401 2632 eventus
2449 2577 2815 2641 indubitatos,
2864 2577 2980 2630 imo
3039 2580 3097 2630 et
3139 2576 3493 2630 ﬁrmioribus
3540 2575 3806 2629 rationibus

2162 2665 2365 2731 nixus;
2397 2681 2515 2719 non
2544 2664 2679 2736 quia
2727 2664 2895 2718 credo
2947 2665 3277 2719 auctOritati
3312 2664 3637 2736 cujuspiam,
3673 2679 3806 2733 aquo

2163 2771 2236 2808 an
2266 2753 2431 2807 fallar
2451 2769 2626 2806 necne
2651 2752 2861 2807 nescio.

2234 2841 2377 2896 Ibid.
2413 2840 2441 2910 §
2474 2844 2559 2896 32.
2590 2843 2868 2909 Atipsum
2903 2839 3240 2910 (Christum)
3287 2840 3546 2906 videmus,
3591 2841 3804 2907 quantum

353 2924 600 2980 utilitate
631 2928 900 2981 credendi
932 2944 1060 2998 qua:
1103 2928 1194 2982 hic
1242 2933 1435 2982 narrat
1463 2928 1773 2982 Manichaee
1800 2947 1814 2994 ;
1853 2931 2048 2998 Augu—
2080 2947 2118 3003 ο
2162 2931 2278 2996 illa,
2313 2931 2400 2984 cui
2431 2935 2480 2984 et
2507 2931 2618 2999 ipsi
2640 2929 2941 2999 (Haeretici)
2968 2929 3214 2993 credunt,
3249 2929 3402 2984 docet
3430 2930 3662 2992 historia,
3698 2923 3806 2978 nihil

353 3014 536 3068 stinus
569 3015 692 3069 sine
731 3017 905 3070 dubio
937 3017 1354 3071 intolerandam
1385 3033 1507 3071 esse
1533 3017 1893 3087 tyrannidem
1932 3033 2050 3070 sen-

356 3101 540 3165 sisset,
584 3107 641 3155 et
687 3102 921 3156 dixisset
967 3104 1013 3157 si
1062 3119 1234 3156 ausus
1273 3109 1441 3158 esset.
1493 3104 1571 3157 Ne
1619 3118 1754 3174 ergo
1781 3103 1929 3157 bona
1960 3119 2048 3156 ra-

355 3187 645 3242 tiocinatio
676 3189 951 3243 habeatur
979 3190 1039 3243 in
1077 3191 1263 3244 Africa
1312 3190 1652 3258 Christiana,
1703 3207 1834 3262 qua:
1883 3207 2048 3262 para-

352 3274 630 3345 logismus
659 3277 858 3331 fuisset
888 3277 957 3331 ad
980 3281 1170 3332 ortum
1195 3279 1515 3349 Euphratis.

425 3363 560 3433 Cap.
613 3367 699 3418 l2.
748 3368 935 3436 Quaero
983 3368 1174 3433 igitur,
1216 3370 1266 3421 si
1308 3368 1452 3434 quod
1469 3369 1705 3422 nescitur
1732 3368 2053 3422 credendum

351 3466 458 3506 non
487 3457 584 3517 est,
618 3454 878 3522 quomodo
909 3457 1149 3508 serviant
1161 3457 1480 3524 parentibus
1497 3457 1678 3522 liberi,
1709 3471 1900 3527 eosque
1927 3473 2053 3510 mu-

356 3544 452 3594 tua
476 3543 678 3608 pietate
699 3541 954 3609 diligant,
981 3557 1111 3610 quos
1135 3549 1386 3613 parentes
1403 3559 1526 3598 suos
1543 3559 1652 3598 esse
1676 3561 1781 3599 non
1807 3545 2049 3598 credant.

354 3631 469 3684 Non
491 3631 630 3682 enim
659 3633 868 3684 ratione
897 3632 1004 3684 ullo
1020 3636 1181 3700 pacto
1210 3633 1343 3686 sciri
1365 3637 1558 3701 potest,
1603 3633 1697 3686 sed
1734 3635 2055 3702 interposita

353 3717 547 3770 matris
577 3719 899 3770 auctoritate
928 3717 993 3771 de
1020 3724 1177 3786 patre
1203 3719 1459 3783 creditur,
1497 3719 1563 3772 de
1590 3723 1711 3788 ipsa
1740 3736 1863 3774 vero
1883 3727 2056 3775 matre

348 3805 666 3872 plerumque
694 3820 787 3858 nec
815 3809 1002 3871 matri,
1026 3807 1121 3860 sed
1158 3807 1553 3873 obstetricibus,
1599 3809 1922 3876 nutricibus,
1959 3811 2051 3876 fa-

353 3893 537 3958 mulis,
571 3891 696 3964 ctc.]
732 3895 943 3948 Verum
987 3894 1106 3948 haec
1149 3901 1282 3949 sunt
1332 3897 1500 3966 plane
1562 3896 1882 3964 dissimilia,
1921 3913 2054 3952 nam

352 3987 617 4052 parentes
647 3987 703 4036 et
733 3983 830 4036 alii
861 3984 1002 4038 scire
1026 3989 1278 4054 possunt,
1309 3990 1364 4038 et
1380 4001 1576 4038 revera
1605 3984 1793 4038 sciunt
1818 3985 2054 4056 quinam

354 4069 468 4122 sint
498 4069 587 4123 sui
617 4075 674 4123 et
703 4075 991 4124 certorum
1025 4071 1327 4125 hominum
1359 4071 1560 4137 liberi;
1593 4087 1698 4124 nec
1741 4072 1860 4124 ulla
1899 4071 2054 4125 utili-

358 4161 474 4210 tate
509 4157 820 4224 ducuntur,
863 4160 1061 4212 saltem
1116 4161 1479 4230 plerumque,
1525 4158 1596 4212 ad
1648 4159 2056 4229 supponendos

2152 3021 2332 3088 prius,
2368 3031 2538 3085 neque
2567 3019 2790 3083 fortius,
2823 3032 2986 3084 quam
3015 3015 3164 3069 credi
3192 3017 3304 3070 sibi
3326 3015 3552 3069 voluisse
3573 3033 3588 3080 ;
3613 3027 3715 3066 cum
3741 3011 3805 3062 illi

2157 3106 2395 3160 nondum
2424 3109 2597 3162 essent
2624 3104 2826 3170 idonei,
2857 3120 2976 3158 cum
3005 3105 3202 3172 quibus
3241 3106 3293 3157 ei
3341 3118 3425 3157 res
3462 3108 3605 3167 esset,
3642 3100 3704 3154 ad
3737 3099 3802 3150 di-

2158 3197 2290 3247 vina
2317 3192 2664 3263 percipienda
2683 3191 2926 3261 secreta.]
2960 3191 3215 3246 Christus
3247 3191 3399 3262 apud
3423 3189 3634 3244 Judaaos
3662 3189 3801 3240 Evan-

2160 3282 2374 3353 gelium
2404 3280 2708 3346 nuntiavit,
2764 3295 2934 3333 nemo
2981 3282 3172 3332 autem
3219 3279 3547 3333 Iudaeorum
3592 3279 3697 3329 erat
3729 3271 3802 3342 qui

2161 3385 2278 3424 non
2305 3369 2466 3422 facile
2499 3366 2977 3422 animadverteret
2995 3365 3065 3420 ab
3097 3381 3162 3419 eo
3195 3365 3439 3419 minime
3472 3361 3800 3418 idololatriam

2162 3457 2390 3512 suaderi
2438 3460 2493 3510 et
2521 3455 2752 3526 egregia
2782 3455 2850 3509 ad
2873 3471 3061 3508 mores
3089 3459 3380 3524 praecepta
3405 3453 3560 3520 dari;
3593 3447 3804 3522 quamvis

2161 3562 2275 3600 non
2315 3545 2706 3614 intelligerent
2754 3559 3110 3614 quaecunque
3141 3542 3388 3597 dicebat.
3453 3542 3624 3595 Nemo
3669 3537 3802 3592 etiam

2163 3634 2397 3688 illorum
2446 3632 2554 3686 fuit
2599 3632 2699 3703 qui
2745 3648 2862 3686 non
2919 3631 3080 3686 facile
3122 3631 3343 3686 videret
3381 3630 3642 3685 miracula
3673 3626 3729 3679 ab
3754 3639 3802 3677 eo

2163 3720 2307 3782 ﬁeri,
2343 3724 2486 3791 quot
2528 3724 2582 3773 et
2611 3719 2803 3790 qualia
2832 3719 2902 3772 ab
2923 3717 3172 3788 antiquis
3216 3717 3513 3789 prophetis
3566 3717 3692 3769 facta
3716 3725 3803 3764 non

2163 3811 2407 3864 fuerant.
2445 3810 2577 3862 Duaa
2626 3810 2715 3862 ha:
2753 3807 2887 3861 satis
2936 3823 3135 3877 graves
3182 3807 3424 3861 fuerunt
3467 3802 3706 3860 credendi
3740 3816 3803 3853 ra-

2163 3900 2371 3964 tiones,
2420 3913 2525 3951 nec
2572 3901 2760 3968 potest
2811 3896 3086 3960 Christus,
3148 3911 3283 3949 cum
3351 3895 3499 3948 bona
3549 3888 3801 3962 Augustini

2165 3987 2350 4055 venia,
2402 4001 2533 4040 cum
2569 3984 2637 4038 iis
2683 3983 2933 4038 conferri
2975 3983 3074 4053 qui
3107 3983 3253 4036 .sine
3302 3983 3520 4036 ratione
3567 3980 3662 4034 sibi
3685 3973 3802 4030 credi

2164 4077 2380 4129 volunt.
2423 4074 2591 4144 Apud
2637 4073 2918 4126 Joannem
2991 4070 3203 4143 passim
3250 4071 3496 4125 inculcat
3541 4067 3799 4124 doctrinam

2166 4179 2328 4218 suam
2379 4178 2498 4216 esse
2547 4179 2580 4216 a
2629 4163 2791 4215 Patre
2832 4176 2934 4214 suo
2967 4163 3257 4229 acceptam
3288 4173 3302 4229 ;
3333 4161 3432 4214 sed
3462 4158 3565 4211 sibi
3593 4171 3690 4210 non
3713 4151 3802 4203 vult

357 4246 464 4300 sibi
513 4248 729 4301 alienos
773 4247 1001 4302 liberos.
1055 4249 1164 4303 Sed
1221 4249 1542 4302 sacerdotes
1569 4248 1669 4319 qui
1709 4250 1911 4303 volunt
1951 4249 2059 4303 sibi
2091 4223 2136 4279 Β
2167 4251 2338 4318 credi,
2373 4250 2481 4304 nisi
2504 4248 2794 4303 miraculis
2827 4247 2989 4301 dictis
3010 4248 3125 4301 suis
3153 4247 3332 4302 ﬁdem
3353 4247 3540 4302 faciat.
3570 4246 3676 4298 Imo
3701 4252 3800 4292 vero

353 4334 507 4387 credi
539 4335 606 4388 de
635 4335 932 4406 religione,
968 4337 1089 4404 ejus
1119 4335 1372 4390 veritatis
1406 4352 1519 4389 non
1546 4342 1677 4389 sunt
1709 4337 1891 4406 magis
1909 4353 2052 4391 con-

355 4421 456 4473 scii
486 4437 657 4491 quam
689 4423 788 4476 alii
816 4424 1094 4490 homines,
1128 4423 1175 4476 si
1202 4422 1522 4476 rationibus
1552 4424 1664 4477 sint
1691 4424 1975 4493 destituti;
1999 4429 2054 4479 et

358 4508 719 4579 plerumque,
754 4525 870 4563 non
899 4512 1019 4564 sine
1046 4526 1258 4581 magna
1285 4511 1530 4565 utilitate
1561 4527 1683 4572 sua,
1719 4528 1887 4566 suum
1924 4528 2052 4584 gre-

357 4611 491 4666 gem
522 4598 830 4667 augebant,

428 4684 564 4755 Cap.
607 4687 690 4740 14.
721 4687 782 4742 Si
817 4687 959 4740 nihil
998 4702 1076 4740 me
1115 4687 1326 4742 credere
1340 4687 1497 4756 jubet
1529 4687 1881 4759 (haereticus),
1915 4689 2051 4744 hanc

354 4774 532 4842 ipsam
571 4790 754 4828 veram
796 4776 1106 4843 religionem
1149 4777 1318 4830 ullam
1367 4777 1425 4831 in
1465 4777 1626 4831 rebus
1657 4776 1912 4831 humanis
1942 4791 2052 4831 esse

353 4877 461 4916 non
486 4862 682 4930 credo;
727 4879 893 4933 quam
936 4879 1055 4918 cum
1094 4879 1204 4918 esse
1249 4880 1355 4918 non
1396 4866 1572 4931 credo,
1604 4881 1710 4920 non
1741 4881 1942 4936 quem.
1971 4868 2052 4920 At

354 4952 466 5017 ille,
516 4957 578 5008 ut
623 4955 836 5021 opinor,
887 4955 1148 5022 quaerenti
1192 4959 1591 5008 monstraturus
1647 4959 1726 5008 est
1958 4955 2052 5010 Ad

354 5056 474 5094 eum
503 5043 676 5107 igitur
705 5044 802 5110 qui
831 5057 912 5094 me
947 5046 1092 5095 vetat
1139 5042 1352 5096 credere
1374 5058 1480 5096 non
1507 5047 1762 5104 venirem,
1805 5045 1916 5098 nisi
1945 5046 2048 5098 ali-

354 5128 489 5196 quid
516 5129 798 5183 crederem.
842 5132 1005 5184 Estne
1048 5130 1167 5185 ulla
1204 5131 1380 5199 major
1409 5131 1695 5197 dementia,
1723 5148 1887 5199 quam
1916 5137 1977 5186 ut
2005 5135 2051 5186 ii

354 5217 489 5281 sola,
529 5233 648 5284 qua:
676 5219 829 5272 nulla
863 5220 1094 5274 scientia
1140 5218 1379 5273 subnima
1425 5224 1521 5285 est,
1565 5219 1670 5287 fide
1709 5219 2047 5290 displiceam,

357 5320 476 5372 quae
504 5305 577 5358 ad
595 5308 772 5374 ipsum
788 5323 869 5361 me
889 5309 1002 5361 sola
1019 5307 1329 5377 perduxit?
1355 5307 1372 5376 ]
1395 5307 1622 5378 Sedqui
1654 5309 1832 5362 credit
1856 5325 2047 5362 veram

355 5392 608 5462 aliquam
637 5410 758 5448 esse
779 5396 1138 5465 religionem,
1173 5411 1273 5450 seu
1300 5397 1478 5450 Deum
1508 5396 1616 5450 coli
1647 5397 1788 5450 velle
1835 5397 1904 5450 ab
1957 5398 2048 5451 ho-

359 5479 631 5546 minibus,
678 5481 799 5535 sine
837 5482 954 5536 ulla
1003 5499 1239 5538 omnino
1281 5483 1538 5551 ratione;
1569 5488 1664 5538 aut
1695 5483 1926 5552 insanit,
1949 5490 2047 5540 aut

2163 4339 2242 4393 sic
2297 4339 2448 4409 apud
2498 4337 2803 4408 discipulos
2840 4336 3094 4407 loquitur
3139 4351 3262 4406 cap.
3315 4352 3406 4398 xv,
3455 4337 3548 4388 24:
3585 4333 3641 4387 Si
3678 4340 3801 4397 opera

2159 4443 2266 4482 non
2292 4429 2538 4493 fecissem
2565 4430 2624 4480 in
2651 4428 2744 4492 eis,
2776 4440 2901 4494 quae
2928 4440 3079 4479 nemo
3117 4426 3262 4478 alius
3283 4426 3433 4491 fecit,
3455 4425 3707 4493 peccatum
3723 4428 3799 4468 non

2163 4516 2441 4570 haberent.
2482 4514 2662 4585 Igitur
2692 4513 2944 4568 Christus
2971 4512 3207 4566 minime
3238 4510 3558 4582 ipostulavit
3592 4506 3686 4561 sibi
3711 4504 3799 4556 sine

2162 4601 2383 4657 ratione
2410 4602 2563 4656 credi
2591 4621 2606 4666 ;
2640 4617 2745 4655 nec
2794 4600 2864 4654 ab
2896 4601 2965 4654 iis
2995 4617 3140 4671 quos
3159 4600 3398 4666 curavit,
3431 4604 3494 4653 ut
3518 4595 3802 4652 sanarentur

2163 4690 2233 4744 ad
2264 4706 2322 4744 se
2343 4691 2574 4751 delatos,
2607 4689 2778 4743 ﬁdem
2807 4689 3014 4759 exegit,
3047 4689 3160 4742 nisi
3201 4692 3504 4758 postquam
3526 4686 3636 4756 jam
3662 4678 3801 4735 multa

2162 4772 2420 4833 ediderat
2449 4778 2744 4834 miracula.
2779 4779 3015 4846 Verum,
3049 4793 3122 4831 ne
3149 4776 3290 4848 quid
3337 4773 3686 4833 dissimulem.
3721 4766 3800 4819 hoc

2162 4867 2338 4921 sensit
2405 4867 2778 4937 Augustinus,
2833 4870 2896 4919 nt
2943 4865 3251 4919 ostendunt
3288 4861 3578 4934 sequentia
3625 4855 3794 4911 verba:

2161 4953 2303 5019 Quid
2339 4956 2480 5007 enim
2500 4955 2654 5008 aliud
2683 4960 2875 5022 agunt,
2907 4954 3116 5025 inquit,
3149 4959 3304 5009 tanta
3331 4959 3382 5007 et
3412 4958 3518 5006 tam
3537 4948 3688 5004 multa
3717 4942 3796 4995 mi-

2159 5043 2366 5109 racula,
2399 5045 2517 5112 ipso
2546 5046 2708 5098 etiam
2738 5043 2944 5098 dicente
2973 5059 3036 5098 ea
3060 5059 3166 5098 non
3211 5045 3333 5112 ﬁeri
3372 5043 3434 5096 ob
3471 5037 3631 5100 aliud,
3650 5033 3798 5086 nisiut

2159 5132 2267 5185 sibi
2295 5131 2604 5186 crederent?
2652 5131 2805 5186 Nihil
2837 5132 3042 5199 verius,
3099 5131 3196 5186 sed
3227 5134 3391 5184 erant
3426 5129 3544 5199 ipsa
3576 5116 3796 5177 miracula

2160 5220 2490 5290 gravissima
2519 5221 2682 5286 ratio,
2732 5236 2834 5274 cur
2868 5223 2991 5274 tuto
3031 5220 3084 5274 ei
3115 5220 3426 5278 crederent,
3458 5221 3509 5270 et
3532 5211 3728 5267 credere
3753 5216 3796 5255 se

2158 5324 2324 5379 posse
2353 5309 2761 5380 intelligerent.
2794 5309 3046 5364 Sciebant
3062 5308 3216 5362 enim
3239 5309 3370 5376 quia
3386 5307 3662 5375 peccatores
3685 5296 3797 5348 Deus

2156 5414 2263 5452 non
2326 5397 2485 5452 audit
2543 5396 2634 5467 (ad
2691 5397 2910 5452 edenda
2962 5396 3238 5451 miracula
3294 5393 3495 5465 quibus
3548 5381 3796 5442 fraudibus

2157 5485 2273 5540 suis
2303 5485 2475 5541 ﬁdem
2506 5485 2763 5551 faciant);
2793 5486 2888 5540 sed
2933 5487 2982 5538 si
3033 5487 3156 5553 quis
3207 5484 3309 5536 Dei
3355 5482 3517 5535 cultor
3535 5480 3622 5538 est,
3641 5476 3684 5526 et
3721 5481 3791 5518 1‘0-
