3920 6180
66 294 157 344 513
838 285 1199 342 VARIORUM
1237 287 1833 344 EXERCITATIONES
1872 290 1942 344 IN
1981 292 2035 344 S.
2077 291 2442 348 AUGUSTINI
2483 292 2731 348 OPERA.

3429 304 3533 357 514

67 420 301 471 tentarem
330 413 443 481 ejus
472 411 624 477 facit,
661 410 801 464 hunc
832 410 1079 464 emaudit.
1106 411 1267 464 Joan.
1302 427 1377 476 1x,
1419 415 1506 466 31.
1533 413 1729 482 Itaque
1759 412 1804 467 A
1844 427 2029 467 carum
2050 415 2439 469 Ecclesiarum.
2472 416 2647 469 Paulo
2671 420 2797 486 post
2832 434 2843 470 :
2868 421 3005 473 Hinc
3034 422 3207 487 igitur
3246 422 3545 489 dirigimus

69 520 170 558 non
197 499 372 572 potuit
389 498 739 567 Augustinus
778 498 1041 569 exemplo
1066 498 1273 552 Christi
1315 498 1414 563 uti,
1441 504 1502 552 ut
1523 500 1735 569 proba-

71 597 144 647 ret
180 587 466 644 Ecclesium
505 586 837 640 catholicam
874 586 1001 655 jure
1033 586 1139 639 sibi
1170 586 1292 641 sine
1323 588 1547 642 ratione
1580 589 1733 642 credi

70 678 354 751 postulare.
418 676 574 741 Ergo
623 674 855 741 afferens
884 674 1224 739 medicinam,
1279 691 1398 743 qua
1439 680 1736 746 corruptis-

67 773 208 823 simos
240 779 403 818 mores
446 768 714 817 sanatura
748 767 881 815 esset
917 763 1196 817 miraculis
1244 765 1552 818 conciliavit
1579 764 1731 834 (sibi)

65 849 431 910 auctoritatem,
469 845 790 897 auctoritate
817 844 1013 896 meruit
1036 842 1219 911 ﬁdem.
1242 844 1378 907 Qum
1409 846 1577 898 verba
1604 850 1736 898 sunt

64 931 340 1005 Augistini,
373 930 579 1001 quibus
609 930 777 1000 plane
817 929 1163 983 assentimur
1190 946 1202 997 ;
1253 937 1310 985 at
1334 947 1449 984 non
1497 948 1734 1002 sequen-

62 1025 221 1079 tibus:
242 1021 344 1089 ﬁde
372 1020 648 1073 contraxit
677 1018 1097 1085 multitudinem,
1122 1019 1473 1073 multitudine
1504 1020 1737 1073 obtinuit

59 1115 362 1174 vetustatem,
418 1111 682 1162 vetustate
748 1106 1021 1159 roboravit
1080 1108 1412 1172 religionem.
1466 1108 1736 1172 Quamvis

63 1200 192 1253 enim
218 1197 326 1251 fide
378 1195 488 1249 sibi
532 1194 679 1248 facta
713 1194 865 1263 apud
914 1194 1367 1263 multitudinem,
1426 1196 1734 1250 Ecclesiam

64 1300 198 1337 suam
243 1281 577 1347 condiderit,
631 1285 799 1350 atque
847 1280 1136 1334 conditam
1168 1281 1392 1336 auxerit
1426 1302 1441 1349 ;
1482 1288 1734 1337 attamen

64 1390 119 1426 eo
144 1386 249 1425 non
282 1369 556 1440 spectavit
597 1373 661 1422 ut
708 1368 1017 1439 aliquando
1071 1369 1414 1439 religionem
1457 1374 1735 1424 vetustate

64 1461 347 1523 roboraret,
380 1458 547 1528 quasi
567 1461 816 1511 vetustas
842 1462 1247 1527 argumentum
1280 1458 1626 1527 quandoque
1646 1458 1733 1512 fu-

65 1554 231 1601 turum
263 1551 407 1600 esset
444 1544 720 1601 veritatis.
757 1546 883 1599 Non
928 1545 1270 1599 assentimur
1298 1545 1366 1599 iis
1397 1545 1498 1617 qui
1529 1546 1736 1601 Christi

65 1637 300 1705 dogmata
329 1638 671 1703 sequuntur,
696 1633 831 1704 quia
878 1633 1117 1704 antiqua
1158 1638 1242 1687 est
1280 1634 1510 1688 illorum
1545 1634 1685 1689 ﬁdes
1717 1651 1729 1701 ;

66 1722 143 1776 sed
175 1720 302 1791 quia
350 1725 735 1774 consentanea
768 1724 852 1773 est
889 1721 1113 1774 veritati
1161 1720 1392 1787 caelesti,
1442 1721 1534 1775 cui
1562 1722 1735 1776 ﬁdem

69 1810 289 1863 Christus
334 1808 630 1861 miraculis
675 1807 792 1861 suis
838 1808 988 1862 fecit.
1051 1808 1157 1863 Sed
1215 1811 1534 1880 Augustino
1585 1826 1737 1863 com-

68 1898 265 1951 modum
298 1901 421 1950 erat
448 1896 661 1949 talibus
709 1896 1063 1966 argumentis
1092 1896 1178 1950 uti
1223 1897 1281 1950 in
1322 1898 1619 1952 haereticos
1672 1914 1735 1951 ac

70 1985 435 2049 schismaticos,
474 1984 685 2055 quibus
741 1984 954 2055 passim
1004 1985 1316 2041 novitatem
1373 1992 1428 2040 et
1477 1987 1733 2058 paucita-

68 2080 160 2126 tem
187 2074 486 2143 exprobrat
518 2093 533 2141 ε
564 2089 705 2143 quas
722 2072 860 2127 olim
892 2072 1227 2127 Christianis
1255 2075 1738 2145 exprobraverant

70 2161 268 2215 ethnici.

123 2251 239 2320 Cap.
282 2254 362 2305 l8.
407 2251 555 2303 Cum
584 2252 757 2315 igitur
788 2253 997 2305 tantum
1053 2252 1325 2305 auxilium
1358 2253 1473 2316 Dei,
1526 2255 1738 2306 tantum

66 2341 349 2406 profectum,
380 2342 739 2405 fructumque
768 2338 1065 2406 videamus,
1099 2339 1471 2394 dubitabimus
1502 2355 1596 2393 nos
1616 2341 1733 2410 ejus

72 2428 280 2481 Ecclesia:
319 2427 547 2481 condere
595 2430 813 2494 gremio,
865 2442 984 2495 qua
1020 2441 1187 2496 usque
1239 2429 1312 2482 ad
1356 2430 1738 2495 confessionem

72 2518 241 2579 generis
270 2517 519 2581 humani,
554 2516 620 2568 ab
651 2516 947 2583 apostolica
975 2516 1117 2581 sede,
1158 2532 1255 2584 per
1280 2532 1605 2571 successores
1635 2520 1740 2586 epi-

72 2620 328 2672 SCOporum,
350 2607 573 2670 frustra
606 2606 869 2658 haereticis
898 2607 1099 2658 circum
1160 2606 1487 2660 latrantibus
1520 2608 1569 2658 et
1604 2620 1737 2672 par-

73 2695 147 2743 tim
162 2694 318 2760 plebis
340 2694 519 2762 ipsius
555 2692 788 2759 judicio,
818 2694 1025 2760 partim
1058 2694 1403 2746 conciliorum
1445 2694 1737 2758 gravitate,

69 2783 241 2846 partim
258 2784 417 2834 etiam
438 2782 826 2834 miraculorum
852 2782 1153 2850 majestate,
1204 2781 1499 2848 damnatis,
1534 2782 1740 2834 culmen

75 2869 374 2921 auctoritatis
403 2868 645 2920 obtinuit
667 2865 716 2937 ?]
742 2866 941 2920 Nescio
977 2883 1050 2921 an
1090 2867 1212 2921 haec
1249 2867 1419 2921 verba
1460 2882 1630 2936 usque
1667 2866 1741 2920 ad

1842 504 2343 571 praescriptionem:
2399 507 2449 557 si
2494 507 2749 559 Dominus
2798 507 2963 561 Jesus
2994 509 3237 563 Christus
3277 514 3544 578 apostolos

1842 592 1992 643 misit
2022 590 2095 643 ad
2122 591 2549 659 praedicandum,
2592 595 2728 646 alios
2760 610 2861 647 non
2896 610 3005 649 esse
3036 598 3371 664 recipiendos
3406 614 3547 667 prae-

1843 676 2130 741 dicatores,
2164 694 2327 747 quam
2358 679 2602 734 Christus
2632 683 2912 735 instituit:
2945 686 3083 749 quia
3105 699 3198 736 nec
3237 685 3384 739 alius
3424 686 3539 738 Pa-

1845 771 1976 819 trem
2022 770 2170 821 novit
2198 770 2308 821 nisi
2348 769 2519 820 Filius
2546 774 2595 822 et
2634 772 2721 822 cui
2765 771 2934 823 Filius
2959 772 3239 836 reuelauit,
3284 790 3374 826 nec
3416 775 3545 828 aliis

1842 854 2061 908 videtur
2102 856 2360 909 revelasse
2402 856 2572 909 Filius
2620 874 2782 924 quam
2826 861 3080 926 apostolis
3114 875 3243 927 quos
3275 863 3426 914 misit
3472 863 3547 915 ad

1840 942 2253 1011 praedicandum
2293 944 2493 1011 ubique
2545 946 2687 1011 quod
2732 946 2841 999 illis
2882 948 3159 1001 revelavit.
3196 949 3343 1012 Quid
3368 955 3547 1003 autem

1843 1031 2216 1094 revelaverint,
2262 1030 2322 1082 id
2368 1037 2465 1095 est,
2522 1031 2657 1099 quid
2682 1032 2791 1085 illis
2823 1033 3066 1087 Christus
3111 1036 3447 1104 revelacerit,
3493 1042 3541 1091 et

1845 1118 1929 1170 hic
1950 1118 2295 1185 praescribam
2323 1133 2429 1171 non
2459 1119 2621 1171 aliter
2646 1120 2869 1187 probari
2897 1121 3103 1186 debere,
3162 1125 3272 1177 nisi
3294 1140 3395 1192 per
3424 1140 3542 1179 eas-

1844 1204 1963 1257 dem
1992 1206 2257 1258 Ecclesias
2299 1220 2434 1272 quas
2475 1208 2583 1274 ipsi
2620 1208 2869 1274 Apostoti
2894 1209 3269 1275 condiderunt,
3315 1214 3427 1280 ipsi
3468 1216 3543 1267 eis

1839 1292 2211 1360 pradicando,
2247 1298 2357 1345 tam
2384 1295 2532 1359 viva,
2565 1294 2709 1361 quod
2738 1297 2914 1360 aiunt,
2946 1312 3087 1362 voce,
3120 1313 3284 1366 quam
3308 1315 3407 1368 per
3425 1303 3543 1369 epi-

1843 1381 2008 1434 stolas
2054 1385 2255 1449 postea.
2310 1382 2371 1435 Si
2409 1382 2515 1435 hac
2558 1384 2639 1435 ita
2679 1388 2825 1447 sunt,
2851 1390 3058 1439 constat
3076 1387 3309 1454 proinde
3338 1403 3541 1443 omnem

1845 1469 2148 1523 doctrinam
2189 1485 2306 1537 qum
2328 1485 2446 1522 cum
2472 1471 2581 1523 illis
2608 1472 2858 1525 Ecclesiis
2884 1476 3191 1541 apostolicis
3226 1478 3540 1530 matricibus

1843 1561 1895 1610 et
1913 1557 2272 1623 originatibus
2300 1556 2429 1625 ﬁdei
2457 1559 2746 1625 conspiret,
2776 1561 2998 1612 veritati
3017 1561 3403 1629 deputandum,
3426 1565 3541 1616 sine

1845 1644 2010 1698 dubio
2057 1649 2313 1697 tenentem
2360 1645 2504 1711 quod
2547 1646 2803 1701 Ecclesiae
2842 1647 2909 1701 ab
2942 1651 3221 1716 apostolis,
3253 1652 3541 1719 apostolia

1848 1733 2087 1798 Christo,
2120 1733 2366 1787 Christus
2392 1747 2427 1783 a
2451 1733 2561 1786 Deo
2582 1737 2804 1803 accepit.
2832 1736 2961 1788 Haec
2983 1737 3291 1790 ostendunt
3322 1737 3540 1806 optimo

1844 1836 2010 1874 sensu
2043 1836 2204 1889 posse
2251 1820 2403 1889 apud
2450 1822 2835 1892 Augustinum
2878 1822 2994 1894 legi
3024 1827 3319 1893 apostolica
3346 1825 3472 1893 ﬁde,
3506 1842 3539 1878 a

1844 1919 1957 1979 qua
1986 1908 2145 1962 sedes
2186 1908 2508 1979 apostolicae
2558 1910 2698 1979 ipsae
2724 1927 2953 1965 omnem
2982 1913 3380 1967 auctoritatem
3417 1917 3540 1968 tra—

1841 1994 2093 2061 hebant;
2131 1994 2260 2049 ideo
2309 1996 2464 2050 enim
2517 1996 2585 2050 iis
2614 1998 2889 2052 creditum
2923 2004 3025 2067 est,
3056 2000 3209 2070 quod
3239 2016 3368 2053 cum
3400 2016 3537 2071 apo-

1844 2082 2057 2136 stolicis
2086 2083 2307 2153 scriptis
2339 2085 2551 2139 sentire
2582 2102 2639 2139 se
2671 2087 3095 2155 proﬁterentur,
3122 2104 3251 2158 quae
3278 2087 3484 2158 scripta
3507 2105 3540 2142 a

1842 2168 2130 2238 plerisque
2152 2170 2679 2240 antiquissimorum
2702 2172 3099 2227 haereticorum
3118 2172 3540 2244 rejiciebantur.

1915 2257 2076 2321 Quod
2109 2257 2156 2310 si
2200 2259 2555 2326 Augustinus
2604 2260 2841 2313 omnino
2873 2261 3161 2330 scripserit
3190 2263 3542 2330 apostolicam

1844 2344 2042 2412 sedem,
2083 2344 2266 2402 voluit
2311 2346 2648 2400 Manichazos
2699 2348 2861 2400 Afros
2909 2348 3188 2402 adducere
3237 2350 3307 2403 ad
3356 2349 3541 2402 Eccle-

1846 2432 1989 2486 siam
2036 2432 2376 2486 catholicam
2436 2434 2780 2499 Africanam,
2822 2452 2950 2505 quae
2982 2436 3373 2490 consentiebat
3410 2451 3538 2488 cum

1845 2521 1977 2576 sede
2028 2522 2304 2575 Romana.
2338 2522 2447 2576 Sed
2486 2522 2542 2576 id
2593 2532 2993 2593 argumentum
3018 2525 3217 2591 levius,
3250 2541 3384 2578 nam
3415 2522 3545 2594 quis

1846 2609 2189 2680 promiserat
2220 2610 2477 2664 Ecclesiis
2509 2612 2828 2681 apostolicis
2849 2629 3145 2682 nunquam
3169 2629 3262 2667 eas
3282 2630 3315 2665 a
3334 2611 3543 2666 Christi

1849 2696 2102 2751 doctrina
2130 2699 2491 2751 aberraturas
2510 2698 2536 2752 ?
2560 2699 2754 2752 Nemo.
2789 2699 2944 2752 Talia
2972 2704 3103 2752 sunt
3131 2716 3259 2769 qua:
3290 2700 3445 2752 ducit
3475 2715 3543 2751 ex

1847 2801 2129 2840 consensu
2162 2786 2343 2857 plebis
2374 2790 2431 2840 et
2460 2786 2853 2853 conciliorum,
2887 2804 3016 2857 quae
3037 2792 3153 2841 tam
3184 2786 3336 2841 falsis
3357 2787 3542 2840 favere

1847 2878 2086 2944 possunt
2123 2891 2293 2945 quam
2346 2874 2538 2940 veris;
2587 2878 2682 2927 aut
2722 2891 2789 2927 ex
2846 2873 3126 2928 haereticis
3155 2875 3540 2928 miraculorum

73 2957 413 3019 confessionem
452 2955 688 3009 humani
731 2957 941 3022 generis
972 2954 1107 3008 satis
1144 2972 1280 3008 sana
1311 2955 1424 3009 sint
1457 2972 1469 3009 :
1505 2956 1552 3009 si
1581 2959 1732 3019 sunt,
1774 2967 1816 3025 α
1848 2962 2129 3030 majestate
2150 2961 2444 3026 damnatis,
2472 2977 2600 3032 quae
2628 2960 2726 3014 illo
2784 2977 2903 3014 aevo
2936 2964 3339 3031 stratagemata
3381 2966 3544 3014 erant

74 3059 234 3097 sensus
269 3044 389 3110 erit,
438 3042 751 3096 conﬁtente
809 3043 1062 3096 humano
1111 3058 1338 3111 genere.
1394 3043 1502 3097 Sed
1554 3043 1735 3096 multo

76 3130 189 3184 mihi
229 3130 579 3202 suspectiora
627 3134 760 3183 sunt
804 3130 974 3183 verba
1017 3131 1084 3183 ab
1108 3131 1402 3199 apostolica
1429 3131 1570 3194 sede,
1601 3146 1735 3183 nam

74 3218 134 3270 sic
164 3220 364 3273 solebat
392 3218 454 3272 in
495 3218 798 3272 Occidente
843 3217 1006 3271 sedes
1044 3219 1300 3271 Romana
1327 3218 1547 3285 vocari;
1575 3219 1737 3288 cujus

76 3308 424 3362 auctoritatem
448 3306 721 3360 omnibus
759 3306 977 3360 artibus
1006 3305 1357 3376 ampliﬁcare
1388 3306 1577 3361 conati
1604 3311 1739 3361 sunt

74 3396 401 3465 exscriptores
455 3394 742 3447 librorum
792 3394 1300 3448 ecclesiasticorum
1347 3395 1637 3450 monachi.
1680 3395 1736 3450 Si

75 3484 199 3537 enim
227 3484 575 3554 Augustinus
597 3483 665 3537 de
697 3482 941 3536 Ecclesia
969 3499 1072 3552 per
1103 3499 1303 3538 omnes
1334 3488 1516 3537 terras
1543 3500 1738 3553 sparsa

78 3571 170 3624 haec
197 3572 483 3636 intellexit,
522 3572 727 3624 falsum
777 3576 862 3624 est
891 3586 1017 3624 eam
1048 3571 1114 3624 ab
1145 3572 1441 3640 apostolica
1460 3572 1582 3626 sede
1617 3572 1737 3625 cul-

78 3674 167 3711 men
181 3663 512 3714 auctoritatis
535 3660 827 3713 obtinuisse
851 3674 865 3727 ;
896 3674 1094 3711 omnes
1114 3657 1272 3711 enim
1294 3663 1507 3713 norunt
1538 3659 1737 3714 Orien-

78 3748 185 3801 tales
212 3749 472 3803 Ecclesias
508 3747 724 3817 priores
758 3751 1015 3816 tempore
1054 3746 1250 3815 fuisse,
1292 3763 1395 3800 nec
1428 3747 1603 3800 ullam
1635 3763 1735 3800 au-

78 3837 350 3891 ctoritatem
389 3838 461 3891 ab
520 3837 636 3889 ulla
698 3834 1038 3889 Occidentali
1078 3836 1302 3888 trahere
1361 3835 1619 3888 voluisse.
1680 3834 1737 3889 Si

78 3924 186 3991 quid
227 3926 529 3994 apostolica
579 3923 741 3978 sedes
787 3923 988 3977 habuit
1017 3922 1373 3976 auctoritatis
1415 3922 1473 3975 id
1504 3939 1736 3992 proma-

78 4012 202 4066 navit
228 4029 286 4066 ex
312 4012 718 4067 communione
750 4028 877 4082 qua:
909 4012 961 4064 ei
1000 4011 1109 4065 fuit
1135 4027 1266 4064 cum
1310 4010 1531 4064 caeteris
1560 4012 1739 4064 Eccle-

78 4098 151 4151 siis
178 4102 518 4163 Christianis,
544 4118 672 4171 quae
705 4116 904 4153 omnes
927 4100 1094 4153 simul
1127 4115 1358 4152 omnem
1377 4115 1538 4152 suam
1580 4104 1739 4168 pote-

78 4191 243 4241 statem
275 4191 497 4244 Christo
519 4188 692 4257 capiti
713 4188 939 4242 debent.
976 4188 1054 4241 Ne
1075 4187 1354 4241 Africanae
1375 4186 1608 4256 quidem
1638 4188 1734 4240 Ec-

1849 3049 2228 3104 ecclesiastica
2259 3050 2466 3119 quibus
2506 3049 2818 3118 plebecula:
2848 3050 3009 3104 fucus
3039 3050 3228 3103 ﬁebat.
3272 3050 3406 3104 Vide
3438 3049 3537 3103 lib.

1848 3142 2045 3191 contra
2068 3136 2370 3205 epistolam
2403 3137 2779 3192 Fundamenti
2809 3154 2931 3207 cap.
2963 3140 3017 3192 4.

1921 3227 2054 3295 Cap.
2092 3228 2174 3279 l8.
2209 3228 2328 3283 Non
2355 3228 2511 3292 fama
2560 3226 2625 3279 de
2652 3227 2803 3291 fumo
2857 3228 2955 3290 est,
2990 3230 3038 3278 et
3084 3225 3256 3278 nescio
3301 3240 3411 3293 qua
3447 3226 3540 3289 fa-

1849 3311 1986 3365 bella
2006 3314 2239 3376 Persica,
2290 3315 2377 3366 cui
2427 3318 2561 3366 satis
2599 3316 2676 3365 est
2713 3327 2899 3364 aurem
2928 3310 3325 3365 accommodare
3354 3316 3403 3364 et
3424 3314 3542 3364 ani-

1846 3414 1992 3452 mum
2010 3414 2117 3453 non
2145 3399 2411 3466 subtilem,
2432 3399 2526 3453 sed
2545 3400 2709 3468 plane
2736 3400 3015 3467 puerilem.
3039 3396 3057 3467 ]
3088 3398 3368 3452 Fabellam
3409 3400 3544 3451 Per-

1848 3486 2021 3539 sicam
2051 3492 2211 3539 vocat
2239 3486 2508 3555 dogmata
2568 3487 2815 3539 absurda
2866 3486 3185 3552 Manicbsei,
3237 3486 3339 3556 qui
3370 3487 3544 3540 Persa

1848 3580 1969 3626 erat
2014 3591 2110 3627 seu
2152 3574 2509 3644 Babylonius.
2546 3573 2679 3627 Vide
2711 3580 2767 3627 et
2790 3574 3173 3643 Epiphanium
3219 3574 3418 3627 haeres.
3449 3573 3538 3643 46,

1850 3668 1905 3715 et
1934 3667 2135 3733 postea
2163 3663 2371 3716 librum
2402 3666 2597 3716 contra
2630 3662 2802 3731 Epist.
2837 3661 3150 3715 Manichaai.

2376 3750 3037 3805 ANIMADVERSIONES

2133 3855 2184 3892 IN
2208 3856 2405 3892 LIBRUM
2428 3854 2633 3892 CONTRA
2658 3855 2947 3892 EPISTOLA)!
2971 3853 3260 3890 ΜΑΝΙΟΗΕΙ.

1919 3927 2051 3995 Cap.
2093 3931 2134 3979 t.
2170 3927 2424 3981 Nostrum
2446 3927 2621 3992 igitur
2645 3927 2756 3990 fuit
2785 3926 2976 3991 eligere
3000 3928 3050 3975 et
3072 3928 3259 3990 optare
3298 3921 3544 3987 meliora,

1845 4018 1905 4068 ut
1935 4015 2009 4067 ad
2033 4019 2266 4067 vestram
2299 4014 2672 4066 correctionem
2714 4012 2925 4065 aditum
2962 4011 3306 4073 haberemus;
3346 4026 3449 4063 non
3488 4012 3547 4062 in

1846 4104 2177 4155 contentione
2208 4106 2257 4153 et
2284 4101 2623 4153 wmulatione
2674 4105 2724 4153 et
2752 4099 3231 4167 persecutionibus,
3263 4097 3357 4151 sed
3380 4113 3541 4150 man-

1849 4194 1992 4242 suete
2048 4188 2388 4254 consolando,
2449 4188 2689 4240 benevole
2739 4187 3080 4240 cohortando.
3137 4188 3326 4240 leniter
3356 4186 3546 4255 dispu-

79 4274 245 4345 clesize,
275 4283 535 4348 tempore
581 4247 845 4348 Cypriani
877 4282 933 4330 et
964 4275 1141 4346 ipsius
1195 4247 1519 4345 Auguslini,
1549 4279 1613 4327 ut
1653 4278 1737 4327 sat
1765 4247 1809 4300 Β
1852 4277 2015 4331 tando
2041 4294 2053 4343 ;
2078 4280 2217 4331 sicut
2238 4247 2500 4344 scriptum
2523 4280 2632 4329 est:
2666 4276 2901 4330 Servum
2927 4274 3152 4328 Domini
3178 4290 3292 4327 non
3319 4247 3546 4343 oportet

80 4360 227 4430 liquet
247 4381 309 4418 ex
330 4366 697 4419 contentione
724 4381 853 4418 cum
883 4364 1189 4434 Stephano,
1223 4368 1280 4417 et
1314 4363 1423 4416 alia
1453 4363 1521 4416 de
1551 4366 1741 4415 trans-

83 4450 277 4505 marinis
305 4453 801 4524 appellationibus,
845 4452 1236 4506 auctoritatem
1268 4467 1429 4504 suam
1466 4452 1741 4505 Romanas

82 4538 251 4595 debere
283 4546 606 4608 voluerunt,
648 4542 908 4613 quamvis
935 4557 1061 4595 eam
1107 4541 1253 4594 forte
1294 4546 1535 4593 matrem
1562 4555 1739 4609 agno-

82 4635 279 4685 scerent.
320 4632 499 4703 Igitur
521 4636 584 4684 ut
615 4631 766 4700 quod
796 4629 1053 4699 suspicor
1087 4628 1361 4699 aperiam,
1395 4628 1738 4682 crediderim

86 4713 342 4783 legendum
372 4721 438 4774 ab
488 4720 784 4787 apostolica
825 4719 954 4787 ﬁde.
1011 4718 1262 4771 Primam
1294 4716 1449 4770 enim
1481 4716 1741 4769 Ecclesiae

83 4802 372 4861 Christiana:
402 4807 797 4861 auctoritatem
834 4804 1139 4860 trahebant
1163 4805 1230 4859 ab
1267 4806 1565 4874 apostolica
1592 4803 1737 4875 ﬁde;

82 4892 204 4958 quod
227 4910 346 4948 cum
402 4895 698 4966 apostolis,
759 4910 985 4963 nempe,
1044 4892 1338 4945 sentirent.
1400 4892 1488 4946 Sic
1516 4893 1739 4946 Tertul-

84 4975 233 5033 liauus
259 4983 624 5036 ratiocinatur
652 4981 710 5034 in
739 4981 844 5035 lib.
877 4981 945 5034 de
978 4979 1295 5049 Prazscript.
1330 4979 1740 5033 haereticorum

87 5080 181 5136 cap.
208 5072 270 5122 20
295 5077 349 5125 et
374 5074 465 5139 2t,
512 5072 820 5139 pluresque
868 5067 1205 5137 apostolicas
1248 5073 1532 5121 memorat
1557 5068 1738 5135 sedes,

87 5168 177 5207 non
203 5174 386 5213 uuam.
439 5159 722 5223 Ecclesias,
771 5156 977 5227 inquit,
1007 5157 1157 5225 apud
1192 5172 1628 5224 unamquamque
1657 5159 1736 5208 ci-

88 5244 267 5298 titatem
286 5247 634 5300 condiderunt
658 5244 944 5316 (apostoli)
975 5261 1009 5298 a
1057 5244 1254 5313 quibus
1305 5243 1583 5297 traducem
1612 5243 1740 5311 ﬁdei

89 5334 123 5379 et
164 5337 349 5386 semina
400 5334 653 5387 doctrina:
709 5328 907 5387 caeteras
956 5332 1152 5386 eminde
1198 5332 1447 5385 Ecclesia:
1482 5335 1740 5385 mutuatw

90 5424 201 5482 sunt,
225 5426 269 5473 et
294 5423 529 5489 quotidie
567 5426 906 5487 mutuantur,
939 5425 999 5473 ut
1044 5421 1304 5474 Ecclesiae
1330 5423 1484 5488 ﬁant.
1521 5423 1601 5472 At
1640 5434 1740 5487 per

93 5503 224 5561 hocet
251 5510 375 5576 ipsa:
407 5510 706 5579 apostolica.v
748 5508 1098 5579 deputantur,
1126 5513 1187 5561 ut
1223 5507 1423 5563 soboles
1474 5508 1736 5576 apostoli-

1852 4366 2095 4436 litigare,
2129 4366 2225 4418 sed
2258 4363 2457 4418 mitem
2479 4380 2598 4418 esse
2632 4364 2700 4417 ad
2728 4379 2948 4428 omnes,
2974 4363 3299 4428 docibilem,
3332 4362 3547 4433 patien-

1854 4460 1994 4522 tem,
2050 4453 2109 4506 in
2156 4452 2437 4506 modestia
2493 4452 2898 4522 corripientem
2940 4452 3161 4506 diversa
3209 4451 3540 4505 sentientes.

1848 4543 2101 4597 Nostrum
2140 4557 2264 4609 ergo
2304 4543 2417 4607 fuit
2450 4542 2581 4594 velle
2633 4542 2731 4594 has
2774 4547 2958 4610 partes
2999 4546 3276 4608 expetere;
3334 4542 3429 4593 Dei
3472 4545 3550 4595 est
3644 4542 3647 4543 ⁷

1848 4632 2145 4683 volentibus
2185 4633 2234 4682 et
2281 4628 2584 4696 petentibus
2620 4628 2822 4682 donare
2857 4627 3001 4695 quod
3043 4628 3235 4680 bonum
3265 4626 3386 4695 est.]
3412 4626 3550 4690 Quis

1851 4733 1965 4770 non
1985 4717 2181 4770 laudet
2201 4716 2721 4782 mansuetudinem,
2747 4716 2852 4769 hac
2873 4717 2933 4769 in
2958 4732 3035 4782 re,
3057 4714 3399 4784 Augustini?
3419 4713 3549 4785 quis

1849 4822 1967 4858 non
1983 4804 2219 4875 plaudat
2239 4804 2504 4873 episcopo
2532 4804 2688 4856 Pauli
2709 4804 3062 4857 monitorum
3086 4807 3204 4856 tam
3226 4807 3548 4871 opportune

1852 4892 2144 4946 memori?
2177 4893 2338 4946 Certe
2369 4907 2475 4959 ega
2504 4891 2625 4944 haec
2670 4891 2840 4944 verba
2889 4891 3025 4944 satis
3065 4889 3380 4943 exosculari
3428 4906 3544 4943 non

1848 4996 2103 5052 possum.
2141 4978 2252 5033 Sed
2279 4982 2333 5032 et
2362 4978 2678 5048 sequentia,
2710 4978 2879 5031 cedro
2921 4979 3117 5047 digna,
3168 4976 3414 5029 libenter
3445 4992 3546 5030 ex-

1849 5069 2092 5122 scribam
2122 5084 2138 5120 :
2184 5068 2276 5121 Illi
2314 5069 2381 5122 in
2419 5082 2509 5120 vos
2535 5068 2761 5119 saeviant
2792 5069 2889 5133 qui
2916 5068 3159 5119 nesciunt
3188 5080 3305 5116 cum
3334 5080 3436 5131 quo
3467 5066 3548 5119 la-

1849 5159 1971 5211 bore
2033 5171 2217 5209 verum
2273 5156 2602 5218 inveniatur,
2651 5159 2701 5208 et
2755 5146 2918 5222 quam
2974 5153 3198 5222 difﬁcile
3260 5159 3551 5207 caveantur

1847 5259 2070 5299 errores.
2096 5244 2185 5297 Illi
2211 5245 2269 5296 in
2298 5258 2389 5297 vos
2419 5244 2644 5296 saeviant
2673 5245 2769 5311 qui
2793 5245 3034 5296 nesciunt
3075 5254 3239 5309 quam
3279 5255 3467 5295 rarum
3501 5249 3550 5297 et

1847 5332 2084 5386 arduum
2106 5334 2177 5384 sit
2206 5331 2453 5383 carnalia
2480 5331 2872 5397 phantasmata
2907 5331 3013 5397 pia
3042 5332 3232 5384 mentis
3264 5334 3550 5386 serenitate

1846 5434 2121 5486 superare.
2176 5419 2269 5471 Illi
2316 5421 2371 5469 in
2402 5433 2492 5471 vos
2532 5420 2759 5471 saeviant
2802 5420 2896 5484 qui
2928 5420 3173 5472 nesciunt
3202 5435 3320 5473 cum
3343 5425 3550 5487 quanta

1846 5506 2177 5576 difﬁcultate
2205 5513 2426 5561 sanetur
2448 5507 2631 5559 oculus
2662 5506 2937 5559 interioris
2982 5507 3236 5574 hominis,
3280 5512 3340 5561 ut
3377 5510 3548 5576 possit
