3884 6178
338 254 440 306 515

1352 245 1906 303 SUPPLEMENTUM
1947 247 2037 300 AD
2074 247 2302 302 OPERA
2341 249 2396 303 S.
2436 249 2827 306 AUGUSTINI.
3671 269 3751 321 διδ

337 376 540 429 intueri
561 375 723 429 solem
751 387 927 438 suum,
951 375 1056 425 etc.
1083 371 1175 424 Illi
1202 371 1260 422 in
1280 383 1370 423 vos
1390 370 1616 424 saeviant
1659 370 1756 436 qui
1784 369 2028 422 nesciunt
2064 370 2108 424 A
2143 385 2267 424 sum
2297 370 2431 440 vita,
2464 374 2514 425 et
2542 387 2659 426 eum
2686 371 3003 440 pependisse
3039 374 3237 425 constet
3275 378 3389 428 ante
3413 379 3566 432 oculos
3593 384 3634 434 ei
3674 399 3758 439 non

338 464 533 531 quibus
562 464 819 532 suspiriis
847 465 896 514 et
927 459 1215 528 gemitibus
1232 461 1350 526 ﬁat,
1385 463 1444 512 ut
1464 473 1531 512 ea;
1552 456 2032 526 quantulacunque

333 555 490 620 parte
513 553 687 620 possit
737 549 969 614 intelligi
988 550 1140 600 Deus.
1186 547 1335 601 Nihil
1374 547 1564 600 verius
1594 551 1680 600 est
1709 562 1880 616 quam
1937 560 2032 598 eos

336 640 571 694 demum
613 638 809 693 seevire
849 637 908 690 in
951 635 1113 702 alios,
1146 639 1210 688 ut
1246 651 1343 688 eos
1373 635 1444 689 ad
1473 639 1684 688 rectam
1712 633 1908 698 ﬁdem,
1943 632 2030 687 uti

334 732 561 798 putant,
582 726 886 790 adducant,
917 723 1016 794 qui
1044 724 1306 777 nesciunt
1325 739 1499 794 quam
1521 722 1685 776 facile
1716 722 1788 776 sit
1813 737 2025 785 errare,

337 821 394 868 et
422 829 594 885 quam
623 813 932 867 difficulter
961 817 1354 882 praaconcepta
1381 811 1555 864 semel
1579 809 1793 880 judicia
1825 825 2028 863 sanen-

333 909 448 958 tur.
496 903 668 956 Doleo
717 899 1122 971 Augustinum,
1173 899 1245 952 ad
1295 903 1540 952 mortem
1588 914 1795 968 usque,
1817 897 1876 951 in
1910 902 2027 950 tam

334 990 431 1062 pia
458 989 739 1044 sententia
757 1005 873 1044 non
901 987 1215 1059 perstitisse
1239 1007 1254 1054 ;
1285 1003 1418 1041 nam
1451 987 1604 1041 hunc
1633 986 1844 1040 librum
1889 985 2029 1039 scri-

333 1080 449 1148 psit
471 1079 621 1134 circa
643 1094 860 1133 annum
890 1081 988 1132 397
1017 1093 1030 1142 ;
1058 1076 1156 1130 sed
1185 1092 1334 1130 anno
1365 1078 1490 1142 412,
1518 1076 1686 1145 plane
1712 1076 2032 1128 mutaverat

339 1171 611 1235 mentem,
652 1173 719 1222 ut
748 1167 929 1238 liquet
958 1182 1026 1220 ex
1055 1164 1291 1235 epistola
1345 1164 1416 1218 ad
1463 1163 1838 1217 Vincentium.
1883 1164 2027 1216 Tum

337 1258 572 1311 demum
591 1255 870 1309 intellexit
889 1253 1225 1308 facillimum
1247 1268 1369 1306 esse
1387 1257 1444 1306 et
1465 1251 1861 1322 aequissimum
1887 1250 2031 1304 mul-

337 1345 461 1413 etis;
494 1349 714 1399 terrore
741 1348 798 1397 et
819 1342 874 1395 vi
906 1341 1141 1396 militari
1171 1340 1431 1395 homines
1457 1340 1524 1394 ad
1552 1339 1890 1394 catholicam
1929 1340 2028 1393 Ec-

335 1433 567 1488 clesiam
603 1432 920 1496 adducere;
953 1434 1028 1494 et,
1062 1430 1214 1500 quod
1245 1429 1493 1502 mireris,
1526 1429 1726 1482 eodem
1769 1433 2030 1498 tempore

335 1539 449 1593 quo
497 1520 696 1592 gratia:
752 1519 1133 1574 ineluctabilis
1194 1517 1560 1588 inspirationi
1613 1534 1810 1571 omnes
1851 1517 2031 1570 bonas

331 1610 634 1664 hominum
682 1609 931 1663 actiones
977 1607 1227 1661 tribuere
1269 1606 1458 1676 coepit.
1493 1607 1668 1660 Doleo
1716 1605 1911 1671 etiam,
1969 1605 2031 1658 in

334 1699 453 1748 tam
480 1695 589 1766 piis
638 1694 943 1765 Augustini
987 1693 1193 1760 verbis,
1238 1693 1353 1763 legi
1391 1691 1818 1746 damnationem
1847 1691 2029 1762 impe-

331 1787 585 1836 ratorum
620 1783 718 1853 qui
749 1787 946 1836 contra
973 1781 1310 1836 Manichaeos
1332 1784 1416 1834 tot
1439 1784 1703 1834 cruentas
1762 1781 1918 1851 leges
1938 1785 2031 1834 tu-

331 1875 543 1940 lerunt,
571 1877 626 1928 et
655 1889 783 1943 quas
810 1871 1129 1926 etiamnum
1158 1873 1429 1942 leguntur
1455 1871 1515 1925 in
1545 1871 1738 1926 codice
1777 1871 2032 1926 Theodo-

331 1961 506 2015 siano.
540 1961 664 2016 Scio
695 1977 894 2015 eorum
921 1962 1108 2015 electos
1139 1963 1430 2014 accusatos
1451 1959 1623 2014 fuisse
1647 1959 2032 2014 nefandorum

333 2055 687 2120 stuprorum,
737 2049 893 2120 quod
943 2065 1046 2102 nos
1103 2049 1270 2103 docet
1314 2047 1669 2119 Augustinus
1697 2047 1758 2101 in
1787 2047 1932 2102 libro
1962 2048 2032 2103 de

336 2138 655 2192 Hazresibus
687 2155 700 2203 ;
733 2138 832 2192 sed
859 2137 1011 2192 idem
1041 2137 1205 2191 docet
1233 2137 1522 2191 auditores
1551 2136 1863 2206 impiorum
1903 2137 2031 2190 illo-

335 2242 466 2280 rum
514 2225 921 2295 mysteriorum
971 2225 1203 2295 ignaros
1238 2225 1434 2279 fuisse.
1491 2224 1547 2279 Si
1590 2240 1727 2295 ergo
1750 2225 2032 2295 plectendi

331 2317 494 2367 erant
539 2313 845 2380 Manichaei,
914 2329 1029 2366 non
1081 2313 1203 2366 sine
1251 2312 1616 2367 distinctione
1647 2313 1716 2368 de
1750 2313 1818 2366 iis
1847 2330 2032 2384 pmnae

337 2401 631 2456 sumendae
658 2402 837 2468 fuere,
871 2402 1023 2472 quod
1053 2406 1247 2455 tamen
1300 2417 1417 2454 non
1459 2401 1540 2454 ﬁt.
1596 2401 1741 2472 Lege
1768 2405 1819 2465 7,
1855 2401 1942 2456 tit.
1978 2405 2029 2465 5,

334 2490 434 2543 lib.
468 2507 558 2543 xvr
589 2489 796 2544 codicis
825 2489 1210 2544 Theodosiani
1228 2489 1326 2560 jus
1351 2489 1638 2544 condendi
1679 2489 2029 2556 testamenti,

333 2583 434 2631 aut
471 2582 813 2632 testamento
866 2578 926 2632 in
948 2579 1245 2632 facultates
1276 2577 1454 2648 patris
1485 2578 1573 2630 vel
1611 2577 1857 2648 cujusvis
1886 2578 2032 2632 alius

333 2666 694 2733 succedendi,
731 2666 972 2736 eripitur
1015 2667 1340 2721 Manichaais
1387 2665 1722 2736 quibusvis;
1768 2683 1874 2720 nec
1904 2682 2030 2721 eam

330 2755 799 2809 constitutionem
846 2759 1067 2810 tantum
1108 2755 1164 2808 in
1197 2755 1456 2809 futurum
1487 2754 1672 2808 valere
1701 2755 1822 2808 vult
1847 2756 2028 2809 Theo-

331 2841 544 2908 dosius,
578 2843 695 2908 sed,
737 2850 948 2912 praeter
1001 2857 1233 2895 omnem
1263 2841 1761 2909 consuetudinem,
1790 2841 1851 2894 in
1879 2857 2028 2912 prm-

2139 459 2470 517 credentium
2513 461 2861 527 Judzorum,
2897 475 3005 514 non
3035 459 3190 514 video
3222 476 3313 515 cur
3354 464 3580 523 dubitare
3597 471 3758 528 debea-

2140 563 2258 603 mus
2291 549 2352 602 id
2371 552 2536 603 etiam
2563 549 2630 604 de
2647 550 2856 605 Christo
2877 550 3161 618 scripsisse
3197 550 3343 604 illum
3361 552 3421 605 de
3443 569 3536 621 quo
3557 558 3760 614 Christus

2140 639 2220 690 ait
2248 653 2260 691 :
2295 639 2394 693 Ille
2420 638 2574 692 enim
2594 638 2662 692 de
2683 654 2775 692 me
2806 637 3079 710 scripsit.]
3124 639 3232 691 Nos
3263 640 3476 708 quidem
3505 661 3611 698 non
3634 663 3760 701 secus

2139 741 2204 777 ac
2228 727 2578 796 Augustinus
2623 725 2984 796 agnoscimus
3033 725 3316 780 Christum
3347 743 3458 783 esse
3502 731 3759 791 hominum

2138 815 2308 868 vitam
2348 831 2594 886 eumque
2635 815 2952 884 pependisse
3009 831 3200 868 coram
3246 814 3532 872 incredulis
3573 823 3764 891 ludatis,

2140 906 2197 956 et
2222 919 2254 956 a
2273 902 2637 975 dogmatibus
2671 903 3110 958 Manichaaorum
3140 903 3371 959 fortasse
3393 905 3664 964 alieniores
3687 929 3764 966 su-

2142 1006 2268 1045 mus
2297 1007 2471 1062 quam
2506 991 2626 1062 ipse
2657 993 2801 1060 fuit;
2833 993 2930 1046 sed
2954 997 3146 1046 tamen
3193 1008 3558 1064 pernegamus
3581 996 3634 1050 in
3670 1000 3769 1054 loco

2140 1080 2574 1136 Deuteronomii
2591 1080 2686 1151 agi
2708 1081 2775 1136 de
2790 1081 3034 1136 Christo.
3057 1083 3148 1135 Est
3170 1081 3218 1134 is
3244 1082 3676 1152 Deut.xxvm,66,
3694 1089 3771 1143 ubi

2141 1170 2318 1224 Moses
2349 1169 2428 1223 sic
2455 1170 2726 1226 describit
2773 1170 3120 1224 anxietatem
3155 1169 3476 1225 Judaaorum
3499 1172 3554 1226 in
3582 1176 3774 1244 captivi-

2137 1260 2254 1311 tate
2297 1259 2674 1313 abductorum
2723 1273 2736 1312 :
2790 1259 2852 1312 In
2907 1259 3153 1324 gentibus
3204 1274 3410 1328 quoque
3456 1263 3576 1327 illis,
3604 1262 3774 1334 inquit,

2140 1359 2244 1399 non
2265 1348 2520 1413 quiesces,
2544 1361 2716 1413 neque
2733 1348 2838 1400 erit
2857 1349 3068 1414 requies
3113 1349 3340 1414 vestigio
3380 1347 3531 1416 pedis
3577 1353 3664 1404 tui.
3690 1353 3782 1407 Da-

2141 1433 2217 1487 bit
2245 1429 2385 1487 enim
2414 1434 2516 1488 tibi
2563 1435 2822 1487 Dominus
2860 1433 2940 1486 ibi
2969 1449 3058 1488 cor
3095 1433 3384 1502 pavidum,
3433 1439 3481 1488 et
3526 1436 3781 1503 deﬁcientes

2138 1521 2312 1576 oculos
2341 1525 2392 1576 et
2428 1523 2667 1575 animam
2714 1527 3089 1590 consumptam
3134 1538 3374 1585 mazrore,
3397 1527 3446 1576 et
3476 1525 3572 1578 erit
3589 1527 3692 1578 vita
3713 1531 3786 1579 tua

2142 1612 2304 1678 quasi
2314 1610 2553 1680 pendens
2582 1615 2707 1664 ante
2736 1615 2802 1664 te.
2851 1610 3080 1664 Timebis
3107 1616 3259 1665 nocte
3288 1615 3339 1665 et
3379 1611 3483 1674 die,
3514 1617 3560 1666 et
3580 1628 3672 1666 non
3695 1630 3786 1666 cre-

2142 1699 2234 1752 des
2257 1702 2383 1753 vitae
2412 1703 2533 1754 tuae.
2562 1701 2720 1753 Mane
2748 1698 2891 1753 dices
2926 1715 2939 1752 :
2985 1699 3115 1765 Quis
3144 1699 3286 1753 mihi
3323 1699 3413 1753 det
3440 1704 3730 1769 vesperum?
3753 1707 3789 1755 et

2137 1803 2353 1857 vespere
2381 1804 2394 1841 :
2428 1790 2555 1857 quis
2581 1789 2718 1841 mihi
2750 1788 2837 1841 det
2854 1803 3010 1840 mane
3030 1790 3058 1841 ?
3085 1792 3312 1857 propter
3333 1788 3513 1843 cordis
3536 1791 3612 1842 tui
3627 1791 3793 1855 formi-

2138 1878 2336 1944 dinem,
2371 1881 2476 1930 etc.
2508 1877 2686 1930 Nemo
2714 1892 2830 1930 non
2865 1877 3020 1930 videt
3044 1875 3138 1947 agi
3163 1876 3236 1931 de
3279 1876 3397 1932 vita
3425 1875 3595 1931 dubia
3645 1893 3702 1930 ac
3728 1877 3793 1930 in.

2138 1969 2292 2020 certa
2337 1981 2486 2036 quas,
2547 1969 2684 2018 nota
2730 1965 2903 2018 etiam
2945 1963 3156 2018 Latinis
3209 1965 3568 2035 metaphora,
3623 1965 3798 2018 dicitur

2133 2052 2382 2122 pendere.
2417 2051 2825 2106 Antecedentia
2852 2055 2909 2105 et
2931 2051 3345 2122 consequentia
3383 2051 3529 2106 hanc
3559 2067 3668 2106 esse
3695 2068 3796 2105 sen-

2137 2141 2379 2196 tentiam
2423 2140 2642 2210 liquido
2675 2140 3004 2194 ostendunt.
3043 2141 3161 2195 Non
3187 2141 3407 2195 credere
3450 2143 3574 2195 vitae
3599 2156 3715 2206 suae,
3739 2145 3803 2193 est

2139 2229 2337 2298 procul
2369 2228 2526 2282 omni
2587 2228 2760 2284 dubio
2815 2245 3080 2282 securum
3109 2245 3230 2283 non
3280 2245 3403 2283 esse
3433 2229 3502 2284 de
3546 2229 3653 2283 vita
3703 2246 3798 2282 sua.

2137 2315 2297 2379 Quod
2320 2315 2368 2370 si
2397 2315 2531 2371 licet
2553 2317 2882 2371 conculcata
2907 2317 3141 2388 propria
3181 2317 3610 2388 signiﬁcatione
3637 2333 3808 2370 vocum

2139 2409 2195 2459 et
2222 2404 2496 2474 loquendi
2520 2420 2823 2474 generum,
2855 2420 2921 2458 ex
2947 2420 3060 2475 qua
3078 2405 3354 2475 egregius
3381 2404 3584 2470 oritur,
3608 2404 3810 2458 circum-

2139 2492 2475 2562 stantiisque
2517 2491 2628 2546 loci
2675 2491 3253 2546 convenientissimus
3303 2508 3530 2558 sensus,
3563 2493 3632 2547 ad
3660 2497 3812 2546 trans-

2138 2580 2380 2634 latitiam
2415 2581 2744 2650 confugere,
2791 2595 2896 2634 nec
2931 2579 3215 2633 rationem
3251 2579 3440 2633 ullam
3471 2579 3675 2632 habere
3703 2592 3812 2629 con-

2138 2669 2500 2738 sequentium
2549 2685 2613 2722 ac
2654 2668 3162 2733 antecedentium;
3221 2669 3484 2738 primum
3546 2665 3728 2720 omnia
3764 2680 3816 2715 ex

2137 2757 2405 2811 omnibus
2476 2757 2783 2827 Scriptura
2839 2755 2975 2810 locis
3031 2755 3322 2810 deducere
3381 2755 3595 2822 licebit,
3644 2751 3819 2806 deinde

2136 2845 2280 2900 nihil
2337 2845 2400 2899 in
2453 2845 2762 2916 Scriptura:
2819 2843 3303 2914 interpretatione
3362 2848 3592 2898 certum
3633 2841 3747 2904 erit,
3777 2844 3822 2891 et

329 2930 582 2985 teritum.
631 2931 765 2985 Vide
809 2935 865 2984 et
900 2930 960 2984 in
989 2931 1192 2985 eodem
1238 2931 1404 2985 titulo
1436 2932 1546 3001 leg.
1585 2935 1668 2999 t9,
1703 2936 1758 2985 et
1785 2933 1896 2986 Jac.
1928 2932 2031 2985 Go-
2057 2941 2096 2996 (ζ
2139 2932 2353 3002 quaevis
2383 2936 2708 2986 commenta
2727 2947 2794 2984 ex
2826 2947 2893 2985 ea
2922 2930 3152 3001 probari
3180 2934 3488 3001 poterunt.
3536 2929 3657 2984 Scio
3683 2927 3825 2982 Atha-

332 3019 576 3074 thofredi
595 3020 1096 3074 commentarium.

863 3107 1517 3163 ANIMADVERSIONES

615 3213 668 3250 IN
690 3212 880 3250 LIBROS
900 3211 1110 3249 CONTRA
1132 3211 1370 3249 FAL'STUM
1390 3211 1740 3250 IANICHEUM.

405 3283 572 3338 Libro
619 3300 712 3337 x1v
759 3288 956 3338 contra
1015 3284 1224 3338 Mosem
1293 3283 1373 3336 sic
1417 3287 1850 3354 argumentatus
1904 3287 2026 3338 erat

337 3373 735 3428 FaustuszAit
774 3374 956 3440 (Deut.
1002 3389 1113 3439 xxI,
1167 3373 1252 3439 23)
1301 3373 1650 3426 maledictum
1679 3387 1790 3427 esse
1819 3387 2025 3426 omnem

332 3463 431 3530 qui
457 3461 651 3529 pendet
662 3464 730 3533 (in
752 3462 917 3528 ligno.
951 3463 1104 3514 Hunc
1132 3475 1256 3528 ergo
1286 3465 1345 3514 tu
1372 3463 1456 3514 vis
1494 3465 1553 3514 ut
1595 3463 1880 3530 accipiam,
1903 3461 2027 3514 huic

327 3553 385 3626 ut
415 3549 668 3616 credam;
712 3564 849 3615 cum,
885 3548 935 3604 si
962 3549 1181 3602 divinus
1207 3550 1341 3617 fuit,
1396 3553 1596 3603 constet
1623 3566 1740 3604 eum
1777 3552 2026 3604 scientem

325 3639 686 3708 volentemque
735 3637 1086 3692 malediwisse
1131 3639 1385 3705 Christo;
1431 3640 1483 3692 si
1513 3653 1634 3692 vero
1682 3639 1863 3692 nolens
1926 3653 2024 3692 ne—

323 3727 603 3794 sciensque
630 3726 996 3791 maledicverit,
1022 3730 1223 3780 constet
1260 3742 1378 3780 eum
1402 3741 1509 3780 non
1537 3728 1708 3793 fuisse
1753 3727 2018 3780 divinum.

324 3815 462 3868 Tam
510 3813 735 3868 facilem
789 3813 1172 3884 objectionem
1223 3814 1444 3868 diluere
1473 3831 1588 3868 non
1635 3815 1886 3885 potuisse
1915 3819 2024 3868 Au-

324 3903 618 3973 gustinum
649 3903 859 3957 mirum
884 3907 970 3958 est
996 3919 1008 3969 ;
1038 3908 1285 3956 mortem
1309 3903 1464 3957 enim
1483 3909 1540 3957 et
1560 3903 2022 3958 maledictionem

323 4008 506 4046 unum
551 3992 820 4062 idemque
868 4008 989 4046 esse
1033 3992 1172 4060 vult,
1206 4007 1310 4045 nec
1343 3993 1459 4045 ullo
1490 3993 1662 4046 modo
1693 4009 1813 4046 sese
1845 4009 2021 4062 expe-

321 4081 422 4134 dit.
481 4080 693 4134 Deinde
741 4080 895 4151 quod
942 4079 1175 4135 additur
1219 4081 1540 4135 Maledictus
1591 4081 1728 4148 Deo,
1755 4080 1831 4134 sic
1852 4080 2024 4134 inter-

321 4173 608 4239 pretatur:
664 4171 791 4226 Nisi
819 4172 959 4224 enim
991 4173 1130 4224 Deus
1178 4169 1379 4223 odisset
1410 4175 1691 4238 peccatum
1715 4175 1766 4223 et
1797 4173 2017 4222 mortem

319 4263 584 4324 nostram,
605 4274 712 4311 non
750 4259 824 4311 ad
847 4274 962 4312 eam
1001 4258 1404 4326 suscipiendam
1430 4263 1593 4326 atque
1623 4258 1906 4312 delendam
1927 4259 2016 4311 Fi-

322 4346 455 4398 lium
496 4361 653 4399 suum
697 4347 950 4400 mitteret.
1003 4346 1147 4412 Quid
1192 4360 1315 4411 ergo
1348 4348 1548 4399 mirum
1587 4347 1638 4399 si
1674 4347 2020 4400 maledictum

324 4435 428 4485 Deo
458 4432 602 4500 quod
631 4433 746 4486 odit
775 4434 923 4488 Deus
943 4436 972 4487 ?
1010 4433 1121 4488 Sed
1162 4433 1315 4503 apud
1359 4434 1570 4487 Mosem
1617 4434 1774 4487 nulla
1802 4435 2020 4503 peccati

319 4517 558 4580 mentio,
583 4534 771 4588 neque
801 4518 1050 4589 cujusvis
1071 4519 1292 4580 mortis,
1322 4519 1422 4573 sed
1453 4523 1678 4573 tantum
1732 4519 2020 4574 cadaveris

319 4622 349 4659 e
374 4605 529 4675 ligno
560 4606 864 4675 pendentis
893 4624 906 4673 ;
940 4607 1093 4678 quod
1126 4623 1248 4661 esse
1278 4623 1402 4661 rem
1433 4623 1796 4678 summopere
1837 4609 2018 4678 pollu-

323 4699 441 4747 tam
487 4694 648 4748 docet
695 4695 891 4750 Moses.
955 4695 1092 4750 Vide
1121 4696 1192 4750 ad
1222 4711 1356 4750 eum
1387 4697 1573 4750 locum
1597 4697 1874 4751 Joannem
1906 4698 2022 4752 Cle-

321 4781 524 4836 ricum.

389 4871 556 4925 Lmao
599 4886 707 4923 XVI.
755 4870 888 4940 Cap.
922 4873 1009 4924 22.
1060 4873 1196 4926 Hinc
1246 4877 1323 4928 est
1375 4878 1424 4927 et
1453 4873 1595 4927 illud
1644 4873 1799 4942 cujus
1852 4874 2023 4928 ambi-

315 4961 524 5026 guitate
550 4962 786 5012 Faustus
812 4959 1064 5024 fallitur:
1102 4960 1326 5015 Videbis
1353 4961 1529 5016 vitam
1564 4967 1724 5016 tuam
1771 4962 2026 5031 penden-

217 5045 224 5048 ’
319 5051 453 5114 tem,
514 5053 569 5101 et
611 5063 728 5100 non
777 5047 973 5101 credas
1010 5047 1142 5102 vitae
1181 5053 1314 5104 tum.
1367 5051 1498 5115 Qua:
1556 5050 1719 5104 verba
1767 5054 1817 5104 et
1863 5052 2026 5104 aliter

312 5150 467 5203 posse
520 5137 754 5203 intelligi
792 5139 965 5204 potest
994 5138 1199 5204 aliquis
1247 5137 1443 5202 dicere,
1477 5139 1543 5191 de
1571 5139 1799 5193 Christo
1840 5144 2025 5192 autem

317 5237 425 5276 non
467 5238 624 5290 posse
660 5225 914 5291 intelligi,
963 5240 1058 5279 nec
1098 5225 1336 5280 Faustus
1359 5242 1523 5280 ausus
1577 5232 1654 5281 est
1712 5227 1906 5291 dicere,
1935 5243 2027 5281 nec

318 5311 608 5377 quisquam
633 5327 858 5379 prorsus
887 5313 1128 5377 audebit,
1151 5315 1262 5367 nisi
1293 5316 1389 5381 qui
1410 5318 1688 5380 negaverit
1717 5319 1812 5368 aut
1843 5316 2016 5368 Chri-

316 5403 459 5452 stum
505 5413 616 5452 esse
661 5402 852 5465 vitam,
895 5406 990 5455 aut
1037 5417 1071 5454 a
1097 5401 1302 5456 Judaeis
1345 5404 1520 5455 visum
1549 5417 1660 5457 esse
1685 5403 2023 5472 pendentem,

319 5490 415 5538 aut
444 5499 529 5538 eos
551 5485 637 5538 illi
667 5501 772 5540 non
801 5487 1114 5544 credidisse.
1148 5490 1280 5545 Cum
1304 5503 1427 5542 vero
1465 5493 1516 5543 et
1556 5491 1670 5558 ipse
1707 5489 1883 5544 dicat:
1912 5491 2029 5561 Ego

2137 3019 2364 3074 nasium
2396 3025 2455 3074 et
2489 3019 2630 3074 alios
2682 3021 2878 3074 Patres
2909 3020 3133 3073 Grazcos
3163 3033 3232 3071 ac
3301 3018 3540 3072 Latinos
3593 3013 3824 3069 similiter

2136 3109 2289 3162 hunc
2309 3109 2498 3162 locum
2555 3106 2926 3177 explicuisse;
2955 3107 3051 3160 sed
3078 3106 3124 3159 si
3169 3107 3368 3160 multo
3410 3107 3610 3176 plures
3640 3101 3828 3175 profer-

2135 3201 2355 3264 rentur,
2394 3212 2512 3250 non
2534 3195 2783 3250 efﬁceret
2807 3211 3006 3249 eorum
3023 3194 3346 3249 auctoritas
3375 3199 3443 3248 ut
3461 3208 3658 3248 omnes
3684 3194 3827 3244 rectm

2133 3283 2620 3355 interpretationis
2638 3284 2794 3354 leges
2815 3283 3236 3354 abrogarentur
3260 3300 3275 3350 ;
3307 3299 3447 3337 cum
3469 3276 3831 3349 constetﬁ(quid

2135 3373 2290 3428 enim
2321 3373 2569 3427 noshinc
2597 3372 2942 3427 mentiriaut
2966 3371 3341 3427 dissimulare
3364 3377 3539 3443 cogat
3562 3369 3638 3441 ‘2],
3658 3382 3831 3439 propc-

2134 3463 2373 3516 modum
2413 3478 2610 3516 omnes
2641 3461 2943 3533 imperitos
2990 3461 3204 3516 criticae
3269 3478 3460 3516 sacra;
3507 3466 3563 3515 et
3613 3456 3836 3512 infelices

2133 3552 2442 3622 Scripturze
2479 3551 2821 3622 interpretes
2873 3550 3066 3617 fuisse,
3123 3550 3433 3621 quidquid
3476 3548 3732 3604 dictitent
3757 3542 3834 3612 qui

2133 3657 2238 3694 nec
2276 3657 2390 3708 eos,
2423 3656 2527 3694 nec
2557 3640 2908 3710 Scripturam
2940 3644 3026 3693 sat
3053 3639 3321 3693 studiose
3355 3639 3653 3710 legerunt.

2204 3727 2368 3780 Llano
2401 3743 2532 3780 xvu.
2579 3727 2714 3796 Cap.
2753 3730 2808 3780 l.
2871 3727 3110 3780 Faustus
3164 3725 3234 3779 in
3269 3726 3407 3779 haec
3459 3724 3636 3778 verba
3674 3719 3838 3775 Matth.

2132 3831 2181 3879 v,
2223 3818 2287 3869 l2
2311 3831 2323 3869 :
2350 3818 2468 3872 Non
2491 3818 2615 3870 veni
2629 3816 2831 3869 solvere
2857 3816 3042 3882 legem,
3075 3813 3170 3868 sed
3197 3815 3552 3884 adimplere,
3597 3811 3675 3865 sic
3697 3807 3842 3862 stulte

2130 3902 2508 3957 ratiocinatur
2541 3920 2554 3957 :
2597 3904 2732 3968 Quis
2764 3904 2859 3957 hoc
2909 3906 3140 3957 testatur
3196 3903 3434 3958 dixisse
3470 3905 3656 3956 Jesum
3678 3899 3704 3952 ἲ
3731 3898 3846 3950 Mat-

2133 3993 2320 4046 thwus.
2347 3993 2448 4047 Ubi
2464 3993 2671 4046 dia-isse
2688 3993 2716 4046 ?
2748 3994 2807 4047 In
2828 3998 3024 4046 monte.
3069 3992 3292 4057 Quibus
3313 3985 3733 4061 praesentibus?
3761 3985 3843 4037 Pe-

2135 4084 2238 4145 tro,
2270 4079 2514 4146 Andrea,
2537 4079 2731 4134 Jacobo
2751 4084 2801 4132 et
2823 4081 3077 4144 Joanne;
3109 4084 3366 4147 quatuor
3399 4081 3493 4134 his
3524 4083 3750 4139 tantum,
3771 4088 3849 4125 car-

2137 4173 2275 4222 teros
2293 4171 2430 4221 enim
2447 4167 2673 4222 necdum
2693 4169 2943 4236 elegerat,
2983 4183 3075 4222 nec
3095 4169 3290 4236 ipsum
3330 4168 3687 4232 Matthzum,
3730 4155 3845 4226 etc]

2129 4255 2218 4310 Sic
2295 4255 2742 4309 ratiocinabatur
2817 4256 3074 4322 Faustus,
3160 4255 3313 4324 quia
3393 4255 3675 4310 credebat
3733 4250 3852 4304 Mat-

2128 4343 2346 4397 thaeum
2403 4342 2664 4396 ordinem
2708 4341 2983 4413 temporis
3012 4342 3073 4395 in
3127 4357 3238 4396 sua
3289 4343 3644 4396 narratione
3687 4339 3852 4391 obser-

2128 4447 2306 4497 vasse,
2379 4430 2534 4501 quod
2592 4430 2661 4484 ab
2737 4446 2804 4484 eo
2881 4447 2997 4484 non
3036 4430 3260 4484 factum
3326 4447 3462 4485 esse
3538 4427 3782 4485 ostendit
3807 4422 3857 4474 in

2131 4534 2233 4572 sua
2265 4518 2597 4589 Evangelica
2637 4517 2946 4572 Harmonia
2990 4519 3248 4571 Joannes
3313 4519 3588 4574 Clericus
3636 4529 3735 4570 εει
3761 4524 3856 4580 qua

2131 4607 2330 4678 liquet,
2377 4623 2496 4661 non
2536 4607 2864 4661 Matthaeum
2911 4609 3156 4671 tantum,
3192 4607 3307 4661 sed
3365 4611 3430 4661 et
3457 4606 3720 4677 reliquos
3748 4615 3858 4654 om—

2131 4711 2234 4750 nes
2275 4695 2563 4766 apostolos
2596 4711 2662 4749 eo
2713 4699 2974 4765 tempore
3000 4695 3120 4765 jam
3167 4693 3365 4749 fuisse
3420 4697 3658 4756 electos,
3712 4694 3862 4758 atque

2133 4800 2461 4838 sermonem
2509 4800 2540 4838 e
2593 4788 2792 4838 monte
2825 4783 3088 4837 habitum
3145 4783 3488 4840 audivisse.
3524 4785 3667 4838 Eam
3704 4778 3864 4840 adito,

2134 4873 2180 4925 si
2210 4871 2356 4926 tanti
2404 4872 2698 4927 est.Miror
2742 4870 3130 4941 Augustinum
3183 4872 3311 4925 hoc
3361 4889 3488 4927 non
3536 4868 3864 4942 reposuisse,

2133 4977 2264 5016 cum
2294 4961 2605 5032 caeteroqui
2632 4961 2824 5015 futiles
2857 4960 3050 5014 Fausti
3089 4960 3369 5029 argutias
3405 4976 3537 5015 non
3565 4958 3715 5014 male
3745 4967 3865 5008 con-

2133 5049 2296 5104 futet.
2333 5049 2456 5102 Non
2484 5049 2668 5101 solum
2694 5051 2887 5101 tamen
2920 5047 3214 5112 Faustum,
3260 5049 3378 5102 sed
3421 5054 3484 5102 et
3506 5049 3656 5101 alios
3678 5044 3869 5098 multos

2135 5137 2284 5208 fugit
2303 5137 2425 5191 haec
2455 5136 2798 5202 observatio,
2821 5140 2878 5190 et
2901 5135 2959 5189 in
2974 5134 3303 5189 nonnullos
3340 5152 3589 5190 errores
3615 5127 3866 5202 conjecit.

2210 5227 2375 5279 Lluao
2405 5225 2671 5294 xxn.Cap
2709 5227 2796 5279 35.
2842 5225 2982 5276 Cum
3038 5225 3217 5289 igitur
3286 5225 3608 5278 Abraham
3665 5238 3722 5276 eo
3754 5226 3870 5273 tem-

2132 5330 2265 5384 pore
2280 5317 2499 5381 viveret,
2515 5317 2572 5367 in
2586 5313 2744 5368 rebus
2757 5314 3031 5376 humanis,
3055 5327 3159 5380 quo
3178 5313 3429 5380 quidem
3443 5315 3576 5382 jam
3598 5315 3798 5380 fratres
3814 5319 3870 5357 ex

2138 5408 2384 5472 utroque,
2415 5406 2510 5456 aut
2535 5417 2602 5455 ex
2623 5401 2812 5467 altero,
2840 5400 2922 5455 vel
2938 5400 3114 5454 altera
3141 5407 3402 5468 parente
3428 5401 3755 5456 natosnecli
3769 5411 3870 5449 cun-

2137 5493 2288 5560 iugio
2316 5506 2422 5546 non
2452 5491 2682 5557 licebat;
2709 5491 2850 5559 ﬁlios
2906 5504 3029 5545 vero
3072 5491 3340 5555 fratrum
3373 5491 3641 5559 aliosque
3669 5490 3870 5552 ιοηριη-
