3920 6180
61 289 149 338 iit?
867 289 1227 345 VARIORUM
1271 290 1866 349 EXERCITATIONES
1904 293 1970 348 ΙΝ
2011 296 2066 349 S.
2108 295 2474 351 AUGUSTINI
2513 295 2760 351 OPERA.

3455 305 3558 356 518

61 409 245 474 quiore
262 406 442 474 gradu
459 409 670 475 generis
693 412 1132 479 consanguineos,
1154 413 1322 466 multa
1335 413 1464 482 lege,
1492 415 1644 470 nulla
1660 431 1756 484 po—
1791 420 1835 474 A
1875 415 2036 470 nium
2063 414 2515 473 Christianorum
2544 419 2858 489 suspectius
2890 436 3008 474 esse
3039 437 3155 474 non
3185 425 3374 492 potest
3393 439 3565 494 quam

63 501 248 549 testate
271 496 553 564 prohibita
581 497 904 552 consuetudo
925 499 1212 567 jungebat,
1236 501 1371 569 quid
1388 504 1586 556 mirum
1597 504 1648 557 si
1673 519 1766 557 so-

66 599 232 637 rorem
250 600 426 652 suam,
451 585 513 638 id
541 591 636 652 est,
655 603 722 640 ειη
751 589 934 656 patris
959 591 1225 656 sanguine
1248 596 1589 658 procreatam
1607 593 1765 646 habe-

67 673 152 726 bat
175 677 441 727 uxorem?
468 677 610 730 Nam
641 677 737 730 hoc
759 679 876 746 ipse
904 676 1155 730 reddenti
1179 679 1287 732 sibi
1325 694 1442 733 eam
1469 682 1588 746 regi
1615 681 1764 734 dixit

61 762 117 814 de
135 769 305 830 patre
335 778 450 817 esse
477 779 732 826 sororem,
762 781 869 819 non
899 765 965 819 de
1001 766 1218 836 matre.]
1250 768 1352 821 Sed
1389 784 1508 823 non
1537 772 1763 823 tantum

57 865 285 904 sororem
331 858 516 919 vocat,
574 854 729 924 quod
785 854 1126 924 ambiguum
1175 872 1296 911 esse
1337 857 1540 927 potuit,
1573 857 1670 911 sed
1690 857 1760 928 fi-

57 939 175 991 liam
202 943 420 1008 patris,
448 956 556 995 non
607 957 730 996 vero
780 945 995 1010 matris,
1051 945 1189 999 Gen.
1223 960 1315 1011 xx,
1352 948 1416 999 l2
1445 961 1515 999 ex
1547 961 1661 1016 quo
1691 945 1762 999 li-

55 1031 178 1096 quet
221 1028 466 1098 proprie
493 1030 601 1084 hoc
661 1046 781 1085 esse
809 1030 1272 1106 intelligendum.
1320 1035 1399 1088 Ac
1429 1050 1565 1088 sane
1604 1036 1764 1090 nulla

49 1120 120 1169 est
149 1115 407 1170 historia
433 1134 563 1188 quae
592 1135 694 1172 nos
738 1119 934 1173 doceat
975 1137 1040 1174 eo
1087 1125 1369 1191 tempore,
1403 1122 1557 1192 apud
1588 1123 1758 1176 Chal-

49 1203 217 1268 daeos,
275 1203 480 1257 illicita
535 1205 706 1259 fuisse
740 1206 980 1261 fratrum
1022 1211 1079 1261 et
1134 1225 1400 1263 sororum
1455 1209 1757 1280 conjugia;

45 1293 309 1360 quamvis
368 1292 476 1347 hoc
527 1293 774 1348 afﬁrmet
836 1296 1211 1367 Augustinus.
1303 1297 1512 1352 Eadem
1566 1303 1761 1352 tamen

44 1392 276 1451 qunque
327 1382 438 1436 fuit
471 1384 752 1437 sententia
812 1384 1139 1455 Epiphanii,
1173 1385 1328 1456 quod
1358 1390 1602 1440 testatur
1630 1388 1753 1440 Hae—

42 1470 142 1523 resi
187 1473 284 1540 39,
322 1488 467 1526 num
494 1477 550 1539 7,
580 1476 638 1526 et
677 1473 1010 1544 Hieronymi
1057 1474 1116 1529 in
1159 1475 1305 1530 libro
1337 1481 1536 1530 contra
1567 1475 1756 1530 Helvi-

41 1558 226 1615 dium.
266 1563 344 1613 At
393 1567 596 1614 neuter
649 1561 764 1614 ulla
809 1567 964 1616 certa
1015 1563 1238 1632 profert
1266 1564 1390 1634 ejus
1450 1563 1532 1617 rei
1586 1580 1758 1634 argu-

39 1653 256 1712 menta,
283 1664 419 1718 quae
448 1648 639 1702 notior
672 1649 752 1702 eis
792 1666 913 1703 esse
960 1667 1134 1720 quam
1186 1652 1352 1706 nobis
1391 1668 1508 1706 non
1540 1652 1747 1722 potuit.

41 1737 464 1807 Hieronymum
484 1737 709 1791 videtur
737 1742 952 1792 temere
975 1745 1202 1792 secutus
1231 1755 1354 1793 esse
1376 1739 1747 1810 Augustinus.

105 1826 293 1879 [δωΒο
346 1843 536 1880 xum.
594 1826 728 1896 Cap.
779 1831 828 1880 6.
888 1827 995 1882 Sed
1027 1828 1164 1896 quid
1207 1827 1360 1882 vobis
1409 1829 1618 1894 faciam
1657 1827 1756 1896 (al-

39 1915 302 1985 loquitur
358 1914 716 1981 Manichaeos,
777 1915 878 1986 qui
933 1915 1146 1969 Veteris
1214 1915 1558 1970 Testamenti
1613 1914 1756 1968 Scri-

36 2011 238 2072 pturas
278 2018 515 2072 prorsus
571 2003 930 2073 rejiciebant,
985 2003 1127 2057 Novi
1184 2003 1414 2058 falsatas
1462 2019 1583 2058 esse
1610 2020 1749 2058 con-

38 2089 404 2160 tendebant),
448 2106 578 2160 quos
629 2097 817 2145 contra
856 2093 1161 2145 testimonia
1219 2093 1630 2160 Scripturarum
1673 2095 1756 2146 ita

38 2178 408 2245 obsurdefecit
443 2182 728 2248 iniquitas,
777 2184 837 2234 ut
882 2179 1157 2248 quidquid
1191 2180 1479 2234 adversum
1507 2195 1599 2234 ros
1631 2181 1757 2234 inde

37 2269 531 2335 prolatum/“aerii
585 2284 690 2322 non
719 2283 829 2323 esse
887 2269 1092 2322 dictum
1143 2269 1210 2322 ab
1253 2269 1530 2337 Apostolo,
1586 2269 1680 2324 sed
1721 2285 1756 2322 a

39 2357 216 2408 nescio
247 2372 356 2424 quo
385 2357 617 2422 falsario
646 2357 744 2410 sub
767 2357 883 2425 ejus
922 2359 1132 2410 nomine
1155 2359 1419 2426 scriptum
1448 2373 1558 2411 esse
1578 2359 1755 2411 dicere

39 2443 298 2498 audeatis
327 2445 374 2514 ‘2]
421 2445 574 2498 Nihil
627 2443 883 2515 iniquius
923 2460 989 2498 ac
1021 2445 1324 2500 absurdius
1356 2446 1496 2514 tingi
1524 2450 1753 2515 poterat

39 2547 214 2600 quam
271 2532 431 2602 quod
476 2532 761 2586 faciebant
807 2532 1102 2586 Manichaai
1137 2549 1150 2600 ;
1191 2534 1313 2604 qui,
1348 2534 1506 2588 nullo
1557 2533 1752 2588 critico

40 2624 387 2687 argumento
419 2620 554 2688 nixi,
588 2621 687 2674 sed
742 2625 970 2675 tantum
1017 2621 1372 2692 praejudiciis
1413 2621 1596 2692 iisque
1625 2638 1752 2692 per-

41 2708 306 2762 absurdis
344 2709 612 2764 obcaecati
667 2709 866 2763 falsata
897 2725 1017 2763 esse
1076 2709 1340 2763 dicebant
1370 2725 1750 2780 quaecumque

41 2801 204 2850 erant
229 2797 298 2849 in
351 2798 758 2866 Apostolorum
807 2797 1032 2866 scriptis
1078 2797 1334 2867 ipsorum
1369 2797 1593 2868 placitis
1621 2814 1749 2851 con-

43 2884 240 2939 traria.
271 2885 474 2939 Merito
520 2885 874 2956 Augustinus
903 2886 1050 2938 hanc
1070 2885 1186 2938 illis
1215 2885 1413 2955 objicit
1441 2885 1750 2939 ratiocina-

1873 504 2215 574 scriptorum
2244 506 2625 574 ethnicorum,
2655 508 2755 578 qui
2785 524 3011 562 summo
3043 525 3325 563 consensu
3355 515 3565 564 testan-

1874 596 1968 645 tur
2006 593 2302 647 zEneidem
2351 611 2468 647 esse
2499 595 2679 648 fetum
2713 601 2898 666 poetas
2945 600 3199 666 Augusto
3233 597 3469 668 aequalis
3511 602 3568 651 et

1872 695 2120 749 quorum
2148 680 2474 734 testimonio
2505 682 2681 751 stylus
2703 687 2757 735 et
2784 684 3114 752 praestantia
3147 685 3426 752 poematis
3452 702 3568 740 ma-

1871 767 2091 821 ximum
2144 769 2372 838 pondus
2403 769 2636 824 addunt.
2700 771 2880 840 Igitur
2933 773 3206 826 audiendi
3264 789 3382 826 non
3433 780 3568 828 sunt

1871 855 1985 926 qui,
2026 856 2148 910 sine
2194 857 2325 909 ullis
2363 858 2715 927 argumentis
2764 859 2993 926 criticis,
3026 860 3123 914 diu
3156 866 3284 930 post
3331 869 3565 931 aposto-

1869 943 2057 998 lorum
2086 949 2369 1014 tempora,
2421 945 2596 999 libros
2649 963 2849 1001 eorum
2901 947 2961 1002 in
3009 948 3250 1003 dubium
3299 965 3565 1006 revocare

1870 1032 2125 1104 aggressi
2154 1037 2306 1098 sunt,
2341 1038 2402 1087 ut
2420 1034 2757 1088 commentis
2780 1034 2897 1088 suis
2917 1037 3251 1091 contrarios.

1942 1122 2084 1177 Ibid.
2149 1123 2321 1189 Quasi
2348 1140 2469 1178 vero
2512 1139 2561 1178 et
2594 1127 2652 1178 in
2694 1126 2892 1179 litteris
2918 1127 3265 1181 sacularibus
3303 1143 3408 1180 non
3433 1129 3561 1193 fac-

1866 1213 1982 1264 rint
2031 1210 2135 1280 (sic
2181 1212 2491 1283 legendum
2520 1213 2710 1282 potius
2748 1229 2920 1283 quam
2980 1214 3225 1276 fuerunt)
3272 1217 3564 1269 certissimi

1867 1304 2130 1365 auctores,
2162 1301 2259 1354 sub
2314 1316 2542 1370 quorum
2572 1302 2875 1355 nominibus
2919 1303 3090 1355 multa
3114 1306 3303 1371 postea
3341 1304 3564 1371 prolata

1866 1393 1992 1441 sunt
2019 1395 2069 1441 et
2094 1388 2212 1441 ideo
2234 1389 2559 1457 repudiata;
2587 1391 2721 1456 quia
2757 1391 2840 1443 vel
2875 1391 2959 1442 his
3000 1406 3118 1458 qua:
3153 1391 3394 1458 ipsorum
3450 1406 3561 1444 esse

1867 1479 2153 1542 constaret,
2203 1478 2424 1529 minime
2453 1480 2830 1542 congruerunt,
2865 1477 2945 1529 vel
2995 1491 3051 1530 eo
3083 1482 3313 1544 temporc
3343 1491 3446 1544 quo
3473 1477 3565 1530 illi

1866 1565 2204 1631 scripserint,
2236 1579 2580 1633 nequaquam
2609 1566 2930 1618 innotescere
2967 1569 3017 1618 et
3051 1581 3153 1633 per
3190 1567 3332 1634 ipsos
3357 1566 3441 1618 vel
3469 1567 3562 1631 fa-

1865 1653 2266 1706 miliarissimos
2315 1668 2496 1705 eorum
2522 1653 2580 1705 in
2623 1658 2860 1720 posteros
2893 1653 3060 1722 prodi
3084 1653 3564 1724 lcommendarique

1864 1738 2220 1810 meruerunt]
2259 1740 2416 1793 Ilisce
2447 1739 2588 1793 nihil
2618 1745 2804 1809 potest
2828 1756 2948 1793 esse
2977 1749 3332 1812 κριτικώτερον.
3368 1743 3563 1795 Exem-

1863 1828 2023 1898 plum
2065 1828 2344 1881 habemus
2400 1827 2590 1898 ipsum
2622 1829 3030 1899 Augustinum,
3091 1830 3251 1898 cujus
3295 1829 3562 1898 genuinis

1863 1917 2131 1986 operibus
2162 1916 2403 1970 admista
2436 1921 2600 1971 erant
2647 1916 2868 1970 saeculis
2897 1916 3152 1970 barbaris
3199 1917 3380 1970 multa
3431 1933 3563 1988 sup-

1861 2004 2151 2074 posititia;
2179 2021 2307 2075 qua:
2345 2005 2562 2058 Erasmi
2590 2005 2888 2074 diligentia
2917 2005 3150 2074 quidem
3194 2005 3424 2074 partim,
3457 2005 3559 2060 sed

1863 2093 2242 2147 Lovanicnses
2287 2093 2607 2163 priesertim
2659 2109 2723 2147 ac
2772 2093 3119 2147 Benedictini
3169 2093 3321 2147 tribu
3353 2094 3560 2148 merito

1862 2186 2184 2250 moverunt,
2216 2181 2407 2252 fadjuti
2439 2181 2689 2235 indiculo
2745 2197 2985 2252 operum
3019 2179 3398 2251 Hipponensis
3440 2181 3561 2251 epi-

1863 2270 2017 2341 scopi
2057 2286 2089 2323 a
2120 2271 2370 2324 Possidio
2415 2269 2752 2336 Calamensi,
2802 2269 2985 2323 amico
3018 2270 3140 2340 ejus
3187 2285 3250 2322 ac
3282 2269 3561 2339 discipulo

1861 2359 2202 2429 conscripto,
2229 2364 2283 2412 et
2311 2375 2482 2428 quem
2512 2360 2758 2414 Joannes
2792 2357 3154 2411 Vlimmerius
3185 2357 3406 2428 primus
3437 2357 3562 2412 edi—

1862 2447 1965 2502 dit.
1997 2447 2136 2502 Hinc
2161 2448 2341 2501 multa
2364 2447 2528 2518 quasi
2556 2446 2860 2517 Augustini
2891 2447 3138 2513 laudata,
3173 2447 3561 2524 supepioribus

1861 2534 2106 2600 saeculis,
2166 2535 2370 2589 merito
2428 2540 2624 2605 postea
2672 2536 2876 2604 rejecta
2919 2540 3072 2599 sunt,
3133 2539 3188 2588 ct
3227 2535 3561 2589 auctoribus

1864 2621 2243 2675 Benedictinis
2285 2622 2414 2692 jure
2448 2623 2681 2691 posthac
2731 2621 3079 2691 rejicientur.
3114 2623 3277 2684 Quod
3310 2625 3450 2675 'cum
3481 2621 3561 2674 ita

1861 2709 1955 2774 sit,
2005 2710 2202 2762 obelus
2257 2710 2486 2762 criticus
2539 2709 2649 2762 erit
2679 2709 3052 2779 apponendus
3101 2709 3297 2762 multis
3326 2709 3461 2762 locis
3493 2725 3559 2761 ex

1859 2796 1933 2850 iis
1988 2798 2278 2868 opusculis
2328 2796 2586 2866 prolatis,
2644 2796 2714 2849 ab
2761 2795 2830 2848 iis
2879 2796 2979 2865 qui
3032 2796 3100 2848 de
3157 2795 3554 2848 controversiis

1858 2885 2192 2955 theologicis
2245 2883 2634 2953 superioribus
2684 2883 2906 2936 smculis
2945 2881 3312 2952 scripserunt.
3351 2883 3561 2946 Quam-

42 2973 260 3026 tionem
320 2973 421 3027 lib.
477 2990 641 3027 xxxv:
697 2976 756 3028 In
785 2975 1149 3043 apostolorum
1202 2975 1398 3028 litteris
1429 2974 1574 3043 quod
1602 2975 1748 3028 rolu-
1783 2993 1822 3048 (ς
1861 2973 2060 3026 obrem
2095 2973 2216 3026 veri
2247 2977 2503 3024 amantes
2533 2970 2744 3040 gratias
2776 2969 3156 3023 Benedictinis
3196 2970 3410 3024 habere
3439 2971 3562 3040 ζάθ-

45 3078 159 3115 mus
180 3077 371 3115 verum
399 3067 496 3128 est,
542 3062 690 3132 quod
717 3063 963 3117 nolumus
1013 3063 1221 3129 falsum
1249 3067 1326 3116 est
1352 3081 1368 3128 ;
1411 3078 1526 3133 qua
1553 3061 1748 3134 impu-

48 3149 273 3204 dentius
308 3166 372 3203 ac
421 3150 647 3205 stultius
691 3150 834 3204 nihil
880 3150 1190 3220 excogitari
1248 3150 1450 3221 potuit.
1483 3150 1750 3220 Suspicor

49 3253 178 3290 sane
207 3237 497 3307 homines,
524 3239 570 3291 si
599 3237 723 3291 ausi
774 3237 1036 3305 fuissent,
1071 3238 1380 3308 rejecturos
1414 3237 1587 3292 fuisse
1618 3254 1746 3291 om-

49 3341 175 3378 nem
201 3326 578 3397 Scripturam,
611 3332 728 3381 tam
759 3327 900 3381 Novi
930 3343 1104 3398 quam
1128 3327 1342 3381 Veteris
1361 3326 1708 3380 Testamenti
1731 3343 1743 3392 ;

48 3415 138 3467 sed
170 3414 312 3486 quia
340 3431 582 3469 numero
623 3415 1077 3471 Christianorum
1124 3415 1342 3470 censeri
1372 3415 1657 3482 volebant,
1685 3415 1745 3469 in

47 3502 316 3557 absurdas
337 3505 696 3574 conjecturas
718 3520 837 3557 esse
881 3504 1167 3574 delapsos.

111 3591 255 3645 Ibid.
313 3595 385 3645 De
423 3608 527 3661 quo
573 3593 710 3646 libro
751 3596 944 3646 certum
981 3595 1084 3646 erit
1135 3593 1290 3661 cujus
1334 3593 1422 3654 sit,
1454 3593 1504 3646 si
1551 3592 1745 3646 litterae

49 3695 171 3744 quas
231 3682 597 3748 apostolorum
632 3681 767 3734 dicit
797 3685 846 3734 et
876 3686 1013 3734 tenet
1050 3682 1291 3736 Ecclesia
1326 3680 1397 3736 ab
1435 3682 1571 3750 ipsis
1603 3696 1741 3750 apo-

47 3769 186 3821 stolis
225 3775 563 3838 propagata,
596 3775 646 3824 et
693 3785 792 3838 per
830 3785 1006 3823 omnes
1055 3775 1235 3838 gentes
1267 3774 1422 3823 tanta
1449 3771 1742 3823 eminentia

46 3856 338 3921 declarata,
390 3862 573 3911 utrum
600 3857 966 3926 apostolorum
994 3859 1105 3911 sint
1131 3860 1393 3912 incertum
1421 3862 1536 3923 est;
1565 3863 1615 3912 et
1645 3858 1740 3911 hoc

45 3947 136 3996 erit
193 3950 404 3998 certum
459 3947 738 4015 scripsisse
782 3947 1069 4014 apostolos,
1125 3946 1269 4014 quod
1331 3946 1455 3999 huic
1491 3946 1740 4000 Ecclesiae

47 4036 307 4087 contrarii
335 4035 573 4088 haeretici
581 4039 871 4103 proferunt
890 4037 1169 4088 auctorum
1193 4049 1411 4088 suorum
1431 4032 1737 4088 nominibus

41 4124 325 4192 appellati,
385 4123 536 4191 longe
563 4129 684 4192 post
722 4124 988 4191 apostolos
1049 4125 1392 4176 existentium
1416 4121 1467 4194 ?]
1511 4121 1737 4192 Optime

32 4228 193 4265 sane.
247 4212 390 4265 Cum
447 4210 601 4264 enim
655 4211 946 4265 videamus
975 4211 1278 4282 plerosque
1324 4226 1524 4265 omnes
1571 4209 1734 4264 Chri-

31 4300 282 4363 stianos,
343 4299 413 4354 ab
451 4299 518 4353 iis
569 4316 751 4370 usque
781 4301 879 4370 qui
926 4301 1185 4370 proxime
1216 4301 1540 4370 apostolicae
1583 4299 1739 4353 aetati

31 4394 454 4455 successerunt,
512 4405 627 4443 una
671 4405 806 4443 voce
848 4390 1134 4455 afﬁrmare
1176 4389 1319 4458 haec,
1362 4388 1561 4459 paucis
1590 4405 1745 4442 exce-

29 4478 170 4547 ptis,
199 4477 517 4547 apostolica
549 4493 670 4530 esse
721 4476 932 4546 scripta
964 4492 977 4541 ;
1010 4492 1126 4530 non
1171 4481 1254 4530 est
1309 4493 1411 4530 cur
1438 4477 1744 4547 quisquam

41 4566 103 4619 de
132 4566 376 4620 illorum
405 4565 732 4620 testimonio
780 4565 1025 4631 dubitet,
1074 4564 1122 4618 si
1149 4565 1322 4619 modo
1371 4564 1433 4618 in
1485 4565 1556 4618 iis
1580 4564 1744 4618 libris

45 4655 177 4708 nihil
210 4655 284 4707 sit
313 4654 470 4724 quod
513 4659 666 4707 recta
696 4653 842 4708 ratio
897 4652 1204 4723 indignum
1259 4667 1381 4706 esse
1422 4651 1627 4721 spiritu
1657 4652 1742 4706 di-

45 4742 163 4796 vino
225 4743 597 4797 demonstret.
646 4743 772 4795 lam
817 4746 1008 4796 autem
1038 4757 1206 4796 nemo
1238 4757 1356 4811 eos,
1398 4740 1497 4812 qui
1528 4756 1648 4794 non
1666 4741 1745 4794 fa-

45 4834 165 4885 tuus
206 4830 282 4885 sit
304 4836 403 4885 aut
431 4847 604 4901 pravo
634 4830 888 4901 ingenio,
921 4831 1098 4884 libros
1141 4831 1311 4899 leget,
1344 4829 1487 4901 quin
1517 4827 1744 4900 dignis-

43 4919 216 4974 simos
245 4935 368 4973 esse
409 4935 506 4973 eos
565 4918 893 4974 auctoribus
932 4919 1141 4989 quibus
1187 4918 1540 4984 tribuuntur,
1586 4916 1746 4971 viris-

43 5025 140 5079 que
197 5027 231 5063 a
281 5011 398 5063 Deo
429 5009 635 5076 missis,
683 5025 800 5062 non
851 5008 1090 5078 judicet.
1142 5008 1205 5060 In
1235 5007 1323 5060 iis.
1357 5006 1528 5061 etiam
1554 5005 1746 5060 divina

43 5098 302 5165 quadam
332 5096 668 5167 simplicitas
700 5114 762 5151 ac
787 5095 1080 5151 sinceritas
1110 5095 1275 5161 nitet,
1335 5111 1462 5165 qua:
1501 5110 1632 5148 cum
1662 5110 1742 5148 se-

45 5185 339 5252 quentium
371 5185 709 5238 saeculorum
737 5183 1026 5253 ﬁgmentis
1058 5198 1123 5236 ac
1164 5181 1473 5254 pigmentis
1505 5180 1742 5235 minime

43 5274 455 5339 consentit;ut
495 5272 658 5327 facile
713 5271 1000 5342 intelligas
1058 5287 1124 5325 ea
1169 5286 1290 5324 esse
1338 5269 1662 5341 antiquiora
1688 5275 1744 5324 et

43 5365 290 5430 profecta
319 5363 391 5417 ab
445 5377 647 5415 eorum
699 5361 964 5415 manibus
1013 5359 1226 5430 quibus
1281 5358 1496 5412 similes
1551 5359 1742 5413 nullos

43 5458 232 5518 postea
262 5452 440 5506 fuisse
470 5450 746 5504 videmus.
810 5449 993 5520 Igitur
1045 5464 1177 5502 cum
1204 5447 1432 5502 nullum
1465 5446 1557 5509 sit,
1589 5446 1648 5500 in
1681 5462 1742 5501 re

43 5537 180 5610 ipsa,
211 5540 302 5594 vel
327 5538 639 5593 minimum
673 5534 1084 5608 suppositionis
1112 5534 1424 5601 indicium;
1476 5534 1742 5589 testimo—

1858 3062 2016 3127 bent,
2052 3077 2193 3132 quas
2222 3077 2327 3114 nos
2357 3059 2449 3114 bic
2473 3059 2544 3112 iis
2570 3059 2816 3113 libenter
2846 3057 3090 3129 agimus.

1932 3150 2074 3204 Ibid.
2109 3152 2312 3214 Nonne,
2365 3153 2424 3201 ut
2473 3149 2607 3202 alios
2629 3149 2892 3215 omittam,
2938 3162 3032 3201 suo
3058 3148 3408 3215 Hippocratis
3437 3162 3554 3201 me-

1865 3239 1979 3292 dici
2007 3237 2335 3291 nobilissimi
2361 3239 2593 3297 nomine,
2626 3235 2852 3303 quidam
2900 3234 3029 3288 libri
3047 3235 3256 3302 prolati
3283 3235 3341 3286 in
3373 3240 3560 3287 aucto-

1853 3330 2070 3381 ritatem
2106 3343 2140 3380 a
2186 3325 2409 3379 medicis
2453 3340 2567 3380 non
2609 3325 2808 3392 recepti
2831 3325 3008 3378 sunt?
3063 3324 3168 3379 Nec
3221 3336 3306 3375 eos
3339 3321 3562 3390 adjuvit

1851 3416 2111 3470 nonnulla
2131 3414 2433 3468 similitudo
2454 3428 2633 3467 rerum
2654 3418 2816 3482 atque
2831 3411 3134 3477 verborum,
3171 3409 3389 3477 quando
3416 3425 3562 3464 com-

1845 3506 2040 3575 parati
2068 3507 2144 3558 eis
2171 3518 2303 3572 quos
2335 3518 2455 3556 vere
2481 3503 2837 3571 Hippocratis
2857 3515 2969 3554 esse
2998 3503 3288 3564 constaret,
3322 3500 3561 3567 impares

1845 3592 2089 3660 judicati
2137 3596 2297 3657 sunt;
2330 3595 2379 3644 et
2425 3591 2570 3659 quod
2617 3590 2684 3643 ab
2735 3604 2791 3642 eo
2834 3593 3069 3657 tempore
3121 3602 3226 3655 quo
3273 3591 3323 3639 et
3370 3592 3563 3640 caetera

1849 3682 2057 3749 scripta
2085 3680 2202 3748 ejus
2232 3695 2338 3732 non
2367 3681 2717 3732 innatuerunt
2746 3676 2889 3744 quod
2913 3690 3036 3729 vere
3077 3675 3193 3742 ejus
3227 3675 3443 3744 essent.]
3479 3676 3558 3728 De

1849 3768 2050 3834 ciiticis
2072 3783 2314 3838 operum
2362 3766 2717 3836 Hippocratis
2742 3763 3024 3834 variisque
3063 3778 3263 3817 eorum
3302 3762 3556 3832 judiciis,

1848 3857 2145 3912 adeundus
2184 3855 2441 3909 medicus
2498 3854 2754 3907 eruditus
2807 3852 3004 3907 Daniel
3049 3851 3322 3920 Clericus,
3355 3851 3414 3904 in
3456 3851 3558 3905 Hi-

1847 3945 2024 4000 storia
2054 3943 2366 4010 Medicinae,
2400 3943 2610 3996 Gallico
2644 3957 2907 3995 sermone
2944 3939 3282 4009 conscripta,
3324 3943 3380 3993 et
3401 3939 3554 3992 edita

1846 4030 2259 4087 Amstelodami
2288 4047 2438 4083 anno
2469 4031 2716 4096 clolocm,
2751 4033 2910 4098 parte
2958 4032 3005 4095 l,
3038 4029 3137 4082 lib.
3190 4031 3244 4093 3,
3288 4043 3411 4097 cap.
3449 4031 3542 4082 30.

1849 4119 2264 4176 Dissimilitudo
2317 4118 2659 4187 scriptorum
2696 4117 2883 4171 etfecit
2918 4121 2984 4169 ut
3031 4132 3098 4169 ex
3130 4115 3310 4185 ipsius
3350 4118 3548 4185 Augu-

1845 4210 1977 4265 stini
2013 4207 2282 4279 operibus
2321 4205 2613 4260 innumeri
2660 4204 2836 4259 libelli
2873 4204 3239 4274 ejicerentur,
3274 4203 3374 4273 qui
3402 4219 3556 4257 nunc

1781 4281 1924 4353 Dad
2000 4298 2211 4352 calcem
2283 4294 2644 4365 singulorum
2691 4292 3048 4346 voluminum
3103 4291 3550 4360 conspiciuntur.

1854 4388 2011 4442 Idem
2042 4391 2098 4440 et
2127 4385 2186 4439 in
2237 4383 2364 4438 aliis
2413 4383 2674 4437 Patribus
2719 4381 2923 4437 Graecis
2963 4385 3020 4436 et
3049 4379 3262 4435 Latinis
3292 4380 3418 4434 ﬁeri
3443 4397 3552 4436 cm-

1852 4480 2021 4546 ptum
2049 4478 2153 4530 est.

1925 4561 2068 4615 Ibid.
2119 4563 2228 4616 Hos
2281 4564 2461 4614 autem
2505 4559 2671 4612 libros
2729 4559 2926 4626 quibus
2980 4559 3068 4612 illi
3114 4560 3212 4626 qui
3260 4557 3326 4612 de
3371 4561 3551 4612 trans-

1851 4665 2002 4704 verso
2028 4652 2402 4718 proferuntur,
2430 4648 2732 4715 comparati
2780 4650 3128 4714 respuuntur,
3176 4645 3318 4700 unde
3347 4650 3554 4700 constat

1852 4753 1962 4792 esse
1986 4739 2372 4806 Hippocratis;
2398 4735 2560 4803 unde,
2617 4737 2668 4788 si
2695 4736 2816 4802 quis
2877 4735 2970 4788 hoc
3009 4739 3184 4800 neget,
3223 4749 3316 4787 nec
3362 4735 3552 4787 saltem

1850 4827 2140 4893 refellitur,
2169 4825 2262 4878 sed
2298 4824 2530 4888 ridetur,
2588 4824 2700 4876 nisi
2739 4825 2871 4891 quia
2925 4838 3030 4889 eos,
3089 4823 3157 4876 ab
3201 4823 3318 4890 ipso
3349 4823 3550 4889 Hippo-

1853 4916 2018 4969 cratis
2047 4918 2296 4981 tempore,
2329 4927 2497 4980 usque
2516 4911 2584 4964 ab
2616 4911 2712 4964 hoc
2751 4915 2957 4979 tempus
2990 4915 3041 4964 et
3062 4909 3310 4977 deinceps
3337 4922 3550 4961 succes—

1851 5004 2018 5059 sionis
2034 5003 2194 5056 series
2219 5000 2627 5065 commendavit,
2649 5004 2708 5053 ut
2725 4999 2847 5053 hinc
2868 4999 3120 5053 dubitare
3131 4997 3392 5050 dementis
3406 4997 3478 5049 sit
3496 4993 3546 5066 ‘2]

1855 5093 1984 5146 Haec
2014 5093 2071 5145 et
2118 5093 2322 5143 caetera
2362 5105 2492 5159 quae
2550 5088 2620 5142 de
2652 5087 2800 5142 veris
2855 5086 3180 5142 auctoribus
3208 5085 3546 5155 dignoscan-

1854 5179 1959 5247 dis,
2009 5178 2204 5232 multis
2251 5176 2556 5232 illustravit
2585 5176 2859 5247 exemplis
2893 5181 2949 5230 et
3001 5173 3341 5228 testimoniis
3391 5177 3545 5227 vete-

1851 5284 1981 5322 rum
2014 5268 2259 5322 loannes
2299 5266 2549 5322 Clericus
2595 5265 2746 5319 Artis
2781 5263 2991 5318 criticaa
3031 5267 3192 5332 parte
3240 5265 3291 5328 3,
3322 5265 3454 5315 sect.
3485 5263 3540 5327 2,

1851 5355 1953 5411 ubi
1996 5356 2114 5426 agit
2161 5355 2230 5409 de
2261 5353 2484 5409 indiciis
2540 5351 2969 5424 suppositionis,
3019 5367 3124 5404 nec
3155 5366 3288 5404 sane
3327 5349 3548 5405 critico-

1851 5461 1981 5499 rum
2033 5442 2540 5514 praestantissimus
2601 5440 2838 5495 meliora
2889 5445 3079 5510 posset
3135 5439 3285 5494 hanc
3321 5439 3383 5494 in
3421 5455 3544 5494 rem

1851 5533 2128 5603 proferre.
