3884 6178
373 275 476 326 519

1386 270 1938 328 SUPPLEMENTUM
1977 273 2067 328 AD
2103 273 2335 330 OPERA
2373 277 2429 331 S.
2470 275 2858 332 AUGUSTINI.
3711 300 3790 353 ’δἓο

443 397 582 451 Ibid.
612 398 874 463 Platonis,
902 395 1232 461 Aristotelis,
1269 394 1558 460 Ciceronis,
1624 394 1906 462 Varronis,
1943 395 2074 449 alio-
2105 392 2150 445 A
2180 412 2285 450 nec
2307 396 2612 468 quisquam
2657 397 2768 452 nisi
2819 398 3054 452 insanus
3083 398 3153 452 de
3199 399 3265 453 iis
3309 403 3546 463 dubitare
3581 418 3791 485 poterit;

367 502 596 555 rumque
626 485 892 555 ejusmodi
939 488 1218 537 auctorum
1267 481 1456 548 libros,
1484 481 1655 536 "unde
1683 489 1948 537 noverunt
1973 484 2068 536 ho-

367 578 536 629 mines
575 574 719 644 quod
747 576 991 642 ipsarum
1022 573 1149 637 sint,
1185 571 1294 624 nisi
1315 570 1498 624 eadem
1531 576 1826 640 temporum
1855 572 2070 625 sibimet

369 663 759 718 succedentium
799 660 1180 714 contestatione
1202 658 1541 727 continua?]
1574 658 1730 713 Adde
1761 664 1817 712 et
1847 660 2066 713 nullam

368 751 540 804 fuisse
571 748 644 802 iis
702 746 802 818 qui
833 746 971 800 talia
1019 744 1290 799 dixerunt
1337 745 1652 799 mentiendi
1712 746 2066 816 propositam

371 837 690 891 mercedem
719 839 816 888 aut
865 833 1194 888 utilitatem.
1228 833 1365 897 Qua:
1396 833 1592 887 omnia
1622 834 1914 887 verissime
1955 833 2065 888 dici

365 927 602 996 possunt
639 924 708 978 de
739 923 808 977 iis
839 922 1000 976 libris
1048 921 1239 987 sacris,
1283 909 1382 990 qui
1414 937 1640 991 semper
1695 921 1874 976 habiti
1933 926 2067 975 sunt

367 1029 563 1068 eorum
594 1011 894 1066 hominum
927 1025 1174 1081 quorum
1217 1007 1452 1062 nomina
1496 1009 1831 1078 prmferunt.
1889 1010 1953 1063 In
2002 1024 2064 1063 re

365 1102 490 1172 ipsa
517 1101 659 1155 nihil
690 1104 777 1154 est
806 1099 962 1170 quod
993 1114 1109 1152 non
1141 1097 1215 1151 sit
1271 1096 1674 1167 dignissimum
1732 1097 2061 1152 hominibus

367 1190 636 1244 divinitus
671 1189 908 1253 afllatis;
961 1201 1187 1256 semper
1216 1185 1286 1239 ab
1335 1186 1601 1240 omnibus
1629 1186 1728 1257 qui
1772 1202 1830 1239 se
1861 1202 2058 1240 eorum

364 1278 669 1349 discipulos
725 1273 968 1347 professi
1006 1277 1157 1340 sunt,
1199 1287 1398 1327 eorum
1436 1273 1674 1344 genuini
1701 1273 1848 1328 fetus
1878 1274 2063 1328 habiti

363 1371 524 1433 sunt;
579 1381 685 1420 nec
729 1364 876 1419 ratio
905 1363 1059 1417 hisce
1104 1362 1223 1415 ulla
1253 1360 1361 1416 fuit
1414 1361 1745 1417 mentiendi.
1799 1363 1938 1416 Nam
1991 1362 2062 1415 iis

362 1453 545 1521 libris,
599 1451 763 1523 quasi
815 1449 1020 1504 divinis
1079 1448 1338 1503 admissis
1378 1453 1533 1502 tanm
1565 1449 1721 1502 abest
1776 1453 1839 1502 ut
1895 1449 2060 1519 quid-

365 1557 560 1612 quam,
593 1541 664 1595 ad
711 1541 859 1594 hanc
897 1538 1069 1592 vitam
1102 1535 1257 1606 quod
1287 1535 1505 1600 attinet,
1565 1537 1850 1590 lucrarent
1896 1535 2056 1590 Curi-

365 1629 554 1696 stiani,
592 1632 653 1682 ut
680 1632 894 1693 contra,
923 1627 1043 1696 jam
1072 1625 1251 1678 ferme
1291 1624 1362 1678 ab
1394 1623 1580 1690 initio,
1637 1639 1824 1678 mores
1855 1639 2056 1677 eorum

2178 485 2288 538 nisi
2312 486 2360 539 si
2388 487 2534 541 forte
2587 486 2826 556 epistola
2864 486 3059 556 aliqua
3102 486 3307 542 alicubi
3343 491 3641 552 delitescens
3665 508 3793 572 quasi

2178 574 2508 628 Erasmiana
2537 579 2733 645 postea
2762 575 3105 645 proferatur.
3150 579 3201 629 et
3249 575 3305 630 in
3352 579 3572 637 dubium
3599 588 3660 641 ab
3699 592 3795 646 aliis

2176 671 2488 716 revocetur.
2530 666 2816 729 Attamen,
2869 679 2941 716 ne
2987 663 3126 734 quid
3172 663 3587 738 dissimulemus,
3614 691 3691 728 ars
3723 683 3793 749 ty-

2174 750 2524 820 pographica
2552 766 2673 805 rem
2696 753 2874 805 multo
2896 751 3195 806 certiorem
3225 769 3288 806 ac
3332 755 3618 814 faciliorem
3640 765 3796 819 reddi-

2173 838 2288 905 dit;
2317 843 2581 909 poterant
2625 840 2779 894 enim
2840 856 2905 894 ex
2958 840 3249 895 codicibus
3295 859 3426 900 mss.
3489 851 3797 919 supposititia

2173 925 2352 979 multa
2408 927 2670 996 proferri,
2717 943 2845 998 qua:
2881 927 3091 982 revinci
3141 928 3321 995 facile,
3369 937 3587 1003 propter
3627 940 3794 994 rarita-

2171 1019 2287 1068 tem
2319 1015 2755 1084 exemplarium,
2784 1031 2900 1069 non
2931 1020 3212 1086 poterant.
3273 1022 3346 1072 Ac
3383 1036 3511 1074 sane
3551 1039 3677 1092 opus
3717 1027 3799 1081 luit

2169 1102 2624 1170 splendidissima
2678 1103 2889 1158 criticaa
2929 1105 3056 1159 luce
3101 1110 3166 1159 ut
3205 1115 3613 1165 secernerentur
3656 1113 3798 1184 ipsius

2167 1189 2472 1259 Augustini
2501 1207 2676 1261 opera
2705 1193 2958 1262 genuina
2980 1210 3012 1247 a
3040 1195 3429 1264 supposititiis.

2233 1278 2486 1332 Tandem
2543 1279 2624 1333 sic
2648 1280 2941 1350 egregiam
2979 1282 3189 1337 hancce
3238 1283 3651 1355 disputationem
3682 1291 3799 1343 clau-

2169 1365 2253 1420 dit
2282 1381 2294 1420 :
2328 1368 2453 1433 Quae
2481 1384 2602 1422 cum
2640 1371 2722 1423 ita
2748 1371 2876 1438 sint,
2933 1373 3056 1440 quis
3101 1372 3317 1426 tandem
3369 1379 3514 1429 tanto
3551 1377 3712 1442 furore
3736 1385 3802 1431 cie-

2166 1457 2340 1521 catur,
2373 1455 2484 1508 nisi
2515 1454 2896 1510 daemoniorum
2940 1456 3469 1526 mendaciloquorum
3516 1463 3713 1516 malitia
3742 1469 3801 1516 at-

2123 1584 2138 1596 .
2167 1557 2267 1610 que
2318 1543 2558 1608 fallacia
2589 1545 2962 1598 consentiendo
3009 1545 3298 1600 subversus
3339 1552 3428 1613 sit,
3461 1550 3550 1617 qui
3577 1549 3704 1603 dicat
3729 1552 3801 1603 hoc

2165 1633 2360 1684 mereri
2410 1630 2538 1698 (hoc
2585 1636 2666 1685 est
2719 1633 3011 1704 consequi,
3058 1638 3122 1687 ut
3172 1634 3406 1704 passim)
3463 1652 3561 1690 non
3607 1641 3802 1706 potuisse

360 1722 415 1772 et
443 1715 901 1780 consuetudines,
943 1713 1060 1766 imo
1092 1711 1265 1766 etiam
1296 1711 1598 1782 opiniones
1647 1713 1862 1790 multae,
1893 1728 2046 1782 prae-
2087 1690 2126 1744 Β
2165 1719 2528 1787 apostolorum
2594 1720 2906 1785 Ecclesium,
2966 1725 3076 1774 tam
3135 1721 3324 1790 ﬁdam,
3380 1727 3487 1776 tam
3520 1740 3802 1778 numerosam

361 1804 558 1860 sertim
601 1802 972 1874 sequentibus
1026 1799 1310 1867 aetatibus,
1361 1816 1426 1854 ex
1477 1799 1546 1853 iis
1597 1788 1868 1871 redargui
1922 1817 2056 1870 pos-

363 1896 505 1947 sent.
540 1892 799 1947 Profecto
831 1889 878 1943 si
920 1888 1145 1943 conﬁcti
1176 1892 1383 1952 essent,
1417 1887 1495 1942 ita
1527 1893 1715 1942 essent
1743 1888 1936 1959 scripti
1996 1893 2057 1942 ut

359 1980 431 2035 ad
460 1980 905 2034 emolumentem
939 1991 1141 2030 eorum
1168 1975 1496 2047 famamque
1523 1976 1623 2047 qui
1653 1975 1722 2029 iis
1747 1981 2050 2031 uterentur

357 2072 710 2139 spectarent;
742 2083 856 2120 non
882 2081 975 2120 eos
1021 2069 1139 2118 tam
1172 2069 1388 2134 aperte,
1439 2064 1521 2118 uti
1548 2064 1784 2134 faciunt,
1825 2064 2056 2119 damna-

356 2162 506 2224 rent,
539 2162 596 2211 et
624 2161 686 2210 ut
716 2156 1026 2226 degeneres
1057 2152 1409 2208 Christianos
1440 2152 1807 2222 infamarent,
1855 2158 1912 2207 et
1951 2170 2054 2207 no-

355 2262 559 2300 vorum
588 2245 922 2315 dogmatum
953 2242 1022 2296 ad
1046 2240 1264 2295 rituum
1293 2240 1615 2295 conditores
1645 2240 1817 2295 fuisse
1843 2245 2054 2311 .osten-

359 2335 581 2389 derent.

427 2423 568 2478 Ibid.
605 2423 763 2478 Multi
814 2420 986 2474 multa
1037 2419 1102 2472 de
1153 2419 1346 2472 litteris
1395 2419 1768 2472 ecclesiasticis
1817 2420 2051 2472 conscri-

349 2516 596 2580 pserunt,
641 2525 748 2564 non
777 2508 993 2577 quidem
1045 2508 1366 2560 auctoritate
1420 2507 1698 2571 canonica,
1741 2507 1835 2560 sed
1866 2507 2052 2576 aliquo

356 2597 666 2668 adjuvandi
697 2597 897 2660 studio,
930 2597 1040 2649 sive
1082 2593 1345 2648 discendi.
1377 2593 1526 2646 Unde
1545 2597 1752 2646 constat
1791 2593 1926 2660 quid
1955 2609 2050 2647 cu-

345 2684 442 2756 jus
468 2689 559 2752 sit,
589 2686 701 2739 nisi
729 2685 860 2752 quia
888 2684 958 2735 iis
997 2679 1324 2749 temporibus
1356 2679 1549 2747 quibus
1583 2695 1645 2732 ea
1677 2682 1905 2749 quisque
1923 2682 2053 2734 scri-

351 2779 488 2845 psit,
521 2774 716 2844 quibus
759 2773 938 2842 potuit
968 2771 1271 2824 insinuavit
1305 2774 1467 2838 atque
1495 2768 1686 2835 edidit,
1721 2773 1771 2822 et
1819 2769 1944 2822 inde
1994 2772 2051 2822 in

354 2863 491 2918 alios
541 2869 704 2931 atque
732 2863 886 2927 alios,
919 2862 1233 2914 continuata
1260 2861 1476 2924 notitia,
1511 2859 1780 2926 latiusque
1823 2860 2052 2927 ﬁrmata

2163 1809 2406 1872 fratrum
2435 1808 2790 1875 concordiam,
2839 1813 2902 1862 ut
2931 1824 3112 1863 eorum
3140 1813 3351 1879 scripta
3377 1811 3596 1879 ﬁdeliter
3628 1814 3801 1881 trajice-

2163 1899 2283 1949 rent
2308 1914 2328 1959 ,ο
2354 1911 2471 1949 cum
2501 1911 2681 1949 eorum
2709 1896 2996 1950 cathedras
3038 1912 3206 1966 usque
3234 1898 3310 1952 ad
3343 1905 3618 1968 praesentes
3652 1903 3802 1969 episco

2158 1997 2257 2050 pos
2295 1985 2596 2037 certissima
2646 1985 2973 2038 successione
3027 1988 3402 2050 servaverint;
3451 2003 3563 2042 cum
3590 1988 3674 2042 hoc
3703 2004 3803 2056 qua-

2163 2070 2504 2138 liumcunque
2572 2071 2847 2125 hominum
2874 2073 3113 2141 scriptis,
3173 2074 3290 2129 sive
3341 2079 3496 2129 extra
3539 2076 3800 2138 Ecclesiam,

2162 2159 2272 2212 sive
2310 2161 2368 2211 in
2393 2159 2517 2227 ipsa
2547 2159 2809 2221 Ecclesia,
2843 2163 3000 2213 tanta
3022 2161 3297 2225 facilitate
3337 2162 3663 2232 proveniatf]
3708 2162 3804 2213 Htec

2162 2245 2339 2314 probe
2383 2250 2516 2299 sunt
2543 2246 2882 2316 pensitanda
2926 2247 2998 2300 iis
3048 2249 3148 2318 qui
3187 2248 3400 2318 scripta
3435 2248 3729 2320 apostolica,
3751 2247 3801 2299 ab

2161 2332 2419 2403 ipsorum
2465 2338 2630 2388 astate
2687 2334 2952 2389 omnibus
2981 2340 3120 2389 nota
3169 2337 3368 2405 fuisse,
3423 2352 3626 2406 perque
3663 2337 3804 2390 Eccle-

2161 2421 2272 2476 sias
2303 2439 2516 2493 sparsa,
2567 2439 2630 2476 ac
2679 2423 2905 2493 publice
2959 2424 3105 2478 lecta
3133 2431 3385 2495 negant;
3443 2426 3532 2479 sed
3560 2442 3589 2478 a
3617 2424 3802 2477 secundi

2161 2509 2614 2564 demum~saeculi
2648 2511 2979 2566 hominibus
3017 2512 3078 2566 in
3113 2513 3303 2567 lucem
3335 2518 3612 2583 protracta
3629 2513 3802 2565 volunt.

2164 2598 2398 2653 Videtur
2425 2599 2774 2670 Augustinus
2821 2601 2881 2654 in
2929 2600 3121 2655 animo
3167 2601 3434 2656 habuisse
3487 2602 3662 2656 locum
3699 2602 3804 2653 Ter-

2161 2687 2390 2742 tulliani
2410 2687 2479 2742 de
2501 2687 2935 2760 Praascriptione
2962 2695 3162 2744 contra
3217 2690 3532 2754 haereticos,
3573 2706 3681 2760 cap.
3720 2692 3806 2742 36:

2160 2775 2276 2841 Age
2293 2775 2433 2842 jam,
2467 2777 2565 2844 qui
2591 2776 2732 2830 voles
2776 2777 3144 2830 curiositatem
3171 2779 3366 2831 melius
3405 2792 3652 2841 exercere,
3673 2778 3721 2828 in
3743 2789 3810 2825 ne-

2158 2864 2302 2931 gotio
2351 2863 2547 2916 salutis
2577 2867 2703 2930 tuae,
2759 2879 3012 2932 percurre
3041 2865 3312 2918 Ecclesias
3338 2865 3666 2934 apostolicus,
3694 2861 3808 2930 apud

353 2955 428 3007 ad
451 2953 768 3022 posteriores
790 2950 1150 3018 etiamlusque
1178 2946 1253 3000 ad
1290 2951 1476 3001 nostra
1507 2951 1747 3015 tempora
1793 2963 2047 3016 pervene-
2089 2974 2126 3028 ρ
2159 2965 2297 3017 quas
2327 2951 2460 3018 ipsae
2494 2951 2673 3004 adhuc
2712 2951 2980 3006 cathedra
3027 2955 3397 3020 apostolorum
3421 2955 3530 3008 suis
3559 2955 3675 3006 locis
3694 2965 3809 3019 pra—

353 3046 503 3107 runt,
536 3043 614 3094 ita
643 3047 703 3093 ut
729 3039 1050 3103 interrogati
1069 3037 1221 3104 cujus
1243 3036 1470 3102 quisque
1491 3034 1622 3088 liber
1664 3037 1756 3100 sit,
1788 3050 1894 3089 non
1943 3036 2048 3089 hav-

352 3133 573 3184 sitemus
632 3126 766 3196 quid
808 3123 1126 3193 respondere
1173 3119 1506 3192 debeamus]
1543 3120 1914 3174 Verissimum
1941 3120 2050 3174 hoc

354 3223 438 3272 est
457 3217 524 3271 de
554 3215 714 3270 libris
738 3211 1169 3283 insignioribns,
1209 3216 1266 3264 et
1319 3210 1420 3280 qui
1481 3210 1540 3263 in
1570 3209 1831 3262 omnium
1870 3211 2050 3262 mani-

352 3309 458 3362 bus
484 3304 689 3360 versati
741 3303 985 3367 fuerant,
1037 3301 1106 3354 ab
1153 3300 1278 3369 ipsa
1325 3299 1664 3368 scriptorum
1695 3299 1904 3369 quibus
1949 3299 2047 3352 tri-

354 3397 611 3450 buuntur
641 3396 834 3446 astate.
877 3388 1108 3458 Alioqui
1147 3387 1272 3457 jam
1313 3387 1412 3440 illo
1445 3403 1564 3440 aevo
1611 3387 1793 3440 multa
1824 3388 2052 3440 fuerant

353 3481 669 3554 supposita,
708 3484 768 3534 ut
795 3479 854 3531 in
881 3476 1028 3533 Artis
1063 3475 1272 3529 critica:
1302 3480 1464 3545 parte
1513 3478 1828 3528 memorata
1859 3475 2050 3528 multis

353 3576 646 3625 ostensum
676 3573 778 3622 est.
813 3567 952 3620 Hinc
991 3580 1218 3635 quoque
1258 3562 1607 3633 Augustinus
1647 3561 1925 3632 potuisset
1961 3562 2050 3615 in-

252 3661 257 3670 ’
352 3659 608 3728 telligere
647 3661 702 3711 et
740 3655 1072 3725 sibyllarum
1105 3657 1163 3706 et
1203 3650 1484 3706 Hermetis
1513 3650 1866 3720 Trismegisti
1913 3667 2048 3720 sup-

355 3747 564 3819 positos
596 3745 767 3800 fuisse
810 3743 1006 3808 libros,
1065 3740 1164 3812 qui
1206 3743 1336 3793 ante
1367 3755 1545 3809 pauca
1575 3739 1782 3792 smcula
1820 3755 2051 3808 prorsus

351 3835 532 3905 ignoti
564 3836 806 3888 fuerant.
829 3831 935 3885 Sed
968 3846 1036 3884 ex
1065 3845 1131 3883 eo
1162 3828 1319 3899 quod
1368 3827 1534 3881 multi
1564 3832 1698 3881 sunt
1751 3827 1883 3881 libri
1914 3843 2048 3896 sup-

352 3924 545 3995 positi,
597 3938 716 3976 non
772 3918 1031 3989 sequitur
1082 3931 1282 3970 omnes
1328 3931 1489 3986 posse
1533 3915 1590 3969 in
1645 3915 2050 3986 suppositionis

352 4011 734 4082 suspicionem
766 4006 914 4060 trahi
944 4025 958 4072 ;
991 4008 1088 4071 aut
1118 4003 1249 4074 quia
1290 4008 1424 4057 sunt
1450 4003 1616 4057 multi
1669 4003 1809 4069 veri,
1852 4019 2050 4057 omnes

353 4116 519 4171 posse
550 4115 652 4170 pro
683 4095 954 4168 legitimis
983 4092 1194 4147 fetibus
1235 4108 1434 4146 eorum
1466 4092 1675 4163 quibus
1717 4092 2051 4146 tribuuntur

351 4188 572 4243 haberi.
599 4186 761 4252 Quod
792 4181 1367 4237 animadvertendum
1405 4181 1465 4234 in
1514 4198 1611 4235 eos
1642 4180 1741 4250 qui
1771 4197 1837 4234 ex
1868 4181 2049 4250 impe-

2159 3038 2355 3099 sident,
2390 3038 2541 3107 apud
2572 3054 2708 3107 quas
2727 3041 2858 3108 ipsa:
2886 3041 3211 3094 authenticae
3246 3042 3441 3095 littere
3486 3055 3652 3093 eorum
3698 3037 3807 3089 reci-

2160 3131 2365 3193 tantur,
2399 3134 2646 3181 sonantes
2668 3142 2844 3181 vocem
2871 3133 2921 3181 et
2949 3133 3397 3196 repraesentantes
3425 3130 3614 3194 faciem
3661 3127 3808 3179 unius-

2160 3215 2439 3283 cujusque.
2473 3217 2735 3268 Promima
2761 3216 2863 3268 tibi
2909 3221 2986 3270 est
3017 3217 3285 3270 Achaia?
3331 3217 3491 3270 habes
3523 3216 3806 3271 Corinthum.

2161 3304 2222 3357 Si
2247 3313 2354 3356 non
2395 3304 2548 3370 longe
2594 3319 2646 3357 es
2686 3319 2720 3356 a
2769 3305 3103 3372 Macedonia,
3138 3306 3308 3360 habes
3356 3307 3644 3374 Philippos,
3686 3301 3809 3354 habes

2165 3392 2673 3446 Thessalonicenses.
2715 3393 2777 3447 Si
2845 3397 2994 3461 potes
3047 3396 3102 3446 in
3152 3394 3352 3448 Asiam
3415 3393 3636 3454 tendere,
3685 3389 3808 3443 habes

2161 3481 2450 3548 Ephesum.
2503 3481 2564 3535 Si
2609 3484 2786 3534 autem
2815 3481 2991 3535 Italiae
3033 3481 3274 3550 adjaces,
3308 3485 3546 3548 Romam,
3595 3478 3718 3533 unde
3738 3491 3808 3528 no-

2161 3569 2242 3622 bis
2264 3583 2472 3637 quoque
2500 3571 2794 3622 auctoritas
2821 3574 3018 3638 prasto
3043 3574 3139 3624 est.

2230 3655 2412 3726 Igitur
2458 3672 2587 3710 cum
2644 3673 2678 3710 a
2713 3657 3070 3727 temporibus
3127 3657 3462 3728 apostolicis
3508 3656 3563 3710 in
3601 3650 3810 3708 Ecclesiis

2161 3759 2302 3814 quas
2353 3744 2728 3798 condiderant
2769 3745 3021 3800 recitata
3049 3745 3296 3800 fuissent
3326 3748 3638 3800 authenticac
3665 3753 3808 3795 eorum

2160 3833 2370 3897 litters,
2402 3848 2518 3885 non
2563 3832 2687 3886 sine
2735 3849 2960 3888 summa
3015 3834 3383 3905 impudentia
3443 3835 3511 3888 ab
3555 3826 3806 3887 haereticis,

2160 3919 2534 3990 sequentibus
2565 3920 2832 3974 mtatibus
2861 3921 3072 3974 exortis
3097 3922 3533 3991 rejiciebantur.

2688 4009 3352 4065 ANIMADVERSIONES

2657 4113 2710 4149 IN
2741 4113 2928 4150 LIBROS
2957 4113 3021 4150 DE
3047 4114 3360 4153 TRINITATE.
3561 4156 3564 4159 _

2235 4184 2398 4238 [διειιο
2431 4199 2467 4238 ι.
2502 4184 2634 4256 Cap.
2678 4188 2728 4252 l,
2779 4187 2806 4252 §
2859 4189 2904 4238 l.
2939 4189 3036 4240 Est
3079 4189 3208 4240 item
3247 4187 3408 4241 aliud
3464 4185 3713 4239 hominum
3743 4193 3810 4244 ge-

354 4277 484 4331 ritia
515 4275 744 4335 criticae,
781 4285 880 4325 aut
916 4270 1094 4324 nimio
1148 4269 1370 4334 affectu,
1403 4267 1462 4320 in
1512 4270 1783 4322 alterutro
1838 4269 2044 4322 horum
2077 4257 2120 4312 Ῐ)
2157 4287 2280 4338 nus,
2348 4288 2529 4326 eorum
2585 4275 2682 4341 qui
2735 4275 3042 4328 universam
3095 4275 3318 4343 quidem
3368 4280 3680 4335 creaturam,
3724 4281 3815 4335 qua

353 4372 735 4418 extremorum
767 4361 1092 4429 peccarunt.

424 4451 570 4504 Ibid.
618 4448 723 4505 Sed
771 4445 904 4515 quid
948 4459 1170 4512 pergam
1222 4445 1278 4496 in
1340 4443 1490 4507 longe
1542 4444 1869 4510 przeterita?
1919 4445 2051 4497 Ecce

355 4544 491 4596 istas
512 4541 723 4594 litteras
755 4551 890 4604 quas
913 4534 1166 4587 habemus
1197 4534 1254 4585 in
1273 4532 1544 4598 manibus,
1579 4534 1628 4585 si
1654 4536 1772 4599 post
1792 4533 2048 4600 aliquan-

356 4636 469 4684 tum
502 4633 707 4696 tempus
729 4625 852 4678 vitae
890 4623 1053 4690 hujus
1081 4625 1294 4687 nostrae,
1327 4621 1409 4673 vel
1431 4621 1556 4673 illas
1590 4621 1881 4689 quisquam
1907 4623 2050 4674 Fau-

351 4719 426 4772 sti
479 4731 607 4782 esse,
648 4714 731 4768 vel
777 4713 874 4764 has
910 4713 1064 4778 neget
1109 4723 1220 4762 esse
1275 4723 1440 4774 meas,
1483 4707 1626 4761 unde
1685 4710 2044 4774 convincitur,

349 4809 459 4861 nisi
487 4807 621 4878 quia
650 4803 734 4856 illi
761 4802 858 4869 qui
883 4814 1023 4852 nunc
1057 4799 1166 4852 ista
1190 4801 1470 4862 noverunt,
1519 4799 1769 4852 notitiam
1801 4812 1954 4851 suam
1976 4797 2050 4851 ad

351 4897 503 4962 longe
529 4895 694 4948 etiam
721 4890 1072 4958 postfuturos
1105 4887 1434 4940 continuatis
1463 4890 1799 4954 posterorum
1840 4901 2048 4940 succes-

351 4984 589 5038 sionibus
645 4980 933 5046 trajiciunt
959 4974 1012 5048 ‘?]
1061 4974 1219 5029 Talia
1261 4973 1523 5044 quotidie
1555 4974 1798 5043 experiri
1829 4973 1956 5028 licet
1989 4973 2050 5028 in

352 5072 420 5125 iis
443 5088 570 5142 qua:
592 5067 874 5138 majorum
905 5068 1234 5118 nostrorum
1266 5066 1430 5115 aetate
1468 5061 1676 5131 scripta
1704 5066 1836 5115 sunt
1863 5081 1878 5127 ;
1907 5078 2052 5132 quo-

353 5175 481 5211 rum
529 5155 817 5227 permulta
863 5154 940 5206 ita
995 5148 1240 5204 celebria
1269 5148 1518 5215 fuerunt,
1571 5153 1632 5202 ut
1681 5147 1740 5201 in
1791 5148 2051 5201 omnium

352 5245 618 5300 manibus
677 5243 745 5297 ab
785 5241 949 5295 initio
995 5239 1227 5303 fuerint,
1284 5237 1511 5307 sintque
1577 5241 1775 5306 postea
1831 5236 2042 5289 futura.

355 5332 610 5402 Exempli
664 5347 852 5396 causa,
911 5329 1190 5383 habemus
1248 5324 1440 5379 Desid.
1510 5325 1728 5379 Erasmi
1783 5339 1956 5394 opera
1996 5327 2052 5378 et

353 5419 589 5476 seorsim
621 5423 677 5472 et
717 5417 1065 5488 conjunctim
1093 5415 1216 5486 ejus
1249 5417 1412 5468 nitate
1441 5413 1611 5479 edita,
1661 5429 1788 5483 quae
1840 5412 1909 5466 ad
1948 5427 2051 5465 nos

354 5507 708 5574 transmissa,
737 5521 840 5560 nos
879 5518 1109 5575 quoque
1140 5503 1210 5558 ad
1267 5505 1525 5573 posteros
1569 5499 2045 5566 transmittemus,

2154 4362 2397 4430 profecto
2417 4361 2697 4415 mutabilis
2731 4366 2826 4428 est,
2863 4364 3113 4416 nituntur
3145 4363 3543 4427 transcendere,
3572 4365 3628 4413 ut
3655 4357 3718 4411 ad
3741 4357 3809 4406 in-

2141 4449 2582 4502 commutabilem
2621 4449 3004 4516 substantiam,
3039 4466 3157 4518 qua:
3189 4450 3340 4505 Deus
3371 4455 3468 4516 est,
3525 4448 3719 4515 erigant
3743 4443 3813 4492 in-

2158 4538 2461 4601 tentionem,
2503 4533 2638 4606 etc.]
2689 4535 3007 4589 Platonicos
3057 4535 3353 4605 intelligit.
3403 4540 3501 4588 aut
3547 4527 3811 4587 Platonico-

2160 4636 2286 4675 rum
2326 4619 2554 4675 lectioni
2582 4621 2837 4688 deditos;
2884 4620 2946 4676 hi
2984 4621 3157 4688 enim,
3191 4626 3409 4692 praeter
3453 4635 3642 4675 omnes
3684 4614 3810 4669 alios.

2158 4709 2563 4779 incorporeum
2612 4724 2902 4762 summum
2959 4710 3184 4763 Numen
3231 4725 3358 4762 esse
3420 4703 3809 4763 contendebant.

2160 4798 2399 4852 Eosdem
2462 4797 2694 4866 respicit
2747 4797 2900 4851 hisce
2944 4797 3149 4862 verbis,
3200 4798 3415 4868 quibus
3470 4789 3812 4867 peragi-aptius

2159 4884 2481 4939 clauditur:
2525 4885 2630 4951 Qui
2656 4890 2834 4939 autem
2877 4889 3039 4954 putat
3083 4886 3199 4954 ejus
3233 4901 3348 4939 esse
3390 4885 3632 4954 potentia
3657 4882 3808 4935 Deum.

2159 4977 2217 5026 ut
2245 4975 2480 5042 seipsum
2508 4975 2624 5042 ipse
2650 4975 2914 5039 genuerit,
2944 4989 3001 5028 eo
3027 4973 3151 5042 plus
3177 4979 3351 5038 errat,
3381 4972 3526 5042 quod
3553 4983 3649 5023 non
3675 4964 3810 5019 solum

2158 5064 2298 5116 Deus
2330 5063 2411 5115 ita
2429 5076 2536 5114 non
2563 5065 2658 5129 est,
2681 5061 2776 5115 sed
2799 5077 2892 5115 nec
2923 5062 3232 5130 spiritualis
3263 5077 3358 5115 nec
3389 5059 3669 5129 corporalis
3693 5064 3812 5106 crea-

2160 5154 2286 5203 tura
2310 5168 2329 5213 ;
2367 5150 2521 5204 nulla
2549 5151 2691 5203 enim
2745 5153 2959 5204 omnino
3013 5165 3104 5204 res
3135 5154 3212 5204 est
3254 5165 3376 5218 quae
3403 5151 3625 5216 seipsum
3659 5138 3812 5210 ρίρηαί

2158 5243 2220 5291 ut
2245 5241 2337 5292 sit.
2370 5237 2458 5292 Sic
2483 5237 2638 5291 enim
2671 5237 3052 5308 loquebantur
3081 5239 3251 5308 vulgo
3277 5235 3569 5294 Platonici.
3595 5232 3810 5285 utDeum

2160 5325 2248 5378 sui
2278 5325 2456 5396 ipsius
2477 5325 2796 5396 genitorem
2829 5325 3122 5393 dicerent;
3155 5326 3314 5396 quod
3347 5323 3554 5393 insigni
3593 5312 3810 5382 exemplo

2161 5413 2513 5468 ostendimus
2532 5413 2603 5468 ad
2626 5418 2768 5469 tom.
2817 5415 2903 5482 Vl,
2937 5414 3040 5469 lib.
3073 5415 3140 5469 de
3171 5413 3592 5478 Qumstionibus
3627 5417 3809 5465 Lxxxui,

2161 5504 2359 5571 quaest.
2399 5502 2481 5554 16.
