  <div class='ocr_page' id='page_1' title='image "/cluster/home/n/w/nwhite01/storage/ocr_20150623/47/hvd.32044096580683/266.png"; bbox 0 0 3920 6180; ppageno 0'>
   <div class='ocr_carea' id='block_1_1' title="bbox 85 284 2725 348">
    <p class='ocr_par' dir='ltr' id='par_1_1' title="bbox 85 284 2725 348">
     <span class='ocr_line' id='line_1_1' title="bbox 85 284 2725 348; baseline -0.001 0"><span class='ocrx_word' id='word_1_1' title='bbox 85 300 160 348; x_wconf 74' lang='grc'>521</span> <span class='ocrx_word' id='word_1_2' title='bbox 810 287 1171 344; x_wconf 78' lang='lat' dir='ltr'>VARIORUM</span> <span class='ocrx_word' id='word_1_3' title='bbox 1212 284 1808 346; x_wconf 80' lang='lat' dir='ltr'>EXERCITATIONES</span> <span class='ocrx_word' id='word_1_4' title='bbox 1847 293 1916 347; x_wconf 93' lang='lat' dir='ltr'>lN</span> <span class='ocrx_word' id='word_1_5' title='bbox 1955 294 2015 346; x_wconf 92' lang='lat' dir='ltr'>S.</span> <span class='ocrx_word' id='word_1_6' title='bbox 2067 291 2428 346; x_wconf 80' lang='lat' dir='ltr'>AUGUSTINI</span> <span class='ocrx_word' id='word_1_7' title='bbox 2475 291 2725 347; x_wconf 78' lang='lat' dir='ltr'>OPERA.</span> 
     </span>
    </p>
   </div>
   <div class='ocr_carea' id='block_1_2' title="bbox 3419 302 3521 354">
    <p class='ocr_par' dir='ltr' id='par_1_2' title="bbox 3419 302 3521 354">
     <span class='ocr_line' id='line_1_2' title="bbox 3419 302 3521 354; baseline -0.02 0"><span class='ocrx_word' id='word_1_8' title='bbox 3419 302 3521 354; x_wconf 77' lang='lat'>5‘22</span> 
     </span>
    </p>
   </div>
   <div class='ocr_carea' id='block_1_3' title="bbox 137 410 3517 490">
    <p class='ocr_par' dir='ltr' id='par_1_3' title="bbox 137 410 3517 490">
     <span class='ocr_line' id='line_1_3' title="bbox 137 410 3517 490; baseline 0.001 -22"><span class='ocrx_word' id='word_1_9' title='bbox 137 419 248 485; x_wconf 78' lang='lat' dir='ltr'>Cap.</span> <span class='ocrx_word' id='word_1_10' title='bbox 286 416 332 476; x_wconf 78' lang='grc'>4,</span> <span class='ocrx_word' id='word_1_11' title='bbox 377 416 402 478; x_wconf 80' lang='lat'>§</span> <span class='ocrx_word' id='word_1_12' title='bbox 445 416 494 464; x_wconf 80' lang='lat'>7.</span> <span class='ocrx_word' id='word_1_13' title='bbox 548 410 722 464; x_wconf 85' lang='lat' dir='ltr'>Docet</span> <span class='ocrx_word' id='word_1_14' title='bbox 785 411 1094 466; x_wconf 85' lang='lat' dir='ltr'>catholicos</span> <span class='ocrx_word' id='word_1_15' title='bbox 1141 413 1443 483; x_wconf 85' lang='lat' dir='ltr'>scriptores</span> <span class='ocrx_word' id='word_1_16' title='bbox 1508 415 1710 470; x_wconf 90' lang='lat' dir='ltr'>docere</span> <span class='ocrx_word' id='word_1_17' title='bbox 1742 416 1786 469; x_wconf 83' lang='lat' dir='ltr'>A</span> <span class='ocrx_word' id='word_1_18' title='bbox 1827 415 2057 486; x_wconf 81' lang='lat' dir='ltr'>collegit</span> <span class='ocrx_word' id='word_1_19' title='bbox 2088 415 2316 485; x_wconf 87' lang='lat' dir='ltr'>Dionys.</span> <span class='ocrx_word' id='word_1_20' title='bbox 2361 415 2622 469; x_wconf 82' lang='lat' dir='ltr'>Petavius</span> <span class='ocrx_word' id='word_1_21' title='bbox 2672 417 2933 485; x_wconf 84' lang='lat' dir='ltr'>Dogniat,</span> <span class='ocrx_word' id='word_1_22' title='bbox 2993 418 3246 490; x_wconf 89' lang='lat' dir='ltr'>theolog.</span> <span class='ocrx_word' id='word_1_23' title='bbox 3282 426 3421 475; x_wconf 92' lang='lat' dir='ltr'>tom.</span> <span class='ocrx_word' id='word_1_24' title='bbox 3456 423 3517 486; x_wconf 91' lang='lat' dir='ltr'>V,</span> 
     </span>
    </p>
   </div>
   <div class='ocr_carea' id='block_1_4' title="bbox 81 499 1709 578">
    <p class='ocr_par' dir='ltr' id='par_1_4' title="bbox 81 499 1709 578">
     <span class='ocr_line' id='line_1_4' title="bbox 81 499 1709 578; baseline -0.002 -18"><span class='ocrx_word' id='word_1_25' title='bbox 81 506 197 578; x_wconf 80' lang='lat' dir='ltr'>quod</span> <span class='ocrx_word' id='word_1_26' title='bbox 221 504 365 556; x_wconf 84' lang='lat' dir='ltr'>Pater</span> <span class='ocrx_word' id='word_1_27' title='bbox 405 506 452 553; x_wconf 90' lang='lat' dir='ltr'>et</span> <span class='ocrx_word' id='word_1_28' title='bbox 495 500 662 552; x_wconf 80' lang='lat' dir='ltr'>Filius</span> <span class='ocrx_word' id='word_1_29' title='bbox 706 506 755 553; x_wconf 88' lang='lat' dir='ltr'>et</span> <span class='ocrx_word' id='word_1_30' title='bbox 797 499 1045 568; x_wconf 81' lang='lat' dir='ltr'>Spiritus</span> <span class='ocrx_word' id='word_1_31' title='bbox 1085 507 1323 568; x_wconf 84' lang='lat' dir='ltr'>sanctus,</span> <span class='ocrx_word' id='word_1_32' title='bbox 1373 505 1533 558; x_wconf 88' lang='lat' dir='ltr'>unius</span> <span class='ocrx_word' id='word_1_33' title='bbox 1557 506 1709 573; x_wconf 89' lang='lat' dir='ltr'>ejus-</span> 
     </span>
    </p>
   </div>
   <div class='ocr_carea' id='block_1_5' title="bbox 81 588 1707 660">
    <p class='ocr_par' dir='ltr' id='par_1_5' title="bbox 81 588 1707 660">
     <span class='ocr_line' id='line_1_5' title="bbox 81 588 1707 660; baseline -0.001 -14"><span class='ocrx_word' id='word_1_34' title='bbox 81 595 260 660; x_wconf 77' lang='lat' dir='ltr'>demque</span> <span class='ocrx_word' id='word_1_35' title='bbox 283 588 580 642; x_wconf 73' lang='lat' dir='ltr'>substanlia&#39;</span> <span class='ocrx_word' id='word_1_36' title='bbox 617 588 976 656; x_wconf 86' lang='lat' dir='ltr'>inseparabili</span> <span class='ocrx_word' id='word_1_37' title='bbox 1003 591 1314 656; x_wconf 56' lang='lat' dir='ltr'>aqualitate</span> <span class='ocrx_word' id='word_1_38' title='bbox 1352 590 1597 645; x_wconf 77' lang='lat' dir='ltr'>divinam</span> <span class='ocrx_word' id='word_1_39' title='bbox 1622 594 1707 644; x_wconf 87' lang='lat' dir='ltr'>in-</span> 
     </span>
    </p>
   </div>
   <div class='ocr_carea' id='block_1_6' title="bbox 83 675 1708 744">
    <p class='ocr_par' dir='ltr' id='par_1_6' title="bbox 83 675 1708 744">
     <span class='ocr_line' id='line_1_6' title="bbox 83 675 1708 744; baseline 0 -11"><span class='ocrx_word' id='word_1_40' title='bbox 83 682 250 734; x_wconf 81' lang='lat' dir='ltr'>sinuent</span> <span class='ocrx_word' id='word_1_41' title='bbox 271 678 510 728; x_wconf 80' lang='lat' dir='ltr'>unitatem</span> <span class='ocrx_word' id='word_1_42' title='bbox 529 693 550 739; x_wconf 90' lang='lat'><em>;</em></span> <span class='ocrx_word' id='word_1_43' title='bbox 571 675 794 743; x_wconf 85' lang='lat' dir='ltr'>ideoque</span> <span class='ocrx_word' id='word_1_44' title='bbox 824 692 929 730; x_wconf 86' lang='lat' dir='ltr'>non</span> <span class='ocrx_word' id='word_1_45' title='bbox 966 678 1078 730; x_wconf 87' lang='lat' dir='ltr'>sint</span> <span class='ocrx_word' id='word_1_46' title='bbox 1115 681 1223 731; x_wconf 87' lang='lat' dir='ltr'>tres</span> <span class='ocrx_word' id='word_1_47' title='bbox 1260 678 1376 744; x_wconf 85' lang='lat' dir='ltr'>Dii,</span> <span class='ocrx_word' id='word_1_48' title='bbox 1428 679 1523 732; x_wconf 87' lang='lat' dir='ltr'>sed</span> <span class='ocrx_word' id='word_1_49' title='bbox 1569 695 1708 734; x_wconf 88' lang='lat' dir='ltr'>unus</span> 
     </span>
    </p>
   </div>
   <div class='ocr_carea' id='block_1_7' title="bbox 80 760 1720 834">
    <p class='ocr_par' dir='ltr' id='par_1_7' title="bbox 80 760 1720 834">
     <span class='ocr_line' id='line_1_7' title="bbox 80 760 1720 834; baseline 0.004 -22"><span class='ocrx_word' id='word_1_50' title='bbox 80 771 205 831; x_wconf 43' lang='lat' dir='ltr'>Deus,</span> <span class='ocrx_word' id='word_1_51' title='bbox 239 760 355 833; x_wconf 88' lang='lat' dir='ltr'>etc.]</span> <span class='ocrx_word' id='word_1_52' title='bbox 399 763 520 815; x_wconf 69' lang='lat' dir='ltr'>Haec</span> <span class='ocrx_word' id='word_1_53' title='bbox 595 767 650 814; x_wconf 87' lang='lat' dir='ltr'>et</span> <span class='ocrx_word' id='word_1_54' title='bbox 696 760 906 814; x_wconf 84' lang='lat' dir='ltr'>similia</span> <span class='ocrx_word' id='word_1_55' title='bbox 969 768 1034 815; x_wconf 90' lang='lat' dir='ltr'>ut</span> <span class='ocrx_word' id='word_1_56' title='bbox 1088 768 1240 816; x_wconf 91' lang='lat' dir='ltr'>recte</span> <span class='ocrx_word' id='word_1_57' title='bbox 1290 764 1720 834; x_wconf 70' lang='lat' dir='ltr'>intelligantur!</span> 
     </span>
    </p>
   </div>
   <div class='ocr_carea' id='block_1_8' title="bbox 76 849 1711 924">
    <p class='ocr_par' dir='ltr' id='par_1_8' title="bbox 76 849 1711 924">
     <span class='ocr_line' id='line_1_8' title="bbox 76 849 1711 924; baseline 0 -17"><span class='ocrx_word' id='word_1_58' title='bbox 76 855 216 924; x_wconf 83' lang='lat' dir='ltr'>probe</span> <span class='ocrx_word' id='word_1_59' title='bbox 257 849 612 920; x_wconf 80' lang='lat' dir='ltr'>expendenda</span> <span class='ocrx_word' id='word_1_60' title='bbox 659 855 741 904; x_wconf 90' lang='lat' dir='ltr'>est</span> <span class='ocrx_word' id='word_1_61' title='bbox 789 867 894 903; x_wconf 82' lang='lat' dir='ltr'>vox</span> <span class='ocrx_word' id='word_1_62' title='bbox 921 852 1251 918; x_wconf 60' lang='lat' dir='ltr'>mqualitas;</span> <span class='ocrx_word' id='word_1_63' title='bbox 1291 868 1356 905; x_wconf 86' lang='lat' dir='ltr'>ex</span> <span class='ocrx_word' id='word_1_64' title='bbox 1383 869 1494 923; x_wconf 87' lang='lat' dir='ltr'>qua</span> <span class='ocrx_word' id='word_1_65' title='bbox 1530 853 1711 924; x_wconf 85' lang='lat' dir='ltr'>liquet</span> 
     </span>
    </p>
   </div>
   <div class='ocr_carea' id='block_1_9' title="bbox 74 939 1707 1009">
    <p class='ocr_par' dir='ltr' id='par_1_9' title="bbox 74 939 1707 1009">
     <span class='ocr_line' id='line_1_9' title="bbox 74 939 1707 1009; baseline 0 -14"><span class='ocrx_word' id='word_1_66' title='bbox 74 949 263 1005; x_wconf 84' lang='lat' dir='ltr'>veteres,</span> <span class='ocrx_word' id='word_1_67' title='bbox 313 939 559 1009; x_wconf 82' lang='lat' dir='ltr'>quamvis</span> <span class='ocrx_word' id='word_1_68' title='bbox 605 955 770 993; x_wconf 87' lang='lat' dir='ltr'>unam</span> <span class='ocrx_word' id='word_1_69' title='bbox 818 939 1160 1009; x_wconf 82' lang='lat' dir='ltr'>eamdemque</span> <span class='ocrx_word' id='word_1_70' title='bbox 1207 941 1570 996; x_wconf 80' lang='lat' dir='ltr'>substantiam</span> <span class='ocrx_word' id='word_1_71' title='bbox 1621 942 1707 995; x_wconf 92' lang='lat' dir='ltr'>di-</span> 
     </span>
    </p>
   </div>
   <div class='ocr_carea' id='block_1_10' title="bbox 72 1027 1708 1096">
    <p class='ocr_par' dir='ltr' id='par_1_10' title="bbox 72 1027 1708 1096">
     <span class='ocr_line' id='line_1_10' title="bbox 72 1027 1708 1096; baseline 0.001 -14"><span class='ocrx_word' id='word_1_72' title='bbox 72 1035 188 1094; x_wconf 88' lang='lat' dir='ltr'>cant,</span> <span class='ocrx_word' id='word_1_73' title='bbox 230 1027 532 1096; x_wconf 88' lang='lat' dir='ltr'>intelligere</span> <span class='ocrx_word' id='word_1_74' title='bbox 575 1042 712 1094; x_wconf 91' lang='lat' dir='ltr'>non,</span> <span class='ocrx_word' id='word_1_75' title='bbox 744 1031 807 1080; x_wconf 89' lang='lat' dir='ltr'>ut</span> <span class='ocrx_word' id='word_1_76' title='bbox 837 1045 934 1081; x_wconf 86' lang='lat' dir='ltr'>nos</span> <span class='ocrx_word' id='word_1_77' title='bbox 983 1028 1176 1094; x_wconf 90' lang='lat' dir='ltr'>hodie,</span> <span class='ocrx_word' id='word_1_78' title='bbox 1234 1045 1400 1084; x_wconf 89' lang='lat' dir='ltr'>unam</span> <span class='ocrx_word' id='word_1_79' title='bbox 1464 1046 1708 1084; x_wconf 86' lang='lat' dir='ltr'>numero</span> 
     </span>
    </p>
   </div>
   <div class='ocr_carea' id='block_1_11' title="bbox 70 1115 1708 1185">
    <p class='ocr_par' dir='ltr' id='par_1_11' title="bbox 70 1115 1708 1185">
     <span class='ocr_line' id='line_1_11' title="bbox 70 1115 1708 1185; baseline 0 -13"><span class='ocrx_word' id='word_1_80' title='bbox 70 1117 394 1183; x_wconf 79' lang='lat' dir='ltr'>substantiam,</span> <span class='ocrx_word' id='word_1_81' title='bbox 445 1131 574 1184; x_wconf 72' lang='lat' dir='ltr'>qute</span> <span class='ocrx_word' id='word_1_82' title='bbox 614 1115 722 1168; x_wconf 82' lang='lat' dir='ltr'>sibi</span> <span class='ocrx_word' id='word_1_83' title='bbox 765 1117 998 1185; x_wconf 71' lang='lat' dir='ltr'>mqualis</span> <span class='ocrx_word' id='word_1_84' title='bbox 1046 1116 1157 1170; x_wconf 89' lang='lat' dir='ltr'>dici</span> <span class='ocrx_word' id='word_1_85' title='bbox 1204 1132 1318 1172; x_wconf 92' lang='lat' dir='ltr'>non</span> <span class='ocrx_word' id='word_1_86' title='bbox 1367 1118 1548 1184; x_wconf 89' lang='lat' dir='ltr'>solet;</span> <span class='ocrx_word' id='word_1_87' title='bbox 1610 1119 1708 1172; x_wconf 81' lang='lat' dir='ltr'>sed</span> 
     </span>
    </p>
   </div>
   <div class='ocr_carea' id='block_1_12' title="bbox 71 1203 1709 1274">
    <p class='ocr_par' dir='ltr' id='par_1_12' title="bbox 71 1203 1709 1274">
     <span class='ocr_line' id='line_1_12' title="bbox 71 1203 1709 1274; baseline 0.001 -15"><span class='ocrx_word' id='word_1_88' title='bbox 71 1221 207 1259; x_wconf 86' lang='lat' dir='ltr'>unam</span> <span class='ocrx_word' id='word_1_89' title='bbox 232 1204 426 1274; x_wconf 88' lang='lat' dir='ltr'>specie,</span> <span class='ocrx_word' id='word_1_90' title='bbox 459 1203 622 1273; x_wconf 84' lang='lat' dir='ltr'>cujus</span> <span class='ocrx_word' id='word_1_91' title='bbox 653 1203 760 1257; x_wconf 84' lang='lat' dir='ltr'>tria</span> <span class='ocrx_word' id='word_1_92' title='bbox 791 1204 1087 1258; x_wconf 87' lang='lat' dir='ltr'>individua</span> <span class='ocrx_word' id='word_1_93' title='bbox 1117 1210 1266 1259; x_wconf 89' lang='lat' dir='ltr'>recte</span> <span class='ocrx_word' id='word_1_94' title='bbox 1299 1205 1569 1260; x_wconf 90' lang='lat' dir='ltr'>dicuntur</span> <span class='ocrx_word' id='word_1_95' title='bbox 1601 1206 1709 1260; x_wconf 87' lang='lat' dir='ltr'>sibi</span> 
     </span>
    </p>
   </div>
   <div class='ocr_carea' id='block_1_13' title="bbox 68 1291 1706 1364">
    <p class='ocr_par' dir='ltr' id='par_1_13' title="bbox 68 1291 1706 1364">
     <span class='ocr_line' id='line_1_13' title="bbox 68 1291 1706 1364; baseline 0.002 -18"><span class='ocrx_word' id='word_1_96' title='bbox 68 1294 267 1348; x_wconf 85' lang='lat' dir='ltr'>invicem</span> <span class='ocrx_word' id='word_1_97' title='bbox 309 1291 566 1360; x_wconf 60' lang='lat' dir='ltr'>aequalia.</span> <span class='ocrx_word' id='word_1_98' title='bbox 631 1292 767 1346; x_wconf 86' lang='lat' dir='ltr'>Vide</span> <span class='ocrx_word' id='word_1_99' title='bbox 840 1292 1072 1363; x_wconf 88' lang='lat' dir='ltr'>Dionys.</span> <span class='ocrx_word' id='word_1_100' title='bbox 1148 1293 1361 1347; x_wconf 76' lang='lat' dir='ltr'>Petavii</span> <span class='ocrx_word' id='word_1_101' title='bbox 1443 1296 1706 1364; x_wconf 85' lang='lat' dir='ltr'>Dogmat.</span> 
     </span>
    </p>
   </div>
   <div class='ocr_carea' id='block_1_14' title="bbox 69 1379 1711 1452">
    <p class='ocr_par' dir='ltr' id='par_1_14' title="bbox 69 1379 1711 1452">
     <span class='ocr_line' id='line_1_14' title="bbox 69 1379 1711 1452; baseline 0.001 -18"><span class='ocrx_word' id='word_1_102' title='bbox 69 1382 274 1450; x_wconf 82' lang='lat' dir='ltr'>theolog.</span> <span class='ocrx_word' id='word_1_103' title='bbox 305 1385 438 1434; x_wconf 90' lang='lat' dir='ltr'>tom.</span> <span class='ocrx_word' id='word_1_104' title='bbox 494 1381 580 1446; x_wconf 88' lang='lat' dir='ltr'>Il;</span> <span class='ocrx_word' id='word_1_105' title='bbox 616 1380 685 1433; x_wconf 89' lang='lat' dir='ltr'>de</span> <span class='ocrx_word' id='word_1_106' title='bbox 741 1379 939 1434; x_wconf 87' lang='lat' dir='ltr'>Trinit.</span> <span class='ocrx_word' id='word_1_107' title='bbox 969 1380 1068 1434; x_wconf 87' lang='lat' dir='ltr'>lib.</span> <span class='ocrx_word' id='word_1_108' title='bbox 1093 1397 1146 1433; x_wconf 89' lang='lat' dir='ltr'>1v</span> <span class='ocrx_word' id='word_1_109' title='bbox 1176 1387 1339 1452; x_wconf 85' lang='lat' dir='ltr'>eapp.</span> <span class='ocrx_word' id='word_1_110' title='bbox 1385 1385 1416 1435; x_wconf 92' lang='lat'>9</span> <span class='ocrx_word' id='word_1_111' title='bbox 1448 1386 1504 1436; x_wconf 90' lang='lat' dir='ltr'>et</span> <span class='ocrx_word' id='word_1_112' title='bbox 1536 1386 1620 1444; x_wconf 89' lang='lat' dir='ltr'>ll,</span> <span class='ocrx_word' id='word_1_113' title='bbox 1654 1387 1711 1436; x_wconf 91' lang='lat' dir='ltr'>et</span> 
     </span>
    </p>
   </div>
   <div class='ocr_carea' id='block_1_15' title="bbox 69 1466 1712 1538">
    <p class='ocr_par' dir='ltr' id='par_1_15' title="bbox 69 1466 1712 1538">
     <span class='ocr_line' id='line_1_15' title="bbox 69 1466 1712 1538; baseline 0.001 -16"><span class='ocrx_word' id='word_1_114' title='bbox 69 1474 194 1522; x_wconf 84' lang='lat' dir='ltr'>notas</span> <span class='ocrx_word' id='word_1_115' title='bbox 233 1467 289 1521; x_wconf 91' lang='lat' dir='ltr'>in</span> <span class='ocrx_word' id='word_1_116' title='bbox 333 1466 582 1522; x_wconf 80' lang='lat' dir='ltr'>editione</span> <span class='ocrx_word' id='word_1_117' title='bbox 628 1468 1147 1522; x_wconf 85' lang='lat' dir='ltr'>Amstelodamensi</span> <span class='ocrx_word' id='word_1_118' title='bbox 1208 1469 1474 1538; x_wconf 81' lang='lat' dir='ltr'>adjectas.</span> <span class='ocrx_word' id='word_1_119' title='bbox 1537 1471 1712 1524; x_wconf 84' lang='lat' dir='ltr'>Multa</span> 
     </span>
    </p>
   </div>
   <div class='ocr_carea' id='block_1_16' title="bbox 67 1555 1710 1612">
    <p class='ocr_par' dir='ltr' id='par_1_16' title="bbox 67 1555 1710 1612">
     <span class='ocr_line' id='line_1_16' title="bbox 67 1555 1710 1612; baseline 0.003 -5"><span class='ocrx_word' id='word_1_120' title='bbox 67 1555 198 1608; x_wconf 82' lang='lat' dir='ltr'>hodie</span> <span class='ocrx_word' id='word_1_121' title='bbox 233 1572 263 1608; x_wconf 91' lang='lat' dir='ltr'>a</span> <span class='ocrx_word' id='word_1_122' title='bbox 311 1555 474 1608; x_wconf 92' lang='lat' dir='ltr'>nobis</span> <span class='ocrx_word' id='word_1_123' title='bbox 523 1555 628 1609; x_wconf 88' lang='lat' dir='ltr'>hac</span> <span class='ocrx_word' id='word_1_124' title='bbox 660 1555 730 1609; x_wconf 89' lang='lat' dir='ltr'>de</span> <span class='ocrx_word' id='word_1_125' title='bbox 750 1571 812 1609; x_wconf 89' lang='lat' dir='ltr'>re</span> <span class='ocrx_word' id='word_1_126' title='bbox 843 1555 1111 1609; x_wconf 90' lang='lat' dir='ltr'>dicuntur</span> <span class='ocrx_word' id='word_1_127' title='bbox 1149 1556 1528 1612; x_wconf 90' lang='lat' dir='ltr'>incommodis</span> <span class='ocrx_word' id='word_1_128' title='bbox 1548 1559 1710 1612; x_wconf 90' lang='lat' dir='ltr'>locu-</span> 
     </span>
    </p>
   </div>
   <div class='ocr_carea' id='block_1_17' title="bbox 63 1644 1708 1716">
    <p class='ocr_par' dir='ltr' id='par_1_17' title="bbox 63 1644 1708 1716">
     <span class='ocr_line' id='line_1_17' title="bbox 63 1644 1708 1716; baseline 0.003 -20"><span class='ocrx_word' id='word_1_129' title='bbox 63 1644 286 1710; x_wconf 79' lang='lat' dir='ltr'>tionibus,</span> <span class='ocrx_word' id='word_1_130' title='bbox 318 1644 500 1714; x_wconf 88' lang='lat' dir='ltr'>iisque</span> <span class='ocrx_word' id='word_1_131' title='bbox 526 1660 560 1697; x_wconf 86' lang='lat' dir='ltr'>a</span> <span class='ocrx_word' id='word_1_132' title='bbox 603 1644 890 1698; x_wconf 82' lang='lat' dir='ltr'>veteribus</span> <span class='ocrx_word' id='word_1_133' title='bbox 937 1645 1284 1716; x_wconf 88' lang='lat' dir='ltr'>desumptis;</span> <span class='ocrx_word' id='word_1_134' title='bbox 1337 1646 1472 1716; x_wconf 89' lang='lat' dir='ltr'>quia</span> <span class='ocrx_word' id='word_1_135' title='bbox 1509 1647 1580 1701; x_wconf 90' lang='lat' dir='ltr'>ab</span> <span class='ocrx_word' id='word_1_136' title='bbox 1611 1647 1708 1700; x_wconf 85' lang='lat' dir='ltr'>ali-</span> 
     </span>
    </p>
   </div>
   <div class='ocr_carea' id='block_1_18' title="bbox 64 1731 1711 1804">
    <p class='ocr_par' dir='ltr' id='par_1_18' title="bbox 64 1731 1711 1804">
     <span class='ocr_line' id='line_1_18' title="bbox 64 1731 1711 1804; baseline 0.002 -20"><span class='ocrx_word' id='word_1_137' title='bbox 64 1737 126 1784; x_wconf 87' lang='lat' dir='ltr'>ter</span> <span class='ocrx_word' id='word_1_138' title='bbox 159 1731 529 1795; x_wconf 88' lang='lat' dir='ltr'>sentientibus,</span> <span class='ocrx_word' id='word_1_139' title='bbox 561 1748 691 1785; x_wconf 89' lang='lat' dir='ltr'>cum</span> <span class='ocrx_word' id='word_1_140' title='bbox 749 1731 956 1802; x_wconf 88' lang='lat' dir='ltr'>quibus</span> <span class='ocrx_word' id='word_1_141' title='bbox 1005 1749 1106 1787; x_wconf 88' lang='lat' dir='ltr'>nos</span> <span class='ocrx_word' id='word_1_142' title='bbox 1147 1733 1356 1788; x_wconf 88' lang='lat' dir='ltr'>sentire</span> <span class='ocrx_word' id='word_1_143' title='bbox 1405 1750 1711 1804; x_wconf 83' lang='lat' dir='ltr'>perperam</span> 
     </span>
    </p>
   </div>
   <div class='ocr_carea' id='block_1_19' title="bbox 65 1818 1712 1891">
    <p class='ocr_par' dir='ltr' id='par_1_19' title="bbox 65 1818 1712 1891">
     <span class='ocr_line' id='line_1_19' title="bbox 65 1818 1712 1891; baseline 0.002 -20"><span class='ocrx_word' id='word_1_144' title='bbox 65 1824 301 1887; x_wconf 78' lang='lat' dir='ltr'>putamus,</span> <span class='ocrx_word' id='word_1_145' title='bbox 330 1818 578 1872; x_wconf 66' lang='lat' dir='ltr'>inventae</span> <span class='ocrx_word' id='word_1_146' title='bbox 609 1819 856 1885; x_wconf 82' lang='lat' dir='ltr'>fuerant,</span> <span class='ocrx_word' id='word_1_147' title='bbox 908 1825 962 1874; x_wconf 89' lang='lat' dir='ltr'>et</span> <span class='ocrx_word' id='word_1_148' title='bbox 1011 1836 1142 1874; x_wconf 90' lang='lat' dir='ltr'>cum</span> <span class='ocrx_word' id='word_1_149' title='bbox 1190 1825 1274 1874; x_wconf 87' lang='lat' dir='ltr'>sat</span> <span class='ocrx_word' id='word_1_150' title='bbox 1321 1825 1466 1891; x_wconf 70' lang='lat' dir='ltr'>aptae</span> <span class='ocrx_word' id='word_1_151' title='bbox 1510 1837 1712 1876; x_wconf 90' lang='lat' dir='ltr'>eorum</span> 
     </span>
    </p>
   </div>
   <div class='ocr_carea' id='block_1_20' title="bbox 64 1907 1711 1980">
    <p class='ocr_par' dir='ltr' id='par_1_20' title="bbox 64 1907 1711 1980">
     <span class='ocr_line' id='line_1_20' title="bbox 64 1907 1711 1980; baseline 0.002 -21"><span class='ocrx_word' id='word_1_152' title='bbox 64 1908 308 1961; x_wconf 76' lang='lat' dir='ltr'>sententite</span> <span class='ocrx_word' id='word_1_153' title='bbox 359 1907 752 1976; x_wconf 65' lang='lat' dir='ltr'>exprimendae</span> <span class='ocrx_word' id='word_1_154' title='bbox 796 1912 1005 1976; x_wconf 89' lang='lat' dir='ltr'>essent,</span> <span class='ocrx_word' id='word_1_155' title='bbox 1063 1912 1316 1962; x_wconf 89' lang='lat' dir='ltr'>nostram</span> <span class='ocrx_word' id='word_1_156' title='bbox 1359 1911 1482 1979; x_wconf 87' lang='lat' dir='ltr'>jam</span> <span class='ocrx_word' id='word_1_157' title='bbox 1513 1909 1711 1980; x_wconf 83' lang='lat' dir='ltr'>expri-</span> 
     </span>
    </p>
   </div>
   <div class='ocr_carea' id='block_1_21' title="bbox 64 1996 1714 2066">
    <p class='ocr_par' dir='ltr' id='par_1_21' title="bbox 64 1996 1714 2066">
     <span class='ocr_line' id='line_1_21' title="bbox 64 1996 1714 2066; baseline 0.003 -19"><span class='ocrx_word' id='word_1_158' title='bbox 64 2011 183 2048; x_wconf 85' lang='lat' dir='ltr'>mere</span> <span class='ocrx_word' id='word_1_159' title='bbox 229 1996 518 2050; x_wconf 89' lang='lat' dir='ltr'>commode</span> <span class='ocrx_word' id='word_1_160' title='bbox 564 2000 880 2066; x_wconf 80' lang='lat' dir='ltr'>nequeunt.</span> <span class='ocrx_word' id='word_1_161' title='bbox 931 1996 1050 2051; x_wconf 88' lang='lat' dir='ltr'>Nisi</span> <span class='ocrx_word' id='word_1_162' title='bbox 1089 1997 1323 2066; x_wconf 83' lang='lat' dir='ltr'>hujusce</span> <span class='ocrx_word' id='word_1_163' title='bbox 1365 1997 1450 2051; x_wconf 90' lang='lat' dir='ltr'>rei</span> <span class='ocrx_word' id='word_1_164' title='bbox 1490 2012 1714 2052; x_wconf 88' lang='lat' dir='ltr'>memor</span> 
     </span>
    </p>
   </div>
   <div class='ocr_carea' id='block_1_22' title="bbox 64 2083 1711 2156">
    <p class='ocr_par' dir='ltr' id='par_1_22' title="bbox 64 2083 1711 2156">
     <span class='ocr_line' id='line_1_22' title="bbox 64 2083 1711 2156; baseline 0.003 -21"><span class='ocrx_word' id='word_1_165' title='bbox 64 2083 116 2136; x_wconf 92' lang='lat' dir='ltr'>sit</span> <span class='ocrx_word' id='word_1_166' title='bbox 138 2083 322 2138; x_wconf 89' lang='lat' dir='ltr'>horum</span> <span class='ocrx_word' id='word_1_167' title='bbox 349 2084 634 2138; x_wconf 88' lang='lat' dir='ltr'>librorum</span> <span class='ocrx_word' id='word_1_168' title='bbox 681 2086 876 2152; x_wconf 85' lang='lat' dir='ltr'>lector,</span> <span class='ocrx_word' id='word_1_169' title='bbox 907 2085 968 2138; x_wconf 91' lang='lat' dir='ltr'>in</span> <span class='ocrx_word' id='word_1_170' title='bbox 997 2084 1066 2138; x_wconf 89' lang='lat' dir='ltr'>iis</span> <span class='ocrx_word' id='word_1_171' title='bbox 1097 2085 1306 2156; x_wconf 89' lang='lat' dir='ltr'>passim</span> <span class='ocrx_word' id='word_1_172' title='bbox 1336 2086 1600 2140; x_wconf 85' lang='lat' dir='ltr'>tenebras</span> <span class='ocrx_word' id='word_1_173' title='bbox 1629 2085 1711 2140; x_wconf 86' lang='lat' dir='ltr'>of-</span> 
     </span>
    </p>
   </div>
   <div class='ocr_carea' id='block_1_23' title="bbox 61 2171 1015 2244">
    <p class='ocr_par' dir='ltr' id='par_1_23' title="bbox 61 2171 1015 2244">
     <span class='ocr_line' id='line_1_23' title="bbox 61 2171 1015 2244; baseline 0.004 -20"><span class='ocrx_word' id='word_1_174' title='bbox 61 2171 394 2244; x_wconf 79' lang='lat' dir='ltr'>fendetatque</span> <span class='ocrx_word' id='word_1_175' title='bbox 421 2172 670 2227; x_wconf 86' lang='lat' dir='ltr'>subinde</span> <span class='ocrx_word' id='word_1_176' title='bbox 699 2173 1015 2244; x_wconf 88' lang='lat' dir='ltr'>cespitabit.</span> 
     </span>
    </p>
   </div>
   <div class='ocr_carea' id='block_1_24' title="bbox 114 2259 1710 2330">
    <p class='ocr_par' dir='ltr' id='par_1_24' title="bbox 114 2259 1710 2330">
     <span class='ocr_line' id='line_1_24' title="bbox 114 2259 1710 2330; baseline -0.001 -17"><span class='ocrx_word' id='word_1_177' title='bbox 114 2259 224 2330; x_wconf 85' lang='lat' dir='ltr'>Cap.</span> <span class='ocrx_word' id='word_1_178' title='bbox 254 2263 302 2326; x_wconf 88' lang='lat'>6,</span> <span class='ocrx_word' id='word_1_179' title='bbox 334 2261 361 2330; x_wconf 83' lang='lat'>§</span> <span class='ocrx_word' id='word_1_180' title='bbox 394 2263 478 2314; x_wconf 84' lang='lat' dir='ltr'>t3.</span> <span class='ocrx_word' id='word_1_181' title='bbox 531 2261 651 2316; x_wconf 84' lang='lat' dir='ltr'>Non</span> <span class='ocrx_word' id='word_1_182' title='bbox 690 2264 768 2313; x_wconf 88' lang='lat' dir='ltr'>est</span> <span class='ocrx_word' id='word_1_183' title='bbox 793 2263 978 2328; x_wconf 83' lang='lat' dir='ltr'>utique</span> <span class='ocrx_word' id='word_1_184' title='bbox 1025 2265 1274 2314; x_wconf 81' lang='lat' dir='ltr'>creatura</span> <span class='ocrx_word' id='word_1_185' title='bbox 1305 2261 1545 2329; x_wconf 78' lang='lat' dir='ltr'>Spiritus</span> <span class='ocrx_word' id='word_1_186' title='bbox 1583 2274 1710 2313; x_wconf 88' lang='lat' dir='ltr'>san-</span> 
     </span>
    </p>
   </div>
   <div class='ocr_carea' id='block_1_25' title="bbox 60 2343 1713 2415">
    <p class='ocr_par' dir='ltr' id='par_1_25' title="bbox 60 2343 1713 2415">
     <span class='ocr_line' id='line_1_25' title="bbox 60 2343 1713 2415; baseline 0 -16"><span class='ocrx_word' id='word_1_187' title='bbox 60 2353 166 2412; x_wconf 85' lang='lat' dir='ltr'>ctus,</span> <span class='ocrx_word' id='word_1_188' title='bbox 194 2351 272 2403; x_wconf 89' lang='lat' dir='ltr'>cui</span> <span class='ocrx_word' id='word_1_189' title='bbox 299 2350 364 2402; x_wconf 89' lang='lat' dir='ltr'>ab</span> <span class='ocrx_word' id='word_1_190' title='bbox 399 2348 651 2403; x_wconf 84' lang='lat' dir='ltr'>omnibus</span> <span class='ocrx_word' id='word_1_191' title='bbox 686 2350 887 2402; x_wconf 79' lang='lat' dir='ltr'>sanctis</span> <span class='ocrx_word' id='word_1_192' title='bbox 918 2348 1046 2400; x_wconf 88' lang='lat' dir='ltr'>talis</span> <span class='ocrx_word' id='word_1_193' title='bbox 1078 2349 1308 2400; x_wconf 89' lang='lat' dir='ltr'>servitus</span> <span class='ocrx_word' id='word_1_194' title='bbox 1340 2353 1475 2415; x_wconf 90' lang='lat' dir='ltr'>(non</span> <span class='ocrx_word' id='word_1_195' title='bbox 1517 2343 1713 2392; x_wconf 79' lang='grc' dir='ltr'>δουλεία</span> 
     </span>
    </p>
   </div>
   <div class='ocr_carea' id='block_1_26' title="bbox 60 2433 1712 2505">
    <p class='ocr_par' dir='ltr' id='par_1_26' title="bbox 60 2433 1712 2505">
     <span class='ocr_line' id='line_1_26' title="bbox 60 2433 1712 2505; baseline 0.001 -18"><span class='ocrx_word' id='word_1_196' title='bbox 60 2436 133 2488; x_wconf 84' lang='lat' dir='ltr'>sed</span> <span class='ocrx_word' id='word_1_197' title='bbox 179 2436 362 2500; x_wconf 68' lang='grc' dir='ltr'><strong>λατρεία</strong></span> <span class='ocrx_word' id='word_1_198' title='bbox 420 2437 731 2505; x_wconf 67' lang='lat' dir='ltr'>exhibetur,</span> <span class='ocrx_word' id='word_1_199' title='bbox 791 2436 998 2490; x_wconf 83' lang='lat' dir='ltr'>dicente</span> <span class='ocrx_word' id='word_1_200' title='bbox 1047 2436 1341 2503; x_wconf 85' lang='lat' dir='ltr'>Apostolo:</span> <span class='ocrx_word' id='word_1_201' title='bbox 1402 2435 1513 2487; x_wconf 88' lang='lat' dir='ltr'>Nos</span> <span class='ocrx_word' id='word_1_202' title='bbox 1557 2433 1712 2488; x_wconf 89' lang='lat' dir='ltr'>enim</span> 
     </span>
    </p>
   </div>
   <div class='ocr_carea' id='block_1_27' title="bbox 56 2523 1706 2595">
    <p class='ocr_par' dir='ltr' id='par_1_27' title="bbox 56 2523 1706 2595">
     <span class='ocr_line' id='line_1_27' title="bbox 56 2523 1706 2595; baseline 0 -19"><span class='ocrx_word' id='word_1_203' title='bbox 56 2541 210 2579; x_wconf 87' lang='lat' dir='ltr'>sumus</span> <span class='ocrx_word' id='word_1_204' title='bbox 255 2526 631 2594; x_wconf 88' lang='lat' dir='ltr'>circumcisio,</span> <span class='ocrx_word' id='word_1_205' title='bbox 677 2524 914 2595; x_wconf 88' lang='lat' dir='ltr'>Spiritui</span> <span class='ocrx_word' id='word_1_206' title='bbox 968 2524 1068 2578; x_wconf 86' lang='lat' dir='ltr'>Dei</span> <span class='ocrx_word' id='word_1_207' title='bbox 1117 2524 1466 2592; x_wconf 82' lang='lat' dir='ltr'>servientes(</span> <span class='ocrx_word' id='word_1_208' title='bbox 1503 2523 1706 2593; x_wconf 85' lang='lat' dir='ltr'>Philip.</span> 
     </span>
    </p>
   </div>
   <div class='ocr_carea' id='block_1_28' title="bbox 59 2611 1709 2683">
    <p class='ocr_par' dir='ltr' id='par_1_28' title="bbox 59 2611 1709 2683">
     <span class='ocr_line' id='line_1_28' title="bbox 59 2611 1709 2683; baseline 0.001 -19"><span class='ocrx_word' id='word_1_209' title='bbox 59 2629 119 2679; x_wconf 81' lang='grc' dir='ltr'>ιιι,</span> <span class='ocrx_word' id='word_1_210' title='bbox 147 2617 193 2680; x_wconf 89' lang='lat'>3,</span> <span class='ocrx_word' id='word_1_211' title='bbox 221 2617 237 2680; x_wconf 88' lang='lat'>)</span> <span class='ocrx_word' id='word_1_212' title='bbox 267 2615 406 2683; x_wconf 82' lang='lat' dir='ltr'>quod</span> <span class='ocrx_word' id='word_1_213' title='bbox 431 2621 517 2668; x_wconf 87' lang='lat' dir='ltr'>est</span> <span class='ocrx_word' id='word_1_214' title='bbox 558 2616 616 2668; x_wconf 89' lang='lat' dir='ltr'>in</span> <span class='ocrx_word' id='word_1_215' title='bbox 647 2616 832 2668; x_wconf 71' lang='lat' dir='ltr'>Graeco</span> <span class='ocrx_word' id='word_1_216' title='bbox 870 2611 1204 2675; x_wconf 79' lang='grc' dir='ltr'>λατρεὺοντες.</span> <span class='ocrx_word' id='word_1_217' title='bbox 1238 2615 1422 2667; x_wconf 86' lang='lat' dir='ltr'>Plures</span> <span class='ocrx_word' id='word_1_218' title='bbox 1451 2615 1591 2667; x_wconf 88' lang='lat' dir='ltr'>enim</span> <span class='ocrx_word' id='word_1_219' title='bbox 1620 2627 1709 2666; x_wconf 89' lang='lat' dir='ltr'>co-</span> 
     </span>
    </p>
   </div>
   <div class='ocr_carea' id='block_1_29' title="bbox 55 2700 1710 2772">
    <p class='ocr_par' dir='ltr' id='par_1_29' title="bbox 55 2700 1710 2772">
     <span class='ocr_line' id='line_1_29' title="bbox 55 2700 1710 2772; baseline 0.001 -20"><span class='ocrx_word' id='word_1_220' title='bbox 55 2700 183 2767; x_wconf 83' lang='lat' dir='ltr'>dices,</span> <span class='ocrx_word' id='word_1_221' title='bbox 211 2705 364 2757; x_wconf 84' lang='lat' dir='ltr'>etiam</span> <span class='ocrx_word' id='word_1_222' title='bbox 386 2705 603 2769; x_wconf 87' lang='lat' dir='ltr'>Latini,</span> <span class='ocrx_word' id='word_1_223' title='bbox 636 2705 713 2757; x_wconf 88' lang='lat' dir='ltr'>sic</span> <span class='ocrx_word' id='word_1_224' title='bbox 739 2702 954 2768; x_wconf 85' lang='lat' dir='ltr'>habent,</span> <span class='ocrx_word' id='word_1_225' title='bbox 990 2701 1089 2772; x_wconf 90' lang='lat' dir='ltr'>qui</span> <span class='ocrx_word' id='word_1_226' title='bbox 1119 2702 1354 2772; x_wconf 83' lang='lat' dir='ltr'>Spiritui</span> <span class='ocrx_word' id='word_1_227' title='bbox 1385 2702 1486 2755; x_wconf 90' lang='lat' dir='ltr'>Dei</span> <span class='ocrx_word' id='word_1_228' title='bbox 1536 2701 1710 2755; x_wconf 88' lang='lat' dir='ltr'>servi-</span> 
     </span>
    </p>
   </div>
   <div class='ocr_carea' id='block_1_30' title="bbox 55 2792 1711 2859">
    <p class='ocr_par' dir='ltr' id='par_1_30' title="bbox 55 2792 1711 2859">
     <span class='ocr_line' id='line_1_30' title="bbox 55 2792 1711 2859; baseline 0.002 -19"><span class='ocrx_word' id='word_1_229' title='bbox 55 2805 181 2853; x_wconf 85' lang='lat' dir='ltr'>mus;</span> <span class='ocrx_word' id='word_1_230' title='bbox 209 2792 376 2845; x_wconf 82' lang='lat' dir='ltr'>G-raeci</span> <span class='ocrx_word' id='word_1_231' title='bbox 427 2794 614 2846; x_wconf 85' lang='lat' dir='ltr'>autem</span> <span class='ocrx_word' id='word_1_232' title='bbox 670 2806 865 2857; x_wconf 90' lang='lat' dir='ltr'>omnes,</span> <span class='ocrx_word' id='word_1_233' title='bbox 923 2795 1021 2844; x_wconf 89' lang='lat' dir='ltr'>aut</span> <span class='ocrx_word' id='word_1_234' title='bbox 1060 2806 1198 2859; x_wconf 87' lang='lat' dir='ltr'>pene</span> <span class='ocrx_word' id='word_1_235' title='bbox 1237 2805 1432 2844; x_wconf 89' lang='lat' dir='ltr'>omnes.</span> <span class='ocrx_word' id='word_1_236' title='bbox 1468 2792 1533 2844; x_wconf 90' lang='lat' dir='ltr'>In</span> <span class='ocrx_word' id='word_1_237' title='bbox 1570 2805 1711 2843; x_wconf 88' lang='lat' dir='ltr'>non-</span> 
     </span>
    </p>
   </div>
   <div class='ocr_carea' id='block_1_31' title="bbox 54 2879 1707 2948">
    <p class='ocr_par' dir='ltr' id='par_1_31' title="bbox 54 2879 1707 2948">
     <span class='ocr_line' id='line_1_31' title="bbox 54 2879 1707 2948; baseline 0.001 -19"><span class='ocrx_word' id='word_1_238' title='bbox 54 2879 183 2932; x_wconf 84' lang='lat' dir='ltr'>nullis</span> <span class='ocrx_word' id='word_1_239' title='bbox 221 2890 390 2934; x_wconf 87' lang='lat' dir='ltr'>autem</span> <span class='ocrx_word' id='word_1_240' title='bbox 440 2880 846 2948; x_wconf 71' lang='lat' dir='ltr'>ewemplaribus</span> <span class='ocrx_word' id='word_1_241' title='bbox 891 2881 1102 2933; x_wconf 85' lang='lat' dir='ltr'>Latinis</span> <span class='ocrx_word' id='word_1_242' title='bbox 1186 2883 1509 2944; x_wconf 83' lang='lat' dir='ltr'>invenimus,</span> <span class='ocrx_word' id='word_1_243' title='bbox 1579 2893 1707 2943; x_wconf 89' lang='lat' dir='ltr'>non,</span> 
     </span>
    </p>
   </div>
   <div class='ocr_carea' id='block_1_32' title="bbox 1819 505 3519 574">
    <p class='ocr_par' dir='ltr' id='par_1_32' title="bbox 1819 505 3519 574">
     <span class='ocr_line' id='line_1_32' title="bbox 1819 505 3519 574; baseline 0.002 -15"><span class='ocrx_word' id='word_1_244' title='bbox 1819 505 1914 560; x_wconf 92' lang='lat' dir='ltr'>lib.</span> <span class='ocrx_word' id='word_1_245' title='bbox 1976 523 2054 570; x_wconf 81' lang='lat' dir='ltr'>x1,</span> <span class='ocrx_word' id='word_1_246' title='bbox 2106 521 2226 574; x_wconf 90' lang='lat' dir='ltr'>cap.</span> <span class='ocrx_word' id='word_1_247' title='bbox 2294 509 2344 558; x_wconf 82' lang='grc'>1.</span> <span class='ocrx_word' id='word_1_248' title='bbox 2389 505 2575 558; x_wconf 86' lang='lat' dir='ltr'>Satius</span> <span class='ocrx_word' id='word_1_249' title='bbox 2625 507 2800 560; x_wconf 88' lang='lat' dir='ltr'>multo</span> <span class='ocrx_word' id='word_1_250' title='bbox 2849 513 2969 560; x_wconf 83' lang='lat' dir='ltr'>erat</span> <span class='ocrx_word' id='word_1_251' title='bbox 3007 508 3194 562; x_wconf 88' lang='lat' dir='ltr'>dicere</span> <span class='ocrx_word' id='word_1_252' title='bbox 3223 511 3519 563; x_wconf 87' lang='lat' dir='ltr'>Christum</span> 
     </span>
    </p>
   </div>
   <div class='ocr_carea' id='block_1_33' title="bbox 1819 593 3520 662">
    <p class='ocr_par' dir='ltr' id='par_1_33' title="bbox 1819 593 3520 662">
     <span class='ocr_line' id='line_1_33' title="bbox 1819 593 3520 662; baseline 0.002 -15"><span class='ocrx_word' id='word_1_253' title='bbox 1819 593 2114 648; x_wconf 89' lang='lat' dir='ltr'>hominem</span> <span class='ocrx_word' id='word_1_254' title='bbox 2141 593 2232 647; x_wconf 89' lang='lat' dir='ltr'>hic</span> <span class='ocrx_word' id='word_1_255' title='bbox 2261 593 2442 662; x_wconf 89' lang='lat' dir='ltr'>loqui,</span> <span class='ocrx_word' id='word_1_256' title='bbox 2477 609 2579 646; x_wconf 91' lang='lat' dir='ltr'>nec</span> <span class='ocrx_word' id='word_1_257' title='bbox 2609 594 2669 646; x_wconf 92' lang='lat' dir='ltr'>in</span> <span class='ocrx_word' id='word_1_258' title='bbox 2697 600 2949 648; x_wconf 88' lang='lat' dir='ltr'>mentem</span> <span class='ocrx_word' id='word_1_259' title='bbox 2981 595 3293 651; x_wconf 88' lang='lat' dir='ltr'>humanam</span> <span class='ocrx_word' id='word_1_260' title='bbox 3318 600 3520 652; x_wconf 86' lang='lat' dir='ltr'>cadere</span> 
     </span>
    </p>
   </div>
   <div class='ocr_carea' id='block_1_34' title="bbox 1821 681 3522 751">
    <p class='ocr_par' dir='ltr' id='par_1_34' title="bbox 1821 681 3522 751">
     <span class='ocr_line' id='line_1_34' title="bbox 1821 681 3522 751; baseline 0.002 -16"><span class='ocrx_word' id='word_1_261' title='bbox 1821 681 2314 746; x_wconf 88' lang='lat' dir='ltr'>omniscientiam;</span> <span class='ocrx_word' id='word_1_262' title='bbox 2373 697 2544 751; x_wconf 89' lang='lat' dir='ltr'>quam</span> <span class='ocrx_word' id='word_1_263' title='bbox 2595 682 2872 736; x_wconf 80' lang='lat' dir='ltr'>violenter</span> <span class='ocrx_word' id='word_1_264' title='bbox 2924 684 3094 737; x_wconf 85' lang='lat' dir='ltr'>verba</span> <span class='ocrx_word' id='word_1_265' title='bbox 3143 685 3349 739; x_wconf 87' lang='lat' dir='ltr'>Christi</span> <span class='ocrx_word' id='word_1_266' title='bbox 3405 694 3522 740; x_wconf 85' lang='lat' dir='ltr'>tor-</span> 
     </span>
    </p>
   </div>
   <div class='ocr_carea' id='block_1_35' title="bbox 1819 768 3523 844">
    <p class='ocr_par' dir='ltr' id='par_1_35' title="bbox 1819 768 3523 844">
     <span class='ocr_line' id='line_1_35' title="bbox 1819 768 3523 844; baseline 0.002 -21"><span class='ocrx_word' id='word_1_267' title='bbox 1819 786 2016 841; x_wconf 88' lang='lat' dir='ltr'>quere,</span> <span class='ocrx_word' id='word_1_268' title='bbox 2080 775 2146 844; x_wconf 70' lang='lat' dir='ltr'>ut</span> <span class='ocrx_word' id='word_1_269' title='bbox 2197 768 2555 822; x_wconf 86' lang='lat' dir='ltr'>consentiant</span> <span class='ocrx_word' id='word_1_270' title='bbox 2599 785 2728 822; x_wconf 90' lang='lat' dir='ltr'>cum</span> <span class='ocrx_word' id='word_1_271' title='bbox 2776 770 3077 839; x_wconf 85' lang='lat' dir='ltr'>hypothesi</span> <span class='ocrx_word' id='word_1_272' title='bbox 3124 789 3227 841; x_wconf 89' lang='lat' dir='ltr'>pro</span> <span class='ocrx_word' id='word_1_273' title='bbox 3285 773 3523 828; x_wconf 87' lang='lat' dir='ltr'>arbitrio</span> 
     </span>
    </p>
   </div>
   <div class='ocr_carea' id='block_1_36' title="bbox 1819 845 3521 928">
    <p class='ocr_par' dir='ltr' id='par_1_36' title="bbox 1819 845 3521 928">
     <span class='ocr_line' id='line_1_36' title="bbox 1819 845 3521 928; baseline 0.001 -16"><span class='ocrx_word' id='word_1_274' title='bbox 1819 863 2061 928; x_wconf 78' lang='lat' dir='ltr'>arrepta.</span> <span class='ocrx_word' id='word_1_275' title='bbox 2116 845 2528 911; x_wconf 81' lang='lat' dir='ltr'>Pertinaciores</span> <span class='ocrx_word' id='word_1_276' title='bbox 2559 857 2691 911; x_wconf 91' lang='lat' dir='ltr'>hinc</span> <span class='ocrx_word' id='word_1_277' title='bbox 2720 860 2932 912; x_wconf 86' lang='lat' dir='ltr'>liebant</span> <span class='ocrx_word' id='word_1_278' title='bbox 2977 859 3192 927; x_wconf 83' lang='lat' dir='ltr'>Ariani,</span> <span class='ocrx_word' id='word_1_279' title='bbox 3243 878 3373 915; x_wconf 86' lang='lat' dir='ltr'>cum</span> <span class='ocrx_word' id='word_1_280' title='bbox 3418 862 3521 916; x_wconf 89' lang='lat' dir='ltr'>du-</span> 
     </span>
    </p>
   </div>
   <div class='ocr_carea' id='block_1_37' title="bbox 1819 946 3522 1019">
    <p class='ocr_par' dir='ltr' id='par_1_37' title="bbox 1819 946 3522 1019">
     <span class='ocr_line' id='line_1_37' title="bbox 1819 946 3522 1019; baseline 0.001 -18"><span class='ocrx_word' id='word_1_281' title='bbox 1819 947 2000 1001; x_wconf 89' lang='lat' dir='ltr'>bitare</span> <span class='ocrx_word' id='word_1_282' title='bbox 2033 963 2150 1000; x_wconf 91' lang='lat' dir='ltr'>non</span> <span class='ocrx_word' id='word_1_283' title='bbox 2180 952 2414 1016; x_wconf 88' lang='lat' dir='ltr'>possent</span> <span class='ocrx_word' id='word_1_284' title='bbox 2445 946 2582 1016; x_wconf 91' lang='lat' dir='ltr'>quin</span> <span class='ocrx_word' id='word_1_285' title='bbox 2629 946 3080 1000; x_wconf 86' lang='lat' dir='ltr'>adversariorum</span> <span class='ocrx_word' id='word_1_286' title='bbox 3127 948 3522 1019; x_wconf 87' lang='lat' dir='ltr'>interpretatio</span> 
     </span>
    </p>
   </div>
   <div class='ocr_carea' id='block_1_38' title="bbox 1817 1034 3522 1104">
    <p class='ocr_par' dir='ltr' id='par_1_38' title="bbox 1817 1034 3522 1104">
     <span class='ocr_line' id='line_1_38' title="bbox 1817 1034 3522 1104; baseline 0.003 -17"><span class='ocrx_word' id='word_1_287' title='bbox 1817 1038 2074 1088; x_wconf 87' lang='lat' dir='ltr'>contorta</span> <span class='ocrx_word' id='word_1_288' title='bbox 2104 1039 2278 1100; x_wconf 87' lang='lat' dir='ltr'>esset;</span> <span class='ocrx_word' id='word_1_289' title='bbox 2328 1035 2584 1104; x_wconf 89' lang='lat' dir='ltr'>quamvis</span> <span class='ocrx_word' id='word_1_290' title='bbox 2632 1034 2743 1103; x_wconf 86' lang='lat' dir='ltr'>ipsi</span> <span class='ocrx_word' id='word_1_291' title='bbox 2793 1035 3039 1103; x_wconf 88' lang='lat' dir='ltr'>graviter</span> <span class='ocrx_word' id='word_1_292' title='bbox 3077 1042 3352 1104; x_wconf 88' lang='lat' dir='ltr'>errarent,</span> <span class='ocrx_word' id='word_1_293' title='bbox 3384 1038 3522 1091; x_wconf 90' lang='lat' dir='ltr'>dum</span> 
     </span>
    </p>
   </div>
   <div class='ocr_carea' id='block_1_39' title="bbox 1819 1121 3233 1192">
    <p class='ocr_par' dir='ltr' id='par_1_39' title="bbox 1819 1121 3233 1192">
     <span class='ocr_line' id='line_1_39' title="bbox 1819 1121 3233 1192; baseline 0.004 -18"><span class='ocrx_word' id='word_1_294' title='bbox 1819 1137 1946 1175; x_wconf 89' lang='lat' dir='ltr'>eam</span> <span class='ocrx_word' id='word_1_295' title='bbox 1976 1121 2360 1192; x_wconf 88' lang='lat' dir='ltr'>ignorantiam</span> <span class='ocrx_word' id='word_1_296' title='bbox 2396 1122 2598 1175; x_wconf 88' lang='lat' dir='ltr'>Deitati</span> <span class='ocrx_word' id='word_1_297' title='bbox 2635 1122 2842 1176; x_wconf 84' lang='lat' dir='ltr'>Christi</span> <span class='ocrx_word' id='word_1_298' title='bbox 2886 1124 3233 1180; x_wconf 86' lang='lat' dir='ltr'>tribuebant.</span> 
     </span>
    </p>
   </div>
   <div class='ocr_carea' id='block_1_40' title="bbox 1893 1210 3517 1281">
    <p class='ocr_par' dir='ltr' id='par_1_40' title="bbox 1893 1210 3517 1281">
     <span class='ocr_line' id='line_1_40' title="bbox 1893 1210 3517 1281; baseline 0.003 -19"><span class='ocrx_word' id='word_1_299' title='bbox 1893 1210 2055 1263; x_wconf 82' lang='lat' dir='ltr'>Linno</span> <span class='ocrx_word' id='word_1_300' title='bbox 2090 1226 2146 1263; x_wconf 87' lang='grc' dir='ltr'>ιι.</span> <span class='ocrx_word' id='word_1_301' title='bbox 2177 1211 2308 1279; x_wconf 89' lang='lat' dir='ltr'>Cap.</span> <span class='ocrx_word' id='word_1_302' title='bbox 2362 1213 2445 1273; x_wconf 89' lang='lat' dir='ltr'>ll,</span> <span class='ocrx_word' id='word_1_303' title='bbox 2497 1214 2523 1276; x_wconf 83' lang='lat'>§</span> <span class='ocrx_word' id='word_1_304' title='bbox 2556 1213 2642 1262; x_wconf 88' lang='lat'>20.</span> <span class='ocrx_word' id='word_1_305' title='bbox 2685 1211 2758 1262; x_wconf 90' lang='lat' dir='ltr'>De</span> <span class='ocrx_word' id='word_1_306' title='bbox 2795 1211 3012 1279; x_wconf 81' lang='lat' dir='ltr'>angelis</span> <span class='ocrx_word' id='word_1_307' title='bbox 3048 1210 3146 1281; x_wconf 88' lang='lat' dir='ltr'>qui</span> <span class='ocrx_word' id='word_1_308' title='bbox 3194 1212 3517 1267; x_wconf 76' lang='lat' dir='ltr'>Abrahamo</span> 
     </span>
    </p>
   </div>
   <div class='ocr_carea' id='block_1_41' title="bbox 1819 1296 3526 1368">
    <p class='ocr_par' dir='ltr' id='par_1_41' title="bbox 1819 1296 3526 1368">
     <span class='ocr_line' id='line_1_41' title="bbox 1819 1296 3526 1368; baseline 0.002 -17"><span class='ocrx_word' id='word_1_309' title='bbox 1819 1302 2229 1368; x_wconf 86' lang='lat' dir='ltr'>apparuerunt,</span> <span class='ocrx_word' id='word_1_310' title='bbox 2267 1298 2464 1351; x_wconf 87' lang='lat' dir='ltr'>Genes.</span> <span class='ocrx_word' id='word_1_311' title='bbox 2502 1313 2652 1361; x_wconf 79' lang='lat' dir='ltr'>xvui,</span> <span class='ocrx_word' id='word_1_312' title='bbox 2685 1301 2737 1350; x_wconf 94' lang='lat'>2.</span> <span class='ocrx_word' id='word_1_313' title='bbox 2772 1296 2922 1366; x_wconf 53' lang='lat' dir='ltr'>:Cum</span> <span class='ocrx_word' id='word_1_314' title='bbox 2952 1314 3074 1352; x_wconf 89' lang='lat' dir='ltr'>vero</span> <span class='ocrx_word' id='word_1_315' title='bbox 3122 1305 3227 1353; x_wconf 87' lang='lat' dir='ltr'>tres</span> <span class='ocrx_word' id='word_1_316' title='bbox 3273 1303 3384 1354; x_wconf 86' lang='lat' dir='ltr'>viri</span> <span class='ocrx_word' id='word_1_317' title='bbox 3418 1304 3526 1354; x_wconf 88' lang='lat' dir='ltr'>visi</span> 
     </span>
    </p>
   </div>
   <div class='ocr_carea' id='block_1_42' title="bbox 1819 1385 3526 1456">
    <p class='ocr_par' dir='ltr' id='par_1_42' title="bbox 1819 1385 3526 1456">
     <span class='ocr_line' id='line_1_42' title="bbox 1819 1385 3526 1456; baseline 0.002 -17"><span class='ocrx_word' id='word_1_318' title='bbox 1819 1391 1964 1451; x_wconf 89' lang='lat' dir='ltr'>sunt,</span> <span class='ocrx_word' id='word_1_319' title='bbox 1996 1401 2087 1439; x_wconf 89' lang='lat' dir='ltr'>nec</span> <span class='ocrx_word' id='word_1_320' title='bbox 2119 1387 2407 1452; x_wconf 84' lang='lat' dir='ltr'>quisquam</span> <span class='ocrx_word' id='word_1_321' title='bbox 2436 1388 2495 1437; x_wconf 84' lang='lat' dir='ltr'>in</span> <span class='ocrx_word' id='word_1_322' title='bbox 2516 1386 2588 1437; x_wconf 88' lang='lat' dir='ltr'>eis</span> <span class='ocrx_word' id='word_1_323' title='bbox 2617 1385 2702 1437; x_wconf 92' lang='lat' dir='ltr'>vel</span> <span class='ocrx_word' id='word_1_324' title='bbox 2727 1387 2929 1450; x_wconf 84' lang='lat' dir='ltr'>forma,</span> <span class='ocrx_word' id='word_1_325' title='bbox 2947 1387 3031 1439; x_wconf 90' lang='lat' dir='ltr'>vel</span> <span class='ocrx_word' id='word_1_326' title='bbox 3048 1391 3224 1451; x_wconf 60' lang='lat' dir='ltr'>(etate,</span> <span class='ocrx_word' id='word_1_327' title='bbox 3247 1391 3332 1440; x_wconf 88' lang='lat' dir='ltr'>vel</span> <span class='ocrx_word' id='word_1_328' title='bbox 3351 1394 3526 1456; x_wconf 85' lang='lat' dir='ltr'>poste-</span> 
     </span>
    </p>
   </div>
   <div class='ocr_carea' id='block_1_43' title="bbox 1820 1472 3525 1544">
    <p class='ocr_par' dir='ltr' id='par_1_43' title="bbox 1820 1472 3525 1544">
     <span class='ocr_line' id='line_1_43' title="bbox 1820 1472 3525 1544; baseline 0.002 -17"><span class='ocrx_word' id='word_1_329' title='bbox 1820 1474 2151 1541; x_wconf 87' lang='lat' dir='ltr'>statemajor</span> <span class='ocrx_word' id='word_1_330' title='bbox 2181 1475 2383 1526; x_wconf 61' lang='lat' dir='ltr'>cmteris</span> <span class='ocrx_word' id='word_1_331' title='bbox 2415 1472 2591 1525; x_wconf 89' lang='lat' dir='ltr'>dictus</span> <span class='ocrx_word' id='word_1_332' title='bbox 2629 1477 2741 1537; x_wconf 84' lang='lat' dir='ltr'>est;</span> <span class='ocrx_word' id='word_1_333' title='bbox 2795 1488 2891 1526; x_wconf 87' lang='lat' dir='ltr'>cur</span> <span class='ocrx_word' id='word_1_334' title='bbox 2916 1488 3022 1526; x_wconf 88' lang='lat' dir='ltr'>non</span> <span class='ocrx_word' id='word_1_335' title='bbox 3061 1474 3146 1527; x_wconf 91' lang='lat' dir='ltr'>hic</span> <span class='ocrx_word' id='word_1_336' title='bbox 3192 1477 3525 1544; x_wconf 86' lang='lat' dir='ltr'>accipiamus</span> 
     </span>
    </p>
   </div>
   <div class='ocr_carea' id='block_1_44' title="bbox 1819 1560 3526 1627">
    <p class='ocr_par' dir='ltr' id='par_1_44' title="bbox 1819 1560 3526 1627">
     <span class='ocr_line' id='line_1_44' title="bbox 1819 1560 3526 1627; baseline 0.001 -11"><span class='ocrx_word' id='word_1_337' title='bbox 1819 1561 2116 1616; x_wconf 84' lang='lat' dir='ltr'>visibiliter</span> <span class='ocrx_word' id='word_1_338' title='bbox 2135 1562 2488 1627; x_wconf 89' lang='lat' dir='ltr'>insinuatam,</span> <span class='ocrx_word' id='word_1_339' title='bbox 2504 1576 2600 1627; x_wconf 85' lang='lat' dir='ltr'>per</span> <span class='ocrx_word' id='word_1_340' title='bbox 2611 1565 2914 1614; x_wconf 85' lang='lat' dir='ltr'>creaturam</span> <span class='ocrx_word' id='word_1_341' title='bbox 2926 1560 3212 1625; x_wconf 79' lang='lat' dir='ltr'>visibilem,</span> <span class='ocrx_word' id='word_1_342' title='bbox 3241 1566 3526 1618; x_wconf 83' lang='lat' dir='ltr'>Trinitatis</span> 
     </span>
    </p>
   </div>
   <div class='ocr_carea' id='block_1_45' title="bbox 1824 1647 3524 1719">
    <p class='ocr_par' dir='ltr' id='par_1_45' title="bbox 1824 1647 3524 1719">
     <span class='ocr_line' id='line_1_45' title="bbox 1824 1647 3524 1719; baseline 0.001 -17"><span class='ocrx_word' id='word_1_343' title='bbox 1824 1651 2189 1718; x_wconf 78' lang='lat' dir='ltr'>aequalitatem</span> <span class='ocrx_word' id='word_1_344' title='bbox 2214 1652 2241 1701; x_wconf 87' lang='lat'><strong><em>?</em></strong></span> <span class='ocrx_word' id='word_1_345' title='bbox 2270 1656 2373 1704; x_wconf 86' lang='lat' dir='ltr'>etc.</span> <span class='ocrx_word' id='word_1_346' title='bbox 2406 1647 2426 1719; x_wconf 81' lang='grc'>]</span> <span class='ocrx_word' id='word_1_347' title='bbox 2463 1649 2678 1702; x_wconf 84' lang='lat' dir='ltr'>Clarius</span> <span class='ocrx_word' id='word_1_348' title='bbox 2710 1649 2855 1702; x_wconf 90' lang='lat' dir='ltr'>hanc</span> <span class='ocrx_word' id='word_1_349' title='bbox 2875 1649 3296 1719; x_wconf 86' lang='lat' dir='ltr'>apparitionem</span> <span class='ocrx_word' id='word_1_350' title='bbox 3328 1652 3524 1706; x_wconf 89' lang='lat' dir='ltr'>senior</span> 
     </span>
    </p>
   </div>
   <div class='ocr_carea' id='block_1_46' title="bbox 1824 1736 3522 1807">
    <p class='ocr_par' dir='ltr' id='par_1_46' title="bbox 1824 1736 3522 1807">
     <span class='ocr_line' id='line_1_46' title="bbox 1824 1736 3522 1807; baseline 0.002 -17"><span class='ocrx_word' id='word_1_351' title='bbox 1824 1736 2233 1807; x_wconf 83' lang='lat' dir='ltr'>interpretatus</span> <span class='ocrx_word' id='word_1_352' title='bbox 2283 1740 2366 1790; x_wconf 90' lang='lat' dir='ltr'>est</span> <span class='ocrx_word' id='word_1_353' title='bbox 2410 1736 2764 1803; x_wconf 83' lang='lat' dir='ltr'>Augustinus</span> <span class='ocrx_word' id='word_1_354' title='bbox 2803 1737 2874 1790; x_wconf 92' lang='lat' dir='ltr'>de</span> <span class='ocrx_word' id='word_1_355' title='bbox 2906 1736 3064 1791; x_wconf 90' lang='lat' dir='ltr'>Civit.</span> <span class='ocrx_word' id='word_1_356' title='bbox 3121 1738 3218 1791; x_wconf 90' lang='lat' dir='ltr'>Dei</span> <span class='ocrx_word' id='word_1_357' title='bbox 3266 1739 3364 1794; x_wconf 92' lang='lat' dir='ltr'>lib.</span> <span class='ocrx_word' id='word_1_358' title='bbox 3409 1757 3522 1807; x_wconf 77' lang='lat' dir='ltr'>xvr,</span> 
     </span>
    </p>
   </div>
   <div class='ocr_carea' id='block_1_47' title="bbox 1822 1822 3524 1896">
    <p class='ocr_par' dir='ltr' id='par_1_47' title="bbox 1822 1822 3524 1896">
     <span class='ocr_line' id='line_1_47' title="bbox 1822 1822 3524 1896; baseline 0.001 -18"><span class='ocrx_word' id='word_1_359' title='bbox 1822 1842 1946 1896; x_wconf 79' lang='lat' dir='ltr'>cap.</span> <span class='ocrx_word' id='word_1_360' title='bbox 1977 1828 2066 1880; x_wconf 83' lang='lat'>29.</span> <span class='ocrx_word' id='word_1_361' title='bbox 2100 1824 2239 1878; x_wconf 88' lang='lat' dir='ltr'>Vide</span> <span class='ocrx_word' id='word_1_362' title='bbox 2269 1828 2462 1876; x_wconf 90' lang='lat' dir='ltr'>tamen</span> <span class='ocrx_word' id='word_1_363' title='bbox 2483 1822 2632 1876; x_wconf 86' lang='lat' dir='ltr'>infra</span> <span class='ocrx_word' id='word_1_364' title='bbox 2656 1823 2755 1876; x_wconf 90' lang='lat' dir='ltr'>lib.</span> <span class='ocrx_word' id='word_1_365' title='bbox 2790 1840 2869 1890; x_wconf 87' lang='grc' dir='ltr'>ιιι,</span> <span class='ocrx_word' id='word_1_366' title='bbox 2902 1840 3025 1894; x_wconf 89' lang='lat' dir='ltr'>cap.</span> <span class='ocrx_word' id='word_1_367' title='bbox 3051 1828 3134 1891; x_wconf 83' lang='lat' dir='ltr'>ll,</span> <span class='ocrx_word' id='word_1_368' title='bbox 3168 1825 3266 1879; x_wconf 91' lang='lat' dir='ltr'>ubi</span> <span class='ocrx_word' id='word_1_369' title='bbox 3289 1827 3524 1896; x_wconf 84' lang='lat' dir='ltr'>angelos</span> 
     </span>
    </p>
   </div>
   <div class='ocr_carea' id='block_1_48' title="bbox 1821 1913 3498 1968">
    <p class='ocr_par' dir='ltr' id='par_1_48' title="bbox 1821 1913 3498 1968">
     <span class='ocr_line' id='line_1_48' title="bbox 1821 1913 3498 1968; baseline -0.006 0"><span class='ocrx_word' id='word_1_370' title='bbox 1821 1914 1996 1968; x_wconf 88' lang='lat' dir='ltr'>fuisse</span> <span class='ocrx_word' id='word_1_371' title='bbox 2029 1913 2205 1968; x_wconf 89' lang='lat' dir='ltr'>etiam</span> <span class='ocrx_word' id='word_1_372' title='bbox 2226 1913 2598 1967; x_wconf 90' lang='lat' dir='ltr'>demonstrat.</span> <span class='ocrx_word' id='word_1_373' title='bbox 3492 1953 3498 1958; x_wconf 87' lang='lat'>.</span> 
     </span>
    </p>
   </div>
   <div class='ocr_carea' id='block_1_49' title="bbox 1895 1999 3522 2071">
    <p class='ocr_par' dir='ltr' id='par_1_49' title="bbox 1895 1999 3522 2071">
     <span class='ocr_line' id='line_1_49' title="bbox 1895 1999 3522 2071; baseline -0.002 -16"><span class='ocrx_word' id='word_1_374' title='bbox 1895 2003 2060 2056; x_wconf 80' lang='lat' dir='ltr'>LIBRO</span> <span class='ocrx_word' id='word_1_375' title='bbox 2099 2018 2179 2056; x_wconf 88' lang='grc' dir='ltr'>ιιι.</span> <span class='ocrx_word' id='word_1_376' title='bbox 2237 2002 2370 2071; x_wconf 88' lang='lat' dir='ltr'>Cap.</span> <span class='ocrx_word' id='word_1_377' title='bbox 2430 2017 2506 2066; x_wconf 70' lang='grc' dir='ltr'>χι,</span> <span class='ocrx_word' id='word_1_378' title='bbox 2561 1999 2588 2069; x_wconf 82' lang='lat'>§</span> <span class='ocrx_word' id='word_1_379' title='bbox 2638 2003 2726 2053; x_wconf 88' lang='lat'>23.</span> <span class='ocrx_word' id='word_1_380' title='bbox 2792 2002 3074 2070; x_wconf 87' lang='lat' dir='ltr'>Posquam</span> <span class='ocrx_word' id='word_1_381' title='bbox 3113 1999 3262 2054; x_wconf 85' lang='lat' dir='ltr'>dixit</span> <span class='ocrx_word' id='word_1_382' title='bbox 3289 2001 3522 2070; x_wconf 88' lang='lat' dir='ltr'>angelo-</span> 
     </span>
    </p>
   </div>
   <div class='ocr_carea' id='block_1_50' title="bbox 1820 2088 3525 2158">
    <p class='ocr_par' dir='ltr' id='par_1_50' title="bbox 1820 2088 3525 2158">
     <span class='ocr_line' id='line_1_50' title="bbox 1820 2088 3525 2158; baseline -0.002 -13"><span class='ocrx_word' id='word_1_383' title='bbox 1820 2107 1952 2145; x_wconf 89' lang='lat' dir='ltr'>rum</span> <span class='ocrx_word' id='word_1_384' title='bbox 1980 2090 2303 2144; x_wconf 89' lang='lat' dir='ltr'>ministerio</span> <span class='ocrx_word' id='word_1_385' title='bbox 2351 2089 2524 2144; x_wconf 88' lang='lat' dir='ltr'>factas</span> <span class='ocrx_word' id='word_1_386' title='bbox 2575 2088 2960 2158; x_wconf 87' lang='lat' dir='ltr'>apparitiones</span> <span class='ocrx_word' id='word_1_387' title='bbox 3001 2088 3248 2143; x_wconf 87' lang='lat' dir='ltr'>divinas:</span> <span class='ocrx_word' id='word_1_388' title='bbox 3293 2089 3398 2144; x_wconf 91' lang='lat' dir='ltr'>Sed</span> <span class='ocrx_word' id='word_1_389' title='bbox 3444 2092 3525 2142; x_wconf 89' lang='lat' dir='ltr'>ait</span> 
     </span>
    </p>
   </div>
   <div class='ocr_carea' id='block_1_51' title="bbox 1821 2175 3525 2249">
    <p class='ocr_par' dir='ltr' id='par_1_51' title="bbox 1821 2175 3525 2249">
     <span class='ocr_line' id='line_1_51' title="bbox 1821 2175 3525 2249; baseline -0.003 -16"><span class='ocrx_word' id='word_1_390' title='bbox 1821 2181 2047 2248; x_wconf 80' lang='lat' dir='ltr'>aliquis,</span> <span class='ocrx_word' id='word_1_391' title='bbox 2079 2177 2286 2249; x_wconf 85' lang='lat' dir='ltr'>inquit,</span> <span class='ocrx_word' id='word_1_392' title='bbox 2319 2194 2415 2231; x_wconf 88' lang='lat' dir='ltr'>cur</span> <span class='ocrx_word' id='word_1_393' title='bbox 2459 2193 2583 2243; x_wconf 87' lang='lat' dir='ltr'>ergo</span> <span class='ocrx_word' id='word_1_394' title='bbox 2625 2178 2888 2244; x_wconf 86' lang='lat' dir='ltr'>scriptum</span> <span class='ocrx_word' id='word_1_395' title='bbox 2912 2181 2990 2230; x_wconf 88' lang='lat' dir='ltr'>est</span> <span class='ocrx_word' id='word_1_396' title='bbox 3021 2193 3038 2228; x_wconf 89' lang='grc'>.·</span> <span class='ocrx_word' id='word_1_397' title='bbox 3073 2175 3220 2229; x_wconf 77' lang='lat' dir='ltr'>Dixit</span> <span class='ocrx_word' id='word_1_398' title='bbox 3249 2175 3525 2229; x_wconf 90' lang='lat' dir='ltr'>Dominus</span> 
     </span>
    </p>
   </div>
   <div class='ocr_carea' id='block_1_52' title="bbox 1822 2264 3525 2338">
    <p class='ocr_par' dir='ltr' id='par_1_52' title="bbox 1822 2264 3525 2338">
     <span class='ocr_line' id='line_1_52' title="bbox 1822 2264 3525 2338; baseline -0.001 -18"><span class='ocrx_word' id='word_1_399' title='bbox 1822 2268 1890 2322; x_wconf 92' lang='lat' dir='ltr'>ad</span> <span class='ocrx_word' id='word_1_400' title='bbox 1922 2269 2168 2338; x_wconf 82' lang='lat' dir='ltr'>Moysen,</span> <span class='ocrx_word' id='word_1_401' title='bbox 2201 2271 2251 2320; x_wconf 87' lang='lat' dir='ltr'>et</span> <span class='ocrx_word' id='word_1_402' title='bbox 2280 2281 2385 2319; x_wconf 88' lang='lat' dir='ltr'>non</span> <span class='ocrx_word' id='word_1_403' title='bbox 2413 2268 2634 2335; x_wconf 84' lang='lat' dir='ltr'>potius:</span> <span class='ocrx_word' id='word_1_404' title='bbox 2669 2264 2816 2318; x_wconf 68' lang='lat' dir='ltr'>dixit</span> <span class='ocrx_word' id='word_1_405' title='bbox 2861 2265 3081 2330; x_wconf 87' lang='lat' dir='ltr'>angelus</span> <span class='ocrx_word' id='word_1_406' title='bbox 3129 2264 3204 2317; x_wconf 90' lang='lat' dir='ltr'>ad</span> <span class='ocrx_word' id='word_1_407' title='bbox 3250 2265 3475 2332; x_wconf 85' lang='lat' dir='ltr'>Moysen</span> <span class='ocrx_word' id='word_1_408' title='bbox 3497 2264 3525 2319; x_wconf 78' lang='lat'><strong>?</strong></span> 
     </span>
    </p>
   </div>
   <div class='ocr_carea' id='block_1_53' title="bbox 1822 2353 3528 2422">
    <p class='ocr_par' dir='ltr' id='par_1_53' title="bbox 1822 2353 3528 2422">
     <span class='ocr_line' id='line_1_53' title="bbox 1822 2353 3528 2422; baseline -0.003 -13"><span class='ocrx_word' id='word_1_409' title='bbox 1822 2357 1960 2422; x_wconf 85' lang='lat' dir='ltr'>Quia</span> <span class='ocrx_word' id='word_1_410' title='bbox 1989 2371 2108 2409; x_wconf 89' lang='lat' dir='ltr'>cum</span> <span class='ocrx_word' id='word_1_411' title='bbox 2140 2355 2301 2408; x_wconf 84' lang='lat' dir='ltr'>verba</span> <span class='ocrx_word' id='word_1_412' title='bbox 2324 2355 2532 2422; x_wconf 88' lang='lat' dir='ltr'>judicis</span> <span class='ocrx_word' id='word_1_413' title='bbox 2563 2368 2735 2421; x_wconf 68' lang='lat' dir='ltr'>praeco</span> <span class='ocrx_word' id='word_1_414' title='bbox 2763 2354 3102 2421; x_wconf 83' lang='lat' dir='ltr'>pronuntiat,</span> <span class='ocrx_word' id='word_1_415' title='bbox 3134 2368 3241 2405; x_wconf 87' lang='lat' dir='ltr'>non</span> <span class='ocrx_word' id='word_1_416' title='bbox 3269 2353 3528 2416; x_wconf 79' lang='lat' dir='ltr'>scribitur</span> 
     </span>
    </p>
   </div>
   <div class='ocr_carea' id='block_1_54' title="bbox 1819 2439 3522 2511">
    <p class='ocr_par' dir='ltr' id='par_1_54' title="bbox 1819 2439 3522 2511">
     <span class='ocr_line' id='line_1_54' title="bbox 1819 2439 3522 2511; baseline -0.002 -16"><span class='ocrx_word' id='word_1_417' title='bbox 1819 2445 1878 2496; x_wconf 87' lang='lat' dir='ltr'>in</span> <span class='ocrx_word' id='word_1_418' title='bbox 1907 2445 2092 2511; x_wconf 85' lang='lat' dir='ltr'>gestis,</span> <span class='ocrx_word' id='word_1_419' title='bbox 2126 2443 2217 2496; x_wconf 87' lang='lat' dir='ltr'>ille</span> <span class='ocrx_word' id='word_1_420' title='bbox 2255 2457 2428 2510; x_wconf 74' lang='lat' dir='ltr'>praeco</span> <span class='ocrx_word' id='word_1_421' title='bbox 2467 2442 2631 2506; x_wconf 71' lang='lat' dir='ltr'>(limit,</span> <span class='ocrx_word' id='word_1_422' title='bbox 2668 2439 2762 2493; x_wconf 91' lang='lat' dir='ltr'>sed</span> <span class='ocrx_word' id='word_1_423' title='bbox 2806 2441 2894 2493; x_wconf 87' lang='lat' dir='ltr'>ille</span> <span class='ocrx_word' id='word_1_424' title='bbox 2924 2439 3147 2508; x_wconf 65' lang='lat' dir='ltr'>judex.)</span> <span class='ocrx_word' id='word_1_425' title='bbox 3180 2439 3316 2493; x_wconf 89' lang='lat' dir='ltr'>Vide</span> <span class='ocrx_word' id='word_1_426' title='bbox 3350 2455 3522 2509; x_wconf 89' lang='lat' dir='ltr'>supe-</span> 
     </span>
    </p>
   </div>
   <div class='ocr_carea' id='block_1_55' title="bbox 1821 2527 3521 2596">
    <p class='ocr_par' dir='ltr' id='par_1_55' title="bbox 1821 2527 3521 2596">
     <span class='ocr_line' id='line_1_55' title="bbox 1821 2527 3521 2596; baseline -0.003 -12"><span class='ocrx_word' id='word_1_427' title='bbox 1821 2531 2030 2584; x_wconf 89' lang='lat' dir='ltr'>riorem</span> <span class='ocrx_word' id='word_1_428' title='bbox 2064 2529 2492 2584; x_wconf 86' lang='lat' dir='ltr'>adnotationem</span> <span class='ocrx_word' id='word_1_429' title='bbox 2513 2533 2568 2580; x_wconf 91' lang='lat' dir='ltr'>et</span> <span class='ocrx_word' id='word_1_430' title='bbox 2594 2528 2931 2596; x_wconf 87' lang='lat' dir='ltr'>interpretes</span> <span class='ocrx_word' id='word_1_431' title='bbox 2958 2528 3028 2580; x_wconf 90' lang='lat' dir='ltr'>ad</span> <span class='ocrx_word' id='word_1_432' title='bbox 3058 2527 3230 2580; x_wconf 79' lang='lat' dir='ltr'>Exod.</span> <span class='ocrx_word' id='word_1_433' title='bbox 3257 2544 3312 2580; x_wconf 88' lang='grc' dir='ltr'>ιιι</span> <span class='ocrx_word' id='word_1_434' title='bbox 3351 2532 3408 2580; x_wconf 91' lang='lat' dir='ltr'>et</span> <span class='ocrx_word' id='word_1_435' title='bbox 3432 2544 3521 2581; x_wconf 85' lang='lat' dir='ltr'>xx.</span> 
     </span>
    </p>
   </div>
   <div class='ocr_carea' id='block_1_56' title="bbox 1893 2615 3524 2687">
    <p class='ocr_par' dir='ltr' id='par_1_56' title="bbox 1893 2615 3524 2687">
     <span class='ocr_line' id='line_1_56' title="bbox 1893 2615 3524 2687; baseline -0.004 -14"><span class='ocrx_word' id='word_1_436' title='bbox 1893 2620 2060 2673; x_wconf 83' lang='lat' dir='ltr'>Linno</span> <span class='ocrx_word' id='word_1_437' title='bbox 2100 2635 2170 2672; x_wconf 83' lang='grc' dir='ltr'>ιν.</span> <span class='ocrx_word' id='word_1_438' title='bbox 2207 2619 2515 2687; x_wconf 86' lang='lat' dir='ltr'>Postquam</span> <span class='ocrx_word' id='word_1_439' title='bbox 2545 2615 2687 2669; x_wconf 87' lang='lat' dir='ltr'>dixit</span> <span class='ocrx_word' id='word_1_440' title='bbox 2730 2615 2909 2683; x_wconf 65' lang='lat' dir='ltr'>dupla?</span> <span class='ocrx_word' id='word_1_441' title='bbox 2946 2617 3109 2668; x_wconf 88' lang='lat' dir='ltr'>morti</span> <span class='ocrx_word' id='word_1_442' title='bbox 3149 2621 3344 2669; x_wconf 71' lang='lat' dir='ltr'>nostra:</span> <span class='ocrx_word' id='word_1_443' title='bbox 3368 2615 3524 2683; x_wconf 90' lang='lat' dir='ltr'>(ani-</span> 
     </span>
    </p>
   </div>
   <div class='ocr_carea' id='block_1_57' title="bbox 1821 2703 3525 2776">
    <p class='ocr_par' dir='ltr' id='par_1_57' title="bbox 1821 2703 3525 2776">
     <span class='ocr_line' id='line_1_57' title="bbox 1821 2703 3525 2776; baseline -0.004 -16"><span class='ocrx_word' id='word_1_444' title='bbox 1821 2707 1900 2761; x_wconf 90' lang='lat' dir='ltr'>mi</span> <span class='ocrx_word' id='word_1_445' title='bbox 1931 2712 1986 2760; x_wconf 88' lang='lat' dir='ltr'>ct</span> <span class='ocrx_word' id='word_1_446' title='bbox 2013 2705 2300 2776; x_wconf 89' lang='lat' dir='ltr'>corporis)</span> <span class='ocrx_word' id='word_1_447' title='bbox 2358 2706 2680 2757; x_wconf 87' lang='lat' dir='ltr'>salvatorem</span> <span class='ocrx_word' id='word_1_448' title='bbox 2727 2709 2971 2756; x_wconf 88' lang='lat' dir='ltr'>nostrum</span> <span class='ocrx_word' id='word_1_449' title='bbox 3014 2703 3341 2770; x_wconf 86' lang='lat' dir='ltr'>impendisse</span> <span class='ocrx_word' id='word_1_450' title='bbox 3388 2706 3525 2756; x_wconf 86' lang='lat' dir='ltr'>sim-</span> 
     </span>
    </p>
   </div>
   <div class='ocr_carea' id='block_1_58' title="bbox 1817 2789 3520 2863">
    <p class='ocr_par' dir='ltr' id='par_1_58' title="bbox 1817 2789 3520 2863">
     <span class='ocr_line' id='line_1_58' title="bbox 1817 2789 3520 2863; baseline -0.004 -14"><span class='ocrx_word' id='word_1_451' title='bbox 1817 2797 1970 2863; x_wconf 82' lang='lat' dir='ltr'>plum</span> <span class='ocrx_word' id='word_1_452' title='bbox 1997 2809 2172 2858; x_wconf 91' lang='lat' dir='ltr'>suam,</span> <span class='ocrx_word' id='word_1_453' title='bbox 2224 2792 2304 2845; x_wconf 90' lang='lat' dir='ltr'>sic</span> <span class='ocrx_word' id='word_1_454' title='bbox 2351 2791 2506 2844; x_wconf 89' lang='lat' dir='ltr'>enim</span> <span class='ocrx_word' id='word_1_455' title='bbox 2558 2790 2830 2860; x_wconf 87' lang='lat' dir='ltr'>loquitur,</span> <span class='ocrx_word' id='word_1_456' title='bbox 2891 2789 3174 2843; x_wconf 88' lang='lat' dir='ltr'>delabitur</span> <span class='ocrx_word' id='word_1_457' title='bbox 3213 2807 3335 2860; x_wconf 86' lang='lat' dir='ltr'>cap.</span> <span class='ocrx_word' id='word_1_458' title='bbox 3386 2792 3419 2843; x_wconf 80' lang='grc'><strong>4</strong></span> <span class='ocrx_word' id='word_1_459' title='bbox 3449 2791 3520 2844; x_wconf 86' lang='lat' dir='ltr'>ad</span> 
     </span>
    </p>
   </div>
   <div class='ocr_carea' id='block_1_59' title="bbox 1821 2877 3520 2952">
    <p class='ocr_par' dir='ltr' id='par_1_59' title="bbox 1821 2877 3520 2952">
     <span class='ocr_line' id='line_1_59' title="bbox 1821 2877 3520 2952; baseline -0.002 -17"><span class='ocrx_word' id='word_1_460' title='bbox 1821 2881 2188 2952; x_wconf 87' lang='lat' dir='ltr'>allegoricam</span> <span class='ocrx_word' id='word_1_461' title='bbox 2229 2878 2680 2932; x_wconf 88' lang='lat' dir='ltr'>arithmeticam:</span> <span class='ocrx_word' id='word_1_462' title='bbox 2714 2881 2835 2932; x_wconf 73' lang='lat' dir='ltr'>Haec</span> <span class='ocrx_word' id='word_1_463' title='bbox 2874 2882 3052 2930; x_wconf 84' lang='lat' dir='ltr'>autem</span> <span class='ocrx_word' id='word_1_464' title='bbox 3097 2880 3262 2946; x_wconf 87' lang='lat' dir='ltr'>ratio,</span> <span class='ocrx_word' id='word_1_465' title='bbox 3311 2877 3520 2948; x_wconf 87' lang='lat' dir='ltr'>inquit,</span> 
     </span>
    </p>
   </div>
   <div class='ocr_carea' id='block_1_60' title="bbox 53 2965 3523 3040">
    <p class='ocr_par' dir='ltr' id='par_1_60' title="bbox 53 2965 3523 3040">
     <span class='ocr_line' id='line_1_60' title="bbox 53 2965 3523 3040; baseline 0.001 -22"><span class='ocrx_word' id='word_1_466' title='bbox 53 2965 247 3034; x_wconf 87' lang='lat' dir='ltr'>Spiritui</span> <span class='ocrx_word' id='word_1_467' title='bbox 277 2967 374 3020; x_wconf 91' lang='lat' dir='ltr'>Dei</span> <span class='ocrx_word' id='word_1_468' title='bbox 403 2968 711 3033; x_wconf 82' lang='lat' dir='ltr'>servimus,</span> <span class='ocrx_word' id='word_1_469' title='bbox 743 2968 837 3021; x_wconf 89' lang='lat' dir='ltr'>sed</span> <span class='ocrx_word' id='word_1_470' title='bbox 873 2967 1074 3037; x_wconf 89' lang='lat' dir='ltr'>spiritu</span> <span class='ocrx_word' id='word_1_471' title='bbox 1107 2968 1221 3020; x_wconf 90' lang='lat' dir='ltr'>Deo</span> <span class='ocrx_word' id='word_1_472' title='bbox 1262 2966 1556 3019; x_wconf 89' lang='lat' dir='ltr'>servimus.</span> <span class='ocrx_word' id='word_1_473' title='bbox 1588 2966 1603 3034; x_wconf 94' lang='lat'>)</span> <span class='ocrx_word' id='word_1_474' title='bbox 1635 2969 1708 3019; x_wconf 85' lang='lat' dir='ltr'>At</span> <span class='ocrx_word' id='word_1_475' title='bbox 1744 2979 1783 3034; x_wconf 86' lang='lat' dir='ltr'>c</span> <span class='ocrx_word' id='word_1_476' title='bbox 1822 2972 2006 3040; x_wconf 89' lang='lat' dir='ltr'>simpli</span> <span class='ocrx_word' id='word_1_477' title='bbox 2034 2970 2108 3023; x_wconf 88' lang='lat' dir='ltr'>ad</span> <span class='ocrx_word' id='word_1_478' title='bbox 2135 2970 2361 3037; x_wconf 87' lang='lat' dir='ltr'>duplum</span> <span class='ocrx_word' id='word_1_479' title='bbox 2391 2969 2652 3036; x_wconf 80' lang='lat' dir='ltr'>originem</span> <span class='ocrx_word' id='word_1_480' title='bbox 2683 2967 2905 3034; x_wconf 89' lang='lat' dir='ltr'>quidem</span> <span class='ocrx_word' id='word_1_481' title='bbox 2936 2983 2971 3020; x_wconf 92' lang='lat' dir='ltr'>a</span> <span class='ocrx_word' id='word_1_482' title='bbox 3005 2969 3242 3020; x_wconf 86' lang='lat' dir='ltr'>ternario</span> <span class='ocrx_word' id='word_1_483' title='bbox 3280 2983 3523 3030; x_wconf 87' lang='lat' dir='ltr'>numero,</span> 
     </span>
    </p>
   </div>
   <div class='ocr_carea' id='block_1_61' title="bbox 52 3053 1709 3124">
    <p class='ocr_par' dir='ltr' id='par_1_61' title="bbox 52 3053 1709 3124">
     <span class='ocr_line' id='line_1_61' title="bbox 52 3053 1709 3124; baseline 0.004 -22"><span class='ocrx_word' id='word_1_484' title='bbox 52 3055 166 3106; x_wconf 82' lang='lat' dir='ltr'>tom.</span> <span class='ocrx_word' id='word_1_485' title='bbox 201 3055 257 3121; x_wconf 90' lang='lat' dir='ltr'>V,</span> <span class='ocrx_word' id='word_1_486' title='bbox 287 3070 552 3109; x_wconf 89' lang='lat' dir='ltr'>sermone</span> <span class='ocrx_word' id='word_1_487' title='bbox 597 3058 723 3109; x_wconf 76' lang='lat'>169:</span> <span class='ocrx_word' id='word_1_488' title='bbox 775 3057 914 3120; x_wconf 83' lang='lat' dir='ltr'>Scio,</span> <span class='ocrx_word' id='word_1_489' title='bbox 944 3053 1152 3124; x_wconf 85' lang='lat' dir='ltr'>inquit,</span> <span class='ocrx_word' id='word_1_490' title='bbox 1182 3056 1467 3123; x_wconf 84' lang='lat' dir='ltr'>plerosque</span> <span class='ocrx_word' id='word_1_491' title='bbox 1505 3054 1709 3108; x_wconf 82' lang='lat' dir='ltr'>codices</span> 
     </span>
    </p>
   </div>
   <div class='ocr_carea' id='block_1_62' title="bbox 53 3140 1710 3213">
    <p class='ocr_par' dir='ltr' id='par_1_62' title="bbox 53 3140 1710 3213">
     <span class='ocr_line' id='line_1_62' title="bbox 53 3140 1710 3213; baseline 0.002 -21"><span class='ocrx_word' id='word_1_492' title='bbox 53 3140 291 3210; x_wconf 87' lang='lat' dir='ltr'>(Latinos,</span> <span class='ocrx_word' id='word_1_493' title='bbox 320 3159 454 3196; x_wconf 86' lang='lat' dir='ltr'>nam</span> <span class='ocrx_word' id='word_1_494' title='bbox 512 3143 580 3195; x_wconf 89' lang='lat' dir='ltr'>de</span> <span class='ocrx_word' id='word_1_495' title='bbox 611 3141 816 3196; x_wconf 64' lang='lat' dir='ltr'>Graecis</span> <span class='ocrx_word' id='word_1_496' title='bbox 841 3147 1038 3212; x_wconf 88' lang='lat' dir='ltr'>postea</span> <span class='ocrx_word' id='word_1_497' title='bbox 1068 3141 1084 3212; x_wconf 95' lang='lat'>)</span> <span class='ocrx_word' id='word_1_498' title='bbox 1119 3143 1330 3210; x_wconf 89' lang='lat' dir='ltr'>habere,</span> <span class='ocrx_word' id='word_1_499' title='bbox 1364 3143 1462 3213; x_wconf 89' lang='lat' dir='ltr'>qui</span> <span class='ocrx_word' id='word_1_500' title='bbox 1494 3142 1710 3212; x_wconf 89' lang='lat' dir='ltr'>Spiritu</span> 
     </span>
    </p>
   </div>
   <div class='ocr_carea' id='block_1_63' title="bbox 57 3228 1706 3300">
    <p class='ocr_par' dir='ltr' id='par_1_63' title="bbox 57 3228 1706 3300">
     <span class='ocr_line' id='line_1_63' title="bbox 57 3228 1706 3300; baseline 0.005 -23"><span class='ocrx_word' id='word_1_501' title='bbox 57 3228 144 3280; x_wconf 87' lang='lat' dir='ltr'>Deo</span> <span class='ocrx_word' id='word_1_502' title='bbox 181 3231 480 3294; x_wconf 82' lang='lat' dir='ltr'>servimus;</span> <span class='ocrx_word' id='word_1_503' title='bbox 538 3235 800 3298; x_wconf 89' lang='lat' dir='ltr'>quantum</span> <span class='ocrx_word' id='word_1_504' title='bbox 862 3235 1038 3284; x_wconf 90' lang='lat' dir='ltr'>autem</span> <span class='ocrx_word' id='word_1_505' title='bbox 1086 3233 1351 3300; x_wconf 88' lang='lat' dir='ltr'>inspicere</span> <span class='ocrx_word' id='word_1_506' title='bbox 1411 3234 1706 3300; x_wconf 85' lang='lat' dir='ltr'>potuimus,</span> 
     </span>
    </p>
   </div>
   <div class='ocr_carea' id='block_1_64' title="bbox 48 3317 1711 3389">
    <p class='ocr_par' dir='ltr' id='par_1_64' title="bbox 48 3317 1711 3389">
     <span class='ocr_line' id='line_1_64' title="bbox 48 3317 1711 3389; baseline 0.003 -22"><span class='ocrx_word' id='word_1_507' title='bbox 48 3317 196 3382; x_wconf 78' lang='lat' dir='ltr'>plures</span> <span class='ocrx_word' id='word_1_508' title='bbox 228 3321 400 3374; x_wconf 73' lang='lat' dir='ltr'>Graeci</span> <span class='ocrx_word' id='word_1_509' title='bbox 425 3323 527 3374; x_wconf 83' lang='lat' dir='ltr'>hoc</span> <span class='ocrx_word' id='word_1_510' title='bbox 558 3320 790 3374; x_wconf 89' lang='lat' dir='ltr'>habent:</span> <span class='ocrx_word' id='word_1_511' title='bbox 834 3317 935 3388; x_wconf 90' lang='lat' dir='ltr'>qui</span> <span class='ocrx_word' id='word_1_512' title='bbox 987 3318 1224 3389; x_wconf 84' lang='lat' dir='ltr'>Spiritui</span> <span class='ocrx_word' id='word_1_513' title='bbox 1289 3319 1386 3372; x_wconf 87' lang='lat' dir='ltr'>Dei</span> <span class='ocrx_word' id='word_1_514' title='bbox 1433 3319 1711 3372; x_wconf 89' lang='lat' dir='ltr'>servimus</span> 
     </span>
    </p>
   </div>
   <div class='ocr_carea' id='block_1_65' title="bbox 51 3405 1711 3477">
    <p class='ocr_par' dir='ltr' id='par_1_65' title="bbox 51 3405 1711 3477">
     <span class='ocr_line' id='line_1_65' title="bbox 51 3405 1711 3477; baseline 0.004 -24"><span class='ocrx_word' id='word_1_515' title='bbox 51 3405 161 3458; x_wconf 81' lang='lat' dir='ltr'>Vide</span> <span class='ocrx_word' id='word_1_516' title='bbox 188 3423 305 3477; x_wconf 72' lang='lat' dir='ltr'>qua:</span> <span class='ocrx_word' id='word_1_517' title='bbox 335 3409 403 3462; x_wconf 89' lang='lat' dir='ltr'>de</span> <span class='ocrx_word' id='word_1_518' title='bbox 444 3409 556 3461; x_wconf 89' lang='lat' dir='ltr'>hoc</span> <span class='ocrx_word' id='word_1_519' title='bbox 596 3407 717 3460; x_wconf 89' lang='lat' dir='ltr'>loco</span> <span class='ocrx_word' id='word_1_520' title='bbox 765 3407 938 3460; x_wconf 88' lang='lat' dir='ltr'>habet</span> <span class='ocrx_word' id='word_1_521' title='bbox 974 3408 1220 3461; x_wconf 89' lang='lat' dir='ltr'>Joannes</span> <span class='ocrx_word' id='word_1_522' title='bbox 1271 3407 1516 3460; x_wconf 88' lang='lat' dir='ltr'>Clericus</span> <span class='ocrx_word' id='word_1_523' title='bbox 1558 3407 1711 3460; x_wconf 89' lang='lat' dir='ltr'>Artis</span> 
     </span>
    </p>
   </div>
   <div class='ocr_carea' id='block_1_66' title="bbox 47 3493 1710 3566">
    <p class='ocr_par' dir='ltr' id='par_1_66' title="bbox 47 3493 1710 3566">
     <span class='ocr_line' id='line_1_66' title="bbox 47 3493 1710 3566; baseline 0.002 -23"><span class='ocrx_word' id='word_1_524' title='bbox 47 3493 222 3549; x_wconf 70' lang='lat' dir='ltr'>critica:</span> <span class='ocrx_word' id='word_1_525' title='bbox 268 3501 416 3566; x_wconf 88' lang='lat' dir='ltr'>part.</span> <span class='ocrx_word' id='word_1_526' title='bbox 491 3498 541 3561; x_wconf 88' lang='lat'>3,</span> <span class='ocrx_word' id='word_1_527' title='bbox 597 3499 727 3548; x_wconf 91' lang='lat' dir='ltr'>sect.</span> <span class='ocrx_word' id='word_1_528' title='bbox 759 3499 808 3549; x_wconf 82' lang='lat' dir='ltr'>l.</span> <span class='ocrx_word' id='word_1_529' title='bbox 849 3511 968 3564; x_wconf 89' lang='lat' dir='ltr'>cap.</span> <span class='ocrx_word' id='word_1_530' title='bbox 1010 3497 1258 3561; x_wconf 68' lang='grc' dir='ltr'>14,δ15.</span> <span class='ocrx_word' id='word_1_531' title='bbox 1295 3494 1562 3558; x_wconf 88' lang='lat' dir='ltr'>Quamvis</span> <span class='ocrx_word' id='word_1_532' title='bbox 1591 3509 1710 3548; x_wconf 90' lang='lat' dir='ltr'>cre-</span> 
     </span>
    </p>
   </div>
   <div class='ocr_carea' id='block_1_67' title="bbox 48 3580 1711 3654">
    <p class='ocr_par' dir='ltr' id='par_1_67' title="bbox 48 3580 1711 3654">
     <span class='ocr_line' id='line_1_67' title="bbox 48 3580 1711 3654; baseline 0.002 -22"><span class='ocrx_word' id='word_1_533' title='bbox 48 3580 216 3636; x_wconf 89' lang='lat' dir='ltr'>damus</span> <span class='ocrx_word' id='word_1_534' title='bbox 253 3601 344 3638; x_wconf 90' lang='lat' dir='ltr'>eos</span> <span class='ocrx_word' id='word_1_535' title='bbox 375 3600 600 3638; x_wconf 85' lang='lat' dir='ltr'>errasse</span> <span class='ocrx_word' id='word_1_536' title='bbox 643 3583 742 3654; x_wconf 91' lang='lat' dir='ltr'>qui</span> <span class='ocrx_word' id='word_1_537' title='bbox 785 3583 1056 3654; x_wconf 90' lang='lat' dir='ltr'>Spiritum</span> <span class='ocrx_word' id='word_1_538' title='bbox 1106 3587 1364 3636; x_wconf 89' lang='lat' dir='ltr'>sanctum</span> <span class='ocrx_word' id='word_1_539' title='bbox 1393 3588 1711 3636; x_wconf 86' lang='lat' dir='ltr'>creaturam</span> 
     </span>
    </p>
   </div>
   <div class='ocr_carea' id='block_1_68' title="bbox 49 3672 1708 3737">
    <p class='ocr_par' dir='ltr' id='par_1_68' title="bbox 49 3672 1708 3737">
     <span class='ocr_line' id='line_1_68' title="bbox 49 3672 1708 3737; baseline 0.003 -18"><span class='ocrx_word' id='word_1_540' title='bbox 49 3683 144 3723; x_wconf 84' lang='lat' dir='ltr'>esse</span> <span class='ocrx_word' id='word_1_541' title='bbox 180 3672 507 3737; x_wconf 85' lang='lat' dir='ltr'>voluerunt;</span> <span class='ocrx_word' id='word_1_542' title='bbox 540 3676 790 3726; x_wconf 77' lang='lat' dir='ltr'>attamen</span> <span class='ocrx_word' id='word_1_543' title='bbox 829 3672 936 3726; x_wconf 92' lang='lat' dir='ltr'>hoc</span> <span class='ocrx_word' id='word_1_544' title='bbox 962 3673 1084 3725; x_wconf 94' lang='lat' dir='ltr'>loco</span> <span class='ocrx_word' id='word_1_545' title='bbox 1116 3677 1310 3725; x_wconf 86' lang='lat' dir='ltr'>contra</span> <span class='ocrx_word' id='word_1_546' title='bbox 1341 3689 1438 3724; x_wconf 90' lang='lat' dir='ltr'>eos</span> <span class='ocrx_word' id='word_1_547' title='bbox 1473 3673 1552 3724; x_wconf 87' lang='lat' dir='ltr'>uti</span> <span class='ocrx_word' id='word_1_548' title='bbox 1584 3673 1708 3724; x_wconf 80' lang='lat' dir='ltr'>nol-</span> 
     </span>
    </p>
   </div>
   <div class='ocr_carea' id='block_1_69' title="bbox 48 3758 1710 3831">
    <p class='ocr_par' dir='ltr' id='par_1_69' title="bbox 48 3758 1710 3831">
     <span class='ocr_line' id='line_1_69' title="bbox 48 3758 1710 3831; baseline 0.002 -22"><span class='ocrx_word' id='word_1_549' title='bbox 48 3758 216 3826; x_wconf 84' lang='lat' dir='ltr'>lemus,</span> <span class='ocrx_word' id='word_1_550' title='bbox 245 3761 338 3815; x_wconf 92' lang='lat' dir='ltr'>ubi</span> <span class='ocrx_word' id='word_1_551' title='bbox 365 3763 620 3831; x_wconf 82' lang='lat' dir='ltr'>plerique</span> <span class='ocrx_word' id='word_1_552' title='bbox 642 3761 770 3814; x_wconf 85' lang='lat' dir='ltr'>libri</span> <span class='ocrx_word' id='word_1_553' title='bbox 795 3762 1000 3825; x_wconf 86' lang='lat' dir='ltr'>Latini,</span> <span class='ocrx_word' id='word_1_554' title='bbox 1025 3759 1466 3814; x_wconf 87' lang='lat' dir='ltr'>assentientibus</span> <span class='ocrx_word' id='word_1_555' title='bbox 1485 3767 1539 3812; x_wconf 87' lang='lat' dir='ltr'>et</span> <span class='ocrx_word' id='word_1_556' title='bbox 1568 3760 1710 3812; x_wconf 90' lang='lat' dir='ltr'>mul-</span> 
     </span>
    </p>
   </div>
   <div class='ocr_carea' id='block_1_70' title="bbox 49 3846 1712 3919">
    <p class='ocr_par' dir='ltr' id='par_1_70' title="bbox 49 3846 1712 3919">
     <span class='ocr_line' id='line_1_70' title="bbox 49 3846 1712 3919; baseline 0.003 -23"><span class='ocrx_word' id='word_1_557' title='bbox 49 3846 101 3898; x_wconf 87' lang='lat' dir='ltr'>tis</span> <span class='ocrx_word' id='word_1_558' title='bbox 127 3849 335 3918; x_wconf 65' lang='lat' dir='ltr'>Graecis,</span> <span class='ocrx_word' id='word_1_559' title='bbox 368 3854 526 3904; x_wconf 88' lang='lat' dir='ltr'>recte</span> <span class='ocrx_word' id='word_1_560' title='bbox 559 3849 861 3919; x_wconf 84' lang='lat' dir='ltr'>legebant:</span> <span class='ocrx_word' id='word_1_561' title='bbox 912 3851 1115 3916; x_wconf 86' lang='lat' dir='ltr'>spiritu</span> <span class='ocrx_word' id='word_1_562' title='bbox 1172 3852 1277 3903; x_wconf 91' lang='lat' dir='ltr'>Deo</span> <span class='ocrx_word' id='word_1_563' title='bbox 1304 3851 1613 3912; x_wconf 84' lang='lat' dir='ltr'>servientes,</span> <span class='ocrx_word' id='word_1_564' title='bbox 1648 3853 1712 3901; x_wconf 92' lang='lat' dir='ltr'>ut</span> 
     </span>
    </p>
   </div>
   <div class='ocr_carea' id='block_1_71' title="bbox 41 3933 1709 4009">
    <p class='ocr_par' dir='ltr' id='par_1_71' title="bbox 41 3933 1709 4009">
     <span class='ocr_line' id='line_1_71' title="bbox 41 3933 1709 4009; baseline -0.002 -20"><span class='ocrx_word' id='word_1_565' title='bbox 41 3933 137 4000; x_wconf 78' lang='lat' dir='ltr'>jam</span> <span class='ocrx_word' id='word_1_566' title='bbox 180 3938 431 4009; x_wconf 87' lang='lat' dir='ltr'>plerique</span> <span class='ocrx_word' id='word_1_567' title='bbox 483 3941 729 3989; x_wconf 88' lang='lat' dir='ltr'>censent.</span> <span class='ocrx_word' id='word_1_568' title='bbox 789 3936 1043 3989; x_wconf 86' lang='lat' dir='ltr'>Notanda</span> <span class='ocrx_word' id='word_1_569' title='bbox 1087 3935 1330 3988; x_wconf 85' lang='lat' dir='ltr'>varietas</span> <span class='ocrx_word' id='word_1_570' title='bbox 1381 3935 1709 4006; x_wconf 82' lang='lat' dir='ltr'>Augustini,</span> 
     </span>
    </p>
   </div>
   <div class='ocr_carea' id='block_1_72' title="bbox 46 4023 1712 4096">
    <p class='ocr_par' dir='ltr' id='par_1_72' title="bbox 46 4023 1712 4096">
     <span class='ocr_line' id='line_1_72' title="bbox 46 4023 1712 4096; baseline 0.001 -22"><span class='ocrx_word' id='word_1_571' title='bbox 46 4024 126 4092; x_wconf 87' lang='lat' dir='ltr'>qui</span> <span class='ocrx_word' id='word_1_572' title='bbox 165 4025 251 4079; x_wconf 89' lang='lat' dir='ltr'>hic</span> <span class='ocrx_word' id='word_1_573' title='bbox 287 4027 366 4080; x_wconf 87' lang='lat' dir='ltr'>ait</span> <span class='ocrx_word' id='word_1_574' title='bbox 410 4027 599 4096; x_wconf 86' lang='lat' dir='ltr'>plures</span> <span class='ocrx_word' id='word_1_575' title='bbox 648 4024 850 4078; x_wconf 83' lang='lat' dir='ltr'>codices</span> <span class='ocrx_word' id='word_1_576' title='bbox 896 4026 1117 4078; x_wconf 88' lang='lat' dir='ltr'>Latinos</span> <span class='ocrx_word' id='word_1_577' title='bbox 1163 4023 1374 4076; x_wconf 87' lang='lat' dir='ltr'>habere</span> <span class='ocrx_word' id='word_1_578' title='bbox 1417 4025 1530 4089; x_wconf 90' lang='lat' dir='ltr'>Dei,</span> <span class='ocrx_word' id='word_1_579' title='bbox 1587 4039 1712 4077; x_wconf 86' lang='lat' dir='ltr'>ser-</span> 
     </span>
    </p>
   </div>
   <div class='ocr_carea' id='block_1_73' title="bbox 45 4111 1712 4181">
    <p class='ocr_par' dir='ltr' id='par_1_73' title="bbox 45 4111 1712 4181">
     <span class='ocr_line' id='line_1_73' title="bbox 45 4111 1712 4181; baseline -0.001 -18"><span class='ocrx_word' id='word_1_580' title='bbox 45 4128 186 4168; x_wconf 90' lang='lat' dir='ltr'>mone</span> <span class='ocrx_word' id='word_1_581' title='bbox 215 4132 341 4168; x_wconf 89' lang='lat' dir='ltr'>vero</span> <span class='ocrx_word' id='word_1_582' title='bbox 371 4115 434 4168; x_wconf 90' lang='lat' dir='ltr'>in</span> <span class='ocrx_word' id='word_1_583' title='bbox 471 4115 591 4167; x_wconf 65' lang='lat' dir='ltr'>haec</span> <span class='ocrx_word' id='word_1_584' title='bbox 635 4113 805 4167; x_wconf 85' lang='lat' dir='ltr'>verba</span> <span class='ocrx_word' id='word_1_585' title='bbox 841 4113 1121 4181; x_wconf 87' lang='lat' dir='ltr'>plerosque</span> <span class='ocrx_word' id='word_1_586' title='bbox 1163 4111 1372 4164; x_wconf 89' lang='lat' dir='ltr'>habere</span> <span class='ocrx_word' id='word_1_587' title='bbox 1405 4115 1524 4165; x_wconf 88' lang='lat' dir='ltr'>Deo.</span> <span class='ocrx_word' id='word_1_588' title='bbox 1561 4112 1712 4164; x_wconf 68' lang='lat' dir='ltr'>Itur—</span> 
     </span>
    </p>
   </div>
   <div class='ocr_carea' id='block_1_74' title="bbox 44 4199 1713 4269">
    <p class='ocr_par' dir='ltr' id='par_1_74' title="bbox 44 4199 1713 4269">
     <span class='ocr_line' id='line_1_74' title="bbox 44 4199 1713 4269; baseline 0.001 -19"><span class='ocrx_word' id='word_1_589' title='bbox 44 4215 119 4252; x_wconf 90' lang='lat' dir='ltr'>sus</span> <span class='ocrx_word' id='word_1_590' title='bbox 147 4206 270 4257; x_wconf 86' lang='lat' dir='ltr'>tom.</span> <span class='ocrx_word' id='word_1_591' title='bbox 303 4205 362 4269; x_wconf 86' lang='grc' dir='ltr'>Χ,</span> <span class='ocrx_word' id='word_1_592' title='bbox 406 4203 509 4257; x_wconf 89' lang='lat' dir='ltr'>lib.</span> <span class='ocrx_word' id='word_1_593' title='bbox 576 4220 628 4255; x_wconf 67' lang='lat' dir='ltr'>ill</span> <span class='ocrx_word' id='word_1_594' title='bbox 674 4201 747 4254; x_wconf 88' lang='lat' dir='ltr'>ad</span> <span class='ocrx_word' id='word_1_595' title='bbox 800 4200 1172 4267; x_wconf 83' lang='lat' dir='ltr'>Bonifacium,</span> <span class='ocrx_word' id='word_1_596' title='bbox 1219 4217 1341 4268; x_wconf 88' lang='lat' dir='ltr'>cap.</span> <span class='ocrx_word' id='word_1_597' title='bbox 1390 4204 1444 4263; x_wconf 87' lang='lat'>7,</span> <span class='ocrx_word' id='word_1_598' title='bbox 1491 4199 1713 4252; x_wconf 87' lang='lat' dir='ltr'>codices</span> 
     </span>
    </p>
   </div>
   <div class='ocr_carea' id='block_1_75' title="bbox 43 4288 1716 4359">
    <p class='ocr_par' dir='ltr' id='par_1_75' title="bbox 43 4288 1716 4359">
     <span class='ocr_line' id='line_1_75' title="bbox 43 4288 1716 4359; baseline 0 -18"><span class='ocrx_word' id='word_1_599' title='bbox 43 4289 223 4344; x_wconf 86' lang='lat' dir='ltr'>habere</span> <span class='ocrx_word' id='word_1_600' title='bbox 247 4293 325 4345; x_wconf 85' lang='lat' dir='ltr'>ait</span> <span class='ocrx_word' id='word_1_601' title='bbox 371 4291 518 4344; x_wconf 89' lang='lat' dir='ltr'>alios</span> <span class='ocrx_word' id='word_1_602' title='bbox 557 4292 772 4359; x_wconf 85' lang='lat' dir='ltr'>Spiritu</span> <span class='ocrx_word' id='word_1_603' title='bbox 808 4292 930 4354; x_wconf 91' lang='lat' dir='ltr'>Deo,</span> <span class='ocrx_word' id='word_1_604' title='bbox 965 4288 1107 4341; x_wconf 88' lang='lat' dir='ltr'>alios</span> <span class='ocrx_word' id='word_1_605' title='bbox 1136 4288 1373 4356; x_wconf 87' lang='lat' dir='ltr'>Spiritui</span> <span class='ocrx_word' id='word_1_606' title='bbox 1408 4290 1532 4352; x_wconf 88' lang='lat' dir='ltr'>Deo,</span> <span class='ocrx_word' id='word_1_607' title='bbox 1575 4288 1716 4341; x_wconf 89' lang='lat' dir='ltr'>alios</span> 
     </span>
    </p>
   </div>
   <div class='ocr_carea' id='block_1_76' title="bbox 44 4377 1715 4448">
    <p class='ocr_par' dir='ltr' id='par_1_76' title="bbox 44 4377 1715 4448">
     <span class='ocr_line' id='line_1_76' title="bbox 44 4377 1715 4448; baseline -0.001 -16"><span class='ocrx_word' id='word_1_608' title='bbox 44 4379 252 4446; x_wconf 84' lang='lat' dir='ltr'>Spiritui</span> <span class='ocrx_word' id='word_1_609' title='bbox 275 4383 392 4435; x_wconf 90' lang='lat' dir='ltr'>Dei.</span> <span class='ocrx_word' id='word_1_610' title='bbox 429 4382 570 4434; x_wconf 68' lang='lat' dir='ltr'>Duae</span> <span class='ocrx_word' id='word_1_611' title='bbox 602 4379 820 4448; x_wconf 90' lang='lat' dir='ltr'>priores</span> <span class='ocrx_word' id='word_1_612' title='bbox 849 4377 1120 4431; x_wconf 87' lang='lat' dir='ltr'>lectiones</span> <span class='ocrx_word' id='word_1_613' title='bbox 1163 4382 1294 4430; x_wconf 89' lang='lat' dir='ltr'>sunt</span> <span class='ocrx_word' id='word_1_614' title='bbox 1323 4377 1514 4446; x_wconf 89' lang='lat' dir='ltr'>potius</span> <span class='ocrx_word' id='word_1_615' title='bbox 1545 4379 1715 4431; x_wconf 79' lang='lat' dir='ltr'>variae</span> 
     </span>
    </p>
   </div>
   <div class='ocr_carea' id='block_1_77' title="bbox 44 4465 1178 4539">
    <p class='ocr_par' dir='ltr' id='par_1_77' title="bbox 44 4465 1178 4539">
     <span class='ocr_line' id='line_1_77' title="bbox 44 4465 1178 4539; baseline 0.002 -22"><span class='ocrx_word' id='word_1_616' title='bbox 44 4466 518 4539; x_wconf 86' lang='lat' dir='ltr'>interpretationes</span> <span class='ocrx_word' id='word_1_617' title='bbox 558 4483 762 4520; x_wconf 90' lang='lat' dir='ltr'>vocum</span> <span class='ocrx_word' id='word_1_618' title='bbox 790 4465 1030 4526; x_wconf 75' lang='grc' dir='ltr'>πνεύματι</span> <span class='ocrx_word' id='word_1_619' title='bbox 1058 4467 1178 4526; x_wconf 77' lang='grc' dir='ltr'>Θεῷο</span> 
     </span>
    </p>
   </div>
   <div class='ocr_carea' id='block_1_78' title="bbox 99 4552 1716 4624">
    <p class='ocr_par' dir='ltr' id='par_1_78' title="bbox 99 4552 1716 4624">
     <span class='ocr_line' id='line_1_78' title="bbox 99 4552 1716 4624; baseline 0 -17"><span class='ocrx_word' id='word_1_620' title='bbox 99 4555 226 4624; x_wconf 86' lang='lat' dir='ltr'>Cap.</span> <span class='ocrx_word' id='word_1_621' title='bbox 271 4560 354 4619; x_wconf 87' lang='lat' dir='ltr'>l2,</span> <span class='ocrx_word' id='word_1_622' title='bbox 387 4561 414 4624; x_wconf 66' lang='grc' dir='ltr'><strong>ἓ</strong></span> <span class='ocrx_word' id='word_1_623' title='bbox 458 4560 546 4610; x_wconf 89' lang='grc'>23.</span> <span class='ocrx_word' id='word_1_624' title='bbox 604 4557 770 4610; x_wconf 83' lang='lat' dir='ltr'>Marc.</span> <span class='ocrx_word' id='word_1_625' title='bbox 810 4571 927 4622; x_wconf 78' lang='lat' dir='ltr'>xm,</span> <span class='ocrx_word' id='word_1_626' title='bbox 970 4556 1057 4609; x_wconf 81' lang='lat'>32.</span> <span class='ocrx_word' id='word_1_627' title='bbox 1098 4556 1170 4607; x_wconf 91' lang='lat' dir='ltr'>De</span> <span class='ocrx_word' id='word_1_628' title='bbox 1208 4552 1296 4606; x_wconf 85' lang='lat' dir='ltr'>die</span> <span class='ocrx_word' id='word_1_629' title='bbox 1322 4557 1373 4606; x_wconf 89' lang='lat' dir='ltr'>et</span> <span class='ocrx_word' id='word_1_630' title='bbox 1405 4555 1538 4607; x_wconf 85' lang='lat' dir='ltr'>hora</span> <span class='ocrx_word' id='word_1_631' title='bbox 1567 4569 1716 4607; x_wconf 90' lang='lat' dir='ltr'>nemo</span> 
     </span>
    </p>
   </div>
   <div class='ocr_carea' id='block_1_79' title="bbox 41 4641 1718 4713">
    <p class='ocr_par' dir='ltr' id='par_1_79' title="bbox 41 4641 1718 4713">
     <span class='ocr_line' id='line_1_79' title="bbox 41 4641 1718 4713; baseline 0 -18"><span class='ocrx_word' id='word_1_632' title='bbox 41 4646 140 4710; x_wconf 84' lang='lat' dir='ltr'>scit,</span> <span class='ocrx_word' id='word_1_633' title='bbox 166 4660 329 4712; x_wconf 87' lang='lat' dir='ltr'>neque</span> <span class='ocrx_word' id='word_1_634' title='bbox 359 4646 546 4713; x_wconf 81' lang='lat' dir='ltr'>angeli</span> <span class='ocrx_word' id='word_1_635' title='bbox 571 4646 630 4697; x_wconf 87' lang='lat' dir='ltr'>in</span> <span class='ocrx_word' id='word_1_636' title='bbox 658 4645 799 4706; x_wconf 59' lang='lat' dir='ltr'>caelo,</span> <span class='ocrx_word' id='word_1_637' title='bbox 829 4658 998 4711; x_wconf 89' lang='lat' dir='ltr'>neque</span> <span class='ocrx_word' id='word_1_638' title='bbox 1025 4642 1216 4709; x_wconf 85' lang='lat' dir='ltr'>Filius,</span> <span class='ocrx_word' id='word_1_639' title='bbox 1249 4643 1359 4695; x_wconf 87' lang='lat' dir='ltr'>nisi</span> <span class='ocrx_word' id='word_1_640' title='bbox 1400 4641 1586 4696; x_wconf 86' lang='lat' dir='ltr'>Pater.</span> <span class='ocrx_word' id='word_1_641' title='bbox 1631 4643 1718 4695; x_wconf 87' lang='lat' dir='ltr'>Ad</span> 
     </span>
    </p>
   </div>
   <div class='ocr_carea' id='block_1_80' title="bbox 42 4730 1715 4802">
    <p class='ocr_par' dir='ltr' id='par_1_80' title="bbox 42 4730 1715 4802">
     <span class='ocr_line' id='line_1_80' title="bbox 42 4730 1715 4802; baseline 0 -20"><span class='ocrx_word' id='word_1_642' title='bbox 42 4730 145 4783; x_wconf 64' lang='lat' dir='ltr'>haec</span> <span class='ocrx_word' id='word_1_643' title='bbox 187 4732 260 4785; x_wconf 88' lang='lat' dir='ltr'>ita</span> <span class='ocrx_word' id='word_1_644' title='bbox 317 4731 704 4802; x_wconf 85' lang='lat' dir='ltr'>Hipponensis</span> <span class='ocrx_word' id='word_1_645' title='bbox 759 4731 1094 4800; x_wconf 88' lang='lat' dir='ltr'>episcopus:</span> <span class='ocrx_word' id='word_1_646' title='bbox 1147 4732 1254 4782; x_wconf 86' lang='lat' dir='ltr'>Iloc</span> <span class='ocrx_word' id='word_1_647' title='bbox 1329 4731 1471 4782; x_wconf 87' lang='lat' dir='ltr'>enim</span> <span class='ocrx_word' id='word_1_648' title='bbox 1527 4731 1715 4793; x_wconf 87' lang='lat' dir='ltr'>nescit,</span> 
     </span>
    </p>
   </div>
   <div class='ocr_carea' id='block_1_81' title="bbox 42 4808 1720 4887">
    <p class='ocr_par' dir='ltr' id='par_1_81' title="bbox 42 4808 1720 4887">
     <span class='ocr_line' id='line_1_81' title="bbox 42 4808 1720 4887; baseline 0 -16"><span class='ocrx_word' id='word_1_649' title='bbox 42 4819 165 4885; x_wconf 81' lang='lat' dir='ltr'>quod</span> <span class='ocrx_word' id='word_1_650' title='bbox 206 4823 503 4876; x_wconf 76' lang='lat' dir='ltr'>nescientes</span> <span class='ocrx_word' id='word_1_651' title='bbox 549 4823 709 4887; x_wconf 82' lang='lat' dir='ltr'>facit,</span> <span class='ocrx_word' id='word_1_652' title='bbox 759 4819 819 4872; x_wconf 87' lang='lat' dir='ltr'>id</span> <span class='ocrx_word' id='word_1_653' title='bbox 861 4823 958 4884; x_wconf 91' lang='lat' dir='ltr'>est,</span> <span class='ocrx_word' id='word_1_654' title='bbox 1004 4808 1146 4886; x_wconf 77' lang='lat' dir='ltr'>quod</span> <span class='ocrx_word' id='word_1_655' title='bbox 1185 4833 1289 4871; x_wconf 90' lang='lat' dir='ltr'>non</span> <span class='ocrx_word' id='word_1_656' title='bbox 1317 4820 1398 4870; x_wconf 88' lang='lat' dir='ltr'>ita</span> <span class='ocrx_word' id='word_1_657' title='bbox 1435 4817 1635 4870; x_wconf 86' lang='lat' dir='ltr'>sciebat</span> <span class='ocrx_word' id='word_1_658' title='bbox 1658 4822 1720 4871; x_wconf 89' lang='lat' dir='ltr'>ut</span> 
     </span>
    </p>
   </div>
   <div class='ocr_carea' id='block_1_82' title="bbox 41 4905 1714 4981">
    <p class='ocr_par' dir='ltr' id='par_1_82' title="bbox 41 4905 1714 4981">
     <span class='ocr_line' id='line_1_82' title="bbox 41 4905 1714 4981; baseline -0.002 -19"><span class='ocrx_word' id='word_1_659' title='bbox 41 4916 148 4964; x_wconf 83' lang='lat' dir='ltr'>tunc</span> <span class='ocrx_word' id='word_1_660' title='bbox 174 4913 462 4981; x_wconf 81' lang='lat' dir='ltr'>discipulis</span> <span class='ocrx_word' id='word_1_661' title='bbox 493 4911 796 4964; x_wconf 87' lang='lat' dir='ltr'>indicaret:</span> <span class='ocrx_word' id='word_1_662' title='bbox 844 4909 984 4961; x_wconf 91' lang='lat' dir='ltr'>sicut</span> <span class='ocrx_word' id='word_1_663' title='bbox 1025 4906 1228 4959; x_wconf 89' lang='lat' dir='ltr'>dictum</span> <span class='ocrx_word' id='word_1_664' title='bbox 1275 4911 1352 4960; x_wconf 92' lang='lat' dir='ltr'>est</span> <span class='ocrx_word' id='word_1_665' title='bbox 1396 4905 1714 4959; x_wconf 86' lang='lat' dir='ltr'>Abraham:</span> 
     </span>
    </p>
   </div>
   <div class='ocr_carea' id='block_1_83' title="bbox 40 4995 1720 5071">
    <p class='ocr_par' dir='ltr' id='par_1_83' title="bbox 40 4995 1720 5071">
     <span class='ocr_line' id='line_1_83' title="bbox 40 4995 1720 5071; baseline -0.001 -23"><span class='ocrx_word' id='word_1_666' title='bbox 40 5012 172 5052; x_wconf 90' lang='lat' dir='ltr'>nunc</span> <span class='ocrx_word' id='word_1_667' title='bbox 199 4999 443 5071; x_wconf 89' lang='lat' dir='ltr'>cognovi</span> <span class='ocrx_word' id='word_1_668' title='bbox 473 4997 626 5069; x_wconf 88' lang='lat' dir='ltr'>quod</span> <span class='ocrx_word' id='word_1_669' title='bbox 657 4997 858 5051; x_wconf 85' lang='lat' dir='ltr'>timeas</span> <span class='ocrx_word' id='word_1_670' title='bbox 885 4996 1064 5048; x_wconf 91' lang='lat' dir='ltr'>Deum</span> <span class='ocrx_word' id='word_1_671' title='bbox 1090 5010 1103 5060; x_wconf 92' lang='lat'><strong>;</strong></span> <span class='ocrx_word' id='word_1_672' title='bbox 1134 4995 1196 5048; x_wconf 86' lang='lat' dir='ltr'>id</span> <span class='ocrx_word' id='word_1_673' title='bbox 1221 4999 1317 5059; x_wconf 90' lang='lat' dir='ltr'>est,</span> <span class='ocrx_word' id='word_1_674' title='bbox 1347 5009 1489 5047; x_wconf 87' lang='lat' dir='ltr'>nunc</span> <span class='ocrx_word' id='word_1_675' title='bbox 1515 4996 1623 5060; x_wconf 82' lang='lat' dir='ltr'>feci</span> <span class='ocrx_word' id='word_1_676' title='bbox 1659 4999 1720 5047; x_wconf 88' lang='lat' dir='ltr'>ut</span> 
     </span>
    </p>
   </div>
   <div class='ocr_carea' id='block_1_84' title="bbox 42 5082 1719 5156">
    <p class='ocr_par' dir='ltr' id='par_1_84' title="bbox 42 5082 1719 5156">
     <span class='ocr_line' id='line_1_84' title="bbox 42 5082 1719 5156; baseline -0.002 -19"><span class='ocrx_word' id='word_1_677' title='bbox 42 5103 374 5154; x_wconf 53' lang='lat' dir='ltr'>(agnosceres,</span> <span class='ocrx_word' id='word_1_678' title='bbox 406 5090 539 5156; x_wconf 90' lang='lat' dir='ltr'>quia</span> <span class='ocrx_word' id='word_1_679' title='bbox 567 5091 616 5140; x_wconf 89' lang='lat' dir='ltr'>et</span> <span class='ocrx_word' id='word_1_680' title='bbox 647 5088 763 5154; x_wconf 89' lang='lat' dir='ltr'>ipse</span> <span class='ocrx_word' id='word_1_681' title='bbox 794 5085 902 5138; x_wconf 91' lang='lat' dir='ltr'>sibi</span> <span class='ocrx_word' id='word_1_682' title='bbox 927 5085 986 5136; x_wconf 87' lang='lat' dir='ltr'>in</span> <span class='ocrx_word' id='word_1_683' title='bbox 1015 5084 1113 5136; x_wconf 87' lang='lat' dir='ltr'>illa</span> <span class='ocrx_word' id='word_1_684' title='bbox 1143 5085 1433 5136; x_wconf 88' lang='lat' dir='ltr'>tentatione</span> <span class='ocrx_word' id='word_1_685' title='bbox 1460 5082 1719 5150; x_wconf 89' lang='lat' dir='ltr'>probatus</span> 
     </span>
    </p>
   </div>
   <div class='ocr_carea' id='block_1_85' title="bbox 44 5167 1720 5247">
    <p class='ocr_par' dir='ltr' id='par_1_85' title="bbox 44 5167 1720 5247">
     <span class='ocr_line' id='line_1_85' title="bbox 44 5167 1720 5247; baseline -0.001 -25"><span class='ocrx_word' id='word_1_686' title='bbox 44 5175 297 5247; x_wconf 74' lang='lat' dir='ltr'>innotuit]</span> <span class='ocrx_word' id='word_1_687' title='bbox 343 5177 497 5229; x_wconf 72' lang='lat' dir='ltr'>Hanc</span> <span class='ocrx_word' id='word_1_688' title='bbox 527 5170 1058 5242; x_wconf 89' lang='lat' dir='ltr'>interpretationem</span> <span class='ocrx_word' id='word_1_689' title='bbox 1089 5170 1279 5224; x_wconf 85' lang='lat' dir='ltr'>Genes.</span> <span class='ocrx_word' id='word_1_690' title='bbox 1317 5185 1450 5233; x_wconf 65' lang='grc' dir='ltr'>χχιι,</span> <span class='ocrx_word' id='word_1_691' title='bbox 1481 5172 1564 5233; x_wconf 88' lang='lat' dir='ltr'>l2,</span> <span class='ocrx_word' id='word_1_692' title='bbox 1608 5167 1720 5220; x_wconf 84' lang='lat' dir='ltr'>vio-</span> 
     </span>
    </p>
   </div>
   <div class='ocr_carea' id='block_1_86' title="bbox 46 5255 1716 5331">
    <p class='ocr_par' dir='ltr' id='par_1_86' title="bbox 46 5255 1716 5331">
     <span class='ocr_line' id='line_1_86' title="bbox 46 5255 1716 5331; baseline -0.004 -16"><span class='ocrx_word' id='word_1_693' title='bbox 46 5261 234 5318; x_wconf 78' lang='lat' dir='ltr'>lentam</span> <span class='ocrx_word' id='word_1_694' title='bbox 265 5281 410 5326; x_wconf 89' lang='lat' dir='ltr'>esse,</span> <span class='ocrx_word' id='word_1_695' title='bbox 447 5262 493 5314; x_wconf 90' lang='lat' dir='ltr'>si</span> <span class='ocrx_word' id='word_1_696' title='bbox 515 5277 644 5331; x_wconf 61' lang='lat' dir='ltr'>quae</span> <span class='ocrx_word' id='word_1_697' title='bbox 675 5275 933 5330; x_wconf 89' lang='lat' dir='ltr'>unquam</span> <span class='ocrx_word' id='word_1_698' title='bbox 953 5258 1078 5319; x_wconf 85' lang='lat' dir='ltr'>fuit,</span> <span class='ocrx_word' id='word_1_699' title='bbox 1109 5257 1463 5310; x_wconf 87' lang='lat' dir='ltr'>ostendimus</span> <span class='ocrx_word' id='word_1_700' title='bbox 1484 5255 1554 5309; x_wconf 88' lang='lat' dir='ltr'>ad</span> <span class='ocrx_word' id='word_1_701' title='bbox 1575 5261 1716 5310; x_wconf 90' lang='lat' dir='ltr'>tom.</span> 
     </span>
    </p>
   </div>
   <div class='ocr_carea' id='block_1_87' title="bbox 47 5344 1718 5412">
    <p class='ocr_par' dir='ltr' id='par_1_87' title="bbox 47 5344 1718 5412">
     <span class='ocr_line' id='line_1_87' title="bbox 47 5344 1718 5412; baseline -0.004 -9"><span class='ocrx_word' id='word_1_702' title='bbox 47 5350 95 5412; x_wconf 80' lang='lat' dir='ltr'>V,</span> <span class='ocrx_word' id='word_1_703' title='bbox 124 5367 290 5405; x_wconf 87' lang='lat' dir='ltr'>serm.</span> <span class='ocrx_word' id='word_1_704' title='bbox 321 5355 376 5404; x_wconf 89' lang='lat'>2.</span> <span class='ocrx_word' id='word_1_705' title='bbox 416 5351 540 5404; x_wconf 85' lang='lat' dir='ltr'>Non</span> <span class='ocrx_word' id='word_1_706' title='bbox 570 5347 929 5402; x_wconf 89' lang='lat' dir='ltr'>commodior</span> <span class='ocrx_word' id='word_1_707' title='bbox 949 5351 1034 5400; x_wconf 87' lang='lat' dir='ltr'>est</span> <span class='ocrx_word' id='word_1_708' title='bbox 1072 5345 1182 5399; x_wconf 92' lang='lat' dir='ltr'>loci</span> <span class='ocrx_word' id='word_1_709' title='bbox 1217 5344 1403 5404; x_wconf 82' lang='lat' dir='ltr'>Marci.</span> <span class='ocrx_word' id='word_1_710' title='bbox 1433 5359 1537 5397; x_wconf 89' lang='lat' dir='ltr'>nec</span> <span class='ocrx_word' id='word_1_711' title='bbox 1558 5344 1718 5412; x_wconf 87' lang='lat' dir='ltr'>capio</span> 
     </span>
    </p>
   </div>
   <div class='ocr_carea' id='block_1_88' title="bbox 47 5430 1722 5506">
    <p class='ocr_par' dir='ltr' id='par_1_88' title="bbox 47 5430 1722 5506">
     <span class='ocr_line' id='line_1_88' title="bbox 47 5430 1722 5506; baseline -0.005 -16"><span class='ocrx_word' id='word_1_712' title='bbox 47 5437 131 5506; x_wconf 88' lang='lat' dir='ltr'>qui</span> <span class='ocrx_word' id='word_1_713' title='bbox 180 5455 236 5492; x_wconf 90' lang='lat' dir='ltr'>se</span> <span class='ocrx_word' id='word_1_714' title='bbox 282 5435 508 5492; x_wconf 82' lang='lat' dir='ltr'>Arianis</span> <span class='ocrx_word' id='word_1_715' title='bbox 556 5434 849 5489; x_wconf 89' lang='lat' dir='ltr'>silentium</span> <span class='ocrx_word' id='word_1_716' title='bbox 900 5432 1197 5503; x_wconf 89' lang='lat' dir='ltr'>imponere</span> <span class='ocrx_word' id='word_1_717' title='bbox 1237 5447 1402 5501; x_wconf 89' lang='lat' dir='ltr'>posse</span> <span class='ocrx_word' id='word_1_718' title='bbox 1441 5430 1722 5500; x_wconf 81' lang='lat' dir='ltr'>ejusmodi</span> 
     </span>
    </p>
   </div>
   <div class='ocr_carea' id='block_1_89' title="bbox 47 5517 1719 5594">
    <p class='ocr_par' dir='ltr' id='par_1_89' title="bbox 47 5517 1719 5594">
     <span class='ocr_line' id='line_1_89' title="bbox 47 5517 1719 5594; baseline -0.002 -20"><span class='ocrx_word' id='word_1_719' title='bbox 47 5525 396 5594; x_wconf 84' lang='lat' dir='ltr'>responsione</span> <span class='ocrx_word' id='word_1_720' title='bbox 446 5528 759 5594; x_wconf 87' lang='lat' dir='ltr'>sperarent.</span> <span class='ocrx_word' id='word_1_721' title='bbox 795 5521 931 5576; x_wconf 84' lang='lat' dir='ltr'>Vide</span> <span class='ocrx_word' id='word_1_722' title='bbox 963 5529 1298 5590; x_wconf 74' lang='lat' dir='ltr'>tamenquae.</span> <span class='ocrx_word' id='word_1_723' title='bbox 1329 5518 1472 5572; x_wconf 87' lang='lat' dir='ltr'>hanc</span> <span class='ocrx_word' id='word_1_724' title='bbox 1509 5517 1568 5570; x_wconf 92' lang='lat' dir='ltr'>in</span> <span class='ocrx_word' id='word_1_725' title='bbox 1599 5533 1719 5571; x_wconf 70' lang='lat' dir='ltr'>rem</span> 
     </span>
    </p>
   </div>
   <div class='ocr_carea' id='block_1_90' title="bbox 338 5627 910 5695">
    <p class='ocr_par' dir='ltr' id='par_1_90' title="bbox 338 5627 910 5695">
     <span class='ocr_line' id='line_1_90' title="bbox 338 5627 910 5695; baseline -0.01 0"><span class='ocrx_word' id='word_1_726' title='bbox 338 5628 614 5695; x_wconf 71' lang='grc' dir='ltr'>ΡΑτιιοι..</span> <span class='ocrx_word' id='word_1_727' title='bbox 666 5627 910 5694; x_wconf 82' lang='lat' dir='ltr'>XLVII.</span> 
     </span>
    </p>
   </div>
   <div class='ocr_carea' id='block_1_91' title="bbox 1819 3054 3524 3126">
    <p class='ocr_par' dir='ltr' id='par_1_91' title="bbox 1819 3054 3524 3126">
     <span class='ocr_line' id='line_1_91' title="bbox 1819 3054 3524 3126; baseline -0.003 -13"><span class='ocrx_word' id='word_1_728' title='bbox 1819 3076 1987 3113; x_wconf 88' lang='lat' dir='ltr'>unum</span> <span class='ocrx_word' id='word_1_729' title='bbox 2006 3060 2207 3126; x_wconf 89' lang='lat' dir='ltr'>quippe</span> <span class='ocrx_word' id='word_1_730' title='bbox 2254 3056 2327 3109; x_wconf 87' lang='lat' dir='ltr'>ad</span> <span class='ocrx_word' id='word_1_731' title='bbox 2355 3056 2460 3108; x_wconf 89' lang='lat' dir='ltr'>duo</span> <span class='ocrx_word' id='word_1_732' title='bbox 2509 3057 2619 3109; x_wconf 85' lang='lat' dir='ltr'>tria</span> <span class='ocrx_word' id='word_1_733' title='bbox 2665 3060 2822 3120; x_wconf 89' lang='lat' dir='ltr'>sunt;</span> <span class='ocrx_word' id='word_1_734' title='bbox 2855 3055 2949 3107; x_wconf 90' lang='lat' dir='ltr'>sed</span> <span class='ocrx_word' id='word_1_735' title='bbox 2995 3054 3088 3107; x_wconf 86' lang='lat' dir='ltr'>hoc</span> <span class='ocrx_word' id='word_1_736' title='bbox 3139 3059 3326 3121; x_wconf 90' lang='lat' dir='ltr'>totum,</span> <span class='ocrx_word' id='word_1_737' title='bbox 3380 3057 3524 3122; x_wconf 88' lang='lat' dir='ltr'>quod</span> 
     </span>
    </p>
   </div>
   <div class='ocr_carea' id='block_1_92' title="bbox 1820 3143 3524 3212">
    <p class='ocr_par' dir='ltr' id='par_1_92' title="bbox 1820 3143 3524 3212">
     <span class='ocr_line' id='line_1_92' title="bbox 1820 3143 3524 3212; baseline -0.002 -11"><span class='ocrx_word' id='word_1_738' title='bbox 1820 3147 1963 3212; x_wconf 64' lang='lat' dir='ltr'>disci,</span> <span class='ocrx_word' id='word_1_739' title='bbox 1999 3146 2074 3199; x_wconf 89' lang='lat' dir='ltr'>ad</span> <span class='ocrx_word' id='word_1_740' title='bbox 2089 3148 2361 3200; x_wconf 87' lang='lat' dir='ltr'>senarium</span> <span class='ocrx_word' id='word_1_741' title='bbox 2377 3145 2623 3212; x_wconf 85' lang='lat' dir='ltr'>pervenit</span> <span class='ocrx_word' id='word_1_742' title='bbox 2647 3159 2658 3209; x_wconf 92' lang='lat'>;</span> <span class='ocrx_word' id='word_1_743' title='bbox 2689 3159 2854 3195; x_wconf 89' lang='lat' dir='ltr'>unum</span> <span class='ocrx_word' id='word_1_744' title='bbox 2875 3144 3013 3194; x_wconf 88' lang='lat' dir='ltr'>enim</span> <span class='ocrx_word' id='word_1_745' title='bbox 3031 3148 3080 3194; x_wconf 89' lang='lat' dir='ltr'>ct</span> <span class='ocrx_word' id='word_1_746' title='bbox 3102 3143 3205 3195; x_wconf 86' lang='lat' dir='ltr'>duo</span> <span class='ocrx_word' id='word_1_747' title='bbox 3226 3148 3276 3197; x_wconf 89' lang='lat' dir='ltr'>et</span> <span class='ocrx_word' id='word_1_748' title='bbox 3298 3145 3408 3197; x_wconf 84' lang='lat' dir='ltr'>tria</span> <span class='ocrx_word' id='word_1_749' title='bbox 3427 3160 3524 3198; x_wconf 79' lang='lat' dir='ltr'>sea:</span> 
     </span>
    </p>
   </div>
   <div class='ocr_carea' id='block_1_93' title="bbox 1818 3231 3524 3305">
    <p class='ocr_par' dir='ltr' id='par_1_93' title="bbox 1818 3231 3524 3305">
     <span class='ocr_line' id='line_1_93' title="bbox 1818 3231 3524 3305; baseline -0.002 -17"><span class='ocrx_word' id='word_1_750' title='bbox 1818 3239 1973 3305; x_wconf 82' lang='lat' dir='ltr'>ﬁunt.</span> <span class='ocrx_word' id='word_1_751' title='bbox 2001 3235 2367 3299; x_wconf 86' lang='lat' dir='ltr'>Quinumerus</span> <span class='ocrx_word' id='word_1_752' title='bbox 2389 3236 2676 3300; x_wconf 86' lang='lat' dir='ltr'>propterea</span> <span class='ocrx_word' id='word_1_753' title='bbox 2696 3233 2968 3298; x_wconf 81' lang='lat' dir='ltr'>perfectus</span> <span class='ocrx_word' id='word_1_754' title='bbox 2991 3231 3215 3296; x_wconf 87' lang='lat' dir='ltr'>dicitur,</span> <span class='ocrx_word' id='word_1_755' title='bbox 3247 3233 3376 3300; x_wconf 84' lang='lat' dir='ltr'>quia</span> <span class='ocrx_word' id='word_1_756' title='bbox 3395 3249 3524 3300; x_wconf 87' lang='lat' dir='ltr'>par-</span> 
     </span>
    </p>
   </div>
   <div class='ocr_carea' id='block_1_94' title="bbox 1822 3319 3531 3388">
    <p class='ocr_par' dir='ltr' id='par_1_94' title="bbox 1822 3319 3531 3388">
     <span class='ocr_line' id='line_1_94' title="bbox 1822 3319 3531 3388; baseline -0.002 -11"><span class='ocrx_word' id='word_1_757' title='bbox 1822 3324 1964 3377; x_wconf 88' lang='lat' dir='ltr'>tibus</span> <span class='ocrx_word' id='word_1_758' title='bbox 2009 3324 2124 3376; x_wconf 87' lang='lat' dir='ltr'>suis</span> <span class='ocrx_word' id='word_1_759' title='bbox 2155 3321 2467 3388; x_wconf 87' lang='lat' dir='ltr'>completur.</span> <span class='ocrx_word' id='word_1_760' title='bbox 2501 3319 2672 3373; x_wconf 84' lang='lat' dir='ltr'>Habet</span> <span class='ocrx_word' id='word_1_761' title='bbox 2710 3320 2851 3371; x_wconf 81' lang='lat' dir='ltr'>enim</span> <span class='ocrx_word' id='word_1_762' title='bbox 2880 3319 3006 3372; x_wconf 86' lang='lat' dir='ltr'>illas</span> <span class='ocrx_word' id='word_1_763' title='bbox 3029 3323 3153 3383; x_wconf 75' lang='lat' dir='ltr'>tres,</span> <span class='ocrx_word' id='word_1_764' title='bbox 3177 3323 3404 3382; x_wconf 65' lang='lat' dir='ltr'>sextam,</span> <span class='ocrx_word' id='word_1_765' title='bbox 3432 3325 3531 3373; x_wconf 84' lang='lat' dir='ltr'>lcr-</span> 
     </span>
    </p>
   </div>
   <div class='ocr_carea' id='block_1_95' title="bbox 1822 3407 3526 3476">
    <p class='ocr_par' dir='ltr' id='par_1_95' title="bbox 1822 3407 3526 3476">
     <span class='ocr_line' id='line_1_95' title="bbox 1822 3407 3526 3476; baseline -0.001 -12"><span class='ocrx_word' id='word_1_766' title='bbox 1822 3414 1975 3476; x_wconf 88' lang='lat' dir='ltr'>tiam,</span> <span class='ocrx_word' id='word_1_767' title='bbox 2001 3410 2290 3463; x_wconf 89' lang='lat' dir='ltr'>dimidiam</span> <span class='ocrx_word' id='word_1_768' title='bbox 2316 3425 2328 3474; x_wconf 91' lang='lat'>;</span> <span class='ocrx_word' id='word_1_769' title='bbox 2355 3424 2446 3462; x_wconf 88' lang='lat' dir='ltr'>nec</span> <span class='ocrx_word' id='word_1_770' title='bbox 2468 3409 2581 3460; x_wconf 90' lang='lat' dir='ltr'>ulla</span> <span class='ocrx_word' id='word_1_771' title='bbox 2600 3422 2732 3476; x_wconf 84' lang='lat' dir='ltr'>pars</span> <span class='ocrx_word' id='word_1_772' title='bbox 2760 3409 2893 3474; x_wconf 88' lang='lat' dir='ltr'>alia,</span> <span class='ocrx_word' id='word_1_773' title='bbox 2915 3423 3032 3475; x_wconf 69' lang='lat' dir='ltr'>quae</span> <span class='ocrx_word' id='word_1_774' title='bbox 3051 3407 3162 3459; x_wconf 85' lang='lat' dir='ltr'>dici</span> <span class='ocrx_word' id='word_1_775' title='bbox 3170 3409 3342 3475; x_wconf 86' lang='lat' dir='ltr'>possit</span> <span class='ocrx_word' id='word_1_776' title='bbox 3363 3415 3526 3476; x_wconf 88' lang='lat' dir='ltr'>quota</span> 
     </span>
    </p>
   </div>
   <div class='ocr_carea' id='block_1_96' title="bbox 1819 3495 3524 3566">
    <p class='ocr_par' dir='ltr' id='par_1_96' title="bbox 1819 3495 3524 3566">
     <span class='ocr_line' id='line_1_96' title="bbox 1819 3495 3524 3566; baseline -0.003 -13"><span class='ocrx_word' id='word_1_777' title='bbox 1819 3503 1911 3566; x_wconf 88' lang='lat' dir='ltr'>sit,</span> <span class='ocrx_word' id='word_1_778' title='bbox 1947 3501 2220 3553; x_wconf 86' lang='lat' dir='ltr'>invenitur</span> <span class='ocrx_word' id='word_1_779' title='bbox 2245 3500 2302 3551; x_wconf 89' lang='lat' dir='ltr'>in</span> <span class='ocrx_word' id='word_1_780' title='bbox 2322 3497 2422 3566; x_wconf 74' lang='lat'>00.]</span> <span class='ocrx_word' id='word_1_781' title='bbox 2452 3497 2545 3549; x_wconf 62' lang='lat' dir='ltr'>llas</span> <span class='ocrx_word' id='word_1_782' title='bbox 2575 3499 2706 3548; x_wconf 89' lang='lat' dir='ltr'>sunt</span> <span class='ocrx_word' id='word_1_783' title='bbox 2727 3495 3032 3548; x_wconf 66' lang='lat' dir='ltr'>Platonicae</span> <span class='ocrx_word' id='word_1_784' title='bbox 3053 3499 3107 3547; x_wconf 89' lang='lat' dir='ltr'>et</span> <span class='ocrx_word' id='word_1_785' title='bbox 3135 3495 3524 3564; x_wconf 74' lang='lat' dir='ltr'>Pythagoricm</span> 
     </span>
    </p>
   </div>
   <div class='ocr_carea' id='block_1_97' title="bbox 1824 3580 3526 3656">
    <p class='ocr_par' dir='ltr' id='par_1_97' title="bbox 1824 3580 3526 3656">
     <span class='ocr_line' id='line_1_97' title="bbox 1824 3580 3526 3656; baseline -0.004 -17"><span class='ocrx_word' id='word_1_786' title='bbox 1824 3603 2009 3654; x_wconf 74' lang='lat' dir='ltr'>nugzn,</span> <span class='ocrx_word' id='word_1_787' title='bbox 2036 3586 2231 3656; x_wconf 88' lang='lat' dir='ltr'>quales</span> <span class='ocrx_word' id='word_1_788' title='bbox 2263 3587 2483 3635; x_wconf 86' lang='lat' dir='ltr'>exstant</span> <span class='ocrx_word' id='word_1_789' title='bbox 2506 3582 2655 3651; x_wconf 88' lang='lat' dir='ltr'>apud</span> <span class='ocrx_word' id='word_1_790' title='bbox 2679 3581 2973 3634; x_wconf 84' lang='lat' dir='ltr'>Philonem</span> <span class='ocrx_word' id='word_1_791' title='bbox 2996 3596 3123 3632; x_wconf 92' lang='lat' dir='ltr'>cum</span> <span class='ocrx_word' id='word_1_792' title='bbox 3152 3580 3305 3646; x_wconf 85' lang='lat' dir='ltr'>alibi,</span> <span class='ocrx_word' id='word_1_793' title='bbox 3330 3581 3526 3634; x_wconf 89' lang='lat' dir='ltr'>tumin</span> 
     </span>
    </p>
   </div>
   <div class='ocr_carea' id='block_1_98' title="bbox 1819 3668 3524 3738">
    <p class='ocr_par' dir='ltr' id='par_1_98' title="bbox 1819 3668 3524 3738">
     <span class='ocr_line' id='line_1_98' title="bbox 1819 3668 3524 3738; baseline -0.002 -11"><span class='ocrx_word' id='word_1_794' title='bbox 1819 3674 1965 3727; x_wconf 86' lang='lat' dir='ltr'>libro</span> <span class='ocrx_word' id='word_1_795' title='bbox 2005 3674 2074 3727; x_wconf 87' lang='lat' dir='ltr'>de</span> <span class='ocrx_word' id='word_1_796' title='bbox 2107 3671 2298 3727; x_wconf 88' lang='lat' dir='ltr'>Mundi</span> <span class='ocrx_word' id='word_1_797' title='bbox 2323 3670 2634 3730; x_wconf 87' lang='lat' dir='ltr'>Creatione,</span> <span class='ocrx_word' id='word_1_798' title='bbox 2670 3669 2846 3722; x_wconf 86' lang='lat' dir='ltr'>Nemo</span> <span class='ocrx_word' id='word_1_799' title='bbox 2865 3669 2986 3737; x_wconf 87' lang='lat' dir='ltr'>jam</span> <span class='ocrx_word' id='word_1_800' title='bbox 3014 3668 3222 3738; x_wconf 86' lang='lat' dir='ltr'>estqui</span> <span class='ocrx_word' id='word_1_801' title='bbox 3251 3669 3386 3722; x_wconf 88' lang='lat' dir='ltr'>talia</span> <span class='ocrx_word' id='word_1_802' title='bbox 3407 3686 3524 3722; x_wconf 88' lang='lat' dir='ltr'>non</span> 
     </span>
    </p>
   </div>
   <div class='ocr_carea' id='block_1_99' title="bbox 1822 3756 3526 3827">
    <p class='ocr_par' dir='ltr' id='par_1_99' title="bbox 1822 3756 3526 3827">
     <span class='ocr_line' id='line_1_99' title="bbox 1822 3756 3526 3827; baseline -0.002 -13"><span class='ocrx_word' id='word_1_803' title='bbox 1822 3763 2021 3827; x_wconf 90' lang='lat' dir='ltr'>rideat,</span> <span class='ocrx_word' id='word_1_804' title='bbox 2061 3777 2174 3814; x_wconf 91' lang='lat' dir='ltr'>non</span> <span class='ocrx_word' id='word_1_805' title='bbox 2221 3765 2442 3812; x_wconf 88' lang='lat' dir='ltr'>tantum</span> <span class='ocrx_word' id='word_1_806' title='bbox 2488 3758 2759 3826; x_wconf 88' lang='lat' dir='ltr'>petulanti</span> <span class='ocrx_word' id='word_1_807' title='bbox 2799 3756 2978 3824; x_wconf 79' lang='lat' dir='ltr'>Splene</span> <span class='ocrx_word' id='word_1_808' title='bbox 3021 3757 3300 3824; x_wconf 83' lang='lat' dir='ltr'>cachinno,</span> <span class='ocrx_word' id='word_1_809' title='bbox 3343 3757 3437 3810; x_wconf 90' lang='lat' dir='ltr'>sed</span> <span class='ocrx_word' id='word_1_810' title='bbox 3471 3764 3526 3810; x_wconf 90' lang='lat' dir='ltr'>et</span> 
     </span>
    </p>
   </div>
   <div class='ocr_carea' id='block_1_100' title="bbox 1822 3843 3524 3920">
    <p class='ocr_par' dir='ltr' id='par_1_100' title="bbox 1822 3843 3524 3920">
     <span class='ocr_line' id='line_1_100' title="bbox 1822 3843 3524 3920; baseline -0.004 -18"><span class='ocrx_word' id='word_1_811' title='bbox 1822 3849 1920 3920; x_wconf 88' lang='lat' dir='ltr'>qui</span> <span class='ocrx_word' id='word_1_812' title='bbox 1984 3854 2269 3918; x_wconf 88' lang='lat' dir='ltr'>negantur</span> <span class='ocrx_word' id='word_1_813' title='bbox 2324 3846 2540 3915; x_wconf 86' lang='lat' dir='ltr'>alioqui</span> <span class='ocrx_word' id='word_1_814' title='bbox 2595 3844 2801 3897; x_wconf 87' lang='lat' dir='ltr'>ridere.</span> <span class='ocrx_word' id='word_1_815' title='bbox 2853 3844 3028 3895; x_wconf 85' lang='lat' dir='ltr'>Nemo</span> <span class='ocrx_word' id='word_1_816' title='bbox 3064 3849 3150 3895; x_wconf 90' lang='lat' dir='ltr'>est</span> <span class='ocrx_word' id='word_1_817' title='bbox 3187 3843 3287 3912; x_wconf 90' lang='lat' dir='ltr'>qui</span> <span class='ocrx_word' id='word_1_818' title='bbox 3317 3843 3524 3896; x_wconf 85' lang='lat' dir='ltr'>talibus</span> 
     </span>
    </p>
   </div>
   <div class='ocr_carea' id='block_1_101' title="bbox 1822 3929 3526 3990">
    <p class='ocr_par' dir='ltr' id='par_1_101' title="bbox 1822 3929 3526 3990">
     <span class='ocr_line' id='line_1_101' title="bbox 1822 3929 3526 3990; baseline -0.004 0"><span class='ocrx_word' id='word_1_819' title='bbox 1822 3936 2161 3990; x_wconf 90' lang='lat' dir='ltr'>commentis</span> <span class='ocrx_word' id='word_1_820' title='bbox 2194 3951 2404 3988; x_wconf 91' lang='lat' dir='ltr'>nomen</span> <span class='ocrx_word' id='word_1_821' title='bbox 2433 3949 2601 3986; x_wconf 90' lang='lat' dir='ltr'>suum</span> <span class='ocrx_word' id='word_1_822' title='bbox 2633 3929 2836 3984; x_wconf 90' lang='lat' dir='ltr'>ascribi</span> <span class='ocrx_word' id='word_1_823' title='bbox 2869 3930 3018 3983; x_wconf 87' lang='lat' dir='ltr'>velit.</span> <span class='ocrx_word' id='word_1_824' title='bbox 3059 3931 3183 3982; x_wconf 67' lang='lat' dir='ltr'>llaic</span> <span class='ocrx_word' id='word_1_825' title='bbox 3223 3947 3288 3983; x_wconf 90' lang='lat' dir='ltr'>eo</span> <span class='ocrx_word' id='word_1_826' title='bbox 3337 3930 3526 3985; x_wconf 87' lang='lat' dir='ltr'>minus</span> 
     </span>
    </p>
   </div>
   <div class='ocr_carea' id='block_1_102' title="bbox 1821 4015 3524 4092">
    <p class='ocr_par' dir='ltr' id='par_1_102' title="bbox 1821 4015 3524 4092">
     <span class='ocr_line' id='line_1_102' title="bbox 1821 4015 3524 4092; baseline -0.004 -14"><span class='ocrx_word' id='word_1_827' title='bbox 1821 4023 2081 4088; x_wconf 81' lang='lat' dir='ltr'>terenda,</span> <span class='ocrx_word' id='word_1_828' title='bbox 2112 4022 2262 4092; x_wconf 86' lang='lat' dir='ltr'>quod</span> <span class='ocrx_word' id='word_1_829' title='bbox 2314 4021 2374 4074; x_wconf 89' lang='lat' dir='ltr'>in</span> <span class='ocrx_word' id='word_1_830' title='bbox 2422 4036 2481 4072; x_wconf 90' lang='lat' dir='ltr'>re</span> <span class='ocrx_word' id='word_1_831' title='bbox 2529 4019 2693 4083; x_wconf 88' lang='lat' dir='ltr'>seria,</span> <span class='ocrx_word' id='word_1_832' title='bbox 2729 4017 2774 4070; x_wconf 91' lang='lat' dir='ltr'>si</span> <span class='ocrx_word' id='word_1_833' title='bbox 2805 4033 2931 4087; x_wconf 79' lang='lat' dir='ltr'>quae</span> <span class='ocrx_word' id='word_1_834' title='bbox 2977 4015 3086 4069; x_wconf 86' lang='lat' dir='ltr'>alia</span> <span class='ocrx_word' id='word_1_835' title='bbox 3133 4022 3235 4080; x_wconf 87' lang='lat' dir='ltr'>est,</span> <span class='ocrx_word' id='word_1_836' title='bbox 3269 4021 3524 4072; x_wconf 89' lang='lat' dir='ltr'>versetur</span> 
     </span>
    </p>
   </div>
   <div class='ocr_carea' id='block_1_103' title="bbox 1822 4103 3526 4180">
    <p class='ocr_par' dir='ltr' id='par_1_103' title="bbox 1822 4103 3526 4180">
     <span class='ocr_line' id='line_1_103' title="bbox 1822 4103 3526 4180; baseline -0.004 -15"><span class='ocrx_word' id='word_1_837' title='bbox 1822 4112 1915 4165; x_wconf 93' lang='lat' dir='ltr'>hic</span> <span class='ocrx_word' id='word_1_838' title='bbox 1947 4109 2303 4180; x_wconf 83' lang='lat' dir='ltr'>Augustinus</span> <span class='ocrx_word' id='word_1_839' title='bbox 2333 4113 2392 4161; x_wconf 90' lang='lat' dir='ltr'>et</span> <span class='ocrx_word' id='word_1_840' title='bbox 2421 4108 2492 4160; x_wconf 88' lang='lat' dir='ltr'>ab</span> <span class='ocrx_word' id='word_1_841' title='bbox 2538 4104 2912 4174; x_wconf 88' lang='lat' dir='ltr'>inscriptione</span> <span class='ocrx_word' id='word_1_842' title='bbox 2962 4103 3150 4174; x_wconf 90' lang='lat' dir='ltr'>operis</span> <span class='ocrx_word' id='word_1_843' title='bbox 3198 4105 3285 4157; x_wconf 84' lang='lat' dir='ltr'>sui</span> <span class='ocrx_word' id='word_1_844' title='bbox 3335 4105 3526 4158; x_wconf 89' lang='lat' dir='ltr'>nescio</span> 
     </span>
    </p>
   </div>
   <div class='ocr_carea' id='block_1_104' title="bbox 1828 4192 3524 4270">
    <p class='ocr_par' dir='ltr' id='par_1_104' title="bbox 1828 4192 3524 4270">
     <span class='ocr_line' id='line_1_104' title="bbox 1828 4192 3524 4270; baseline -0.004 -18"><span class='ocrx_word' id='word_1_845' title='bbox 1828 4217 1941 4270; x_wconf 92' lang='lat' dir='ltr'>quo</span> <span class='ocrx_word' id='word_1_846' title='bbox 1991 4197 2361 4268; x_wconf 78' lang='lat' dir='ltr'>digredietur.</span> <span class='ocrx_word' id='word_1_847' title='bbox 2394 4196 2500 4249; x_wconf 89' lang='lat' dir='ltr'>Sed</span> <span class='ocrx_word' id='word_1_848' title='bbox 2550 4193 2715 4264; x_wconf 90' lang='lat' dir='ltr'>pauci</span> <span class='ocrx_word' id='word_1_849' title='bbox 2762 4197 2894 4246; x_wconf 90' lang='lat' dir='ltr'>sunt</span> <span class='ocrx_word' id='word_1_850' title='bbox 2936 4192 3238 4262; x_wconf 81' lang='lat' dir='ltr'>Augustini</span> <span class='ocrx_word' id='word_1_851' title='bbox 3291 4192 3421 4245; x_wconf 92' lang='lat' dir='ltr'>libri</span> <span class='ocrx_word' id='word_1_852' title='bbox 3464 4193 3524 4245; x_wconf 90' lang='lat' dir='ltr'>in</span> 
     </span>
    </p>
   </div>
   <div class='ocr_carea' id='block_1_105' title="bbox 1831 4280 3523 4358">
    <p class='ocr_par' dir='ltr' id='par_1_105' title="bbox 1831 4280 3523 4358">
     <span class='ocr_line' id='line_1_105' title="bbox 1831 4280 3523 4358; baseline -0.005 -17"><span class='ocrx_word' id='word_1_853' title='bbox 1831 4287 2038 4358; x_wconf 87' lang='lat' dir='ltr'>quibus</span> <span class='ocrx_word' id='word_1_854' title='bbox 2069 4303 2182 4340; x_wconf 87' lang='lat' dir='ltr'>non</span> <span class='ocrx_word' id='word_1_855' title='bbox 2215 4286 2328 4338; x_wconf 89' lang='lat' dir='ltr'>sint</span> <span class='ocrx_word' id='word_1_856' title='bbox 2358 4283 2740 4354; x_wconf 87' lang='lat' dir='ltr'>digressiones</span> <span class='ocrx_word' id='word_1_857' title='bbox 2784 4280 3070 4352; x_wconf 78' lang='lat' dir='ltr'>ejusmodi</span> <span class='ocrx_word' id='word_1_858' title='bbox 3099 4297 3227 4351; x_wconf 65' lang='lat' dir='ltr'>quas</span> <span class='ocrx_word' id='word_1_859' title='bbox 3268 4281 3523 4334; x_wconf 87' lang='lat' dir='ltr'>hiantem</span> 
     </span>
    </p>
   </div>
   <div class='ocr_carea' id='block_1_106' title="bbox 1824 4375 2503 4430">
    <p class='ocr_par' dir='ltr' id='par_1_106' title="bbox 1824 4375 2503 4430">
     <span class='ocr_line' id='line_1_106' title="bbox 1824 4375 2503 4430; baseline -0.007 0"><span class='ocrx_word' id='word_1_860' title='bbox 1824 4379 2095 4430; x_wconf 88' lang='lat' dir='ltr'>lectorem</span> <span class='ocrx_word' id='word_1_861' title='bbox 2125 4375 2503 4428; x_wconf 87' lang='lat' dir='ltr'>frustrentur.</span> 
     </span>
    </p>
   </div>
   <div class='ocr_carea' id='block_1_107' title="bbox 1897 4458 3528 4533">
    <p class='ocr_par' dir='ltr' id='par_1_107' title="bbox 1897 4458 3528 4533">
     <span class='ocr_line' id='line_1_107' title="bbox 1897 4458 3528 4533; baseline -0.003 -15"><span class='ocrx_word' id='word_1_862' title='bbox 1897 4466 2062 4518; x_wconf 79' lang='lat' dir='ltr'>Liano</span> <span class='ocrx_word' id='word_1_863' title='bbox 2095 4480 2144 4517; x_wconf 84' lang='grc' dir='ltr'>ν.</span> <span class='ocrx_word' id='word_1_864' title='bbox 2179 4463 2310 4533; x_wconf 87' lang='lat' dir='ltr'>Cap.</span> <span class='ocrx_word' id='word_1_865' title='bbox 2356 4465 2407 4525; x_wconf 83' lang='grc'>5,</span> <span class='ocrx_word' id='word_1_866' title='bbox 2465 4465 2491 4527; x_wconf 82' lang='lat'>§</span> <span class='ocrx_word' id='word_1_867' title='bbox 2524 4464 2574 4515; x_wconf 88' lang='lat'>6.</span> <span class='ocrx_word' id='word_1_868' title='bbox 2611 4461 2870 4525; x_wconf 88' lang='lat' dir='ltr'>Quamvis</span> <span class='ocrx_word' id='word_1_869' title='bbox 2903 4458 3174 4511; x_wconf 87' lang='lat' dir='ltr'>diversum</span> <span class='ocrx_word' id='word_1_870' title='bbox 3210 4458 3283 4511; x_wconf 85' lang='lat' dir='ltr'>sit</span> <span class='ocrx_word' id='word_1_871' title='bbox 3315 4459 3528 4513; x_wconf 87' lang='lat' dir='ltr'>Patrem</span> 
     </span>
    </p>
   </div>
   <div class='ocr_carea' id='block_1_108' title="bbox 1824 4546 3522 4615">
    <p class='ocr_par' dir='ltr' id='par_1_108' title="bbox 1824 4546 3522 4615">
     <span class='ocr_line' id='line_1_108' title="bbox 1824 4546 3522 4615; baseline -0.004 -8"><span class='ocrx_word' id='word_1_872' title='bbox 1824 4568 1934 4607; x_wconf 90' lang='lat' dir='ltr'>esse</span> <span class='ocrx_word' id='word_1_873' title='bbox 1980 4558 2030 4606; x_wconf 92' lang='lat' dir='ltr'>et</span> <span class='ocrx_word' id='word_1_874' title='bbox 2075 4553 2273 4605; x_wconf 85' lang='lat' dir='ltr'>Filium</span> <span class='ocrx_word' id='word_1_875' title='bbox 2322 4566 2449 4615; x_wconf 90' lang='lat' dir='ltr'>esse,</span> <span class='ocrx_word' id='word_1_876' title='bbox 2493 4564 2596 4602; x_wconf 89' lang='lat' dir='ltr'>non</span> <span class='ocrx_word' id='word_1_877' title='bbox 2623 4553 2700 4601; x_wconf 90' lang='lat' dir='ltr'>est</span> <span class='ocrx_word' id='word_1_878' title='bbox 2732 4552 2905 4600; x_wconf 84' lang='lat' dir='ltr'>tamen</span> <span class='ocrx_word' id='word_1_879' title='bbox 2935 4546 3150 4599; x_wconf 86' lang='lat' dir='ltr'>diversa</span> <span class='ocrx_word' id='word_1_880' title='bbox 3181 4546 3522 4613; x_wconf 87' lang='lat' dir='ltr'>substantia;</span> 
     </span>
    </p>
   </div>
   <div class='ocr_carea' id='block_1_109' title="bbox 1826 4635 3524 4710">
    <p class='ocr_par' dir='ltr' id='par_1_109' title="bbox 1826 4635 3524 4710">
     <span class='ocr_line' id='line_1_109' title="bbox 1826 4635 3524 4710; baseline -0.004 -16"><span class='ocrx_word' id='word_1_881' title='bbox 1826 4644 1959 4710; x_wconf 89' lang='lat' dir='ltr'>quia</span> <span class='ocrx_word' id='word_1_882' title='bbox 1985 4642 2091 4693; x_wconf 60' lang='lat' dir='ltr'>hac</span> <span class='ocrx_word' id='word_1_883' title='bbox 2141 4655 2246 4692; x_wconf 89' lang='lat' dir='ltr'>non</span> <span class='ocrx_word' id='word_1_884' title='bbox 2283 4636 2574 4691; x_wconf 85' lang='lat' dir='ltr'>secundum</span> <span class='ocrx_word' id='word_1_885' title='bbox 2618 4636 2980 4689; x_wconf 88' lang='lat' dir='ltr'>substantiam</span> <span class='ocrx_word' id='word_1_886' title='bbox 3024 4635 3301 4701; x_wconf 88' lang='lat' dir='ltr'>dicuntur,</span> <span class='ocrx_word' id='word_1_887' title='bbox 3331 4635 3425 4689; x_wconf 89' lang='lat' dir='ltr'>sed</span> <span class='ocrx_word' id='word_1_888' title='bbox 3443 4651 3524 4689; x_wconf 85' lang='lat' dir='ltr'>se-</span> 
     </span>
    </p>
   </div>
   <div class='ocr_carea' id='block_1_110' title="bbox 1825 4724 3525 4792">
    <p class='ocr_par' dir='ltr' id='par_1_110' title="bbox 1825 4724 3525 4792">
     <span class='ocr_line' id='line_1_110' title="bbox 1825 4724 3525 4792; baseline -0.004 -10"><span class='ocrx_word' id='word_1_889' title='bbox 1825 4729 2059 4783; x_wconf 86' lang='lat' dir='ltr'>cundum</span> <span class='ocrx_word' id='word_1_890' title='bbox 2092 4728 2416 4790; x_wconf 85' lang='lat' dir='ltr'>relativum;</span> <span class='ocrx_word' id='word_1_891' title='bbox 2444 4724 2589 4792; x_wconf 89' lang='lat' dir='ltr'>quod</span> <span class='ocrx_word' id='word_1_892' title='bbox 2622 4728 2798 4777; x_wconf 86' lang='lat' dir='ltr'>tamen</span> <span class='ocrx_word' id='word_1_893' title='bbox 2826 4724 3112 4776; x_wconf 86' lang='lat' dir='ltr'>relativum</span> <span class='ocrx_word' id='word_1_894' title='bbox 3139 4739 3244 4776; x_wconf 88' lang='lat' dir='ltr'>non</span> <span class='ocrx_word' id='word_1_895' title='bbox 3281 4726 3360 4776; x_wconf 87' lang='lat' dir='ltr'>est</span> <span class='ocrx_word' id='word_1_896' title='bbox 3384 4725 3525 4775; x_wconf 88' lang='lat' dir='ltr'>acci-</span> 
     </span>
    </p>
   </div>
   <div class='ocr_carea' id='block_1_111' title="bbox 1825 4806 3525 4882">
    <p class='ocr_par' dir='ltr' id='par_1_111' title="bbox 1825 4806 3525 4882">
     <span class='ocr_line' id='line_1_111' title="bbox 1825 4806 3525 4882; baseline -0.004 -14"><span class='ocrx_word' id='word_1_897' title='bbox 1825 4815 1976 4879; x_wconf 89' lang='lat' dir='ltr'>dens,</span> <span class='ocrx_word' id='word_1_898' title='bbox 2005 4817 2138 4882; x_wconf 88' lang='lat' dir='ltr'>quia</span> <span class='ocrx_word' id='word_1_899' title='bbox 2167 4828 2271 4866; x_wconf 85' lang='lat' dir='ltr'>non</span> <span class='ocrx_word' id='word_1_900' title='bbox 2291 4816 2369 4865; x_wconf 89' lang='lat' dir='ltr'>est</span> <span class='ocrx_word' id='word_1_901' title='bbox 2389 4806 2693 4879; x_wconf 65' lang='lat' dir='ltr'>mutabile]</span> <span class='ocrx_word' id='word_1_902' title='bbox 2728 4810 2986 4862; x_wconf 75' lang='lat' dir='ltr'>Notanda</span> <span class='ocrx_word' id='word_1_903' title='bbox 3013 4825 3114 4862; x_wconf 79' lang='lat' dir='ltr'>vox</span> <span class='ocrx_word' id='word_1_904' title='bbox 3142 4809 3378 4874; x_wconf 84' lang='lat' dir='ltr'>diversa,</span> <span class='ocrx_word' id='word_1_905' title='bbox 3411 4825 3525 4878; x_wconf 86' lang='lat' dir='ltr'>qua</span> 
     </span>
    </p>
   </div>
   <div class='ocr_carea' id='block_1_112' title="bbox 1825 4895 3524 4972">
    <p class='ocr_par' dir='ltr' id='par_1_112' title="bbox 1825 4895 3524 4972">
     <span class='ocr_line' id='line_1_112' title="bbox 1825 4895 3524 4972; baseline -0.004 -16"><span class='ocrx_word' id='word_1_906' title='bbox 1825 4903 2154 4972; x_wconf 86' lang='lat' dir='ltr'>frequenter</span> <span class='ocrx_word' id='word_1_907' title='bbox 2175 4899 2356 4953; x_wconf 91' lang='lat' dir='ltr'>hocin</span> <span class='ocrx_word' id='word_1_908' title='bbox 2379 4897 2607 4966; x_wconf 89' lang='lat' dir='ltr'>negotio</span> <span class='ocrx_word' id='word_1_909' title='bbox 2635 4895 2812 4948; x_wconf 89' lang='lat' dir='ltr'>utitur</span> <span class='ocrx_word' id='word_1_910' title='bbox 2836 4896 3218 4966; x_wconf 84' lang='lat' dir='ltr'>Augustinus;</span> <span class='ocrx_word' id='word_1_911' title='bbox 3243 4897 3524 4964; x_wconf 74' lang='lat' dir='ltr'>signiticet</span> 
     </span>
    </p>
   </div>
   <div class='ocr_carea' id='block_1_113' title="bbox 1828 4983 3522 5053">
    <p class='ocr_par' dir='ltr' id='par_1_113' title="bbox 1828 4983 3522 5053">
     <span class='ocr_line' id='line_1_113' title="bbox 1828 4983 3522 5053; baseline -0.005 -9"><span class='ocrx_word' id='word_1_912' title='bbox 1828 4991 1984 5045; x_wconf 86' lang='lat' dir='ltr'>enim</span> <span class='ocrx_word' id='word_1_913' title='bbox 2028 5005 2144 5042; x_wconf 91' lang='lat' dir='ltr'>non</span> <span class='ocrx_word' id='word_1_914' title='bbox 2188 4986 2534 5051; x_wconf 86' lang='lat' dir='ltr'>distinctam,</span> <span class='ocrx_word' id='word_1_915' title='bbox 2582 4984 2679 5037; x_wconf 90' lang='lat' dir='ltr'>sed</span> <span class='ocrx_word' id='word_1_916' title='bbox 2731 4983 2877 5037; x_wconf 86' lang='lat' dir='ltr'>alius</span> <span class='ocrx_word' id='word_1_917' title='bbox 2925 4984 3165 5052; x_wconf 87' lang='lat' dir='ltr'>generis.</span> <span class='ocrx_word' id='word_1_918' title='bbox 3213 4984 3340 5036; x_wconf 89' lang='lat' dir='ltr'>Vult</span> <span class='ocrx_word' id='word_1_919' title='bbox 3387 4999 3522 5053; x_wconf 88' lang='lat' dir='ltr'>ergo</span> 
     </span>
    </p>
   </div>
   <div class='ocr_carea' id='block_1_114' title="bbox 1822 5072 3526 5149">
    <p class='ocr_par' dir='ltr' id='par_1_114' title="bbox 1822 5072 3526 5149">
     <span class='ocr_line' id='line_1_114' title="bbox 1822 5072 3526 5149; baseline -0.004 -18"><span class='ocrx_word' id='word_1_920' title='bbox 1822 5079 2173 5149; x_wconf 80' lang='lat' dir='ltr'>pater-nitate,</span> <span class='ocrx_word' id='word_1_921' title='bbox 2229 5081 2290 5128; x_wconf 92' lang='lat' dir='ltr'>ut</span> <span class='ocrx_word' id='word_1_922' title='bbox 2332 5089 2460 5128; x_wconf 92' lang='lat' dir='ltr'>cum</span> <span class='ocrx_word' id='word_1_923' title='bbox 2524 5072 2872 5126; x_wconf 86' lang='lat' dir='ltr'>scholasticis</span> <span class='ocrx_word' id='word_1_924' title='bbox 2923 5072 3148 5140; x_wconf 88' lang='lat' dir='ltr'>loquar,</span> <span class='ocrx_word' id='word_1_925' title='bbox 3209 5074 3260 5124; x_wconf 88' lang='lat' dir='ltr'>et</span> <span class='ocrx_word' id='word_1_926' title='bbox 3304 5073 3526 5140; x_wconf 81' lang='lat' dir='ltr'>ﬁlietale</span> 
     </span>
    </p>
   </div>
   <div class='ocr_carea' id='block_1_115' title="bbox 1828 5159 3522 5231">
    <p class='ocr_par' dir='ltr' id='par_1_115' title="bbox 1828 5159 3522 5231">
     <span class='ocr_line' id='line_1_115' title="bbox 1828 5159 3522 5231; baseline -0.005 -10"><span class='ocrx_word' id='word_1_927' title='bbox 1828 5183 1942 5220; x_wconf 92' lang='lat' dir='ltr'>non</span> <span class='ocrx_word' id='word_1_928' title='bbox 1985 5165 2108 5219; x_wconf 83' lang='lat' dir='ltr'>ﬁeri</span> <span class='ocrx_word' id='word_1_929' title='bbox 2152 5165 2399 5218; x_wconf 89' lang='lat' dir='ltr'>duorum</span> <span class='ocrx_word' id='word_1_930' title='bbox 2431 5177 2711 5231; x_wconf 89' lang='lat' dir='ltr'>generum</span> <span class='ocrx_word' id='word_1_931' title='bbox 2733 5159 3094 5226; x_wconf 87' lang='lat' dir='ltr'>substantias,</span> <span class='ocrx_word' id='word_1_932' title='bbox 3129 5159 3224 5211; x_wconf 89' lang='lat' dir='ltr'>sed</span> <span class='ocrx_word' id='word_1_933' title='bbox 3249 5175 3344 5212; x_wconf 90' lang='lat' dir='ltr'>eas</span> <span class='ocrx_word' id='word_1_934' title='bbox 3371 5159 3522 5230; x_wconf 85' lang='lat' dir='ltr'>ejus-</span> 
     </span>
    </p>
   </div>
   <div class='ocr_carea' id='block_1_116' title="bbox 1828 5246 3526 5324">
    <p class='ocr_par' dir='ltr' id='par_1_116' title="bbox 1828 5246 3526 5324">
     <span class='ocr_line' id='line_1_116' title="bbox 1828 5246 3526 5324; baseline -0.004 -15"><span class='ocrx_word' id='word_1_935' title='bbox 1828 5256 1958 5310; x_wconf 86' lang='lat' dir='ltr'>dem</span> <span class='ocrx_word' id='word_1_936' title='bbox 1990 5252 2214 5324; x_wconf 89' lang='lat' dir='ltr'>generis</span> <span class='ocrx_word' id='word_1_937' title='bbox 2247 5267 2388 5317; x_wconf 89' lang='lat' dir='ltr'>esse,</span> <span class='ocrx_word' id='word_1_938' title='bbox 2434 5266 2496 5303; x_wconf 88' lang='lat' dir='ltr'>ac</span> <span class='ocrx_word' id='word_1_939' title='bbox 2526 5250 2648 5303; x_wconf 88' lang='lat' dir='ltr'>sola</span> <span class='ocrx_word' id='word_1_940' title='bbox 2680 5248 2955 5301; x_wconf 83' lang='lat' dir='ltr'>relatione</span> <span class='ocrx_word' id='word_1_941' title='bbox 2986 5247 3166 5300; x_wconf 86' lang='lat' dir='ltr'>Patris</span> <span class='ocrx_word' id='word_1_942' title='bbox 3197 5246 3268 5300; x_wconf 87' lang='lat' dir='ltr'>ad</span> <span class='ocrx_word' id='word_1_943' title='bbox 3301 5247 3526 5316; x_wconf 79' lang='lat' dir='ltr'>Filium,</span> 
     </span>
    </p>
   </div>
   <div class='ocr_carea' id='block_1_117' title="bbox 1833 5335 3529 5401">
    <p class='ocr_par' dir='ltr' id='par_1_117' title="bbox 1833 5335 3529 5401">
     <span class='ocr_line' id='line_1_117' title="bbox 1833 5335 3529 5401; baseline -0.002 -5"><span class='ocrx_word' id='word_1_944' title='bbox 1833 5342 1956 5397; x_wconf 86' lang='lat' dir='ltr'>Filii</span> <span class='ocrx_word' id='word_1_945' title='bbox 1989 5343 2057 5396; x_wconf 85' lang='lat' dir='ltr'>ad</span> <span class='ocrx_word' id='word_1_946' title='bbox 2118 5343 2346 5394; x_wconf 87' lang='lat' dir='ltr'>Patrem</span> <span class='ocrx_word' id='word_1_947' title='bbox 2378 5339 2690 5393; x_wconf 86' lang='lat' dir='ltr'>distinctas.</span> <span class='ocrx_word' id='word_1_948' title='bbox 2726 5337 2898 5391; x_wconf 85' lang='lat' dir='ltr'>Multa</span> <span class='ocrx_word' id='word_1_949' title='bbox 2917 5336 3023 5389; x_wconf 87' lang='lat' dir='ltr'>hac</span> <span class='ocrx_word' id='word_1_950' title='bbox 3054 5335 3122 5389; x_wconf 92' lang='lat' dir='ltr'>de</span> <span class='ocrx_word' id='word_1_951' title='bbox 3155 5352 3233 5401; x_wconf 92' lang='lat' dir='ltr'>re,</span> <span class='ocrx_word' id='word_1_952' title='bbox 3266 5337 3362 5390; x_wconf 89' lang='lat' dir='ltr'>sed</span> <span class='ocrx_word' id='word_1_953' title='bbox 3393 5339 3529 5392; x_wconf 86' lang='lat' dir='ltr'>satis</span> 
     </span>
    </p>
   </div>
   <div class='ocr_carea' id='block_1_118' title="bbox 1830 5423 3526 5498">
    <p class='ocr_par' dir='ltr' id='par_1_118' title="bbox 1830 5423 3526 5498">
     <span class='ocr_line' id='line_1_118' title="bbox 1830 5423 3526 5498; baseline -0.004 -13"><span class='ocrx_word' id='word_1_954' title='bbox 1830 5431 2094 5485; x_wconf 87' lang='lat' dir='ltr'>intricata</span> <span class='ocrx_word' id='word_1_955' title='bbox 2152 5429 2325 5482; x_wconf 86' lang='lat' dir='ltr'>habet</span> <span class='ocrx_word' id='word_1_956' title='bbox 2375 5427 2602 5496; x_wconf 90' lang='lat' dir='ltr'>Dionys.</span> <span class='ocrx_word' id='word_1_957' title='bbox 2676 5423 2934 5478; x_wconf 88' lang='lat' dir='ltr'>Petavius</span> <span class='ocrx_word' id='word_1_958' title='bbox 3000 5424 3200 5493; x_wconf 90' lang='lat' dir='ltr'>Dogm.</span> <span class='ocrx_word' id='word_1_959' title='bbox 3256 5425 3526 5498; x_wconf 87' lang='lat' dir='ltr'>Theolog.</span> 
     </span>
    </p>
   </div>
   <div class='ocr_carea' id='block_1_119' title="bbox 1832 5515 2917 5582">
    <p class='ocr_par' dir='ltr' id='par_1_119' title="bbox 1832 5515 2917 5582">
     <span class='ocr_line' id='line_1_119' title="bbox 1832 5515 2917 5582; baseline -0.006 -11"><span class='ocrx_word' id='word_1_960' title='bbox 1832 5525 1968 5572; x_wconf 89' lang='lat' dir='ltr'>tom.</span> <span class='ocrx_word' id='word_1_961' title='bbox 1999 5517 2066 5582; x_wconf 87' lang='lat' dir='ltr'>ll,</span> <span class='ocrx_word' id='word_1_962' title='bbox 2101 5517 2196 5569; x_wconf 88' lang='lat' dir='ltr'>lib.</span> <span class='ocrx_word' id='word_1_963' title='bbox 2232 5515 2300 5569; x_wconf 89' lang='lat' dir='ltr'>de</span> <span class='ocrx_word' id='word_1_964' title='bbox 2332 5515 2534 5568; x_wconf 87' lang='lat' dir='ltr'>Trinit.</span> <span class='ocrx_word' id='word_1_965' title='bbox 2570 5529 2641 5578; x_wconf 80' lang='grc' dir='ltr'>ιν,</span> <span class='ocrx_word' id='word_1_966' title='bbox 2675 5527 2796 5581; x_wconf 86' lang='lat' dir='ltr'>cap.</span> <span class='ocrx_word' id='word_1_967' title='bbox 2839 5515 2917 5564; x_wconf 89' lang='lat' dir='ltr'>ll.</span> 
     </span>
    </p>
   </div>
   <div class='ocr_carea' id='block_1_120' title="bbox 3099 5626 3174 5682">
    <p class='ocr_par' dir='ltr' id='par_1_120' title="bbox 3099 5626 3174 5682">
     <span class='ocr_line' id='line_1_120' title="bbox 3099 5626 3174 5682; baseline 0 0"><span class='ocrx_word' id='word_1_968' title='bbox 3099 5626 3174 5682; x_wconf 81' lang='grc'>17</span> 
     </span>
    </p>
   </div>
  </div>
