3920 6180
366 278 468 330 523

1367 271 1928 327 SUPPLEMENTUM
1971 272 2063 326 AD
2100 271 2332 328 OPERA
2370 274 2427 328 S.
2468 270 2857 328 AUGUSTINI.
3518 330 3525 333 _
3685 285 3764 338 524

438 398 571 469 Cap.
604 401 657 466 8,
701 402 729 466 ς
776 401 807 452 9
840 403 895 451 et
927 400 1009 451 10.
1060 396 1363 451 Essentiam
1407 393 1527 447 dico
1560 409 1678 463 quae
1707 392 1848 441 οὐσία
1878 394 2061 448 Graece
2096 401 2141 454 Α
2172 394 2435 465 gustinus
2460 410 2473 448 :
2501 397 2698 448 Tamen
2717 410 2837 448 cum
2862 394 3130 463 quwritur
3157 396 3283 461 quia
3299 399 3394 449 tres
3416 398 3629 465 ?magna
3654 418 3768 470 pror-

367 487 592 556 dicitur,
642 502 804 556 quam
846 487 1101 540 usitatius
1145 481 1520 537 substantiam
1555 497 1825 537 vocamus.
1873 484 2068 537 Dicunt

370 577 588 645 quidem
617 580 667 629 et
693 576 780 629 illi
800 572 1165 644 hypostasin;
1198 572 1292 626 sed
1314 573 1488 626 nescio
1518 571 1654 639 quid
1680 572 1865 625 volunt
1903 573 2067 624 inter-

371 682 480 721 esse
507 668 650 719 inter
676 663 854 716 usiam
884 667 933 715 et
962 660 1321 731 hypostasin;
1356 662 1438 714 ita
1465 665 1526 714 ut
1576 661 1821 730 plerique
1863 662 2060 728 nostri,

369 756 466 822 qui
504 754 612 806 haec
659 753 842 804 Graeco
887 753 1124 804 tractant
1179 750 1410 817 eloquio,
1469 748 1646 803 dicere
1698 750 2067 803 consueverint

372 840 485 901 μίαν
530 839 728 898 οὺσίαν,
794 837 919 901 τρεῖς
978 836 1261 891 ὑποστάσεις
1314 836 1457 905 quod
1502 842 1579 891 est
1632 836 1846 903 Latine,
1900 852 2065 890 unam

369 930 672 995 essentiam,
704 931 808 981 tres
837 925 1229 994 substantias.]
1254 925 1370 978 Hoc
1400 929 1502 991 est,
1533 924 1703 979 unius
1734 924 1970 995 quidem
1992 939 2064 994 ge

369 1016 523 1070 neris
540 1015 871 1084 essentiam,
896 1014 995 1068 sed
1013 1017 1129 1068 tres
1151 1012 1443 1068 distinctas
1468 1013 1831 1079 substantias,
1857 1017 1914 1067 at
1943 1028 2065 1067 non

369 1104 617 1159 diversas
644 1124 656 1136 ο
703 1104 792 1157 vel
843 1119 1018 1157 unam
1064 1100 1369 1155 essentiam
1393 1100 1455 1154 in
1492 1100 1675 1155 tribus
1707 1100 2060 1167 substantiis,

369 1209 497 1263 quae.
526 1192 685 1247 varia
706 1192 983 1246 duntaxat
1011 1189 1356 1245 subsistendi
1383 1190 1621 1256 ratione,
1657 1189 1765 1244 hoc
1794 1193 1879 1243 est
1914 1188 2061 1243 rela-

368 1282 624 1337 tionibus
653 1280 943 1335 differunt.

437 1370 573 1440 Cap.
628 1373 680 1424 9.
733 1369 838 1424 Sed
880 1370 1010 1439 quia
1064 1372 1252 1422 nostra
1299 1366 1552 1436 loquendi
1591 1365 1913 1421 consuetudo
1941 1366 2062 1434 jam

366 1459 597 1513 obtinuit
642 1463 703 1512 ut
755 1459 848 1511 hoc
890 1458 1252 1525 intelligatur,
1296 1471 1415 1510 cum
1452 1455 1683 1509 dicimus
1734 1453 2057 1520 essentiam,

369 1547 513 1615 quod
541 1548 867 1613 intelligitur
894 1561 1012 1600 cum
1041 1546 1273 1599 dicimus
1300 1544 1707 1612 substantiam;
1740 1560 1846 1598 non
1891 1543 2059 1598 aude-

367 1652 485 1691 mus
531 1636 707 1690 dicere
750 1651 924 1689 unam
973 1634 1299 1701 essentiam,
1351 1638 1466 1688 tres
1522 1632 1899 1699 substantias;
1965 1632 2060 1687 sed

366 1740 543 1778 unam
574 1724 899 1793 essentiam,
927 1724 1010 1777 vel
1039 1722 1435 1789 substantiam,
1466 1728 1581 1776 tres
1623 1725 1815 1776 autem
1862 1736 2058 1792 perso-

365 1830 504 1881 nas;
559 1814 1010 1883 quemadmodum
1058 1813 1217 1866 multi
1255 1812 1444 1865 Latini
1501 1813 1611 1865 ista
1674 1814 1967 1864 tractantes
2010 1817 2061 1865 et

363 1901 522 1970 digni
548 1904 871 1957 auctoritate
899 1901 1185 1966 dixerunt,
1210 1915 1329 1954 cum
1357 1900 1528 1953 alium
1551 1899 1768 1953 modum
1797 1900 2061 1968 aptiorem

363 2006 469 2044 non
514 1991 817 2044 invenirent
867 2004 971 2058 quo
1016 1990 1361 2043 enuntiarent
1406 1986 1584 2041 verbis
1613 1989 1758 2056 quod
1796 1989 1913 2042 sine
1938 2002 2058 2041 ver-

363 2079 442 2132 bis
485 2075 905 2148 intelligebant.]
950 2075 1171 2131 Similia
1214 2075 1493 2130 habemus
1534 2074 1635 2131 lib.
1690 2091 1786 2137 v11,
1838 2090 1965 2145 cap.
2000 2075 2054 2137 4,

364 2170 393 2235 §
441 2172 498 2222 7.
548 2166 725 2223 Miror
771 2168 1056 2222 essentiam
1104 2169 1160 2219 et
1205 2166 1569 2220 substantiam
1630 2163 1802 2219 mista
1863 2163 2055 2231 fuisse,

363 2275 495 2313 cum
525 2258 639 2313 sint
668 2259 909 2313 diversm
938 2257 1374 2328 signiﬁcationis
1403 2273 1604 2323 voces;
1633 2257 1880 2328 ideoque
1927 2274 2059 2312 cum

362 2363 499 2402 voce
541 2347 851 2402 substantia
896 2362 1013 2401 non
1069 2350 1289 2401 careret
1329 2344 1530 2416 lingua
1578 2344 1798 2409 Latina,
1829 2344 2061 2401 inventa

363 2440 511 2490 esset
552 2450 661 2489 vox
713 2436 967 2501 essentia,
1028 2449 1135 2488 nec
1183 2433 1253 2488 ab
1302 2432 1539 2488 eruditis
1569 2432 1869 2504 repudiata
1893 2434 2059 2505 quasi

361 2522 601 2577 inutilis.
650 2521 1034 2586 Quintilianus
1078 2520 1263 2575 Instit.
1304 2521 1521 2576 Orator.
1573 2521 1672 2576 lib.
1706 2539 1787 2589 Ill,
1832 2538 1953 2593 cap.
1984 2527 2054 2577 8:

361 2613 536 2667 Multa
579 2628 647 2666 ea:
696 2614 880 2666 Graeco
925 2611 1164 2677 formata
1207 2624 1347 2664 nova
1395 2624 1457 2663 ac
1498 2610 1743 2679 plurima
1798 2626 1834 2664 a
1874 2610 2059 2678 Sergio

362 2702 565 2767 Flavio,
617 2714 845 2771 quorum
900 2698 1043 2753 dura
1093 2698 1342 2766 quaedam
1370 2698 1662 2753 admodum
1696 2698 1972 2764 videntur,
1998 2702 2060 2753 ut

361 2805 461 2844 ens
498 2793 549 2843 et
603 2786 886 2853 essentia;
937 2802 1056 2857 qua:
1097 2803 1194 2841 cur
1244 2791 1520 2856 tantopere
1543 2801 1892 2857 aspernemur
1919 2787 2059 2841 nihil

316 2934 327 2943 ,
358 2880 533 2948 video,
566 2881 677 2934 nisi
703 2878 849 2947 quod
865 2879 1045 2947 iniqui
1057 2876 1268 2947 judices
1289 2875 1549 2930 adversus
1566 2890 1662 2930 nos
1681 2889 1886 2941 sumus,
1908 2874 2054 2929 ideo-

2172 498 2264 538 sus
2292 485 2482 553 inopia
2510 484 2803 537 humanum
2841 484 3054 537 laborat
3090 483 3367 551 eloquium.
3408 487 3593 541 Dictum
3616 495 3681 543 est
3704 497 3769 544 ta-

2170 588 2290 626 men
2313 577 2426 627 tres
2454 588 2733 643 personas,
2780 587 2888 625 non
2914 576 2976 625 ut
3002 571 3143 625 illud
3162 571 3432 640 diceretur,
3464 576 3547 629 sed
3575 593 3631 631 ne
3661 585 3772 634 tace-

2170 667 2340 716 retur.
2393 662 2509 715 Hoc
2555 666 2659 729 est,
2703 676 2820 715 non
2850 664 2914 715 ut
2958 660 3242 715 diceretur
3268 671 3377 715 tres
3404 676 3513 717 esse
3534 681 3770 734 personas,

2172 748 2369 822 quales
2389 755 2520 804 sunt
2548 755 2660 804 tres
2688 749 2973 813 homines,
3024 749 3125 820 qui
3171 750 3419 819 quamvis
3445 752 3549 806 sint
3572 754 3774 824 ejusdem

2171 840 2397 912 speciei,
2444 843 2636 894 tamen
2684 838 2959 893 differunt
3003 839 3253 893 multum
3281 838 3423 893 inter
3448 857 3519 902 se,
3555 843 3775 911 separati-

2170 947 2282 1001 que
2309 933 2460 992 sunt,
2492 934 2550 982 et
2595 927 2835 982 seorsim
2890 932 3089 998 agunt,
3124 927 3313 998 qualia
3332 927 3389 980 in
3412 928 3597 982 divinis
3621 946 3775 1001 perso-

2170 1037 2273 1074 nas
2302 1036 2423 1074 esse
2453 1034 2618 1090 posse
2645 1017 3157 1088 meritonegabant
3184 1021 3408 1071 veteres.
3438 1018 3561 1072 Vide
3603 1019 3684 1074 lib.
3708 1038 3777 1087 vn,

2169 1125 2293 1180 cap.
2324 1110 2378 1176 4,
2410 1110 2437 1175 §
2466 1113 2520 1174 7,
2554 1110 2586 1161 8
2615 1110 2673 1160 et
2703 1110 2754 1161 9.
3138 1160 3143 1165 .

2241 1196 2359 1250 Lib.
2385 1213 2459 1249 v1.
2494 1196 2635 1266 Cap.
2680 1199 2727 1263 l,
2763 1198 2791 1263 §
2823 1198 2871 1249 l.
2903 1197 3052 1249 Inter
3078 1193 3462 1263 disputationes
3508 1210 3628 1264 quas
3657 1196 3778 1250 habe-

2170 1281 2300 1335 bant
2346 1286 2518 1336 nostri
2564 1284 2823 1337 adversus
2872 1297 2957 1337 eos
2987 1281 3269 1353 (Arianos)
3307 1283 3400 1349 qui
3426 1281 3661 1348 dicebant,
3690 1285 3782 1337 Erat

2168 1373 2396 1441 tempus
2423 1372 2651 1442 quando
2693 1386 2809 1425 non
2861 1374 2983 1424 erat
3018 1370 3229 1439 Filius;
3262 1371 3395 1424 hanc
3424 1373 3574 1424 etiam
3596 1375 3784 1426 nonnulli

2167 1461 2631 1514 ratiocinationem
2657 1459 3001 1514 inserebant:
3038 1460 3101 1514 Si
3130 1460 3226 1512 Dei
3272 1459 3436 1512 Filius
3475 1460 3630 1512 virtus
3664 1464 3783 1513 etsu-

2162 1549 2375 1616 pientia
2408 1549 2498 1602 Dei
2524 1552 2622 1616 est,
2652 1563 2745 1601 nec
2774 1562 3015 1616 unquam
3049 1549 3187 1600 Deus
3216 1548 3330 1601 sine
3358 1548 3607 1615 sapientia
3629 1563 3678 1600 ac
3707 1549 3786 1600 cir-

2170 1639 2282 1691 tute
2325 1638 2456 1704 fuit,
2507 1642 2796 1690 coaeternus
2834 1640 2914 1689 est
2953 1638 3058 1689 Deo
3088 1637 3244 1689 Patri
3271 1635 3461 1689 Filius.
3501 1635 3633 1688 Dicit
3656 1641 3786 1688 autem

2169 1724 2462 1795 Apostolus
2496 1725 2786 1781 Christum
2826 1725 2926 1778 Dei
2955 1724 3226 1778 virtutem
3269 1727 3326 1777 et
3363 1724 3462 1778 Dei
3496 1709 3784 1794 sapientiam,

2171 1818 2220 1867 et
2244 1817 2411 1868 Deum
2465 1814 2762 1883 aliquando
2800 1829 2906 1868 non
2949 1814 3199 1867 habuisse
3240 1815 3488 1867 virtutem
3522 1816 3607 1866 aut
3630 1815 3788 1882 sapien-

2172 1904 2324 1969 tiam,
2356 1903 2615 1957 dementis
2644 1908 2723 1957 est
2748 1902 2955 1969 dicere;
2988 1917 3094 1957 non
3117 1904 3293 1969 igitur
3312 1905 3425 1955 erat
3447 1906 3631 1971 tempus
3653 1917 3786 1969 quan-

2170 1989 2238 2045 do
2272 2006 2379 2045 non
2436 1996 2554 2046 erat
2601 1989 2822 2062 Filius]
2881 1983 3059 2045 Nemo
3090 2006 3211 2044 non
3238 1989 3389 2044 videt
3417 1989 3786 2060 paralogismnm

2169 2078 2323 2133 hunc
2369 2095 2515 2149 esse,
2563 2083 2619 2134 et
2658 2078 2864 2133 merito
2913 2078 3072 2147 rejici
3112 2079 3181 2132 ab
3230 2079 3540 2149 Augustino
3574 2083 3789 2149 sequente

2168 2167 2334 2235 libro,
2391 2171 2457 2221 ut
2504 2172 2561 2221 et
2601 2166 2825 2222 ultimo.
2886 2167 3030 2221 Nam
3077 2166 3362 2237 sapientia
3401 2166 3569 2220 Patris
3611 2167 3710 2236 ejus
3732 2171 3789 2219 est

2168 2254 2505 2325 proprietas,
2534 2255 2719 2326 qualis
2761 2271 2878 2309 non
2912 2260 2997 2309 est
3027 2255 3203 2309 Filius
3228 2272 3242 2323 ;
3272 2255 3371 2326 qui
3403 2272 3434 2309 a
3463 2255 3621 2309 Paulo
3646 2255 3663 2308 Ι
3694 2254 3786 2308 Cor.

2169 2359 2207 2410 ι,
2256 2346 2344 2409 24,
2404 2343 2612 2398 dicitur
2653 2345 2830 2398 virtus
2895 2348 2943 2398 et
2990 2346 3266 2413 sapientia
3333 2346 3525 2411 Patris,
3579 2343 3791 2397 duntaxat

2169 2432 2327 2503 quod
2354 2433 2414 2486 in
2445 2449 2513 2487 eo
2542 2432 2790 2487 maxime
2829 2433 3170 2487 emicuerint
3193 2434 3453 2503 potentia
3498 2437 3549 2486 et
3575 2430 3791 2502 sapientia

2170 2519 2291 2576 Dei.
2350 2521 2617 2574 Attamen
2667 2520 2749 2574 sic
2794 2520 2961 2574 multi
2984 2523 3245 2576 veterum
3274 2520 3582 2576 ratiocinati
3605 2522 3728 2585 sunt,
3752 2522 3793 2570 ut

2167 2607 2415 2662 ostendit
2468 2608 2697 2679 Dionys.
2750 2608 3012 2662 Petavius
3059 2608 3129 2663 de
3158 2609 3369 2664 Trinit.
3409 2610 3501 2663 lib.
3528 2626 3597 2675 v1,
3631 2624 3730 2678 cap.
3754 2611 3789 2660 9.

2168 2696 2278 2752 Sed
2307 2701 2364 2751 et
2398 2702 2529 2751 ante
2578 2697 2789 2752 Ariana
2834 2704 3115 2768 tempora,
3149 2698 3430 2768 ejusmodi
3472 2695 3789 2752 ratiocinatio-

2168 2801 2270 2839 nes
2299 2792 2627 2855 occurrunt,
2665 2802 2796 2841 cum
2830 2788 3012 2841 Deum
3040 2789 3366 2842 rationalem
3412 2787 3653 2851 dixerint,
3684 2786 3792 2856 quod

2166 2873 2432 2929 habuerit
2466 2874 2621 2945 apud
2660 2890 2718 2928 se
2764 2876 3048 2929 rationem.
3090 2874 3230 2930 Vide
3259 2874 3620 2945 Athenagorae
3643 2873 3795 2944 Apolo-

360 2985 461 3038 que
487 2972 809 3038 paupertate
836 2968 1093 3021 sermonis
1126 2965 1454 3022 laboramus.
1482 2965 1627 3019 Sane
1655 2980 1761 3018 nec
1798 2962 2055 3034 superio-
2086 2979 2126 3034 ρ
2166 2962 2322 3032 giam
2347 2979 2449 3034 pro
2474 2962 2831 3030 Christianis,
2854 2967 2910 3017 et
2930 2962 3352 3018 Tertullianum
3378 2968 3565 3018 contra
3583 2965 3793 3017 Praxeam

360 3073 489 3110 rum
548 3055 891 3110 saeculorum
932 3051 1329 3123 metaphysici,
1380 3068 1484 3107 nec
1538 3051 1718 3106 nostri
1778 3051 2056 3123 temporis

360 3143 689 3215 philosophi
734 3158 800 3196 ac
845 3139 1101 3211 theologi
1148 3156 1214 3194 ea
1261 3156 1395 3194 voce
1437 3156 1630 3195 carere
1696 3139 2052 3211 potuissent;

360 3233 447 3288 uti
484 3248 609 3299 nec,
643 3230 765 3285 sine
813 3246 1025 3301 magna
1070 3228 1467 3299 ambiguitate,
1523 3245 1649 3283 eam
1706 3228 2055 3282 confundere

360 3336 490 3374 cum
532 3319 862 3374 substantia.
907 3318 1133 3371 Veteres
1181 3320 1374 3370 autem
1422 3332 1552 3370 cum
1583 3331 1747 3369 unam
1773 3318 2057 3370 essentiam

362 3414 460 3465 aut
485 3408 848 3464 substantiam
874 3406 936 3459 in
964 3404 1171 3459 divinis
1203 3404 1485 3466 dicebant,
1512 3403 1909 3474 intelligebant
1926 3401 2055 3458 uni-

361 3500 537 3552 tatem
564 3494 916 3566 speciﬁcam;
949 3509 1081 3547 cum
1112 3498 1218 3547 tres
1260 3507 1543 3562 personas,
1577 3495 1691 3545 tres
1714 3491 2057 3546 substantias

360 3599 478 3637 non
535 3581 804 3647 diversas,
852 3579 953 3634 sed
994 3578 1307 3634 distinctas.
1365 3579 1443 3632 De
1493 3577 1709 3632 unitate
1755 3577 1884 3633 vide
1927 3593 2057 3650 quae

362 3671 513 3725 infra
565 3669 663 3724 lib.
719 3684 793 3736 vt,
849 3684 971 3739 cap.
1029 3671 1082 3737 3,
1132 3667 1161 3739 ἕ
1212 3669 1267 3723 4.
1346 3669 1551 3723 Revera
1610 3668 1770 3733 enim,
1830 3666 2058 3738 subjicit

360 3758 731 3831 Augustinus,
765 3773 883 3811 cum
911 3758 1070 3812 Pater
1098 3772 1206 3811 non
1232 3758 1307 3811 sit
1334 3756 1526 3822 Filius,
1559 3760 1609 3810 et
1647 3758 1819 3811 Filius
1850 3771 1956 3811 non
1985 3758 2058 3811 sit

359 3852 538 3917 Pater,
590 3854 640 3903 et
687 3849 927 3917 Spiritus
973 3851 1192 3901 sanctus
1243 3846 1356 3915 ille,
1389 3847 1485 3914 qui
1530 3846 1695 3899 etiam
1734 3845 1933 3899 donum
1952 3846 2060 3900 Dei

356 3942 601 4007 vocatur,
641 3952 735 3991 nec
785 3938 948 3991 Pater
991 3937 1084 4002 sit,
1140 3950 1233 3989 nec
1294 3934 1487 4001 Filius,
1528 3938 1632 3989 tres
1671 3937 1857 4003 utique
1905 3940 2051 3992 sunt.

355 4027 584 4096 Ideoque
611 4025 901 4094 pluraliter
932 4023 1137 4078 dictum
1156 4026 1235 4077 est
1261 4038 1274 4076 :
1310 4023 1424 4093 Ego
1453 4026 1509 4077 et
1540 4023 1705 4076 Pater
1732 4038 1916 4076 unum
1955 4038 2056 4077 su-

358 4131 525 4177 mus;
582 4130 689 4169 non
714 4116 857 4169 enim
906 4112 1076 4182 discit,
1118 4128 1284 4167 unum
1326 4116 1424 4179 est,
1468 4111 1613 4180 quod
1640 4111 1940 4166 Sabelliani
1967 4112 2053 4165 di-

355 4207 501 4273 cunt,
548 4203 661 4271 sed,
706 4218 890 4257 unum
939 4216 1154 4254 sumus.
1200 4199 1630 4254 Observandum
1667 4200 2053 4270 Augustinum

2164 3068 2288 3123 cap.
2322 3055 2372 3105 5.
2407 3050 2712 3118 Nimirum,
2746 3050 2910 3106 bonis
2939 3051 3052 3106 illis
3081 3051 3219 3106 viris
3257 3051 3549 3123 placebant
3574 3065 3676 3103 non
3698 3051 3793 3100 tan-

2161 3143 2288 3194 tum
2333 3138 2799 3195 ratiocinationes
2848 3140 2920 3194 ad
2964 3139 3177 3211 logicas
3203 3140 3364 3210 leges
3396 3156 3576 3194 severe
3616 3141 3791 3199 exacta,

2164 3228 2263 3282 sed
2293 3232 2350 3282 et
2406 3244 2536 3298 quae
2585 3228 2705 3282 sola
2735 3229 2923 3299 specie
2950 3229 3133 3283 ﬁrmae
3164 3233 3349 3283 erant.
3384 3228 3548 3282 Miror
3574 3231 3646 3282 tot
3668 3223 3793 3278 verba

2161 3315 2308 3369 hanc
2351 3316 2410 3370 in
2457 3332 2581 3370 rem
2635 3316 2956 3387 profudisse
3025 3317 3432 3388 Augustinum,
3484 3331 3603 3371 cum
3648 3311 3793 3385 paucis

2162 3402 2416 3475 expediri
2473 3410 2684 3475 posset.
2733 3405 2844 3460 Sed
2892 3406 3074 3460 multa
3119 3405 3372 3462 scribere
3424 3404 3595 3460 videri
3641 3398 3792 3467 voluit,

2160 3491 2552 3563 potius'quam
2583 3492 2652 3547 ad
2683 3508 2805 3548 rem
2827 3492 3108 3548 facientia.

2235 3582 2407 3635 [ωηο
2433 3598 2526 3635 vn.
2562 3581 2696 3652 Cap.
2734 3584 2783 3648 1,
2818 3583 2846 3648 §
2879 3584 2933 3637 2.
2982 3583 3191 3636 Contra
3239 3598 3339 3637 eos
3368 3580 3467 3652 qui
3489 3580 3554 3635 de
3596 3577 3712 3633 Filio
3733 3575 3792 3627 lo-

2162 3668 2507 3739 quebantur,
2538 3669 2701 3740 quasi
2727 3670 2987 3724 essentia:
3019 3670 3199 3724 Patris
3256 3670 3457 3725 fuisset
3483 3667 3784 3741 praprietas:

2164 3758 2431 3824 Quomodo
2477 3774 2602 3827 ergo
2647 3759 2890 3828 ejusdem
2943 3763 3183 3815 essentia
3238 3762 3433 3824 Filius,
3490 3759 3633 3826 cujus
3656 3758 3791 3816 Pater,

2162 3846 2602 3916 quandoquidem
2656 3848 2731 3902 ad
2768 3850 3001 3917 seipsum
3020 3864 3113 3903 nec
3141 3852 3377 3903 essentia
3404 3854 3499 3917 est,
3529 3862 3615 3901 nec
3634 3841 3793 3897 omnim

2162 3939 2240 3990 est
2286 3935 2360 3989 ad
2405 3938 2632 4005 seipum,
2687 3936 2782 3991 sed
2828 3939 2991 3991 etiam
3038 3952 3149 3991 esse
3176 3938 3252 3991 ad
3280 3939 3479 3992 Filium
3507 3937 3588 3990 illi
3611 3932 3713 3988 est9
3741 3928 3793 3982 At

2162 4024 2304 4077 enim
2329 4024 2495 4078 multo
2525 4026 2699 4091 magis
2725 4026 2887 4079 unius
2915 4025 3262 4095 ejusdemque
3291 4026 3550 4091 essentia,
3580 4024 3693 4091 quia
3713 4029 3791 4070 una

2163 4110 2452 4180 eademque
2480 4113 2713 4166 essentia
2741 4114 2902 4166 Pater
2922 4117 2972 4165 et
3000 4113 3209 4179 Filius;
3236 4110 3658 4181 quandoquidem
3681 4102 3793 4160 Patri

2160 4213 2267 4252 non
2320 4198 2394 4252 ad
2439 4201 2675 4269 seipsum
2731 4203 2810 4254 est
2850 4202 3031 4269 ipsum
3060 4215 3187 4267 esse,
3220 4200 3317 4255 sed
3346 4201 3421 4254 ad
3445 4200 3646 4263 Filium,
3672 4204 3793 4262 quam

355 4297 703 4361 craterasque
734 4306 933 4345 omnes
964 4294 1182 4342 veteres
1204 4303 1319 4341 non
1362 4287 1570 4353 dicere,
1621 4287 2045 4357 paternitatem,
2079 4288 2122 4343 D
2160 4289 2445 4342 essentiam
2494 4290 2697 4356 genuit,
2752 4292 2802 4342 et
2831 4305 2942 4358 qua
2965 4291 3196 4343 essentia
3229 4294 3310 4343 est
3338 4286 3603 4357 quidquid
3624 4288 3703 4347 est,
3728 4277 3791 4332 ni-

354 4380 669 4445 ﬁlietatem,
723 4382 779 4433 et
829 4375 1316 4447 spiritualitatem,
1368 4377 1427 4426 ut
1466 4373 1795 4429 scholastice
1826 4377 2050 4447 loquar,

354 4467 466 4520 tria
513 4482 652 4526 esse,
713 4468 812 4521 aut
854 4469 969 4518 tres
1014 4460 1319 4518 relationes
1354 4460 1415 4514 in
1445 4460 1616 4515 unica
1642 4477 1884 4516 numero
1916 4465 2048 4519 sub-

356 4554 587 4622 stantia,
634 4557 699 4608 ut
742 4569 898 4608 nunc
944 4551 1276 4623 loquimur;
1330 4549 1428 4605 sed
1469 4551 1715 4617 Patrem,
1750 4551 1957 4607 Filium
1986 4570 2051 4608 ac

353 4642 631 4715 Spiritum
675 4645 934 4696 sanctum
978 4644 1092 4694 tres
1123 4654 1243 4693 esse
1272 4655 1566 4709 personas,
1598 4639 1707 4693 hoc
1736 4644 1838 4703 est,
1869 4644 2049 4696 ratio-

351 4732 494 4787 nalis
523 4733 751 4795 naturai,
780 4744 849 4783 ex
872 4726 1051 4781 Boetii
1070 4725 1426 4794 deﬁnitione,
1448 4727 1770 4783 individuas
1789 4728 2048 4783 substan-

313 4812 475 4875 tias.
511 4818 694 4891 Igitur
718 4832 965 4888 persona
994 4819 1078 4869 est
1118 4814 1334 4886 aliquid
1382 4815 1733 4884 absolutum,
1787 4817 2047 4887 quamvis

344 4908 711 4978 personalitas
760 4905 833 4959 sit
864 4902 1166 4957 relativum
1215 4903 1492 4973 quiddam
1513 4945 1527 4971 ,
1580 4905 1732 4976 quod
1762 4920 1893 4959 cum
1925 4921 2044 4959 non

350 4997 486 5052 satis
527 4994 1006 5049 animadverteret
1045 4992 1277 5063 Dionys.
1339 4992 1620 5060 Petavius,
1661 4994 2045 5065 Augustinum

347 5102 464 5140 non
511 5082 805 5148 intellexit,
862 5081 1044 5153 liquet
1086 5097 1150 5136 ex
1197 5098 1319 5153 cap.
1376 5085 1459 5150 ll,
1511 5081 1611 5136 lib.
1644 5098 1716 5149 1v,
1749 5082 1818 5137 de
1855 5082 2042 5137 Trini-

347 5177 482 5242 tate,
532 5177 674 5229 tom.
726 5173 777 5229 II
822 5172 1025 5241 Dogm.
1073 5170 1249 5226 theol.
1299 5174 1412 5225 Aut
1460 5170 1508 5224 si
1571 5170 1869 5238 intellexit,
1920 5187 2043 5226 rem

347 5261 552 5316 clarius
576 5261 637 5316 in
658 5262 842 5317 lucem
870 5260 1130 5331 proferre
1152 5275 1322 5314 ausus
1348 5275 1467 5313 non
1493 5262 1597 5314 est.

417 5351 697 5407 Nolebant
742 5358 937 5406 tamen
980 5350 1150 5404 multi
1203 5347 1369 5403 fateri
1395 5352 1508 5401 tres
1533 5363 1653 5402 esse
1682 5348 2037 5416 substantias,

345 5457 417 5496 ne
447 5456 641 5495 secum
669 5454 928 5510 pugnare
956 5438 1308 5504 viderentur,
1336 5452 1400 5490 ac
1432 5451 1503 5489 ne
1535 5435 1661 5506 quis
1707 5439 1820 5490 tres
1851 5435 2036 5490 diver-

343 5546 432 5584 sas
460 5533 695 5583 naturas
731 5525 1065 5593 somniaret,
1122 5539 1280 5580 more
1322 5521 1686 5578 Arianorum.
1735 5522 1875 5577 Hinc
1913 5526 2034 5579 Au-

2161 4375 2395 4442 mirum,
2441 4373 2665 4447 Filius]
2712 4376 2852 4431 Vide
2906 4378 3011 4431 hac
3061 4377 3131 4431 de
3159 4392 3221 4431 re
3261 4376 3551 4431 Patavium
3571 4370 3684 4427 libri
3702 4370 3790 4423 lan-

2160 4464 2278 4519 dati
2307 4480 2430 4535 cap.
2467 4467 2553 4527 10,
2586 4465 2847 4535 quamvis
2877 4464 3072 4519 omnia
3091 4465 3395 4519 obscurare
3429 4468 3662 4519 conetur.
3702 4457 3791 4513 Non

2158 4557 2348 4624 potest
2378 4568 2513 4607 sane
2533 4552 2596 4606 in
2620 4552 2906 4607 veteribus
2936 4553 3174 4616 laudari,
3210 4553 3271 4607 in
3301 4569 3365 4608 re
3397 4550 3601 4607 difﬁcili
3628 4561 3713 4618 per
3734 4557 3789 4601 se.

2161 4640 2403 4712 quaesita
2432 4656 2633 4694 vocum
2664 4641 3009 4712 ambiguitas
3036 4658 3175 4709 ;nec
3225 4657 3256 4695 a
3288 4638 3675 4696 recentioribus
3699 4646 3789 4686 eam

2156 4728 2352 4799 augeri
2378 4744 2483 4799 par
2506 4728 2631 4796 fuit,
2664 4728 2803 4783 dum
2836 4729 3120 4784 veteribus
3149 4728 3419 4784 tribuunt
3450 4729 3506 4783 id
3536 4723 3670 4797 quod
3706 4732 3790 4772 non

2158 4820 2500 4884 senserunt;
2533 4817 2669 4887 quia
2696 4817 2899 4872 iisdem
2930 4818 3182 4885 vocibus,
3227 4818 3325 4874 sed
3370 4806 3791 4889 perincommode.

2157 4921 2488 4977 expressum
2520 4910 2624 4960 est.
2676 4906 3045 4961 Paucioribus
3098 4907 3280 4962 multo
3309 4907 3494 4961 verbis
3531 4909 3691 4958 totum
3712 4896 3792 4948 hoc

2155 4993 2451 5066 negotium
2486 4995 2825 5065 pertractari
2845 4995 3050 5067 potuit,
3085 5000 3141 5049 et
3170 4995 3493 5050 dilucidius.

2226 5084 2363 5153 Cap.
2395 5085 2448 5150 4,
2483 5081 2510 5152 §
2540 5089 2593 5138 7.
2644 5085 2834 5152 Itaque
2882 5084 3137 5152 loquendi
3164 5099 3333 5138 causa
3365 5085 3429 5138 de
3463 5072 3787 5149 ineffabilibus.

2153 5176 2213 5226 ut
2235 5173 2355 5239 fari
2380 5173 2566 5241 aliquo
2594 5172 2748 5226 modo
2784 5186 3085 5241 possemus,
3133 5171 3277 5241 quod
3323 5171 3485 5242 effari
3509 5167 3640 5222 nullo
3671 5156 3789 5215 modo

2148 5274 2453 5329 possumus,
2487 5259 2690 5314 dictum
2721 5264 2801 5314 est
2846 5276 2881 5314 a
2928 5262 3131 5314 nostris
3160 5262 3365 5315 Gracis
3394 5277 3412 5314 :
3441 5274 3549 5312 una
3575 5247 3786 5309 essentia.

2150 5352 2266 5402 tres
2318 5346 2690 5415 substantim;
2736 5363 2771 5402 a
2814 5349 3027 5403 Latinis
3076 5353 3253 5403 autem
3282 5364 3400 5402 una
3429 5332 3788 5401 substantiavel

2151 5435 2415 5503 essentia,
2447 5439 2562 5489 tres
2591 5434 2902 5509 personam]
2932 5438 3059 5492 lam
3087 5437 3210 5492 haec
3238 5436 3603 5507 explicuimus
3629 5428 3687 5483 ad
3708 5423 3782 5478 lib.

2151 5540 2203 5591 ν,
2248 5540 2372 5595 cap.
2433 5527 2463 5576 8
2508 5526 2565 5578 et
2611 5526 2662 5580 9.
2716 5524 2815 5579 Hic
2841 5527 3065 5581 tantum
3092 5525 3454 5582 manebimus
3495 5517 3705 5591 legenda
3722 5512 3782 5563 at-
