3920 6180
110 321 193 369 525
838 306 1198 362 VARIOBUM
1243 308 1838 364 EXERCITATIONES
1875 308 1947 364 IN
1987 313 2040 364 S.
2084 313 2448 368 AUGUSTINI
2490 315 2742 368 OPERA.

3438 325 3537 374 5'20

109 441 231 490 tente
256 447 366 502 qum
396 432 691 498 supersunt
735 429 793 482 in
827 429 933 483 hoc
973 429 1142 496 libro,
1197 430 1266 484 ad
1314 431 1488 485 tinem
1535 447 1735 502 usque,
1769 430 1820 484 A
1858 449 2016 488 mero
2083 435 2352 491 duntaxat
2407 438 2723 502 distinctas;
2788 440 3096 508 cseteroqui
3145 441 3547 510 conjunctissi-

108 526 244 581 abiis
277 521 362 593 qui
390 519 620 591 cupiunt
667 521 810 574 scire
859 521 999 591 quid
1026 526 1241 576 veteres
1289 523 1356 576 de
1391 524 1605 577 unitate
1640 524 1739 578 Dei

110 621 154 669 et
178 611 459 684 pluralitate
490 625 862 678 personarum
886 611 1186 665 senserint.
1225 611 1509 666 Nimirum
1539 612 1741 666 intelli-

109 705 277 774 gobant
311 706 414 753 tres
460 715 577 751 esse
626 698 963 752 substantias
1035 699 1348 767 distinctas,
1408 702 1507 755 sed
1575 717 1738 772 mque

103 806 186 860 per
220 787 390 840 omnia
436 786 732 855 perfectas,
784 801 846 838 ac
899 785 1132 852 similes,
1165 803 1282 840 non
1333 786 1614 855 sejunctas
1641 790 1741 839 aut

101 880 355 947 separatas,
389 879 448 927 ut
476 873 585 927 tria
629 889 888 943 corpora,
941 875 1040 929 sed
1090 875 1606 945 conjunctissimas,
1662 875 1741 929 ita

99 973 254 1018 tamen
275 962 710 1016 utrelationibus
731 962 880 1017 inter
892 979 949 1017 se
973 963 1484 1034 distinguerentur.
1514 964 1742 1028 Fatetur

97 1051 399 1120 Augustinus
427 1049 676 1120 potuisse
707 1051 817 1104 dici
838 1058 943 1106 tres
974 1055 1125 1120 Deos,
1152 1051 1263 1105 nisi
1284 1051 1576 1122 Scriptura
1604 1067 1740 1104 eon-

94 1139 386 1204 tradixisset,
419 1138 534 1209 §,8,
567 1144 622 1192 et
649 1145 755 1192 tres
810 1142 1087 1207 essentias,
1117 1139 1226 1193 nisi
1259 1141 1510 1194 obstaret
1539 1138 1741 1192 arctis—

93 1229 209 1280 sima
232 1242 411 1280 earum
444 1227 790 1296 conjunctio,
815 1234 872 1281 et
901 1243 1125 1281 summa
1145 1245 1250 1298 per
1279 1228 1472 1282 omnia
1502 1227 1755 1297 paritas.

96 1317 151 1368 Ex
177 1320 283 1369 tota
309 1315 548 1384 denique
581 1315 703 1382 ejus
734 1315 1122 1386 disputatione
1152 1317 1335 1388 liquet
1365 1316 1523 1370 valde
1555 1316 1740 1370 ambi-

91 1420 180 1473 gue
207 1420 332 1468 esse,
365 1404 516 1458 hisce
549 1405 617 1458 de
645 1405 833 1471 rebus,
866 1406 1085 1458 locutos
1111 1409 1348 1460 veteres.
1385 1406 1528 1474 Quid
1548 1408 1736 1472 igitur,

91 1492 243 1563 inquit
270 1497 294 1560 §
323 1497 370 1559 9,
393 1497 581 1559 restat,
615 1496 726 1547 nisi
755 1498 815 1546 ut
842 1495 1118 1560 fateamur
1149 1493 1401 1561 loquendi
1430 1495 1742 1546 necessitate

86 1590 221 1650 parta
248 1581 643 1649 haecmocabula,
667 1597 786 1635 cum
813 1597 946 1650 opus
967 1587 1100 1635 esset
1126 1583 1345 1650 copiosa
1372 1581 1741 1649 disputatione

88 1670 330 1724 adversum
358 1670 592 1724 insidias
623 1672 706 1724 vel
735 1687 940 1725 errores
959 1672 1371 1724 hereticorum?
1387 1672 1460 1724 At
1487 1670 1739 1740 profecto

88 1760 316 1830 ambigua
345 1776 464 1815 esse
508 1776 624 1814 non
653 1761 994 1827 debuerunt,
1028 1778 1100 1815 ne
1138 1761 1299 1832 plebs
1329 1761 1546 1816 interea
1574 1762 1741 1816 falle—

86 1853 228 1911 retur,
256 1865 364 1902 neu
393 1848 683 1902 contraria
713 1849 916 1903 dixisse
951 1849 1020 1903 iis
1047 1865 1176 1920 quae
1209 1849 1531 1904 sentiebant
1554 1855 1741 1920 poste-

85 1936 144 1988 ris
169 1935 500 2005 viderentur,
547 1940 614 1989 ut
666 1936 938 2006 contigit;
972 1952 1102 1990 cum
1151 1936 1469 2006 praesertim
1510 1951 1741 2005 proram

84 2030 126 2077 et
147 2025 364 2095 puppim
411 2024 710 2095 religionis
741 2025 1101 2091 Christianae,
1161 2042 1193 2078 a
1245 2023 1486 2078 Nicaenis
1515 2029 1740 2093 tempo-

81 2112 207 2166 ribus
233 2112 286 2166 in
331 2113 426 2167 illa
461 2129 569 2167 sua
599 2112 893 2167 Trinitatis
924 2113 1326 2184 explicatione,
1387 2113 1557 2167 sitam
1614 2128 1736 2166 esse

80 2205 326 2270 putarent.
349 2204 494 2256 Cum
516 2203 656 2255 enim
687 2207 971 2256 conaretur
1000 2203 1239 2256 humana
1262 2202 1449 2270 inopia
1480 2200 1740 2269 loquendo

76 2291 285 2358 proferre
321 2291 391 2344 ad
439 2291 722 2344 hominum
751 2305 934 2344 sensus
964 2290 1109 2358 quod
1135 2291 1193 2342 in
1225 2291 1511 2344 secretario
1548 2290 1740 2342 mentis

77 2394 156 2446 pro
191 2384 340 2447 captu
371 2383 514 2433 tenet
550 2379 615 2432 de
654 2381 875 2433 Domino
906 2381 1030 2445 Deo,
1063 2383 1302 2432 creatore
1330 2394 1444 2444 suo,
1505 2380 1618 2432 sive
1643 2394 1742 2446 per

79 2469 203 2535 piam
251 2469 422 2536 ﬁdem,
455 2471 576 2522 sive
621 2484 715 2537 per
746 2469 1168 2536 qualemcunque
1197 2469 1635 2533 intelligentiam,
1669 2469 1739 2520 ti-

78 2560 188 2609 muit
239 2557 407 2610 dicere
458 2561 580 2609 tres
638 2557 942 2623 essentias;
973 2571 1038 2609 ne
1085 2557 1480 2623 intelligeretur
1537 2557 1595 2608 in
1645 2556 1742 2608 illa

77 2658 249 2696 summa
277 2647 591 2714 aequalitate
627 2645 740 2698 ulla
767 2645 1074 2698 diversitas.
1110 2645 1326 2698 Rursus
1356 2659 1461 2698 nm
1495 2659 1602 2697 esse
1633 2645 1742 2695 tria

76 2733 284 2797 quaedam
311 2750 416 2788 non
441 2738 664 2803 poterat
696 2734 887 2800 dicere,
920 2733 1065 2802 quod
1110 2734 1378 2788 Sabellius
1411 2734 1542 2800 quia
1572 2732 1738 2796 dixit,

77 2823 120 2872 in
155 2823 362 2877 haeresin
392 2825 585 2892 lapsus
615 2827 710 2876 est.
744 2822 886 2884 Quid
921 2838 1056 2875 vero
1094 2837 1160 2874 ex
1187 2821 1340 2874 hisce
1370 2819 1742 2890 colligemus?

74 2910 278 2966 Credere
307 2929 407 2966 nos
439 2928 678 2983 quoque
721 2915 986 2980 oportere
1017 2926 1137 2964 esse
1183 2915 1288 2964 tres
1319 2911 1598 2976 essentias,
1630 2924 1739 2962 nu-

1852 540 1990 590 mas,
2023 524 2101 578 ita
2133 528 2196 577 ut
2237 540 2374 578 unus
2412 528 2547 579 Deus
2579 525 2688 578 dici
2716 525 2934 595 possit?
2960 525 3122 580 Absit
3152 529 3316 581 sane!
3352 530 3545 582 Poste-

1849 613 2068 665 riorum
2116 613 2451 666 saeculorum
2503 613 2783 679 Ecclesiae,
2817 613 2954 666 dum
3003 631 3132 668 vere
3181 621 3438 670 statuunt
3487 618 3547 670 in

1849 700 1957 753 hoc
1986 701 2171 770 capite
2211 701 2355 755 nulli
2388 702 2612 756 licuisse
2670 720 2702 756 a
2755 703 3051 773 Scriptura
3083 719 3240 757 sacra
3271 705 3448 772 abire,
3485 721 3548 758 ac

1848 788 2087 858 proinde
2118 807 2150 844 a
2193 791 2583 861 superioribus
2622 791 2901 858 aetatibus,
2960 809 3098 862 quas
3128 809 3246 846 non
3293 795 3545 864 suspica-

1848 878 2058 932 bantur
2101 880 2170 933 ab
2220 896 2285 933 ea
2333 897 2534 933 norma
2564 879 2883 947 recessisse,
2913 881 3178 934 traditam
3228 899 3349 935 esse
3395 883 3544 937 Scri—

1849 971 2034 1035 pturie
2090 966 2437 1034 doctrinam;
2497 983 2694 1021 earum
2751 968 3094 1022 sententiam
3151 986 3216 1024 ex
3255 970 3543 1040 Scriptura

1849 1052 2238 1124 interpretatae
2291 1058 2442 1121 sunt,
2496 1056 2932 1120 tribueruntque
2965 1057 3380 1126 antiquioribus
3427 1075 3542 1112 non

1850 1139 1906 1193 id
1938 1141 2090 1211 quod
2120 1149 2434 1208 senserant,
2487 1143 2584 1195 sed
2622 1143 2778 1213 quod
2805 1143 3013 1196 sentire
3064 1143 3397 1197 debuerant.
3433 1146 3544 1197 Nos

1852 1244 1987 1298 ergo
2046 1229 2114 1282 de
2144 1230 2362 1284 unitate
2425 1229 2542 1296 Dei,
2596 1230 2781 1300 deque
2841 1231 3028 1294 Patre,
3063 1228 3201 1281 Filio
3233 1233 3289 1282 et
3325 1229 3544 1299 Spiritu

1853 1319 2045 1369 sancto
2075 1331 2143 1370 ex
2174 1317 2461 1387 Scriptura
2499 1333 2731 1387 quoque
2759 1317 3065 1386 loquamur
3113 1319 3285 1386 atque
3334 1318 3542 1370 sentia-

1853 1420 2008 1470 mus;
2041 1421 2146 1459 nec
2175 1410 2440 1476 putemus
2473 1405 2532 1459 id
2562 1421 2729 1474 posse
2784 1422 2817 1458 a
2845 1404 3011 1459 nobis
3041 1405 3336 1476 perspicue
3367 1408 3544 1477 expli-

1853 1491 1987 1558 cari,
2023 1493 2173 1562 quod
2206 1492 2503 1563 perspicue
2546 1492 2861 1546 revelatum
2892 1509 3006 1546 non
3035 1493 3161 1563 :est;
3215 1499 3313 1548 aut
3343 1495 3547 1550 melius

1851 1579 2096 1648 exprimi
2133 1580 2319 1634 verbis
2347 1580 2555 1634 nostris
2607 1581 2759 1650 quod
2791 1597 2910 1634 non
2957 1582 3335 1652 assequimur,
3373 1600 3546 1653 quam

1852 1667 2037 1722 verbis
2070 1669 2277 1722 Christi
2307 1674 2362 1722 et
2384 1670 2802 1740 apostolorum;
2837 1686 2966 1724 cum
2997 1670 3317 1739 praesertim
3361 1675 3442 1724 tot
3493 1677 3549 1726 et

1853 1761 2026 1811 tantae
2056 1757 2183 1811 lites
2215 1773 2283 1811 ex
2333 1757 2490 1811 novis
2533 1758 2761 1811 vocibus
2791 1764 2942 1812 natae
2977 1759 3107 1812 sint.
3151 1758 3209 1813 Si
3257 1760 3547 1813 veteribus

1805 1883 1811 1888 -
1849 1845 2198 1916 ignoscimus
2233 1847 2386 1916 quod
2433 1847 2502 1900 de
2531 1845 2748 1900 unitate
2776 1847 3038 1916 speciﬁca
3090 1848 3297 1902 divinae
3326 1853 3544 1902 natura:

1850 1931 1912 1985 in
1940 1934 2123 2002 Patre,
2156 1933 2296 1987 Filio
2357 1937 2412 1987 et
2457 1933 2671 2005 Spiritu
2722 1939 2912 1988 sancto
2945 1936 3281 2004 docuerunt,
3316 1954 3387 1990 ne
3439 1937 3542 1990 im-

1850 2021 2245 2076 misericordes
2312 2022 2490 2076 simus
2546 2022 2609 2076 in
2661 2037 2754 2076 eos
2815 2023 2915 2094 qui
2967 2025 3072 2078 hac
3138 2026 3206 2080 de
3251 2026 3326 2093 {re
3380 2025 3546 2078 aliter

1851 2126 2026 2181 quam
2071 2127 2177 2164 nos
2201 2126 2354 2165 nunc
2401 2112 2547 2165 forte
2577 2111 2847 2174 sentiunt,
2899 2112 2955 2165 si’
2984 2114 3157 2167 modo
3197 2113 3546 2183 Scripturam

1851 2214 2070 2251 sacram
2127 2214 2391 2252 normam
2438 2197 2574 2253 tidei
2620 2199 2755 2268 {suae
2805 2199 3068 2264 habeant,
3130 2204 3546 2270 praeceptorum

1853 2286 2138 2357 Evangelii
2198 2285 2310 2340 sint
2363 2286 2748 2353 observantes,
2800 2287 3166 2359 reditumque
3198 2305 3228 2342 e
3260 2290 3400 2343 coelo
3433 2291 3540 2342 Do-

1849 2373 1993 2428 mini
2023 2373 2204 2428 nostri
2232 2375 2363 2428 Jesu
2419 2374 2628 2429 Christi
2662 2375 2813 2427 vivos
2844 2379 2899 2428 et
2937 2381 3193 2430 mortuos
3236 2377 3544 2448 judicaturi

1850 2462 2147 2517 nobiscum
2178 2463 2598 2532 praestolentur.
2648 2464 2804 2516 Hanc
2856 2464 3184 2534 mquitatem
3216 2483 3247 2518 a
3278 2466 3442 2519 nobis
3492 2472 3550 2519 et

1850 2550 1932 2604 rei
1960 2550 2284 2616 difﬁcultas,
2333 2555 2390 2604 et
2417 2550 2656 2604 humani
2697 2551 2916 2621 ingenii
2958 2551 3318 2606 imbecillitas
3346 2570 3546 2608 neces-—

1851 2639 2000 2692 sario
2029 2639 2353 2708 postulant;
2385 2638 2496 2692 nisi
2537 2637 2683 2691 mira
2713 2637 3016 2705 iniquitate
3065 2640 3305 2694 velimus
3357 2659 3546 2696 recen-

1852 2729 2064 2782 tiorum
2101 2727 2443 2782 deteriorem
2477 2743 2597 2780 esse
2646 2726 3031 2780 conditionem
3061 2745 3232 2798 quam
3263 2734 3540 2797 veterum,

1851 2817 2062 2888 quibus
2093 2815 2414 2871 errantibus
2444 2831 2560 2869 non
2595 2814 2820 2868 veniam
2853 2815 3041 2882 modo,
3097 2815 3196 2870 sed
3249 2821 3304 2870 et
3349 2816 3546 2870 laudes

1851 2904 2125 2959 maximas
2158 2902 2409 2957 tribuere
2439 2903 2706 2955 solemus.

69 3031 3549 3054 Μ

1289 3150 1387 3220 ΙΝ

556 3361 1218 3416 ANIMADVERSIONES

262 3467 313 3503 IN
355 3466 552 3504 LIBROS
593 3467 793 3503 CONTRA
832 3467 1124 3504 EPISTOLAM
1167 3467 1520 3505 PARMENIANI.

128 3537 320 3592 Lmaer
380 3541 525 3609 Cap.
584 3542 638 3605 8,
697 3541 844 3607 §l3.
897 3540 1038 3604 Quin
1091 3543 1249 3593 etiam
1281 3541 1536 3607 conqueri
1581 3537 1745 3592 audet

72 3625 430 3681 Parmenianus
480 3626 623 3695 quod
647 3642 730 3680 eos
764 3628 1146 3682 Constantinus
1183 3627 1256 3681 ad
1286 3643 1553 3696 campum,
1576 3629 1639 3681 id
1667 3631 1744 3681 est

66 3714 125 3765 ad
149 3716 474 3784 supplicium
509 3716 634 3769 duci
654 3717 843 3785 jussit,
882 3717 977 3784 qui
1006 3717 1138 3768 victi
1167 3715 1318 3784 apud
1363 3716 1743 3770 ecclesiasticos

61 3801 261 3870 judices,
294 3821 385 3858 nec
446 3802 604 3872 apud
632 3805 810 3871 ipsum
858 3818 975 3870 qua:
1019 3802 1266 3856 dicebant
1289 3801 1522 3870 probare
1549 3805 1744 3868 potue-

63 3896 187 3955 runt,
229 3899 276 3946 et
305 3894 493 3948 adhuc
535 3894 594 3945 in
631 3897 828 3946 sancta:
873 3892 1120 3946 Ecclesiae
1137 3892 1456 3961 praecisione
1484 3891 1743 3956 sacrilego

62 3981 222 4043 furore
243 3979 614 4051 ferebantur.j
642 3983 713 4034 At
735 3984 1039 4050 propterea
1069 3978 1250 4032 occidi
1281 3994 1395 4031 non
1425 3977 1746 4034 debuerunt

60 4069 190 4136 quod
223 4071 288 4124 de
321 4070 628 4125 Caeciliano
661 4067 1119 4138 Carthaginiensi
1146 4067 1390 4136 probare
1412 4082 1524 4119 non
1546 4071 1745 4135 potue-

61 4161 177 4210 runt
203 4159 544 4213 traditorem
569 4156 763 4223 fuisse,
797 4159 895 4210 aut
927 4171 959 4208 a
986 4154 1355 4208 traditoribus
1386 4153 1743 4218 ordinatum;

63 4245 132 4297 vel
165 4247 308 4315 quod
357 4246 742 4300 secessionem
790 4243 1073 4310 fecissent,
1123 4242 1382 4313 quamvis
1431 4241 1740 4308 immerito,

61 4348 86 4384 a
111 4335 333 4405 reliquis
366 4333 635 4389 Ecclesiis
663 4331 1026 4397 Christianis;
1061 4330 1108 4384 si
1139 4331 1306 4384 modo
1337 4329 1560 4400 legibus
1603 4327 1744 4382 civi-

61 4421 193 4476 libus
246 4425 560 4495 czeteroqui
609 4425 898 4492 parerent.
965 4422 1090 4474 Haec
1145 4419 1349 4473 delicta
1404 4423 1460 4472 et
1490 4418 1746 4489 gulnera

60 4509 369 4566 mitioribus
402 4507 674 4563 remediis
703 4507 954 4561 curanda
974 4506 1226 4560 fuerunt.

121 4601 245 4672 Cap.
279 4606 332 4667 9,
369 4600 398 4671 ξ
435 4604 519 4654 15.
554 4601 618 4653 In
654 4613 784 4666 quos
817 4594 1162 4668 (haereticos)
1205 4612 1271 4649 ex
1315 4595 1515 4648 occulto
1571 4597 1744 4663 impe-

58 4690 128 4740 rio
176 4691 289 4756 Dei,
331 4705 437 4757 per
474 4687 826 4751 manifestum
883 4685 1155 4737 hominum
1201 4683 1514 4751 imperium,
1576 4683 1749 4735 multa

60 4779 236 4842 quibus
299 4779 673 4831 coercerentur
721 4774 1051 4827 severissime
1096 4772 1387 4824 constituta
1437 4775 1595 4837 sunt;
1654 4785 1746 4823 nec

53 4867 209 4919 solum
240 4847 528 4927 hwreticis,
565 4860 931 4932 quoquomodo
960 4860 1149 4913 saltem
1179 4858 1494 4914 Christiano
1532 4857 1748 4911 nom-ine

55 4953 331 5022 dealbatis,
362 4951 460 5006 sed
489 4953 652 5005 etiam
679 4951 812 5018 ipsis
829 4950 1088 5016 paganis.
1146 4948 1286 5003 Nam
1323 4948 1510 5014 utique
1543 4949 1592 4998 et
1638 4946 1749 5013 ipsi

51 5041 187 5102 falsa
215 5042 483 5106 religione
510 5041 637 5092 sunt
665 5031 845 5106 impii,
879 5049 1107 5103 quorum
1135 5033 1426 5087 simulacra
1467 5034 1632 5085 everti
1661 5037 1746 5084 at-

55 5144 144 5195 que
189 5129 478 5196 confringi
528 5127 684 5196 jussu
737 5128 865 5178 sunt
903 5121 1200 5176 recentibus
1242 5121 1465 5187 legibus,
1515 5121 1751 5173 inhiberi

54 5220 203 5272 etiam
233 5217 516 5284 sacriﬁcia
543 5214 640 5268 sub
677 5217 876 5268 terrore
904 5212 1146 5280 capitali.
1177 5209 1194 5279 ]
1223 5208 1450 5262 Rectius
1471 5207 1611 5261 dixit
1629 5208 1746 5261 Au-

54 5313 293 5372 gustinus
336 5322 516 5378 quam
544 5303 781 5375 putabat
835 5303 1095 5356 occ-ultum
1135 5317 1255 5353 esse
1321 5301 1608 5367 imperium
1651 5299 1752 5351 Dei

52 5395 112 5449 de
141 5396 420 5451 vexandis
453 5391 758 5459 haereticis;
793 5407 929 5446 mm
959 5388 1214 5460 profecto
1247 5387 1385 5442 adeo
1433 5387 1492 5440 in
1524 5392 1747 5456 aposto-

50 5482 232 5539 lorum
263 5482 499 5553 scriptis
525 5482 683 5547 latet,
719 5483 781 5534 ut
808 5495 915 5533 nec
944 5477 1087 5547 ipse,
1120 5491 1225 5530 nec
1269 5475 1414 5529 alius
1444 5475 1751 5546 quisquam

49 5565 102 5620 id
128 5570 393 5638 proferre
427 5567 612 5623 adhuc
643 5565 912 5638 potuerit.
945 5564 1054 5621 Sed
1085 5579 1152 5620 eo
1181 5563 1412 5630 latente,
1448 5578 1563 5617 non
1613 5579 1748 5634 pos-

1466 3145 2300 3216 NONUM.TOMUM.

1775 3359 1814 3413 C
1855 3362 1986 3411 sunt
2017 3355 2272 3410 excusari
2331 3355 2634 3411 Christiani
2687 3355 3065 3428 imperatores
3120 3359 3238 3431 qui,
3293 3361 3548 3416 ethnicos

1850 3452 2077 3520 imitati,
2113 3468 2299 3505 meras
2352 3450 2651 3522 opiniones
2681 3467 2786 3521 pro
2819 3452 3038 3506 delictis
3091 3454 3438 3522 habuerunt,
3495 3461 3550 3510 et

1852 3539 2116 3607 gravibus
2189 3537 2374 3609 poenis
2426 3537 2756 3592 affecerunt.
2830 3541 2939 3594 Res
3010 3541 3162 3596 enim
3211 3545 3354 3597 tanti
3421 3561 3546 3600 mo-

1853 3627 2050 3693 menti,
2075 3632 2130 3680 et
2151 3628 2313 3698 cujus
2335 3631 2468 3682 sunt
2483 3633 2598 3681 tam
2625 3627 2928 3682 horrendae
2955 3632 3216 3700 sequelae,
3251 3649 3546 3704 nunquam

1851 3715 2050 3768 debuit
2069 3732 2101 3768 a
2129 3715 2459 3770 Christianis
2495 3716 2732 3783 tentari;
2766 3718 2881 3771 Deo
2904 3734 3020 3771 non
3053 3723 3276 3774 tantum
3303 3725 3546 3787 tacente,

1852 3803 1949 3857 sed
1981 3803 2151 3856 etiam
2183 3806 2263 3856 tot
2292 3808 2347 3856 et
2372 3803 2546 3856 tantis
2575 3803 2643 3856 de
2672 3819 2867 3858 amore
2889 3805 2948 3858 in
2979 3806 3306 3860 universum
3337 3808 3546 3863 huma-

1851 3905 1992 3943 num
2056 3906 2237 3959 genus
2302 3890 2516 3943 iteratis
2581 3892 2882 3961 praeceptis
2955 3891 3340 3945 disertissimis
3415 3892 3550 3945 satis

1853 3982 2045 4048 aperte
2077 3994 2196 4031 rem
2229 3982 2476 4032 vetante.
2514 3977 2798 4048 Legantur
2828 3979 3035 4033 codicis
3073 3980 3450 4034 Theodosiani
3480 3980 3549 4033 li-

1851 4067 1954 4121 ber
1981 4083 2092 4132 xvr,
2127 4066 2563 4136 conferaturque
2594 4084 2724 4120 cum
2755 4067 2976 4137 legibus
3008 4068 3365 4122 ethnicorum
3399 4068 3552 4137 prin-

1852 4154 2046 4224 cipum
2075 4154 2137 4208 in
2189 4153 2573 4221 Christianos;
2623 4159 2793 4224 atque
2828 4157 2980 4210 illico
3006 4156 3198 4210 licebit
3230 4156 3549 4227 intelligere

1851 4241 2025 4295 simili
2059 4241 2291 4312 quidem
2324 4243 2598 4313 temporis
2629 4243 2948 4312 intervallo,
2984 4262 3096 4299 non
3130 4250 3214 4299 tot
3272 4246 3424 4315 leges
3478 4245 3548 4299 ab

1851 4331 2092 4386 ethnicis
2122 4332 2182 4386 in
2225 4331 2576 4386 Christianos
2608 4335 2748 4387 latas
2794 4339 2934 4404 quot
2962 4339 3096 4388 sunt
3125 4351 3158 4388 a
3214 4333 3551 4389 Christianis

1852 4419 1912 4473 in
1968 4421 2292 4475 haereticos:
2327 4438 2455 4491 qua:
2513 4426 2664 4476 certe
2709 4423 2929 4476 macula
2959 4427 3042 4476 est
3081 4421 3334 4476 nominis
3391 4424 3554 4476 Chri-

1851 4508 2039 4575 ttiani,
2074 4525 2248 4579 quam
2274 4526 2592 4581 nunquam,
2618 4511 2729 4564 nisi
2747 4511 3039 4565 contrariis
3070 4511 3366 4574 institutis,
3399 4513 3554 4582 prin-

1855 4596 2006 4665 cipes
2036 4612 2100 4649 ac
2130 4597 2500 4667 magistratus
2533 4599 2824 4653 delebant.
2862 4600 2957 4652 Sat
2988 4599 3182 4653 multis
3210 4600 3315 4653 hac
3373 4600 3441 4653 de
3490 4617 3551 4653 re

1857 4685 2103 4738 diximus
2130 4685 2189 4738 in
2213 4685 2512 4755 epistolam
2542 4686 2612 4740 ad
2646 4688 3028 4754 Vincentium,
3054 4693 3170 4742 not.
3201 4689 3270 4743 ad
3302 4693 3441 4742 tom.
3481 4691 3548 4741 ll.

1928 4773 2010 4826 Ad
2069 4772 2325 4826 ethnicos
2359 4774 2508 4842 quod
2543 4773 2764 4840 attinet,
2821 4774 3048 4844 capitali
3080 4775 3358 4844 supplicio
3391 4776 3437 4827 si
3470 4792 3551 4827 sa-

1857 4877 1950 4913 cra
2007 4859 2112 4914 diis
2169 4859 2284 4913 suis
2315 4859 2578 4914 fecissent
2607 4862 2989 4929 mulclandos,
3022 4861 3243 4915 videtur
3273 4861 3551 4930 respicere

1857 4947 2209 5018 Augustinus
2265 4947 2336 5001 ad
2383 4947 2535 5018 legg.
2583 4952 2665 5014 15,
2725 4952 2784 5002 16
2835 4953 2890 5003 et
2944 4953 3030 5016 l8,
3065 4950 3149 5003 tit.
3188 4953 3272 5015 10,
3304 4949 3403 5002 lib.
3438 4965 3548 5017 xvr,

1857 5036 2066 5090 codicis
2093 5035 2491 5102 Theodosiani,
2523 5052 2653 5107 qua:
2693 5037 2847 5106 leges
2878 5053 3028 5090 anno
3083 5040 3185 5092 399
3235 5038 3364 5089 latae
3397 5042 3548 5090 sunt.

1861 5126 2141 5180 Caeterum
2170 5140 2286 5177 non
2309 5129 2434 5178 tum
2464 5124 2698 5179 demum
2731 5123 3076 5194 supplicium
3098 5125 3338 5194 capitale
3371 5124 3439 5178 iis
3471 5131 3556 5180 est

1861 5213 2144 5266 intentum
2170 5211 2271 5282 qui
2317 5228 2473 5265 sacra
2505 5211 2673 5266 idolis
2702 5213 2970 5276 facerent,
3005 5213 3268 5283 ejusdem
3299 5213 3452 5268 enim
3485 5215 3552 5267 ti-

1859 5300 2010 5356 tituli
2042 5301 2128 5354 lex
2157 5303 2189 5355 4
2217 5316 2249 5352 a
2279 5300 2606 5354 Constantio
2639 5317 2787 5354 anno
2826 5304 2925 5355 353
2953 5301 3066 5354 lata
3089 5299 3166 5353 sic
3191 5301 3388 5356 habet:
3421 5305 3554 5357 Pla-

1860 5393 1971 5444 cuit
2001 5389 2244 5443 omnibus
2277 5391 2405 5443 locis
2446 5393 2608 5457 atque
2639 5389 2860 5444 urbibus
2900 5391 3167 5444 universis
3201 5391 3385 5444 claudi
3422 5408 3556 5460 pro-

1861 5479 2006 5531 tinus
2036 5479 2252 5546 templa,
2304 5483 2354 5531 et
2395 5482 2606 5533 acéessu
2635 5480 2817 5532 vetitis
2848 5478 3091 5532 omnibus
3131 5479 3400 5534 licentiam
3457 5479 3552 5534 de-

1866 5565 2152 5633 linquendi
2195 5567 2428 5635 perditis
2486 5567 2763 5633 abnegari.

2843 5566 3102 5622 Volumus
3153 5569 3293 5622 enim
3342 5573 3555 5623 cunctos
3630 5580 3637 5587 ’
