3884 6178
294 293 392 342 2.27
1300 277 1855 334 SUPPLEMENTUM
1897 275 1988 328 AD
2026 273 2259 328 OPEltA
2298 275 2352 327 s.
2395 273 2784 328 AUGUSTINI.
3632 285 3710 335 5.3,,

293 411 578 478 sacriﬁciis
607 408 892 461 abstinere.
943 403 1098 468 Quod
1127 404 1176 454 si
1205 402 1323 468 quis
1349 399 1566 469 aliquid
1605 400 1748 464 forte
1788 398 1984 465 hujus—
2013 397 2057 450 A
2169 398 2307 466 Cap.
2349 399 2431 462 10,
2486 397 2512 466 §
2567 399 2647 449 16.
2684 396 2774 450 An
2798 397 2940 461 forte
2965 395 3147 448 dicent
3177 398 3375 451 etiamsi
3395 405 3722 457 convincuntur

292 499 440 552 modi
480 496 895 566 perpetraverit,
928 492 1111 559 gladio
1143 491 1316 543 ultore
1345 493 1638 542 sternatur.
1676 488 1985 542 Facultates

296 589 458 640 etiam
492 585 757 655 perempti
792 585 916 650 ﬁsco
945 580 1277 632 decernimus
1311 578 1612 644 vindicari,
1649 581 1696 628 et
1740 576 1992 628 similiter

298 677 481 742 afﬂigi
508 679 732 726 rectores
753 668 1182 738 provinciarum,
1211 667 1261 718 si
1291 667 1542 730 facinora
1567 663 1847 716 vindicare
1893 678 1990 713 ne-

297 763 582 830 glewerint.
617 755 873 812 Crudelis
923 770 1055 806 sane
1089 755 1173 806 lex
1217 757 1274 805 et
1306 751 1626 806 Christiana
1657 753 1992 804 mansuetu-

295 852 423 904 dine
447 862 679 917 prorsus
708 842 978 913 indigna;
1023 857 1198 911 quam
1246 841 1433 910 legem
1465 839 1510 892 si
1541 838 1667 909 quis
1699 842 1866 909 neget
1896 853 1992 890 cx-

295 935 569 990 secutioni
600 933 696 987 illo
731 937 986 1000 tempore
1015 929 1230 999 ubique
1282 927 1633 991 mandatam,
1690 930 1994 995 propterea

294 1031 488 1078 tamen
539 1020 856 1078 Constantii
907 1017 1115 1072 honori
1171 1015 1406 1070 minime
1451 1013 1817 1080 consuluerit,
1859 1027 1993 1064 nam

295 1129 397 1184 per
425 1128 558 1166 eum
589 1127 707 1164 non
755 1107 911 1162 stetit
964 1105 1274 1177 quominus
1306 1102 1658 1158 exsecutioni
1688 1100 1993 1154 mandare—

295 1208 408 1267 tur,
441 1206 495 1254 et
527 1197 899 1269 sequentibus
958 1193 1313 1264 principibus
1367 1197 1563 1245 auctor
1608 1190 1716 1244 fuit
1763 1190 1838 1242 ita
1873 1203 1993 1241 sese

295 1287 550 1359 gerendi.
585 1283 936 1353 Augustinus
964 1285 1154 1334 tamen
1184 1296 1298 1333 non
1329 1279 1421 1332 hic
1449 1284 1694 1341 tantum,
1726 1276 1823 1330 sed
1848 1281 1906 1328 et
1935 1275 1994 1328 in

298 1375 538 1445 epistola
571 1376 661 1438 93,
703 1375 730 1441 ᾗ
766 1373 851 1436 tO,
897 1385 1022 1423 eam
1053 1368 1327 1421 saavitiam
1361 1366 1589 1420 laudat:
1645 1365 1779 1430 Quis
1830 1366 1994 1430 enim,

298 1467 559 1528 nostrum,
586 1459 793 1530 inquit,
823 1461 943 1527 quis
975 1461 1210 1510 vestrum
1238 1471 1342 1508 non
1383 1455 1573 1508 laudat
1611 1454 1746 1519 leges
1779 1452 1846 1505 ab
1886 1454 1995 1505 im-

298 1550 638 1620 peratoribus
684 1548 843 1601 datas
888 1545 1147 1599 adversus
1196 1541 1473 1612 sacriﬁcia
1515 1543 1898 1610 paganorum?
1926 1543 1997 1594 Et

300 1645 437 1694 certe
503 1640 652 1703 longe
697 1635 777 1688 ibi
822 1649 981 1702 pmna
1053 1634 1285 1685 severior
1332 1633 1621 1684 constituta
1677 1635 1755 1683 est
1773 1649 1794 1695 ;
1842 1630 1992 1682 illius

301 1729 502 1795 quippe
528 1725 821 1794 impietatis
850 1722 1082 1790 capitale
1103 1719 1429 1788 supplicium
1476 1722 1572 1771 est.
1618 1717 1746 1770 Haec
1796 1716 1840 1769 si
1871 1732 1996 1786 pos-

301 1821 426 1871 sent
455 1812 695 1878 laudari,
728 1809 918 1865 omnia
951 1801 983 1862 a
1022 1806 1356 1862 Christianis
1388 1821 1491 1874 per
1519 1805 1627 1858 tria
1671 1804 1858 1875 prima
1887 1821 1996 1858 sae-

299 1903 424 1956 cula
472 1901 619 1955 dicta
672 1900 869 1951 contra
939 1893 1398 1964 persecutionem
1454 1890 1746 1959 religionis
1802 1907 1993 1960 causa,

300 1987 462 2058 quasi
517 1986 690 2040 stulta
739 1987 836 2036 aut
896 1981 1046 2035 mala
1099 1979 1210 2033 tide
1268 1979 1417 2032 dicta
1477 1984 1666 2032 essent
1711 1977 1993 2032 habenda.

300 2076 546 2130 Stultum
569 2073 723 2126 enim
751 2070 949 2124 fuisset
977 2068 1036 2122 id
1058 2082 1394 2138 oppugnare
1425 2066 1581 2136 quod
1603 2065 1996 2136 mquissimum

301 2178 420 2215 esse
449 2165 707 2231 putares;
742 2172 876 2209 nam
908 2171 1022 2208 non
1060 2153 1379 2224 persecutio
1413 2153 1555 2222 ipsa,
1589 2153 1751 2223 quasi
1784 2169 1886 2222 per
1941 2169 1998 2205 se

305 2250 470 2302 mala.
529 2245 804 2317 potuisset
850 2243 922 2296 ab
969 2243 1039 2294 iis
1093 2240 1434 2312 oppugnari,
1467 2241 1582 2306 {sed
1613 2246 1837 2294 tantum
1869 2257 1999 2310 quae

302 2339 462 2391 tieret
491 2339 688 2388 contra
712 2335 862 2385 recte
903 2330 1232 2383 sentientes.
1276 2328 1593 2397 Cupiebant
1613 2334 1804 2381 autem
1841 2328 2000 2382 Chri-

302 2423 469 2476 stiani
499 2423 570 2476 ab
597 2420 856 2485 ethnicis,
892 2420 1027 2472 dum
1057 2417 1270 2472 ethnici
1300 2422 1482 2476 erant.
1516 2433 1750 2470 omnem
1802 2433 2001 2486 perse-

307 2510 520 2581 quendi
550 2509 810 2563 animum
841 2507 1040 2576 abjici;
1070 2507 1176 2558 hoc
1225 2510 1328 2571 est,
1359 2521 1415 2557 se
1443 2504 1512 2558 ab
1542 2504 1609 2556 iis
1639 2521 1757 2557 non
1790 2504 1996 2568 vexari,

306 2596 566 2668 quamvis
595 2594 805 2648 ethnici
837 2594 1133 2647 crederent
1155 2608 1250 2645 eos
1275 2593 1336 2644 in
1366 2608 1555 2644 errore
1585 2592 1816 2660 versari,
1847 2590 2002 2661 quod

308 2685 501 2739 multis
548 2683 683 2737 locis
739 2682 971 2752 probari
1010 2685 1218 2750 posset.
1253 2680 1411 2744 Quod
1465 2679 1509 2732 si
1541 2679 1999 2749 persecutionem

307 2789 424 2826 non
454 2770 874 2842 improbabant,
905 2768 952 2820 si
983 2767 1152 2820 modo
1183 2784 1216 2820 a
1246 2771 1396 2820 recte
1428 2766 1802 2820 sentientibus
1822 2765 1884 2819 in
1911 2782 2000 2821 er-

311 2861 914 2931 ranteslexerceretur,
965 2855 1307 2926 oportuisset
1337 2871 1453 2923 eos,
1511 2854 1557 2907 si
1589 2854 1846 2908 animum
1895 2870 2000 2907 nu-

2099 488 2156 538 in
2186 486 2452 553 sacrilega
2475 484 2922 539 dissensione.....
2957 497 3063 535 non
3094 487 3266 536 tamen
3297 485 3364 537 ad
3397 489 3722 556 imperatorum

2097 578 2412 642 potestatem
2475 574 2581 626 haec
2607 572 2896 626 coercenda
2926 572 3008 624 vel
3064 572 3334 639 punienda
3382 579 3616 642 pertinere
3655 579 3728 631 de-

2103 662 2260 716 bere?
2291 663 2411 726 Qua
2443 663 2500 714 in
2528 676 2586 713 re
2613 676 2792 728 quaero
2821 659 2959 728 quid
2988 658 3209 724 dicant;
3259 675 3324 713 an
3361 664 3481 729 quia
3530 665 3588 716 de
3619 667 3728 719 reli-

2101 753 2256 817 gione
2283 751 2481 803 vitiosa
2507 749 2588 801 vel
2615 750 2762 814 falsa
2792 748 2930 801 nihil
2955 747 3254 801 curandum
3283 754 3354 802 est
3383 751 3562 804 talibus
3593 759 3734 820 potes-

2103 839 2343 892 tatibus?
2365 837 2470 892 Sed
2494 839 2665 890 multa
2687 839 2850 891 etiam
2869 837 2933 890 de
2950 838 3184 905 paganis
3204 835 3454 902 dia-imus,
3476 843 3521 891 et
3544 839 3602 893 de
3626 843 3734 910 ipsis

2102 927 2446 989 daemonibus,
2498 925 2641 994 quod
2683 927 3074 994 persecutiones
3131 924 3198 977 ab
3229 927 3611 993 imperatoribus
3652 945 3738 997 pa-

2105 1018 2332 1069 tiantur.
2362 1017 2451 1068 An
2495 1018 2544 1068 et
2584 1014 2678 1068 hoc
2709 1011 3030 1083 displicet?]
3065 1013 3193 1089 Haec
3223 1016 3378 1065 erant
3430 1013 3576 1067 valde
3623 1015 3738 1068 invi-

2103 1103 2260 1157 diosa
2287 1107 2344 1158 et
2380 1119 2511 1156 cum
2541 1117 2751 1172 magno
2784 1101 3038 1171 periculo
3065 1101 3395 1170 conjuncta;
3424 1101 3468 1154 si
3497 1101 3634 1155 enim
3663 1104 3743 1156 Do-

2104 1191 2326 1245 natistae
2381 1195 2575 1260 aperte
2629 1189 2905 1244 dixissent
2948 1204 3075 1244 eam
3108 1204 3300 1242 curam
3329 1188 3398 1242 ad
3427 1189 3751 1260 imperatores

2105 1295 2221 1332 non
2251 1280 2558 1350 pertinere,
2588 1294 2694 1348 pro
2725 1277 3005 1332 seditiosis
3056 1276 3242 1331 habiti
3264 1277 3525 1343 fuissent;
3557 1293 3646 1330 nec
3691 1278 3750 1330 fa-

2104 1367 2213 1421 teri
2251 1372 2536 1438 poterant,
2576 1383 2644 1420 eo
2683 1383 2852 1420 sensu
2893 1382 3008 1436 quo
3053 1365 3406 1435 intelligebat
3430 1365 3756 1435 Augustinus,

2106 1457 2229 1510 sine
2255 1457 2534 1527 periculo;
2571 1454 2618 1508 si
2651 1455 2805 1509 enim
2836 1472 2925 1509 res
2955 1459 3076 1508 erat
3106 1453 3329 1508 arbitrii
3361 1453 3753 1524 imperatorum,

2105 1545 2186 1598 eis
2219 1545 2534 1614 parendum
2575 1549 2712 1597 erat.
2748 1543 2856 1598 Sed
2888 1541 3244 1598 discutienda
3293 1542 3401 1596 fuit
3456 1541 3760 1612 ambiguitas

2106 1633 2277 1687 totius
2303 1633 2404 1686 rei.
2439 1632 2620 1702 Igitur
2639 1636 2862 1685 constat
2890 1631 3041 1685 inter
3092 1646 3294 1684 omnes
3325 1635 3519 1700 gentes
3561 1628 3763 1682 suminis

2105 1721 2484 1791 potestatibus
2511 1719 2920 1774 demandatum
2953 1719 3126 1772 fuisse
3158 1735 3192 1772 a
3223 1717 3479 1788 populis,
3517 1721 3610 1772 aut
3651 1716 3765 1770 scri-

2105 1809 2217 1879 ptis
2247 1809 2490 1879 legibus,
2515 1809 2796 1862 auttacito
2819 1813 2969 1862 certe
2996 1823 3300 1871 consensu,
3329 1807 3521 1876 legum
3550 1805 3772 1858 civilium

2106 1902 2162 1950 et
2190 1895 2620 1967 tranquillitatis
2649 1896 2893 1967 publica!
2929 1893 3198 1950 "tutelam.
3237 1897 3349 1949 Has
3381 1899 3442 1948 ut
3472 1898 3639 1948 sartas
3677 1899 3771 1947 tec-

2105 1990 2191 2039 tas
2220 1990 2575 2051 conservent,
2636 1985 2804 2038 unius
2852 1984 3091 2054 justitia:
3147 1983 3438 2038 rationem
3504 1986 3775 2051 potestates

2106 2074 2355 2128 habeant
2400 2089 2627 2127 necesse
2658 2077 2770 2138 est;
2828 2089 2928 2126 seu
2983 2087 3086 2140 par
3142 2077 3229 2126 est
3257 2089 3354 2126 eas
3387 2087 3452 2124 ex
3480 2069 3690 2141 legibus
3734 2076 3778 2122 et

2107 2161 2375 2232 aequitate
2407 2161 2475 2214 de
2511 2159 2779 2214 omnibus
2817 2160 3097 2230 judicare,
3138 2160 3354 2213 Verum
3388 2158 3546 2212 nulla
3576 2157 3778 2211 societas

2109 2254 2192 2302 est
2231 2265 2359 2319 quas
2397 2249 2598 2302 iisdem
2637 2248 3018 2319 potestatibus
3068 2246 3441 2302 demandarit
3470 2261 3657 2300 curam
3683 2243 3778 2313 opi-

2109 2337 2369 2403 nionum,
2395 2337 2710 2408 praesertim
2739 2336 3181 2391 theoreticarum
3201 2352 3214 2401 ;
3232 2336 3314 2389 ita
3337 2341 3402 2389 ut
3427 2352 3522 2388 eas
3561 2332 3783 2386 sauciant

2105 2441 2234 2496 qua:
2268 2426 2406 2494 ipsis
2437 2427 2759 2496 placebunt,
2785 2424 3118 2495 proscriptis
3147 2424 3428 2478 omnibus
3465 2421 3606 2486 aliis,
3639 2425 3780 2489 atque

2109 2513 2444 2565 auctoritate
2475 2529 2598 2577 sua,
2629 2516 2686 2565 et
2715 2510 2912 2580 armis,
2945 2511 2992 2564 si
3023 2527 3261 2565 necesse
3296 2510 3405 2575 sit,
3457 2527 3487 2562 e
3523 2506 3786 2578 republica

2110 2599 2436 2655 eliminatis.
2472 2602 2647 2655 Nemo
2676 2606 2792 2655 tam
2823 2600 3059 2653 insanus
3089 2605 3176 2654 est
3210 2599 3315 2670 qui
3345 2603 3511 2669 putet
3567 2594 3667 2648 sibi
3708 2609 3788 2645 ne-

2110 2703 2263 2740 cesse
2316 2704 2436 2740 esse
2485 2687 2647 2758 sequi
2705 2686 3007 2757 opiniones
3057 2702 3308 2740 summa:
3342 2681 3665 2755 potestatis;
3718 2679 3792 2732 cui

2110 2774 2180 2827 ad
2214 2790 2302 2827 res
2331 2773 2503 2843 ipsas,
2531 2773 2603 2826 ad
2631 2773 2804 2826 vitam
2836 2787 3206 2826 communem
3244 2789 3312 2824 ac
3359 2768 3587 2823 civilem
3643 2763 3792 2836 perti-

2110 2866 2328 2927 nentes,
2367 2861 2610 2914 libenter
2653 2859 2870 2931 alioqui
2924 2864 3103 2930 paret.
3159 2856 3446 2930 Alioquin
3486 2852 3798 2927 oportuisset

308 2951 442 3004 dare
469 2949 804 3014 voluissent,
838 2945 916 2998 sic
967 2943 1221 2998 ethnicos
1253 2943 1497 3014 alloqui:
1536 2944 1697 2996 Nunc
1748 2942 1999 3012 quidem,
2041 2955 2080 3010 ρ
2109 2949 2336 3003 Judzeos
2384 2947 2659 3018 primum,
2706 2947 2913 3001 deinde
2945 2953 3002 3000 et
3033 2945 3398 3002 Christianos
3433 2942 3673 2998 ethnicis
3703 2956 3798 2992 ma-

309 3039 446 3093 dum
477 3035 822 3091 inﬁrmiores
851 3049 1067 3097 sumus,
1103 3050 1135 3085 ο
1170 3031 1400 3098 ethnici,
1436 3048 1468 3084 a
1489 3030 1646 3084 vobis
1675 3030 2005 3084 dissentien-

310 3133 394 3180 tes
425 3127 738 3179 clementer
793 3122 930 3176 ferri
987 3119 1276 3190 cupimus;
1321 3119 1417 3172 sed
1448 3118 1494 3170 si
1522 3120 1751 3188 quando
1809 3134 2002 3171 rerum

307 3215 617 3286 potiemur,
649 3227 720 3264 ne
742 3207 1043 3273 fallamini,
1072 3223 1186 3261 non
1215 3206 1478 3260 eamdem
1508 3205 1874 3259 clementiam
1905 3222 2000 3258 vo-

309 3303 395 3355 bis
426 3305 694 3372 prazstare
726 3295 1054 3350 statuimus.
1113 3297 1273 3359 Aras,
1335 3293 1548 3363 templa
1589 3309 1654 3346 ac
1701 3292 2003 3345 simulacra

309 3389 503 3443 omnia
531 3393 868 3446 evertemus,
893 3383 1278 3452 sacriliciaque
1319 3387 1504 3435 vestra
1533 3381 1609 3435 ita
1661 3381 1999 3448 vetabimus,

312 3483 372 3531 ut
393 3493 549 3530 sacra
578 3475 686 3528 diis
705 3473 904 3527 vestris
947 3472 1132 3525 facere
1165 3470 1326 3524 vobis
1351 3471 1588 3540 capitale
1616 3469 1872 3523 futurum
1905 3469 1998 3525 sit.

311 3569 530 3619 Interea
559 3580 658 3616 vos
697 3577 924 3616 oramus
965 3564 1026 3612 ut
1064 3575 1200 3628 erga
1232 3575 1336 3611 nos
1367 3559 1679 3612 clementer
1705 3573 1802 3610 vos
1834 3573 2001 3627 gera-

308 3655 400 3715 tis,
432 3654 567 3707 dum
598 3650 918 3720 superiores
951 3648 1104 3710 estis,
1137 3637 1415 3715 quamvis,
1475 3645 1522 3698 si
1574 3661 1830 3716 unquam
1887 3644 2003 3697 im-

308 3745 598 3810 peratores
649 3735 1002 3791 Christianos
1056 3733 1263 3787 habere
1322 3732 1626 3802 possimus,
1700 3747 1795 3784 vos
1839 3729 2004 3800 quasi

307 3829 512 3898 impios
538 3827 715 3880 simus
746 3821 1120 3878 interfecturi.
1155 3821 1200 3873 si
1224 3818 1516 3888 religionis
1543 3819 1754 3888 {vestrae
1785 3819 2002 3870 cultum

305 3917 452 3971 tueri
484 3915 682 3970 velitis.
735 3913 823 3968 Sic
853 3911 1212 3966 Christianos
1244 3907 1402 3978 loqui
1432 3906 1800 3978 oportuisset,
1834 3905 1880 3958 si
1907 3921 1999 3958 ve-

305 4023 432 4059 rum
461 4003 625 4058 fateri
675 4001 1012 4066 voluissent;
1045 4003 1143 4052 aut
1189 4001 1338 4050 certe
1391 3995 1532 4049 nihil
1565 3994 1825 4048 obstabat
1854 4009 1999 4064 quo-

304 4094 493 4148 minus
525 4107 724 4147 cornm
757 4090 904 4143 dicta
933 4087 1011 4141 sic
1034 4087 1551 4155 interpretarentur
1583 4081 1816 4147 ethnici,
1869 4082 1915 4134 si
1939 4081 2000 4136 id

305 4182 606 4236 credebant
657 4180 812 4251 quod
849 4179 999 4232 hisce
1029 4175 1403 4245 {temporibus
1432 4172 1694 4226 credebat
1726 4169 1996 4240 Augusti-

2112 3037 2443 3107 gistratibus
2473 3035 2543 3089 de
2575 3036 2852 3105 religione
2880 3035 3050 3088 tidem
3072 3034 3320 3099 habere,
3353 3037 3411 3086 et
3443 3027 3801 3086 idololatriani

2110 3125 2407 3195 amplecti;
2442 3139 2628 3194 neque
2660 3123 2814 3177 enim
2848 3122 3132 3177 deteriore
3159 3122 3300 3191 jure
3323 3119 3698 3192 {imperabant
3722 3132 3803 3184 pa-

2111 3213 2245 3282 gani
2279 3227 2450 3282 quam
2501 3215 2700 3281 postea
2749 3209 3052 3264 Christiani
3081 3209 3501 3279 imperatores.
3535 3207 3804 3276 Oporteret

2111 3300 2393 3364 similiter,
2445 3299 2774 3370 quicunque
2823 3298 2884 3351 in
2913 3296 3432 3352 Muhammedanis
3481 3293 3690 3364 regnis,
3731 3295 3809 3342 aut

2109 3387 2446 3441 idololatria:
2504 3386 2709 3441 deditis
2760 3386 3072 3439 etiamnum
3115 3384 3350 3452 vivunt,
3411 3400 3509 3438 eos
3571 3379 3806 3434 nuntium

2111 3473 2402 3527 remittere
2434 3471 2699 3542 religioni
2731 3473 3086 3526 Christianze.
3121 3473 3300 3536 Quod
3359 3471 3410 3524 si
3467 3469 3675 3525 dixeris
3719 3481 3814 3518 non

2111 3559 2278 3613 licere
2311 3559 2632 3613 errantibus
2662 3559 3039 3629 potestatibus
3069 3560 3294 3625 facere,
3333 3558 3498 3630 quod
3531 3557 3659 3611 licet
3686 3559 3812 3608 recte

2112 3646 2511 3714 sentientibus,
2542 3645 2602 3698 in
2632 3645 3022 3716 labyrinthum
3062 3647 3551 3702 inextricabilem
3576 3651 3633 3699 te
3661 3642 3815 3710 conji-

2110 3734 2255 3800 cies;
2292 3750 2424 3787 nam
2457 3733 2584 3803 quis
2616 3734 2848 3787 demum
2879 3734 3162 3804 judicabit
3196 3735 3299 3788 hic
3329 3735 3405 3790 de
3440 3734 3684 3788 errore?
3720 3732 3820 3783 Cre-

2109 3824 2254 3876 dunt
2282 3822 2513 3888 ethnici,
2549 3823 2788 3876 credunt
2840 3824 3347 3890 Muhammedani,
3384 3825 3636 3878 credunt
3669 3821 3818 3875 hierc-

2114 3911 2208 3965 tici
2262 3911 2548 3982 principes
2608 3916 2663 3965 te
2711 3928 2921 3976 errare,
2955 3912 3056 3981 qui
3086 3917 3142 3964 te
3189 3916 3378 3980 putas
3413 3917 3573 3966 recte
3605 3909 3818 3968 sentire,

2111 4017 2174 4052 ac
2214 3999 2454 4070 proinde
2511 4004 2564 4052 te
2605 4015 2804 4054 vexare
2834 3999 3160 4065 debebunt;
3212 4000 3332 4054 nisi
3372 4001 3531 4054 forte
3575 3998 3709 4052 velis
3735 3994 3821 4048 tibi

2109 4080 2214 4133 soli
2249 4079 2317 4133 ab
2349 4079 2616 4132 omnibus
2647 4079 2822 4144 credi,
2856 4097 2886 4131 a
2919 4084 2973 4132 te
3001 4094 3134 4131 vero
3170 4080 3444 4148 nemini,
3479 4078 3636 4150 quod
3668 4074 3823 4130 furio-

2109 4182 2236 4220 sum
2276 4171 2437 4220 esset.
2476 4169 2704 4220 Constat
2746 4167 2900 4219 enim
2932 4181 3438 4236 unumquemque
3470 4165 3535 4218 id
3588 4167 3825 4234 oportere

306 4285 436 4322 nus.
471 4269 733 4322 Judicent
760 4282 912 4320 nunc
938 4265 1266 4335 quicunque
1297 4278 1522 4315 omnem
1566 4261 1740 4314 animi
1790 4259 1995 4313 cando-
2026 4234 2072 4290 D
2111 4254 2271 4325 sequi
2326 4255 2610 4319 etfacere,
2681 4253 2832 4324 quod
2859 4253 3229 4306 verissimum
3299 4260 3364 4308 et
3425 4254 3718 4324 optimum
3770 4264 3821 4300 ex

306 4372 424 4409 rem
447 4373 508 4409 ac
543 4355 886 4425 probitatem
913 4369 1026 4405 non
1057 4357 1354 4414 exuerunt,
1386 4366 1459 4402 an
1484 4349 1621 4401 boni
1653 4353 1842 4401 essent
1894 4348 1995 4400 ha-

306 4443 474 4495 bendi
502 4457 750 4511 quorum
780 4440 1006 4493 animus
1062 4439 1141 4491 ita
1170 4437 1403 4489 atl‘ectus
1451 4435 1667 4488 fuisset.
1729 4436 1856 4487 Haec
1908 4439 1995 4487 ta-

307 4544 437 4581 men
468 4532 600 4581 sunt
628 4526 944 4580 necessaria
981 4524 1275 4578 sententia:
1305 4521 1739 4593 Augustinianae
1762 4536 1994 4574 consec-

305 4616 468 4670 toria.

374 4704 584 4757 Verum
629 4701 720 4756 hic
754 4704 1029 4771 praeterea
1059 4697 1364 4768 diligenter
1411 4694 1831 4749 observandum
1889 4701 1993 4759 est,

301 4793 452 4862 quod
492 4792 560 4846 ad
613 4789 913 4861 epistolam
969 4789 1038 4842 44
1068 4787 1362 4840 observare
1412 4784 1728 4837 omisimus.
1789 4785 1996 4853 Expro-

303 4880 502 4935 brabat
543 4879 884 4932 Fortunatus
932 4875 1243 4940 Donatista,
1285 4889 1434 4926 anno
1491 4875 1613 4936 398,
1673 4871 1992 4941 Augustino

302 4970 378 5022 ita
410 4985 528 5021 esse
574 4966 859 5029 animatos
912 4964 1206 5032 episcopos
1259 4959 1586 5024 catholicos,
1632 4965 1694 5012 ut
1724 4959 1858 5012 data
1887 4957 1994 5012 sibi

299 5061 576 5124 potestate
608 5053 810 5108 acriter
835 5056 1021 5104 essent
1050 5049 1369 5104 Donatistas
1397 5046 1772 5118 persecuturi,
1802 5063 1991 5116 quam-

298 5145 380 5196 vis
409 5143 850 5197 dissimularent.
911 5139 1042 5193 Vide
1073 5137 1240 5207 epist.
1273 5139 1363 5202 44,
1410 5139 1499 5189 ll.
1566 5135 1626 5188 Id
1653 5151 1785 5188 vero
1818 5150 1990 5204 nega-

300 5233 392 5284 bat
429 5231 780 5300 Augustinus
833 5227 902 5280 iis
935 5227 1121 5286 verbis
1152 5240 1279 5295 qua:
1310 5241 1372 5276 ex
1407 5223 1648 5293 epistola
1702 5223 1991 5293 excerpsi-

302 5335 422 5372 mus
457 5319 523 5370 ad
551 5326 690 5371 tom.
746 5319 814 5381 ll,
860 5317 1155 5385 Deumque
1185 5313 1442 5366 cordium
1473 5315 1674 5364 testem
1729 5311 1983 5364 vocabat.

296 5407 400 5461 Sed
431 5406 652 5460 duobus
699 5405 863 5457 annis
893 5411 1107 5474 postea,
1144 5401 1251 5454 hoc
1279 5406 1364 5454 est
1391 5402 1512 5459 400,
1549 5415 1662 5466 quo
1695 5398 1788 5451 hic
1848 5397 1987 5452 liber

295 5498 379 5550 est
408 5493 671 5563 scriptus,
703 5495 898 5546 contra
920 5491 1200 5546 sentiebat
1228 5505 1290 5543 ac
1322 5486 1676 5558 loquebatur.

2110 4343 2285 4396 animi
2339 4343 2424 4396 sui
2453 4342 2740 4397 sententia
2770 4343 2822 4395 ei
2851 4341 3103 4406 videtur;
3141 4357 3270 4394 non
3331 4343 3502 4412 quod
3558 4342 3755 4395 falsum
3786 4341 3830 4387 et

2108 4431 2344 4484 noxium
2377 4429 2574 4496 credit,
2610 4429 2890 4500 quidquid
2907 4429 2977 4483 de
3006 4445 3071 4482 eo
3092 4429 3196 4482 alii
3231 4431 3530 4485 sentiant.
3566 4435 3652 4484 An
3684 4442 3834 4498 Opor-

2105 4519 2249 4574 tebit
2277 4518 2589 4584 ethuicum,
2629 4518 3202 4588 Muhammedanum,
3239 4519 3609 4573 haereticum
3643 4515 3836 4588 princi-

2108 4624 2237 4676 pem
2266 4607 2452 4660 favere
2484 4605 2538 4658 ei
2567 4605 2848 4676 religioni.
2876 4605 2996 4658 eive
3027 4611 3227 4675 sectas,
3269 4625 3466 4679 quam
3497 4607 3705 4662 falsam
3734 4620 3839 4657 esse

2105 4694 2314 4760 credit;
2341 4709 2542 4746 vexare
2565 4708 2695 4746 vero
2728 4709 2824 4746 eos
2857 4693 2958 4764 qui
2989 4699 3140 4747 recte
3177 4695 3239 4748 ei
3276 4697 3515 4750 sentire
3548 4692 3842 4749 videntur?

2104 4782 2244 4835 Sunt
2277 4798 2413 4851 ergo
2453 4797 2651 4834 omnes
2676 4784 3009 4850 potestates,
3043 4781 3354 4853 quidquid
3392 4784 3678 4850 sentiant,
3711 4795 3842 4834 com-

2106 4869 2267 4923 muni
2295 4869 2410 4939 legi
2464 4868 2858 4939 sabjiciendae;
2894 4886 2986 4933 ne,
3021 4869 3160 4944 dum
3197 4873 3490 4926 veritatis
3527 4869 3843 4924 amantibus

2102 4958 2291 5011 favere
2347 4957 2407 5010 in
2460 4972 2636 5027 regno
2697 4956 2967 5026 quopiam
3020 4963 3117 5010 aut
3171 4961 3506 5030 republica
3568 4960 3840 5014 volumus,

2104 5045 2385 5100 mendacii
2410 5044 2722 5098 cultoribus
2744 5043 3141 5114 imprudenter
3162 5061 3352 5102 arma
3374 5049 3710 5111 tradamus,
3727 5059 3843 5114 quae

2104 5135 2260 5187 nulla
2288 5131 2508 5187 ratione
2543 5131 2763 5200 eripere
2796 5130 3095 5202 possimus.

2171 5222 2275 5276 Sed
2307 5220 2619 5284 nullamne,
2652 5219 2897 5289 inquies,
2935 5235 3126 5272 curam
3169 5223 3508 5292 religionis
3535 5239 3737 5293 gerere
3768 5219 3849 5273 de-

2102 5309 2239 5362 bent
2269 5306 2599 5378 principes?
2629 5306 2948 5372 Maximam,
2982 5311 3038 5359 et
3063 5323 3201 5377 quae
3237 5308 3308 5361 in
3334 5311 3454 5364 hoc
3485 5310 3845 5382 potissimum

2103 5399 2208 5451 sita
2239 5401 2342 5461 est,
2374 5401 2440 5450 ut
2464 5411 2535 5449 ne
2566 5394 2694 5466 quis
2725 5393 3020 5465 religionis
3041 5386 3239 5449 tensa
3283 5399 3485 5452 alium
3543 5405 3711 5452 vexet
3763 5399 3846 5448 aut

2104 5484 2249 5538 male
2279 5483 2506 5552 habeat,
2539 5481 2640 5552 qui
2670 5482 2979 5552 caeteroqui
3011 5481 3252 5552 legibus
3285 5485 3576 5540 civilibus
3623 5491 3841 5556 pareat;
