3920 6180
145 311 229 361 5'29

875 294 1239 353 VARIORUM
1282 299 1883 357 EXERCITATIONES
1919 303 1986 356 IN
2027 304 2081 357 S.
2124 298 2496 359 AUGUSTINI
2536 303 2788 359 Ol’ERA.

3484 311 3586 363 530

144 444 198 479 ne
230 424 337 494 quis
376 420 499 471 item
538 415 873 471 seditionem
918 422 1089 485 creet,
1132 425 1229 473 aut
1271 437 1431 474 arma
1468 422 1676 491 capiat,
1703 426 1767 476 ut
1804 422 1845 475 A
1885 426 2281 493 emercerijuste
2311 428 2622 491 fateantur;
2676 430 2733 480 in
2764 428 3034 481 haereticos
3065 434 3243 484 autem
3283 436 3443 499 atque
3480 435 3582 486 im-

139 516 274 567 aliter
297 508 577 562 sentientes
607 506 752 559 cives
772 506 1011 571 occidat,
1064 513 1161 562 aut
1184 525 1213 562 e
1244 508 1471 563 civitate
1503 510 1771 564 extermi-

139 607 230 657 net.
260 598 401 654 Nulla
439 595 543 649 alia
573 594 747 648 tutela
777 595 1002 665 indiget
1036 597 1264 663 veritas,
1299 598 1408 651 nisi
1441 604 1501 652 ut
1523 598 1574 652 ei
1607 599 1772 652 liceat

143 694 236 746 luce
263 686 470 757 propria
506 683 745 752 fulgenti
784 685 974 738 oculos
1012 685 1311 739 hominum
1351 688 1419 740 ad
1454 704 1511 741 se
1536 704 1768 741 conver—

137 784 243 839 tere,
293 779 343 827 et
402 770 574 825 ﬁrmis
613 770 930 824 rationibus
990 772 1211 825 animos
1253 790 1450 827 eorum
1509 775 1783 830 allicere.~

133 867 263 921 Nulla
288 862 479 916 erroris
509 862 857 931 oppugnatio
894 861 1101 915 certior
1138 866 1222 916 est
1261 878 1434 928 quam
1464 864 1766 934 utperspi-

128 970 207 1006 cue
246 952 562 1011 confutatur,
613 953 669 1002 et
723 949 900 1002 libere
940 954 1271 1019 retegantur
1318 951 1764 1006 allucinationes.

126 1042 193 1095 Sic
218 1055 335 1109 ergo
379 1038 596 1091 faveant
626 1038 988 1106 magistratus
1040 1039 1279 1105 veritati,
1334 1039 1411 1092 sic
1462 1040 1642 1093 errori
1676 1042 1770 1093 ad-

120 1132 388 1182 versentur.
426 1126 753 1196 Ubicunque
798 1131 1111 1197 utrumque
1151 1126 1343 1181 licebit
1371 1128 1576 1193 facere,
1614 1129 1767 1181 brevi

122 1218 175 1270 de
216 1230 385 1268 errore
438 1214 644 1267 veritas
695 1213 1092 1284 triumphabit.
1144 1216 1306 1280 Quod
1356 1216 1403 1269 si
1465 1217 1766 1270 hominum

120 1302 411 1372 ignorantia,
435 1308 517 1353 stu
529 1301 732 1371 piditas
756 1307 854 1355 aut
876 1302 1107 1356 affectus
1120 1304 1381 1357 nonnihil
1404 1304 1765 1374 triumphum

116 1390 323 1444 veritatis
353 1394 660 1455 morentur,
694 1406 806 1443 nou
838 1391 948 1444 erit
980 1392 1152 1460 longa
1184 1408 1362 1459 mora,
1395 1397 1451 1446 et
1491 1393 1760 1446 humanae

116 1478 470 1532 imbecillitatis
520 1477 783 1531 habenda
820 1480 1073 1547 profecto
1114 1485 1198 1533 est
1239 1480 1428 1550 aliqua
1456 1480 1618 1534 ratio.
1656 1482 1761 1534 Re-

115 1565 267 1618 media
314 1564 617 1617 certissima
684 1568 738 1617 et
795 1564 1187 1618 efficacissima
1242 1567 1450 1636 quibus
1506 1568 1761 1637 corporis

1880 516 2005 580 pius
2026 514 2380 568 dissensiones
2401 517 2575 569 nolint
2603 517 2792 581 fateri,
2819 532 2936 569 cum
2957 520 3014 569 in
3048 519 3239 572 iisdem
3274 522 3583 587 iniquitatis

1881 602 2174 666 fructibus,
2195 605 2516 656 auctoritate
2540 606 2856 671 apostolica,
2886 610 3234 659 numerentur
3263 605 3311 677 ?j
3347 607 3405 659 Si
3435 624 3583 678 aqua

1879 688 2135 742 haerebat
2166 689 2256 742 hic
2300 690 2623 756 Donatistis,
2677 693 2928 761 profecto
2981 694 3285 762 Augustini
3333 700 3581 749 contem-

1878 781 1983 846 ptu
2012 778 2172 847 digni
2204 785 2383 831 erant.
2410 779 2543 841 Quis
2565 780 2718 833 enim
2742 781 2967 848 ignorat
3005 798 3362 853 quascunque
3409 801 3578 837 evan-

1878 864 2071 932 gelicis
2102 864 2323 931 legibus
2355 866 2718 931 damnantur,
2752 872 2807 920 et
2854 884 2981 937 qua:
3022 871 3339 938 praesertim
3373 872 3579 925 Paulus

1879 951 1998 1004 loco
2037 952 2107 1004 ab
2130 953 2448 1021 Augustino
2481 954 2649 1006 allato
2675 955 3027 1024 prestringit,
3060 956 3320 1010 civilibus
3356 959 3578 1028 legibus

1876 1056 1978 1092 nec
2008 1041 2190 1093 solere
2221 1041 2412 1110 plecti,
2446 1057 2547 1094 nec
2578 1058 2741 1111 posse
2762 1043 2789 1095 ?
2823 1044 3071 1113 Exempli
3110 1061 3296 1111 causa,
3339 1049 3573 1100 aemula-

1874 1128 2078 1194 tiones,
2134 1130 2542 1195 animositates,
2585 1130 2981 1198 dissensiones,
3044 1133 3273 1199 invidia,
3312 1137 3570 1201 avaritia,

1876 1217 2161 1286 superbia,
2194 1218 2453 1284 ambitio,
2488 1235 2651 1272 amor
2684 1235 2873 1273 rerum
2906 1220 3076 1289 hujus
3109 1222 3258 1287 vitm,
3300 1224 3469 1277 modo
3502 1242 3571 1277 ne

1875 1322 2075 1359 eorum
2133 1322 2300 1359 causa
2348 1307 2502 1376 leges
2574 1308 2903 1376 reipublicae
2934 1309 3386 1378 perfringantur,
3433 1328 3574 1365 nun-

1874 1411 2045 1464 quam
2077 1396 2399 1465 puniuntur
2430 1396 2498 1447 ab
2529 1396 2889 1461 hominibus;
2917 1413 3019 1449 nec
3056 1401 3245 1450 tamen
3272 1405 3571 1468 propterea

1873 1482 2063 1535 minus
2094 1485 2206 1537 Deo
2237 1484 2416 1537 invisa
2437 1488 2587 1548 sunt,
2620 1485 2878 1537 minusve
2910 1502 3086 1555 regno
3128 1487 3339 1540 caelesti
3376 1489 3571 1541 exclu-

1872 1572 2033 1625 dunt.
2071 1572 2251 1625 Facile
2311 1573 2607 1625 ostendere
2638 1588 2935 1641 possemus
2966 1590 3065 1626 cur
3105 1575 3237 1629 talia
3282 1587 3572 1645 nequeant

114 1652 264 1707 morbi
311 1656 592 1716 curantur,
650 1651 913 1721 indigent
961 1669 1190 1724 quoque
1247 1654 1441 1725 aliquo
1475 1652 1754 1724 tempore,
1797 1696 1839 1751 Β
1871 1661 1940 1714 ab
1985 1660 2315 1713 hominibus
2347 1660 2534 1729 plecti,
2572 1660 2617 1712 si
2650 1661 2753 1713 hoc
2784 1666 3094 1730 ageretur;
3146 1663 3278 1715 satis
3328 1664 3435 1716 erit
3483 1666 3567 1716 di-

112 1757 198 1811 quo
254 1740 357 1793 vim
388 1746 555 1810 atque
622 1740 934 1795 efficaciam
964 1758 1127 1796 suam
1160 1747 1442 1796 exserant.
1476 1743 1756 1797 Mirumne

110 1845 214 1897 ergo
260 1832 347 1881 aut
397 1828 657 1899 iniquum
690 1829 873 1883 videri
925 1834 1111 1899 potest
1164 1830 1398 1885 concedi
1428 1831 1753 1885 animorum

108 1916 282 1970 morbis
310 1933 519 1970 moram
551 1918 805 1987 aliquam
841 1922 905 1971 ut
954 1922 1227 1971 curentur
1252 1919 1281 1971 ?
1330 1919 1555 1973 Nemini
1599 1935 1753 1983 sane,

106 2005 188 2057 nisi
216 2006 580 2075 semetipsum
608 2006 918 2075 ignoranti.
950 2008 1021 2060 At
1042 2024 1191 2076 smpe
1223 2008 1480 2077 contigit,
1508 2008 1754 2078 inquies,

104 2095 372 2149 diutissime
428 2113 655 2150 errores
707 2096 948 2165 fulgenti
994 2097 1220 2151 veritati
1266 2098 1755 2167 restitisse;qnod

103 2183 246 2252 liquet
273 2184 591 2238 ethnicismi
623 2186 902 2255 exemplo,
947 2185 1047 2255 qui
1087 2185 1148 2239 in
1204 2186 1447 2256 imperio
1493 2187 1753 2239 Romano

100 2278 287 2326 centum
349 2274 655 2327 minimum
708 2274 874 2327 annis
922 2279 1052 2344 post
1093 2275 1447 2328 Constantini
1498 2280 1756 2346 tempora

99 2367 338 2429 superstes
367 2361 495 2421 fuit,
532 2378 634 2415 nec
681 2362 839 2415 forte’
856 2379 1113 2432 unquam
1140 2362 1554 2416 intermortuus
1586 2368 1749 2428 esset,

98 2450 179 2501 nisi
203 2451 248 2502 vi
275 2451 456 2519 legum
478 2451 681 2505 fuisset
710 2456 1085 2521 expugnatus.
1118 2454 1188 2505 At
1218 2467 1325 2521 ego
1350 2452 1474 2505 illas
1496 2452 1648 2522 ipsas
1670 2453 1751 2506 le-

94 2553 171 2605 ges
208 2537 592 2592 diuturnitatis
650 2538 860 2592 erroris
889 2555 1084 2593 causas
1137 2541 1347 2609 partim
1399 2540 1571 2594 fuisse
1602 2540 1751 2593 exis-

93 2626 201 2679 timo
229 2644 240 2693 ;
267 2628 414 2697 quod
461 2627 730 2681 homines
769 2628 988 2680 soleant
1044 2643 1135 2680 eas
1166 2627 1466 2698 opiniones
1496 2627 1748 2698 pertina-

89 2714 182 2767 cius
206 2716 382 2770 fovere
434 2733 570 2787 quas
606 2716 660 2768 vi
718 2719 1145 2786 oppugnantur.
1181 2716 1393 2770 Deinde
1449 2734 1564 2770 non
1594 2732 1750 2769 mera

92 2802 164 2855 lux
200 2805 479 2873 Evangelii
501 2805 751 2859 tenebris
779 2804 1747 2874 ethnicismiopponebatur,fneque

87 2904 214 2943 mera
252 2897 397 2945 recta
442 2892 592 2945 ratio
652 2909 902 2946 errorem
961 2893 1355 2963 oppugnabat.
1414 2894 1585 2947 Multa
1625 2893 1746 2962 jam

84 2984 293 3033 eranteo
322 2986 581 3051 tempore
625 2982 679 3034 in
729 2981 1092 3050 dogmatibus
1128 2982 1447 3052 ritibusque
1477 2985 1531 3035 et
1569 2980 1744 3033 mori-
1777 2977 1815 3031 C

83 3065 167 3117 bus
187 3069 628 3123 Christianorum
652 3086 779 3140 quae
812 3070 1015 3123 merito
1050 3069 1211 3139 (quid
1232 3070 1387 3123 enim
1404 3086 1555 3123 nunc
1596 3085 1746 3138 pra:-

84 3154 247 3207 sertim
274 3172 370 3209 nos
400 3162 560 3211 vetat
589 3173 788 3210 verum
814 3158 1040 3225 fateri?)
1075 3156 1439 3211 offendebant
1468 3156 1744 3211 ethnicos.

82 3240 215 3311 Smpe
246 3245 409 3299 etiam
442 3244 751 3300 Christiani
773 3245 1050 3310 doctores,
1085 3244 1182 3316 qui
1213 3250 1299 3298 sat
1330 3246 1471 3299 bene
1494 3245 1748 3298 ethnicos

82 3344 271 3385 errores
323 3334 682 3399 avertebant,
716 3335 863 3387 male
894 3338 1066 3404 atque
1102 3333 1368 3402 imperite
1408 3334 1747 3404 religionem

83 3416 423 3475 Christianam
458 3422 792 3475 tuebantur.
826 3423 1022 3492 Itaque
1044 3422 1355 3491 caligantes
1388 3422 1748 3475 ethnicorum

80 3506 220 3573 oculi,
274 3509 409 3563 dum
487 3510 619 3563 hinc
701 3510 954 3564 veritatis
1002 3511 1122 3563 luce
1175 3510 1745 3580 praestringebantur,

81 3592 211 3648 illinc
234 3612 539 3665 pravarum
582 3604 750 3669 atque
808 3600 1077 3652 falsarum
1122 3598 1618 3652 ratiocinationum
1648 3615 1747 3652 ne-

79 3680 201 3737 bulis
228 3688 750 3757 prazpediebantur,
796 3702 1026 3756 unaque
1066 3702 1195 3739 cum
1226 3686 1618 3757 paralogismis
1658 3686 1750 3740 fir-

80 3770 330 3828 missimas
359 3774 831 3829 ratiocinationes
882 3774 1215 3828 miscebant.
1270 3774 1548 3827 Videbant
1578 3775 1749 3827 etiam

75 3856 344 3915 hominum
368 3862 662 3934 quoddam
713 3878 913 3931 genus,
955 3878 988 3914 a
1028 3878 1142 3931 quo
1179 3861 1427 3915 maxime
1457 3878 1748 3931 oppugna-

78 3944 276 4015 bantur,
306 3967 521 4021 cuperc
555 3956 620 4004 ut
648 3951 988 4020 religionem
1038 3949 1419 4004 Christianam
1451 3952 1751 4020 amplecte-

78 4039 266 4101 rentur,
289 4055 404 4092 non
439 4042 666 4092 tantum
698 4039 892 4091 animo
937 4038 1073 4107 ipsis
1103 4037 1412 4102 benevolo;
1451 4038 1548 4090 sed
1579 4037 1749 4091 etiam

75 4123 207 4190 quia,
238 4132 400 4181 aucto
435 4127 892 4182 Christianorum
923 4143 1185 4189 numero,
1211 4126 1352 4179 ﬁnes
1383 4126 1543 4195 regni
1568 4128 1751 4196 cujus-

75 4209 187 4264 dam
209 4215 336 4267 novi
370 4215 604 4285 generis
637 4215 791 4285 quod
822 4214 905 4268 illi
953 4215 1213 4268 homines
1234 4214 1596 4285 possidebant
1623 4231 1752 4284 pro-

72 4296 379 4356 ferebantur
404 4323 419 4369 ;
447 4318 696 4372 opesque
729 4306 784 4355 et
813 4303 1118 4356 auctoritas
1138 4318 1335 4356 eorum
1369 4304 1748 4374 augebantur.

78 4385 156 4437 Hae,
184 4389 420 4461 aliaeque
446 4390 660 4444 similes
698 4390 857 4444 fuere
886 4406 1160 4457 rumorae,
1201 4407 1326 4461 quae
1358 4392 1594 4461 objecta:
1625 4397 1757 4446 sunt

73 4475 313 4544 ethnicis,
365 4496 439 4533 ne
502 4478 935 4550 quamprimum
987 4478 1368 4532 Christianam
1414 4480 1757 4549 religionem

73 4567 557 4634 amplecterentur,
608 4585 721 4622 non
752 4568 904 4638 quod
927 4568 1112 4621 edicta
1151 4583 1265 4621 non
1296 4568 1428 4621 satis
1462 4569 1665 4622 acerba
1694 4585 1757 4622 ac

70 4654 301 4710 crudelia
333 4662 536 4711 contra
567 4673 665 4710 eos
683 4657 1050 4728 promulgata
1079 4656 1327 4721 fuerint;
1367 4660 1463 4710 aut
1493 4658 1645 4727 quod
1678 4657 1759 4711 di-

72 4740 200 4795 vinae
246 4745 527 4811 veritatis,
575 4761 706 4798 cum
748 4746 866 4798 sola
896 4745 1096 4813 fulget,
1158 4745 1380 4814 exiguae
1424 4744 1537 4797 sint
1587 4744 1753 4811 vires,

70 4832 282 4898 quando
335 4834 499 4887 nulla
554 4833 637 4886 vis
688 4838 841 4887 vetat
878 4832 1186 4904 quominus
1233 4832 1464 4902 fulgeat.
1500 4832 1604 4886 Sed
1637 4832 1759 4886 haec

70 4918 190 4971 satis
227 4937 520 4992 superque
544 4922 652 4976 hac
681 4922 751 4975 de
782 4937 864 4975 re.

130 5006 266 5062 Ibid.
298 5011 454 5063 Illud
492 5027 694 5079 quacro,
738 5026 857 5064 cum
902 5012 1187 5077 manifeste
1231 5012 1759 5079 enumeretAposto—

67 5093 139 5146 lus
184 5110 349 5164 opera
408 5101 607 5165 carnis,
668 5099 804 5162 Quae.
851 5104 1004 5165 sunt,
1061 5101 1264 5166 inquit,
1332 5098 1755 5163 fornicationes,

68 5181 463 5249 immunditiee,
496 5188 909 5249 contentiones,
972 5186 1388 5254 mmulationes,
1421 5186 1757 5239 animosita-

66 5275 160 5337 tes,
207 5273 614 5341 dissensiones,
672 5277 937 5341 haarescs,
989 5275 1240 5341 invidiae,
1300 5275 1620 5333 ebrietates,
1667 5291 1760 5327 co-

69 5360 371 5416 mestiones
403 5370 450 5418 et
482 5365 564 5418 his
593 5366 835 5429 similia;
865 5366 1001 5434 quid
1026 5367 1149 5419 istis
1173 5366 1446 5431 videatur,
1476 5369 1540 5418 ut
1559 5366 1759 5417 crimen

66 5445 391 5504 idololatriae
428 5456 621 5521 putent
657 5453 829 5521 juxta
875 5452 942 5505 ab
996 5451 1412 5521 imperatoribus
1439 5450 1756 5513 vindicari;

69 5540 157 5587 aut
179 5540 229 5590 si
256 5554 356 5592 nec
379 5540 472 5595 hoc
528 5540 734 5607 volunt,
795 5557 891 5594 cur
926 5544 984 5595 in
1035 5544 1288 5609 veneﬁcos
1317 5543 1551 5608 vigorem
1586 5541 1758 5605 legum

1869 1749 2011 1801 xisse
2044 1749 2193 1817 leges
2222 1747 2410 1800 civiles
2458 1764 2578 1802 esse
2611 1748 2910 1801 hominum
2945 1750 3257 1803 conditioni
3287 1756 3566 1820 attempe-

1868 1842 2037 1902 ratas,
2067 1852 2169 1889 nec
2197 1837 2266 1889 ab
2296 1835 2365 1887 iis
2390 1836 2657 1890 eximiam
2690 1837 2999 1907 quamdam
3035 1839 3393 1892 sanctitatem
3434 1856 3564 1909 pos-

1867 1926 2070 1989 tulare,
2105 1924 2203 1978 sed
2260 1928 2484 1976 tantum
2535 1941 2660 1978 eam
2708 1926 2974 1978 virtutem
3025 1927 3145 1979 sine
3195 1944 3308 1996 qua
3356 1927 3563 1981 civium

1864 2013 2096 2066 societas
2152 2012 2453 2064 incolumis
2528 2029 2647 2066 esse
2704 2030 2822 2066 non
2876 2019 3078 2083 potest.
3132 2015 3413 2069 Similiter
3462 2032 3563 2069 nec

1864 2090 2162 2170 opiniones
2226 2099 2520 2169 subjacent
2567 2102 2761 2170 legum
2840 2102 3095 2156 civilium
3165 2104 3366 2166 pcenis,
3429 2104 3563 2174 quia

1864 2190 2143 2260 aequiores
2171 2204 2369 2241 omnes
2393 2189 2743 2258 legislatores
2777 2207 2842 2244 ea
2873 2195 3097 2245 tantum
3144 2193 3401 2262 plectunt
3435 2210 3561 2263 qum

1862 2277 2214 2348 experientia
2252 2277 2588 2348 quotidiana
2613 2283 2832 2331 constat
2855 2295 2977 2331 esse
3011 2281 3181 2341 mala,
3206 2280 3458 2350 taliaque
3492 2282 3560 2334 ab

1862 2366 2132 2419 omnibus
2178 2365 2483 2431 habentur,
2526 2366 2625 2436 qui
2665 2367 2899 2437 quidem
2931 2372 3065 2421 sunt
3113 2368 3199 2421 sui
3232 2374 3557 2439 compotes:

1860 2457 2221 2528 qualiasunt,
2255 2455 2459 2523 caedes,
2515 2456 2751 2516 furtum,
2806 2457 3151 2510 adulterium
3210 2462 3265 2511 et
3309 2458 3556 2523 similia;

1860 2562 1989 2616 qua:
2010 2544 2059 2598 si
2079 2544 2509 2614 negligerentur
2534 2549 2682 2597 stare
2713 2546 2949 2598 societas
2992 2546 3246 2599 humana
3273 2563 3390 2599 non
3436 2562 3559 2615 pos-

1860 2638 1960 2688 set.
2016 2633 2511 2703 ldeoquefnullum
2559 2637 2645 2685 est
2671 2633 3091 2686 raticionationi
3127 2632 3561 2701 Augustinianm

1859 2723 2109 2792 pondus.
2152 2722 2210 2775 Si
2260 2720 2568 2775 Donatista:
2624 2722 2941 2790 probabant
2987 2721 3266 2789 supplicia
3296 2719 3559 2773 ethnico-

1858 2827 2009 2877 rum,
2036 2810 2197 2879 digni
2216 2825 2351 2862 sane
2383 2812 2546 2862 erant
2586 2809 2685 2878 qui
2743 2814 2797 2862 et
2852 2809 2959 2879 ipsi
3008 2812 3350 2861 vexarentur
3383 2823 3396 2872 ;
3427 2823 3560 2860 nam

1857 2899 2015 2969 quod
2063 2898 2169 2951 sibi
2217 2914 2332 2951 non
2380 2897 2501 2951 ﬁeri
2541 2898 2869 2967 cupiebant,
2901 2897 2959 2950 id
3013 2896 3140 2949 aliis
3198 2895 3321 2948 fieri
3350 2909 3558 2963 cupere

1856 3002 1975 3040 non
2002 2986 2111 3040 nisi
2142 2985 2337 3055 inique
2370 2990 2654 3055 poterant.
2706 2986 2858 3037 Inter
2890 2984 3169 3037 veneficos
3224 2986 3279 3035 et
3322 2980 3557 3034 haereti-

1856 3093 1951 3129 cos
1990 3076 2147 3128 nulla
2168 3080 2252 3128 est
2282 3074 2594 3127 similitudo
2621 3091 2634 3139 ;
2669 3089 2799 3126 nam
2838 3072 3074 3126 venefici
3103 3070 3346 3125 convicti
3376 3069 3554 3123 faten-

1796 3162 1817 3173 ‘
1856 3167 1951 3215 tur
1981 3178 2039 3215 se
2087 3166 2283 3214 contra
2308 3162 2402 3230 jus
2455 3165 2509 3214 et
2556 3161 2639 3214 fas
2665 3178 2885 3214 venena
2914 3161 3266 3230 propinasse,
3314 3174 3419 3212 nec
3466 3174 3557 3210 res

1856 3250 1975 3303 ulla
2001 3250 2344 3303 obscuritate
2367 3250 2584 3302 laborat
2642 3266 2655 3302 :
2690 3250 2787 3302 sed
2814 3249 2910 3303 ubi
2953 3265 3140 3302 sermo
3183 3248 3362 3301 estde
3433 3245 3554 3315 opi-

1857 3337 2147 3403 nionibus,
2181 3353 2321 3407 quas
2354 3337 2453 3407 qui
2494 3342 2814 3407 sequuntur
2853 3338 3093 3390 credunt
3140 3352 3259 3389 esse
3287 3351 3467 3397 veras,
3504 3337 3559 3386 et

1856 3429 2092 3494 propter
2114 3441 2255 3493 quas
2272 3424 2332 3476 in
2355 3425 2571 3477 nullam
2594 3424 2818 3477 civilem
2838 3425 3022 3493 legem
3057 3423 3420 3493 delinquunt,
3452 3420 3557 3473 ini-

1857 3512 2150 3582 quissima
2179 3516 2311 3564 sunt
2342 3528 2547 3581 poenio,
2606 3512 2677 3566 ob
2728 3511 2976 3565 rationes
3010 3516 3177 3565 antea
3217 3512 3432 3564 allatas.
3469 3509 3557 3561 An

1854 3601 2252 3670 forte,subjicit
2280 3600 2631 3669 Augustinus
2675 3616 2769 3654 nec
2820 3602 2954 3654 talia
2982 3603 3271 3669 potestates
3301 3600 3419 3651 ista:
3452 3597 3557 3649 hu—

1856 3706 2029 3743 manae
2048 3691 2446 3743 constitutionis
2478 3690 2868 3757 permittuntur
2899 3691 3127 3742 curare?
3159 3690 3382 3754 Propter
3425 3684 3561 3753 quid

1856 3792 1980 3843 ergo
2010 3776 2255 3844 gladium
2279 3779 2464 3843 portat
2493 3778 2589 3843 qui
2618 3776 2794 3829 dictus
2825 3780 2902 3828 est
2945 3777 3190 3827 minister
3226 3776 3322 3827 Dei
3357 3773 3559 3825 vindex

1856 3872 1916 3921 in
1945 3870 2087 3920 iram
2117 3870 2191 3920 eis
2224 3869 2320 3934 qui
2339 3868 2480 3919 male
2495 3866 2706 3931 agunt?
2727 3866 2784 3919 Si
2814 3865 2947 3918 talia
2967 3868 3272 3933 potestates
3292 3864 3559 3916 humanae

1859 3956 1913 4009 vi
1952 3961 2007 4008 et
2027 3955 2202 4008 armis
2251 3959 2469 4017 curant,
2531 3954 2654 4007 sine
2686 3953 2861 4007 dubio
2890 3958 3102 4023 praeter
3145 3953 3238 4021 jus
3272 3956 3328 4003 et
3360 3951 3443 4003 fas
3464 3966 3561 4018 po-

1858 4045 2039 4099 tentia
2086 4059 2189 4095 sua
2226 4042 2576 4106 abutuntur;
2624 4058 2809 4111 neque
2847 4041 2999 4094 enim
3062 4041 3196 4093 talia
3228 4039 3279 4091 vi
3308 4043 3365 4092 et
3386 4038 3558 4091 armis

1861 4136 2151 4185 curantur.
2179 4130 2535 4196 Defendenda
2568 4131 2760 4195 religio
2779 4134 2873 4192 est,
2914 4129 3211 4199 inquiebat
3239 4126 3560 4180 Lactantius

1863 4221 1962 4274 lib.
1988 4236 2036 4283 v,
2074 4236 2194 4289 cap.
2232 4222 2312 4281 l9,
2346 4233 2451 4271 non
2503 4218 2803 4284 occidendo,
2835 4218 2929 4271 sed
2952 4216 3267 4279 moriendo;
3308 4230 3409 4268 non
3454 4229 3559 4267 sae—

1864 4311 2023 4375 vitia,
2052 4309 2145 4361 sed
2190 4309 2501 4376 patientia;
2547 4322 2653 4359 non
2683 4307 2892 4371 scelere,
2952 4306 3048 4357 sed
3102 4304 3227 4373 ﬁde.
3280 4304 3392 4356 Illa
3419 4304 3560 4355 enim

1864 4398 2127 4451 malorum
2159 4400 2302 4459 sunt,
2341 4395 2453 4449 haec
2485 4395 2760 4461 bonorum,
2791 4399 2894 4447 etc.
2930 4393 3083 4447 Nihil
3121 4396 3197 4445 est
3228 4396 3340 4445 tam
3368 4392 3559 4444 volun-

1866 4489 2067 4541 tarium
2098 4501 2260 4554 quam
2310 4487 2503 4552 religio
2536 4503 2551 4547 ;
2592 4487 2649 4538 in
2689 4500 2797 4552 qua
2828 4487 2877 4537 si
2935 4486 3148 4537 animus
3201 4483 3562 4549 sacriﬁcantis

1866 4589 2085 4628 aversus
2114 4578 2211 4637 est,
2246 4574 2366 4642 jam
2395 4573 2630 4636 sublata,
2666 4573 2786 4639 jam
2815 4573 2969 4625 nulla
3014 4575 3109 4625 est.
3172 4570 3399 4623 Gladius
3448 4585 3561 4621 non

1865 4665 1949 4713 est
1978 4661 2142 4714 datus
2171 4659 2527 4729 principibus
2549 4657 2659 4710 nisi
2686 4658 2746 4711 in
2777 4675 2870 4711 eos
2898 4659 2957 4710 in
2987 4674 3129 4728 quos
3159 4673 3223 4709 ex
3242 4655 3459 4725 legibus
3482 4654 3562 4706 ci-

1865 4748 2071 4802 vilibus
2095 4748 2284 4817 gladio
2311 4746 2788 4811 animadvertere,
2818 4752 3052 4816 propter
3082 4745 3331 4798 facinora
3354 4743 3561 4813 quibus

1865 4833 2043 4887 civilis
2100 4834 2337 4886 societas
2388 4833 2653 4897 violatur,
2700 4833 2975 4901 jubentur
3004 4854 3023 4896 ;
3079 4848 3191 4885 non
3224 4832 3283 4884 in
3313 4847 3409 4883 eos
3439 4830 3560 4899 qui,

1794 4986 1795 4990 η
1866 4926 2071 4976 caetera
2110 4921 2347 4987 innoxii,
2378 4938 2409 4973 a
2448 4919 2615 4973 rectis
2639 4921 2933 4974 sententiis
2978 4922 3264 4984 aberrant,
3316 4922 3560 4987 suntque

1866 5008 2235 5079 persuasione
2274 5014 2331 5062 et
2360 5007 2796 5062 mansuetudine
2836 5008 2904 5061 ad
2948 5013 3162 5060 rectam
3216 5006 3365 5057 viam
3397 5020 3561 5057 revo-

1866 5096 2053 5151 candi.
2084 5098 2184 5151 Fac
2214 5095 2561 5149 contrarium
2596 5111 2716 5149 esse
2767 5110 2986 5159 verum,
3021 5094 3157 5164 quid
3189 5093 3339 5146 dices
3374 5091 3558 5145 ethni-

1868 5186 1945 5240 cis
1995 5185 2442 5254 magistratibus,
2487 5185 2585 5255 qui
2628 5184 2878 5237 rationes
2931 5186 3054 5235 tuas
3092 5181 3289 5235 audire
3320 5181 3564 5235 nolent?

1870 5274 2015 5338 Quid
2047 5273 2396 5343 reposuisset
2422 5273 2773 5343 Augustinus
2828 5270 3158 5327 Constantio
3188 5270 3395 5323 Ariauo
3417 5270 3562 5322 male

1869 5361 2100 5415 habenti
2131 5360 2331 5429 synodi
2381 5360 2623 5413 Nicamce
2675 5359 3029 5413 sectatores?
3069 5356 3215 5421 Quid
3274 5356 3560 5418 Vandalis,

1870 5451 1990 5521 qui,
2026 5467 2142 5504 non
2183 5450 2262 5503 ita
2305 5451 2482 5503 multo
2506 5452 2631 5519 post
2669 5449 2790 5517 ejus
2840 5450 3087 5513 aetatem,
3129 5461 3192 5498 ex
3220 5445 3402 5498 Africa
3432 5460 3561 5497 exe—

1870 5544 2076 5609 gerunt
2100 5538 2393 5608 episcopos
2425 5538 2778 5591 decretorum
2828 5535 3182 5588 Nicmnorum
3228 5534 3560 5595 tenaciores,
