3884 6178
336 257 430 309 531

1348 248 1897 305 SUPPLEMENTUM
1937 249 2027 302 AD
2063 247 2295 303 OPERA
2332 245 2388 301 S.
2429 247 2812 302 AUGUSTINI.
3673 267 3755 318 532

334 360 679 449 plebemque
710 392 840 430 cum
886 374 956 428 iis
984 373 1321 428 sentientem
1362 373 1512 426 male
1554 370 1917 427 habuerunt?
1945 370 2034 426 Ni-
2070 373 2114 427 A
2142 372 2354 426 omnino
2396 372 2679 439 militavit,
2727 374 2859 426 nota
2900 370 3134 426 militari
3175 374 3435 441 privatum
3479 381 3761 449 aliquemsi-

339 465 573 534 mirum,
631 466 700 520 ad
757 481 885 519 suas
927 468 1072 517 artes
1103 460 1357 516 converti
1393 477 1527 515 eum
1570 460 1935 532 oportuisset,
1981 462 2037 511 et

338 555 693 625 palinodiam
716 568 919 609 canere
947 550 1192 605 crudelis
1221 550 1519 604 sententiae
1548 549 1616 603 de
1642 547 2036 619 persecutione

341 644 514 712 licita,
566 647 629 696 ut
665 642 737 696 ad
783 640 1034 711 priorem
1077 638 1575 693 mansuetudinem
1633 640 2032 692 reverteretur.

342 734 454 786 Nos
478 746 608 784 vero
652 730 733 783 ita
761 728 1074 782 sentiamus
1100 728 1169 782 de
1203 728 1333 798 jure
1361 726 1554 782 divino
1585 730 1641 780 et
1669 726 1943 790 humano,
1976 726 2040 777 ut

342 836 639 891 nunquam
670 835 773 873 nos
800 818 880 872 ita
901 816 1142 871 sensisse
1173 818 1387 889 pudeat
1411 815 1822 888 pmniteatque.

413 910 587 962 Lmae
615 924 677 963 ιι.
719 907 854 977 Cap.
892 909 978 972 l3,
1010 904 1148 975 §29.
1194 908 1316 960 Etsi
1345 906 1516 959 laicus
1552 906 1757 972 aliquis
1789 903 2041 972 pereunti

342 997 551 1051 dederit
594 998 909 1051 necessitate
956 996 1261 1064 compulsus
1307 993 1612 1064 (baptisma
1656 997 1714 1047 et
1753 989 2040 1045 eucharis-

342 1085 503 1153 tiam,
534 1100 670 1138 nam
695 1084 794 1138 illa
838 1085 1038 1154 juncta
1089 1087 1273 1137 erant.
1303 1082 1438 1137 Vide
1479 1086 1603 1135 not.
1659 1080 1726 1135 ad
1761 1084 1909 1133 tom.
1964 1079 2039 1142 Il,

343 1174 508 1245 epist.
566 1176 747 1240 172,§
806 1172 879 1241 5),
945 1172 1089 1241 quod
1139 1187 1260 1225 cum
1308 1173 1422 1239 ipse
1477 1173 1739 1239 acciperet
1780 1168 2041 1238 quomodo

345 1262 587 1316 dandum
631 1266 765 1316 esset
802 1261 1095 1329 addidicit,
1124 1262 1300 1314 nescio
1341 1275 1414 1313 an
1440 1261 1534 1329 pie
1561 1262 1851 1327 quisquam
1882 1257 2042 1311 dime-

344 1354 419 1405 rit
447 1365 558 1405 esse
586 1350 952 1419 repetendum.
1012 1349 1175 1415 Nulla
1203 1350 1342 1402 enim
1371 1352 1582 1415 cogente
1634 1348 1948 1402 necessitate
1994 1348 2044 1399 si

345 1441 461 1506 ﬁat,
495 1440 662 1491 alieni
705 1440 942 1492 muneris
971 1439 1254 1506 usurpatio
1274 1440 1390 1502 est;
1444 1437 1495 1489 si
1539 1439 1717 1489 autem
1758 1437 2043 1489 necessitas

347 1531 561 1595 urgeat,
595 1531 692 1580 aut
744 1527 970 1590 nullum,
1013 1530 1109 1579 aut
1144 1524 1354 1579 veniale
1396 1523 1652 1579 delictum
1688 1523 1809 1592 est]
1856 1522 1913 1576 Si
1941 1538 2045 1592 po-

352 1632 453 1669 nas
482 1630 550 1668 ea
597 1618 950 1668 sacramenta
996 1629 1118 1667 esse
1161 1611 1479 1667 necessaria
1507 1611 1578 1665 ad
1613 1612 1876 1677 salutem,
1909 1626 2045 1681 quo-

351 1704 520 1758 modo
576 1704 744 1774 vulgo
792 1706 1051 1772 tempore
1102 1701 1409 1771 Augustini
1468 1700 1806 1766 sentiebant,
1868 1699 2045 1753 satius

350 1792 601 1863 profecto
630 1796 715 1844 est
744 1806 810 1844 ea
839 1806 873 1843 a
896 1789 1057 1844 laicis
1113 1788 1521 1854 administrari,
1553 1794 1610 1843 et
1637 1793 1760 1843 rata
1805 1787 2044 1854 censeri,

350 1896 545 1952 quam,
577 1882 641 1933 ut
669 1878 902 1949 quidam
933 1877 1033 1950 qui
1061 1877 1271 1932 similia
1302 1877 1577 1946 sentiunt,
1620 1878 1762 1931 velle
1783 1877 2048 1932 homines

349 1969 542 2040 potius
569 1968 774 2039 perire.
807 1966 919 2021 Sed
948 1967 1140 2021 neutri
1160 1965 1458 2020 ostendere
1489 1969 1704 2037 queant
1729 1982 1795 2020 ea
1825 1981 1948 2020 esse
1978 1965 2049 2020 ad

353 2057 594 2111 salutem
647 2055 985 2110 necessaria.
1026 2055 1165 2109 Vide
1193 2053 1652 2109 dissertationem
1684 2055 1835 2124 Hug.
1873 2053 2049 2108 Grotii

352 2145 422 2199 de
453 2144 639 2198 Ccenae
675 2143 1166 2198 administratione
1196 2131 1318 2197 ubi.
1339 2147 1598 2214 pastores
1630 2158 1748 2196 non
1777 2146 1930 2209 sunt,
1962 2145 2048 2196 at-

354 2247 468 2302 que
516 2231 589 2286 ad
654 2247 782 2286 eam
827 2231 1350 2287 animadversiones
1402 2230 1659 2302 Dionysii
1725 2230 1939 2285 Petavii
1996 2234 2052 2284 et

356 2320 587 2375 Henrici
622 2320 914 2375 Dodwelli.

426 2409 571 2463 Ibid.
603 2412 782 2478 Neque
809 2410 920 2464 ullo
968 2409 1124 2464 modo
1155 2424 1259 2478 per
1300 2409 1559 2487 devotum,
1577 2409 1822 2475 militem,
1846 2407 1990 2476 quod
2017 2423 2053 2461 a

352 2501 591 2567 privatis
611 2503 936 2567 usurpatum
966 2502 1061 2563 est,
1093 2501 1311 2565 signum
1338 2499 1519 2565 regale
1558 2496 1895 2567 violabitu-r.]
1924 2498 2052 2550 Haec

358 2588 531 2641 verba
565 2587 870 2641 illustravit
921 2586 1224 2658 Dionysius
1279 2585 1539 2641 Petavius
1588 2586 2050 2639 Animadversio-

356 2691 498 2730 num
552 2675 613 2730 in
670 2676 1056 2747 Epiphaniam
1081 2691 1213 2747 pag.
1258 2679 1347 2743 '78,
1399 2675 1471 2729 ad
1513 2674 1716 2729 haeres.
1747 2675 1837 2741 42,
1897 2674 2051 2728 unde

356 2782 487 2836 quae
540 2766 653 2820 huc
699 2766 918 2820 faciunt
958 2766 1391 2837 depromemus.
1446 2765 1541 2819 Est
1581 2763 1872 2811 καθοσιῶσαι
1900 2762 2053 2818 idem

357 2871 422 2909 ac
466 2870 805 2922 consecrare,
855 2855 1057 2909 dicare.
1135 2854 1273 2908 Hinc
1348 2851 1626 2906 καθοσιῶσις
1680 2852 1924 2920 devotio,
1995 2857 2053 2907 et

2145 464 2269 526 gnet
2295 477 2309 527 ;
2339 475 2512 514 nonne
2554 460 2647 514 ubi
2678 462 2861 527 fuerit
2897 460 3274 530 deprehensus,
3305 464 3388 518 ille
3439 469 3656 533 signatus
3681 490 3762 542 pro

2147 549 2412 603 desertore
2454 552 2708 618 punitur,
2752 554 2895 612 eteo
2939 552 3165 616 gravius
3193 565 3292 618 quo
3338 554 3541 621 probari
3571 564 3767 626 potuerit

2145 654 2426 706 nunquam
2445 641 2657 693 omnino
2686 639 2967 704 militasse,
3007 639 3170 693 simul
3193 654 3360 695 secum
3402 647 3592 713 punito,
3619 651 3767 706 sieum

2142 727 2472 796 prodiderit,
2502 727 2866 781 audacissimo
2894 726 3190 793 signatore,
3233 726 3359 799 etc.]
3388 730 3587 787 Alludit
3606 735 3665 788 ad
3689 738 3770 790 sti-

2148 819 2343 885 gmata
2372 814 2661 879 militaria,
2696 814 2765 869 de
2818 815 3030 887 quibus
3082 815 3211 871 vide
3266 817 3403 888 Hug.
3449 819 3675 876 Grotium
3722 826 3771 879 ad

2149 902 2267 957 Gal.
2300 920 2373 971 v1,
2425 907 2478 958 7.
2524 903 2633 957 Lex
2677 905 2733 971 4,
2790 902 2891 958 lib.
2930 920 2985 971 x,
3039 904 3129 958 tit.
3178 906 3266 972 2t,
3321 905 3379 959 in
3405 908 3583 962 codice
3625 911 3773 966 Theo-

2148 991 2417 1046 dosiano:
2468 992 2762 1060 Stigmata,
2823 993 2918 1047 hoc
2966 998 3065 1061 est,
3115 997 3246 1047 nota
3302 995 3514 1063 publica
3550 998 3776 1064 fabricen-

2148 1082 2292 1135 sium
2341 1080 2594 1148 brachiis,
2628 1081 2704 1135 ad
2746 1083 3102 1135 imitationem
3132 1082 3367 1137 tironum
3394 1085 3666 1153 inﬂigatur,
3693 1094 3772 1142 etc.

2149 1170 2233 1224 Ad
2265 1185 2439 1239 quem
2468 1170 2658 1224 locum
2711 1170 2838 1241 lege
2888 1170 3364 1225 commentarium
3403 1173 3583 1227 Jacobi
3611 1176 3779 1231 Gotho-

2152 1258 2317 1313 fredi.

2681 1347 3345 1403 ANIMADVERSIONES

2365 1452 2420 1489 IN
2442 1452 2630 1490 LIBROS
2662 1453 2730 1490 DE
2759 1453 3016 1490 BAPTISMO
3056 1451 3269 1491 CONTRA
3298 1451 3615 1491 DONATISTAS.

2228 1524 2394 1577 LIBBO
2433 1540 2492 1578 ιι.
2537 1524 2669 1595 Cap.
2704 1527 2759 1593 3,
2785 1522 2886 1594 $4.
2945 1526 3079 1590 Quis
3130 1527 3310 1578 autem
3352 1526 3547 1579 nesciat
3593 1531 3787 1580 sanctam

2157 1613 2498 1682 Scripturam
2525 1615 2837 1668 canonicam
2886 1618 2998 1667 tam
3041 1615 3248 1669 Veteris
3294 1628 3453 1682 quam
3488 1615 3614 1669 Novi
3641 1618 3787 1669 Testa-

2156 1704 2338 1763 menti,
2374 1703 2531 1756 certis
2560 1699 2673 1756 suis
2714 1703 2957 1756 terminis
3012 1704 3297 1768 contineri,
3357 1718 3567 1771 eamque
3593 1704 3790 1757 omnibus

2152 1790 2542 1860 posterioribus
2584 1792 2953 1860 episcoporum
3014 1792 3212 1845 litteris
3257 1793 3337 1846 ita
3371 1793 3625 1860 praeponi,
3664 1796 3714 1845 vl
3745 1792 3793 1844 de

2157 1881 2258 1933 illa
2305 1882 2518 1934 omnino
2547 1879 2793 1934 dubitari
2846 1884 2897 1935 et
2942 1881 3244 1950 disceptari
3289 1896 3395 1935 non
3431 1883 3612 1950 possit,
3652 1884 3792 1933 utrum

2156 1984 2360 2035 verum,
2391 1970 2474 2023 vel
2502 1974 2686 2024 utrum
2713 1974 2916 2025 rectum
2955 1972 3051 2039 sit,
3092 1969 3372 2040 quidquid
3393 1972 3451 2023 in
3487 1984 3547 2023 ea
3587 1971 3795 2037 scriptum

2157 2071 2268 2111 esse
2302 2058 2599 2111 constiterit
2642 2057 2689 2126 ?]
2723 2055 2875 2111 Nihil
2924 2057 3115 2111 verius
3146 2058 3353 2113 nec.ab
3390 2057 3503 2111 ullo
3532 2055 3794 2111 Christiano

2158 2143 2221 2198 in
2256 2144 2701 2198 controversiam
2742 2146 2998 2199 revocari
3043 2146 3259 2216 potuit.
3318 2145 3426 2201 Sed
3480 2150 3533 2200 et
3560 2144 3800 2216 sequentia

2159 2235 2292 2284 sunt
2330 2246 2522 2297 aurea,
2581 2236 2639 2285 et
2690 2230 2864 2302 digna
2918 2248 3047 2303 quas
3098 2236 3381 2305 perpetuo
3422 2232 3492 2286 iis
3525 2233 3799 2286 occinantur

2162 2318 2263 2389 qui
2308 2335 2490 2391 usque
2534 2320 2678 2376 adeo
2715 2321 3021 2392 Augustini
3052 2321 3398 2376 auctoritate
3456 2321 3737 2375 abutuntur
3758 2323 3803 2372 nt

2161 2405 2339 2477 velint
2376 2423 2478 2460 nos
2528 2406 2582 2461 ei
2626 2406 2820 2478 potius
2877 2408 3109 2462 credere
3165 2424 3344 2479 quam
3398 2412 3561 2463 rectae
3603 2407 3798 2461 rationi:

2161 2496 2530 2564 episcoporum
2576 2501 2757 2550 autem
2808 2497 3040 2565 litteras,
3082 2497 3297 2568 inquit,
3331 2513 3450 2567 quae
3498 2502 3613 2567 post
3649 2498 3803 2564 conﬁr—

2161 2588 2367 2638 matum
2412 2600 2665 2640 canonem
2707 2587 2790 2640 vel
2846 2588 3062 2655 scriptae
3108 2591 3258 2654 sunt,
3308 2589 3394 2641 vel
3428 2587 3732 2650 scribuntur,
3769 2588 3804 2635 et

2158 2689 2259 2742 per
2288 2688 2580 2729 sermonem
2605 2676 2748 2741 forte
2784 2677 3166 2744 sapientiorem
3195 2676 3484 2745 cujuslibet
3507 2677 3565 2728 in
3598 2689 3656 2727 ea
3669 2689 3716 2727 re
3732 2688 3804 2741 pe-

2161 2764 2389 2828 ritioris,
2430 2767 2481 2817 et
2509 2778 2608 2832 per
2646 2764 2879 2818 aliorum
2930 2767 3305 2834 episcoporum
3348 2766 3649 2833 graviorum
3672 2766 3806 2816 aucto

2161 2853 2380 2907 ritatem
2431 2851 2827 2921 doctioremqae
2878 2852 3253 2922 prudentiam,
3306 2858 3358 2907 et
3394 2867 3492 2922 per
3532 2851 3733 2906 concilia
3755 2849 3807 2901 li-

354 2941 720 3004 καθωσιωμένος
811 2944 1053 3010 devotus,
1120 2958 1515 2998 consecramus.
1578 2942 1763 3006 Quare
1831 2941 1931 3012 qui
1993 2956 2051 2995 se
2089 2960 2130 3016 ρ
2162 2954 2276 2993 cere
2303 2940 2624 3008 reprehendi
2649 2942 2701 2994 si
2737 2940 2875 3009 quid
2916 2942 2976 2994 in
2996 2943 3070 2996 iis
3097 2943 3245 3008 forte
3282 2958 3318 2995 a
3349 2944 3571 2996 veritate
3589 2940 3809 2993 devictum

350 3031 600 3102 principi
627 3032 976 3087 devovebant
994 3048 1057 3086 ac
1086 3031 1366 3102 religione
1395 3032 1588 3103 aliqua
1616 3030 2048 3098 consecrabant,

354 3118 715 3181 καθωσιωμένοι
770 3120 1122 3186 dicebantur,
1180 3126 1248 3175 ut
1302 3120 1535 3175 milites.
1590 3119 1941 3191 Capitolinus
1990 3120 2051 3174 in

355 3208 661 3263 Maximino
686 3226 699 3263 :
732 3211 1111 3265 commilitones
1139 3212 1366 3272 sacrati,
1394 3212 1501 3265 imo
1542 3225 1666 3263 vero
1694 3214 2050 3263 consecranei.

358 3296 651 3367 Ejusmodi
689 3298 847 3352 fuere
898 3299 1190 3352 Gallorum
1227 3302 1487 3353 veterum
1543 3297 1739 3363 devoti,
1798 3312 1929 3365 quos
1966 3298 2055 3352 illi

354 3385 622 3442 soldurios
659 3388 1025 3457 appellabant,
1056 3386 1135 3440 ait
1181 3386 1369 3442 Caesar
1410 3386 1509 3441 lib.
1545 3403 1561 3439 ι
1596 3386 2051 3441 Commentario-

355 3489 506 3541 rum,
540 3476 649 3530 hoc
687 3480 772 3531 est
799 3474 1173 3537 καθωσιωμένοι,
1208 3475 1366 3547 quod
1405 3475 1591 3546 aptius
1636 3474 1781 3529 mihi
1831 3474 2055 3529 videtur

296 3628 298 3632 _
357 3578 532 3633 quam
599 3564 755 3635 quod
807 3564 1030 3619 Graecus
1088 3564 1366 3635 interpres
1418 3562 1688 3630 reddidit,
1749 3578 1822 3608 cui

357 3652 586 3706 tametsi
611 3652 767 3707 idem
792 3653 909 3706 fere
930 3657 1015 3707 est
1043 3652 1179 3723 quia
1206 3653 1278 3706 ad
1289 3652 1697 3722 jusjurandum
1721 3651 1876 3723 adigi
1901 3654 2051 3707 sole-

356 3740 515 3795 bant.
579 3741 884 3812 Egregium
937 3742 1023 3799 τῆς
1088 3739 1429 3794 καθωσιώσεως
1501 3740 1825 3811 exemplum
1880 3741 2056 3796 refert

360 3829 464 3884 Dio
492 3828 592 3885 lib.
620 3846 740 3897 LIII,
775 3829 847 3884 ad
871 3845 1089 3884 annum
1134 3829 1297 3885 Urbis
1321 3833 1448 3895 725,
1480 3829 1579 3884 ubi
1601 3829 1829 3884 Sextum
1861 3846 2055 3900 quem-

360 3918 492 3972 dam
537 3918 845 3972 Pacuvium
890 3918 978 3972 vel
1022 3917 1309 3988 Apadium
1339 3918 1636 3971 tribunum
1657 3917 1839 3988 plebis
1860 3922 2055 3972 narrat

359 4007 730 4078 semetipsum
787 4009 1042 4077 Augusto
1072 4007 1131 4061 in
1188 4011 1389 4062 senatu
1427 4006 1735 4073 devovisse,
1784 4005 2054 4078 idemque

359 4100 425 4150 ut
459 4095 559 4150 alii
588 4101 877 4151 senatores
903 4097 1154 4151 facerent
1182 4101 1475 4151 auctorem
1512 4094 1722 4162 fuisse;
1756 4093 1808 4141 ἐν
1852 4097 1921 4158 τῷ
1960 4096 2053 4159 γὰρ

361 4183 593 4249 συνεδρίῳ
636 4201 690 4231 τε
733 4184 906 4233 ἑαυτὸν
947 4184 992 4233 οἱ
1043 4184 1128 4232 τόν
1160 4186 1258 4232 τῶν
1290 4184 1503 4248 Ἰϐήρων”
1528 4183 1721 4246 τρόπων
1757 4182 2052 4244 καθωσίωσε,

2161 3032 2238 3083 est
2269 3026 2297 3082 ?
2336 3026 2585 3096 Optime,
2643 3043 2778 3081 nam
2834 3027 3119 3098 episcopis
3168 3034 3271 3083 aut
3301 3029 3431 3083 aliis
3476 3023 3809 3082 ecclesiasticis

2161 3113 2557 3183 scriptoribus,
2630 3118 2759 3185 post
2816 3115 3211 3185 apostolorum
3284 3122 3566 3186 tempora,
3620 3112 3812 3167 minime

2163 3202 2328 3256 datus
2353 3207 2438 3255 est
2468 3201 2713 3273 Spiritus
2744 3205 2841 3272 qui
2865 3216 2950 3257 eos
2973 3203 3191 3258 duceret
3240 3206 3303 3258 in
3328 3219 3535 3258 omnem
3551 3202 3808 3259 veritatem;

2162 3305 2265 3343 nec
2312 3306 2447 3344 sane
2477 3291 2707 3345 aeternis
2751 3296 2919 3346 rectae
2971 3292 3213 3347 rationis
3252 3292 3504 3363 legibus,
3526 3294 3579 3345 et
3620 3285 3813 3343 canoni-

2160 3379 2266 3433 bus
2294 3379 2491 3448 logicis
2520 3396 2584 3434 ac
2621 3381 3028 3450 grammaticis,
3061 3381 3279 3452 quibus
3322 3398 3523 3437 omnes
3549 3379 3639 3434 alii
3664 3376 3810 3444 subje-

2161 3471 2292 3521 cent
2344 3468 2648 3540 Scripturee
2697 3468 3059 3540 interpretes,
3119 3471 3287 3525 fuere
3345 3469 3671 3525 subtractia
3710 3467 3811 3521 Deo.

2161 3556 2342 3626 Igitur
2370 3555 2414 3609 si
2447 3556 2508 3610 in
2539 3557 2661 3612 haec
2687 3563 2943 3627 peccant,
2980 3560 3282 3631 ignoscere
3328 3559 3564 3629 quidem
3587 3558 3663 3612 eis
3677 3554 3815 3611 debe-

2160 3660 2310 3714 mus,
2341 3648 2399 3699 at
2454 3661 2570 3699 non
2616 3646 2917 3715 assentiri;
2966 3648 3076 3702 nisi
3115 3648 3429 3704 hominum
3476 3645 3815 3702 auctoritatem

2161 3733 2534 3804 prmferamus
2580 3733 2807 3788 veritati
2837 3777 2850 3802 ,
2893 3751 3009 3806 quo
3059 3737 3297 3792 stultius
3329 3753 3395 3791 ac
3433 3735 3669 3807 nequius
3708 3729 3815 3785 nihil

2162 3821 2289 3875 ﬁeri
2344 3826 2549 3892 potest.
2588 3822 2758 3877 Addit
2806 3824 3161 3895 Augustinus
3212 3826 3277 3880 in
3308 3824 3671 3897 sequentibus
3702 3820 3817 3891 ejus-

2164 3910 2295 3965 dem
2342 3910 2563 3981 periodi
2599 3911 2825 3978 verbis;
2865 3918 2916 3967 et
2941 3916 3065 3983 ipsa
3095 3917 3337 3970 concilia
3363 3931 3596 3985 quzper
3620 3910 3818 3978 singulas

2161 4001 2403 4066 regiones
2431 4001 2515 4053 vel
2542 4003 2857 4069 provincias
2901 4005 3066 4071 ﬁunt,
3097 4005 3485 4073 plenariorum
3526 4002 3819 4060 conciliorum

2163 4091 2500 4155 auctoritati,
2558 4105 2678 4159 quae
2737 4093 2876 4159 ﬁunt
2921 4107 2989 4145 ea:
3053 4094 3309 4149 universo
3354 4094 3485 4150 orbe
3529 4092 3817 4147 Christiano.

2162 4176 2279 4230 sine
2331 4175 2461 4229 ullis
2516 4175 2837 4242 ambagibus
2890 4177 3109 4245 cedere;
3155 4180 3399 4249 ipsaque
3429 4177 3675 4248 plenaria
3714 4180 3820 4237 5W3

359 4266 443 4311 καὶ
482 4267 580 4319 τοῖς
625 4265 791 4320 ἄλλοις
825 4265 1145 4314 συνεϐούλευε
1198 4268 1343 4314 τοῦτο
1388 4267 1602 4324 ποιῆσαι.
1638 4266 1747 4321 Sed
1801 4268 1822 4319 Α

2228 4266 2355 4318 iora
2379 4264 2769 4332 posterioribus
2797 4266 3071 4320 emendari
3100 4282 3113 4333 ;
3141 4283 3269 4322 cum
3297 4269 3489 4338 aliquo
3514 4261 3822 4334 experimmlo

361 4352 730 4418 reclamante,
781 4352 1049 4407 tribunus
1095 4351 1282 4422 plebis
1324 4350 1626 4420 prosiliens
1651 4351 1723 4406 ad
1777 4353 2056 4423 populum

361 4438 558 4493 obvios
587 4456 846 4510 quosque
877 4456 940 4494 ac
984 4444 1219 4493 caeteros
1249 4438 1456 4493 deinde
1495 4438 1642 4491 cives
1681 4440 1867 4510 coegit
1898 4439 2057 4487 καθιε-

367 4528 516 4588 ρῶσαι
565 4526 696 4590 ἀφῶς
749 4526 843 4590 [F.
886 4528 1079 4591 ἄφνως]
1121 4529 1189 4589 τῷ
1223 4526 1503 4591 Αὐγούστῳ.
1547 4527 1628 4591 ἀφ’
1656 4527 1806 4592 οὗπερ
1835 4529 1916 4576 καί
1949 4533 2056 4589 νῦν,

360 4614 744 4680 προτρεπόμενοι
802 4616 887 4664 τὸν
942 4618 1214 4680 κρατοῦντα
1240 4653 1254 4677 ,
1325 4615 1487 4678 λέγειν
1554 4615 1786 4679 εἰώθαμεν
1853 4617 1926 4665 ὅτι
1983 4634 2058 4667 τοι

359 4704 722 4766 καθωσιώμεθα.
783 4705 925 4759 Hinc
983 4704 1364 4766 καθωσιωμένων
1414 4707 1721 4778 appellatio
1786 4706 2055 4762 ἐπιθετικῶς

360 4809 427 4847 ex
453 4792 701 4848 formula
724 4793 1013 4864 plerisque
1039 4793 1435 4864 imperialibus
1464 4794 1664 4850 ofﬁciis
1696 4812 1760 4851 ac
1778 4796 2055 4851 ministris

358 4882 635 4937 attributa
661 4902 676 4949 ;
707 4881 973 4949 maxime,
999 4882 1084 4937 uti
1107 4883 1323 4938 dictum
1347 4888 1453 4949 est,
1474 4884 1839 4941 militaribus.
1872 4885 2053 4949 Quam

361 4971 423 5025 in
451 4986 575 5025 rem
602 4971 820 5041 profert
838 4971 995 5025 hunc
1016 4971 1322 5043 Augustini
1369 4973 1580 5039 locum,
1609 4973 1837 5044 aliaque
1873 4974 2051 5041 addit,

358 5075 488 5130 qua:
516 5075 632 5114 non
653 5059 988 5114 exscribam.
1019 5061 1257 5115 Monebo
1308 5065 1529 5117 tantum
1558 5061 1748 5116 locum
1779 5078 1954 5133 quem
1982 5063 2056 5117 ci-

358 5151 443 5201 tat
470 5163 540 5201 ex
568 5148 908 5219 Capitolino,
941 5164 1059 5202 non
1105 5154 1326 5204 exstare
1359 5149 1419 5203 in
1472 5149 1587 5204 vita
1615 5150 1923 5219 Maximini,
1955 5151 2053 5206 sed

360 5234 423 5288 in
458 5232 638 5289 trium'
671 5236 1110 5303 Gordianorum,
1164 5237 1265 5291 ubi
1295 5242 1476 5292 exstat
1528 5238 1712 5292 oratio
1741 5239 2048 5294 Maximini.

358 5321 464 5377 Adi
494 5326 551 5376 et
578 5325 925 5380 Glossarium
962 5325 1256 5381 nomicum
1302 5326 1417 5381 Jac.
1452 5327 1802 5392 Gothofredi,
1826 5328 1895 5381 ad
1928 5328 2050 5382 cod.

359 5412 839 5468 Theodosianum.
906 5434 913 5437 -

432 5499 571 5554 Ibid.
605 5502 667 5556 Si
692 5504 1000 5571 quisquam,
1041 5506 1155 5557 sive
1205 5504 1443 5558 desertor
1488 5505 1601 5557 sive
1649 5506 1747 5572 qui
1772 5518 2052 5574 nunquam

2164 4369 2346 4408 rerum
2380 4356 2625 4422 aperitw
2668 4355 2812 4423 quod
2837 4356 3079 4411 clausum
3105 4362 3249 4422 erat,
3292 4362 3347 4411 et
3368 4356 3694 4423 cognoscitur
3712 4343 3822 4417 quod

2166 4443 2367 4497 latebat
2400 4458 2413 4496 :
2445 4445 2562 4497 sine
2586 4443 2694 4498 ullo
2734 4445 2901 4513 typho
2930 4446 3208 4512 sacrilegae
3255 4446 3548 4516 superbia,
3597 4444 3701 4498 sine
3735 4435 3821 4491 ulla

2164 4533 2358 4599 inﬂata
2389 4533 2587 4585 cervice
2641 4533 2991 4601 arrogantiae,
3030 4534 3146 4587 sine
3177 4534 3300 4587 ulla
3330 4533 3653 4588 contentione
3678 4521 3821 4580 livida:

2162 4618 2406 4687 invidiae,
2448 4634 2567 4673 cum
2619 4623 2811 4674 sancta
2857 4621 3182 4685 humilitate,
3226 4637 3354 4676 cum
3402 4637 3538 4692 pace
3583 4614 3821 4674 catholica.

2163 4723 2284 4762 cum
2312 4699 2540 4762 c'aritate
2585 4708 2941 4763 Christiana?
2970 4708 3071 4762 Hic
3106 4708 3327 4764 desinit
3375 4714 3586 4780 praeter
3628 4702 3821 4759 modum

2162 4797 2444 4866 producta
2465 4795 2752 4867 periodus.
2779 4798 2854 4851 Ex
2896 4798 3204 4867 postremis
3231 4797 3429 4853 verbis
3469 4796 3645 4868 liquet
3672 4801 3823 4858 neque

2163 4884 2554 4956 provincialia,
2586 4900 2772 4956 neque
2804 4886 3064 4958 plenaria
3087 4887 3340 4942 concilia
3377 4886 3571 4942 habita
3595 4883 3749 4938 fuisse
3769 4875 3823 4929 ab

2144 4972 2483 5043 Augustino
2527 4974 2737 5032 erroris
2780 4974 3036 5046 periculo
3096 4980 3374 5048 exempta
3402 4968 3824 5048 quandoquidem

2161 5060 2354 5134 priora
2392 5079 2425 5117 a
2461 5064 2873 5135 posterioribus
2911 5064 3208 5120 emendari
3238 5081 3409 5136 posse
3439 5061 3705 5119 censebat.
3740 5050 3824 5107 Sed

2163 5155 2441 5223 praeterea
2475 5152 2587 5207 duo
2639 5152 2732 5207 hic
2779 5156 2912 5207 sunt
2954 5152 3333 5209 observanda.
3376 5154 3630 5208 Alterum
3679 5138 3823 5199 estad

2161 5239 2658 5310 investigationem
2687 5241 2827 5307 veri,
2876 5240 2938 5295 in
2986 5258 3045 5295 re
3098 5241 3433 5312 praesertim
3484 5241 3722 5297 obscura,
3746 5245 3828 5284 ιω-

2162 5328 2460 5399 decunque
2499 5344 2565 5382 ea
2611 5328 2927 5383 obscuritas
2964 5328 3214 5397 oriatur,
3256 5327 3682 5384 multitudinem
3709 5314 3825 5374 nihil

2160 5416 2365 5485 facere,
2397 5417 2498 5472 sed
2525 5421 2751 5471 tantum
2771 5416 3037 5488 peritiam
3066 5433 3274 5474 eorum
3306 5418 3410 5489 qui
3447 5413 3828 5486 congregantur

2161 5510 2219 5560 et
2245 5506 2573 5560 candorem.
2596 5505 2653 5560 Si
2684 5505 2827 5561 mihi
2856 5505 3105 5578 exempli
3158 5521 3335 5561 causa
3393 5520 3589 5560 omnes
3623 5495 3823 5555 omnino
