3920 6180
133 287 218 338 5‘33
877 271 1238 327 VARIOBUM
1283 237 1880 328 EXERC-ITATIONES
1918 272 1985 326 ΙΝ
2025 274 2080 328 S.
2122 270 2489 327 AUGUSTINI
2528 270 2776 326 OPERA.

3471 232 3574 326 534

129 402 298 457 Africa:
323 397 596 468 episcopos
624 409 1026 464 congregasses
1057 393 1127 446 ad
1147 391 1426 462 judicium
1459 394 1759 448 ferendum
1797 399 1842 453 Α
1875 396 2159 448 cusatricis
2189 395 2506 448 discretione
2531 408 2794 463 personae,
2835 394 3163 459 facultatum
3207 393 3574 463 publicatione

131 491 185 544 dc
228 501 374 541 sensu
417 483 519 536 loci
570 481 783 535 Veteris
814 486 908 536 aut
941 481 1078 535 Novi
1120 481 1488 546 Testamenti,
1519 471 1766 551 quorum

131 579 287 634 nullus
333 571 588 627 Hebraice
633 570 864 637 sciebat,
916 575 971 624 et
1017 570 1290 641 perpauci
1322 571 1511 624 Graece
1538 573 1764 632 norant,

134 669 296 737 ingens
339 662 429 715 illa
466 660 861 730 imperitorum
911 659 1220 713 multitudo
1275 659 1526 728 ineptior
1552 657 1766 712 eratad

129 759 250 809 recte
279 749 635 820 judicaudum
688 764 862 818 quam
910 747 995 800 vir
1051 763 1201 800 unus
1233 746 1449 817 peritus
1473 746 1766 815 utriusque

127 843 319 910 linguai,
368 836 610 907 exempli
659 853 846 897 causa,
909 852 1082 906 quam
1155 836 1310 888 solus
1387 835 1766 903 Hieronymus

124 926 480 992 Stridonensis,
511 926 772 997 quamvis
818 929 977 978 tanta
1021 941 1136 978 non
1175 925 1349 978 fuerit
1386 924 1508 994 ejus
1537 923 1763 993 peritia,

123 1032 262 1089 quam
305 1015 465 1084 vulgo
519 1018 774 1083 putatur.
830 1013 966 1076 Quis
1015 1013 1234 1067 dubitet
1263 1012 1438 1066 etiam
1473 1011 1768 1081 superiore

122 1103 290 1158 seculo
329 1117 434 1155 xvn
492 1116 669 1153 unum
711 1103 857 1169 Hug.
906 1099 1188 1167 Grotium,
1238 1104 1340 1152 aut
1377 1114 1558 1152 unum
1601 1099 1761 1150 Joan.

122 1191 368 1254 Drusium,
416 1189 620 1242 rectius
679 1189 930 1259 potuisse
1004 1188 1356 1258 Scripturam
1429 1185 1643 1239 Veteris
1711 1189 1768 1239 et

121 1279 232 1333 Novi
281 1277 613 1331 Testamenti
656 1277 1021 1348 interpretari
1065 1293 1238 1348 quam
1269 1291 1466 1330 omnes
1494 1274 1670 1328 Italia:
1702 1289 1767 1328 ac

121 1366 363 1438 Hispania:
416 1365 710 1436 episcopos
768 1366 938 1419 simul
988 1366 1174 1436 capita
1217 1365 1617 1419 conferentes?
1661 1363 1766 1432 Igi-

118 1461 191 1509 tur
230 1455 332 1508 sint
366 1455 617 1525 plenaria
666 1455 927 1521 concilia,
977 1459 1074 1508 aut
1122 1455 1312 1508 minus
1369 1455 1560 1523 plena,
1623 1452 1764 1506 mihi

117 1543 316 1614 perinde
347 1544 468 1607 erit,
501 1544 571 1598 ad
604 1561 764 1614 spem
797 1544 1155 1598 invenienda:
1190 1543 1442 1597 veritatis
1483 1541 1635 1613 quod
1678 1547 1761 1595 at-

116 1633 262 1699 tinet;
291 1649 389 1686 nec
417 1632 701 1704 imperitae
728 1632 1107 1697 multitudini,
1144 1648 1245 1702 pro
1276 1630 1513 1701 imperio
1548 1630 1760 1701 aliquid

115 1720 388 1786 detinienti,
419 1726 475 1775 et
557 1721 923 1775 anathemata
999 1720 1308 1786 minitanti,
1364 1736 1467 1773 nec
1512 1719 1765 1773 rationes

113 1810 246 1874 ullas,
277 1815 369 1864 aut
417 1825 512 1863 eas
531 1826 754 1880 pravas,
807 1826 924 1863 suae
957 1807 1306 1864 deﬁnitionis
1337 1807 1619 1872 aﬂ‘erenti,
1650 1823 1769 1860 ma-

112 1898 178 1968 gis
224 1899 456 1965 credam,
517 1915 691 1970 quam
734 1899 1014 1970 pauculis,
1063 1904 1162 1952 aut
1185 1897 1301 1951 uni.
1335 1898 1456 1951 Imo
1488 1910 1623 1950 vero
1667 1895 1771 1949 uni

111 1986 206 2039 viro
244 1987 395 2040 docto
450 1992 793 2058 argumenta
837 1986 1005 2040 ﬁrma
1032 1985 1344 2058 proferenti
1373 1986 1642 2040 continuo
1683 2003 1770 2039 as-

111 2074 305 2143 sentiar,
350 2092 476 2130 cum
531 2093 596 2130 ea
639 2077 993 2140 intellexero,
1056 2092 1160 2130 nec
1235 2074 1588 2129 adversarios
1648 2075 1770 2143 ejus

113 2180 330 2234 unquam
362 2165 703 2227 numerabo.
754 2167 1037 2219 Numerus
1084 2165 1249 2219 enim
1289 2164 1432 2218 nihil
1468 2165 1538 2218 ad
1564 2163 1769 2218 verita-

112 2256 204 2304 tem
223 2253 362 2319 facit,
404 2259 460 2308 et
487 2270 640 2325 saepe
672 2254 844 2308 etiam
876 2270 988 2325 quo
1019 2255 1211 2324 plures
1253 2256 1672 2324 congregantur
1700 2252 1772 2304 ad

111 2357 210 2394 eam
246 2341 646 2409 deliniendam,
694 2359 760 2396 eo
809 2344 1002 2413 plures
1049 2341 1326 2411 imperiti,
1376 2358 1443 2395 eo
1472 2343 1661 2412 plures
1685 2341 1770 2394 fa—

109 2429 240 2482 ctiosi
279 2430 658 2500 colliguntur:
693 2431 793 2502 qui
841 2447 1028 2502 neque
1068 2431 1254 2483 sciunt
1279 2431 1419 2500 quid
1450 2430 1520 2483 sit
1548 2445 1767 2494 verum,

109 2533 263 2588 neque
318 2524 607 2589 qumrunt,
660 2520 758 2574 sed
787 2524 1012 2574 tantum
1043 2519 1181 2590 quid
1206 2519 1314 2572 sibi
1363 2518 1643 2589 expediat,
1673 2522 1771 2571 aut

109 2607 335 2674 expedire
379 2608 667 2662 videatur.
736 2608 1057 2662 Conventus
1100 2606 1185 2660 illi
1229 2606 1590 2660 ecclesiastici
1637 2610 1770 2658 sunt

106 2694 158 2746 ad
181 2695 410 2750 civilium
465 2712 736 2750 normam
788 2695 1038 2762 formati,
1077 2698 1132 2748 et
1175 2694 1310 2764 quia
1342 2710 1455 2764 quo
1487 2695 1680 2763 plures
1710 2694 1767 2747 in

103 2782 244 2836 hosce
272 2785 649 2849 conveniunt,
711 2800 777 2838 eo
829 2785 1012 2854 major
1069 2788 1152 2837 est
1181 2799 1377 2836 eorum
1409 2783 1716 2836 auctoritas
1750 2800 1762 2836 :

103 2869 260 2926 simile
301 2873 368 2927 de
420 2872 818 2928 ecclesiasticis
864 2872 1101 2926 coetibus
1139 2872 1420 2942 judicium
1457 2871 1655 2925 fertur.
1697 2874 1768 2924 At

1875 484 2233 551 nudarentur,
2257 489 2306 537 et
2324 483 2670 536 irrevocabile
2681 486 3001 551 paterentur
3019 484 3293 537 exsilium.
3311 483 3438 536 Fuit
3459 483 3569 536 dif-

1877 571 2080 625 i’icilior
2107 571 2490 626 controversia
2508 571 2630 625 haec
2656 587 2829 642 quam
2851 571 3269 641 intelligeretur
3283 572 3355 624 ab
3379 573 3569 625 Hono-

1875 661 1980 729 rio,
2013 661 2246 714 homine
2269 660 2494 730 stupido
2512 663 2564 713 et
2587 676 2652 714 ex
2677 660 2876 713 alienis
2899 661 3149 714 consiliis
3189 677 3417 731 semper
3435 676 3572 730 pen-

1875 751 2065 818 dente,
2096 751 2330 820 ejusque
2361 749 2560 803 aulicis
2587 749 2811 819 quidvis
2836 748 2990 802 aliud
3021 748 3357 803 curantibus
3396 764 3570 818 quam

1875 855 2067 892 rerum
2109 838 2388 909 ejusmodi
2434 836 2822 907 cognitionem
2877 836 3148 906 adipisci;
3207 852 3310 890 nec
3358 841 3569 906 potue-

1875 932 2012 981 runt
2064 943 2121 980 se
2177 927 2400 980 lictores
2449 926 2704 996 praebere
2751 925 3018 978 Afrorum
3045 924 3423 978 conciliorum
3449 924 3568 978 sine

1875 1015 2126 1070 maxima
2182 1014 2588 1086 imprudentia.
2640 1016 2717 1067 Ac
2759 1030 2893 1067 sane
2937 1018 2992 1067 et
3040 1015 3140 1067 illo
3202 1018 3460 1083 tempore
3514 1019 3570 1067 et

1875 1108 2092 1175 postea,
2135 1120 2242 1174 per
2289 1108 2476 1157 totum
2526 1101 2814 1156 Orientem
2859 1107 2915 1156 et
2966 1102 3343 1168 Occidentem,
3377 1102 3569 1171 plures

1874 1192 2050 1246 locuti
2081 1196 2212 1246 sunt
2241 1195 2296 1245 et
2324 1194 2620 1244 senserunt
2654 1206 2784 1244 cum
2818 1190 3046 1260 Pelagio
3095 1206 3268 1261 quam
3306 1206 3436 1243 cum
3468 1192 3568 1243 Au-

1877 1282 2124 1352 gustino,
2161 1296 2356 1350 quem,
2387 1281 2556 1333 famae
2603 1295 2791 1343 causa,
2846 1279 3274 1346 reverebantur,
3311 1277 3570 1347 quamvis

1875 1371 1945 1425 ab
1971 1387 2038 1424 eo
2065 1369 2448 1424 dissentirent.
3295 1433 3300 1436 _

1947 1461 2080 1528 Cap.
2141 1460 2192 1524 4,
2252 1457 2277 1528 §
2418 1461 2526 1511 Hoc
2582 1459 2720 1522 facit
2761 1459 2972 1510 sanitas
3015 1459 3188 1525 pacis,
3220 1459 3281 1509 ut
3308 1471 3425 1508 cum
3453 1454 3571 1508 dlu-

1875 1552 1982 1604 tius
2011 1550 2200 1617 aliqua
2231 1549 2539 1603 obscuriora
2569 1552 2907 1615 quaeruntur,
2940 1552 2991 1601 et
3012 1551 3236 1616 propter
3263 1545 3574 1599 inveniendi

1877 1637 2260 1708 difﬁcultatem
2290 1637 2506 1690 diversa
2529 1638 2758 1704 pariunt
2789 1639 2847 1689 in
2886 1639 3139 1700 fraterna
3187 1636 3574 1703 disceptatione

1877 1729 2190 1792 sententias,
2221 1724 2384 1778 donec
2410 1725 2484 1778 ad
2509 1739 2694 1777 verum
2736 1723 3006 1792 liquidum
3046 1724 3416 1791 perveniatur,
3449 1725 3572 1775 vin-

1877 1817 2054 1869 culum
2094 1818 2409 1883 permaneat
2455 1815 2708 1880 unitatis,
2755 1828 2821 1865 ne
2877 1815 2932 1865 in
2955 1817 3116 1880 parte
3139 1813 3371 1879 pracisa
3396 1825 3572 1863 rema-

1879 1910 2000 1959 neat
2027 1905 2332 1958 insanabile
2358 1904 2553 1956 vulnus
2585 1900 2829 1969 erroris.]
2867 1900 3173 1970 Egregium
3205 1915 3340 1953 sane
3383 1899 3571 1951 moni-

1877 1997 1999 2046 tum
2054 1996 2225 2062 atque
2284 1989 2539 2043 ofﬁcium
2597 1989 2750 2059 quod
2800 1989 3007 2041 merito
3049 1987 3312 2057 exigebat
3363 2002 3397 2038 a
3457 1986 3571 2038 Do-

1879 2079 2144 2145 natistis;
2197 2079 2296 2131 sed
2341 2077 2433 2131 cui
2484 2093 2544 2131 se
2597 2077 2718 2146 ipse
2769 2075 3101 2129 subtrahere
3141 2090 3259 2126 non
3291 2071 3487 2126 debuit
3515 2072 3573 2123 in

1878 2167 2110 2239 negotio
2155 2165 2602 2236 Pelagianismi;
2652 2164 2712 2217 in
2761 2179 2877 2234 quo
2928 2161 3072 2216 nihil
3103 2165 3220 2214 tam
3267 2159 3572 2231 quaesitum

1878 2263 1962 2313 est
1991 2272 2165 2328 quam
2195 2260 2260 2309 ut
2283 2254 2676 2326 praecipitibus
2707 2253 3018 2306 multarum
3063 2251 3410 2318 synodorum
3439 2264 3574 2301 sen-

1877 2347 2069 2403 tentiis
2114 2344 2500 2399 irrevocabilia
2546 2343 2928 2407 anathemata,
2979 2355 3301 2410 nunquam,
3351 2342 3416 2391 ut
3471 2354 3576 2406 par

1877 2440 2020 2502 erat,
2099 2433 2311 2488 auditis
2382 2432 2676 2498 fratribus,
2749 2429 3095 2484 dicerentur.
3178 2425 3411 2480 Docebit
3453 2425 3574 2478 haec

1873 2525 2033 2577 Joan.
2082 2513 2387 2578 Garnerius
2440 2521 2499 2573 in
2557 2515 2989 2572 enumeratione
3049 2513 3421 2568 conciliorum
3444 2528 3573 2582 qum

1875 2617 2075 2666 contra
2119 2611 2452 2678 Pelagianos
2487 2610 2832 2677 congregata
2881 2608 3034 2656 sunt.
3087 2605 3352 2655 Attamen
3390 2601 3572 2654 faten-

1876 2686 2015 2756 dum
2047 2701 2280 2754 fuitrem
2313 2715 2455 2765 esse,
2481 2712 2612 2767 quae
2644 2711 2762 2748 non
2789 2691 3173 2746 mediocribus
3203 2694 3426 2743 tantum
3462 2689 3558 2741 in-

1874 2790 2078 2861 geniis,
2128 2789 2226 2842 sed
2275 2792 2330 2841 et
2378 2782 2865 2856 praestantissimis
2911 2779 3236 2851 quibusque
3273 2776 3572 2847 negotium
3629 2844 3640 2854 ν

1872 2879 2189 2932 facesseret.

103 2959 150 3012 in
193 2961 433 3016 civilibus
465 2963 710 3016 ccetibus
756 2965 1006 3032 aguntur
1056 2977 1147 3014 res
1197 2961 1267 3015 ad
1331 2961 1542 3014 hancce
1597 2961 1770 3016 vitam
1809 2969 1848 3024 C
1953 2966 2085 3035 Cap.
2117 2967 2231 3031 7,§
2282 2967 2370 3016 12.
2433 2963 2584 3015 Hanc
2631 2974 2755 3026 ergo
2784 2957 3199 3012 saluberrimam
3227 2952 3573 3008 consuetudi-

102 3046 340 3104 duntaxat
411 3051 794 3122 pertinentes,
881 3066 1078 3120 eaeque
1150 3049 1478 3102 hominibus
1535 3051 1767 3104 notissi—

102 3151 212 3207 mae,
238 3144 289 3192 et
312 3140 512 3194 multis
550 3138 968 3193 mutationibus
989 3138 1254 3192 obnoxiae
1278 3155 1292 3204 ;
1322 3154 1568 3208 quarum
1597 3139 1770 3193 etiam

102 3241 266 3280 rerum
313 3228 584 3283 homines
633 3227 853 3281 domini
899 3231 1046 3288 sunt,
1097 3233 1154 3281 et
1201 3228 1261 3281 in
1323 3243 1464 3298 quas
1530 3228 1769 3298 proinde

100 3316 423 3372 multitudini
479 3317 664 3388 majus
722 3316 844 3370 sine
895 3316 1068 3370 dubio
1093 3317 1188 3387 jus
1217 3319 1300 3368 est
1329 3331 1503 3386 quam
1556 3314 1766 3385 paucis.

100 3404 452 3467 Quamobrem
503 3411 654 3460 recte
684 3408 1067 3459 convocantur
1122 3404 1406 3474 primores
1453 3403 1661 3456 civium
1701 3402 1768 3456 ii-

99 3507 191 3560 que
234 3509 433 3564 magno
489 3509 776 3561 numero,.
799 3493 870 3546 ad
910 3508 1004 3546 eas
1034 3491 1310 3562 regendas
1340 3495 1395 3543 ct
1425 3506 1770 3560 componen-

99 3579 200 3644 das,
247 3583 626 3653 pluribusque
671 3581 955 3651 suifragiis
1001 3581 1213 3635 cedunt
1240 3581 1529 3651 pauciora.
1567 3581 1767 3633 Verum

100 3667 182 3722 ubi
228 3672 471 3726 cmlesﬁs
516 3671 725 3725 veritas
777 3671 986 3742 agitur,
1025 3685 1198 3740 quam
1241 3685 1410 3724 nemo
1441 3667 1555 3721 nisi
1584 3666 1770 3720 studio

98 3763 144 3810 et
181 3761 493 3814 attentione
536 3760 808 3814 adhibitis
863 3760 1047 3826 novit,
1105 3775 1234 3829 quae
1282 3757 1428 3811 nulli
1466 3755 1772 3810 mutationi

97 3844 316 3902 obnoxia
362 3855 475 3918 est,
524 3849 686 3919 cujus
724 3865 896 3903 nemo
947 3853 1033 3902 est
1077 3846 1364 3913 dominus,
1395 3849 1452 3899 et.
1480 3845 1643 3914 cujus
1673 3843 1770 3897 de-

95 3933 336 3993 ﬁuiendze
382 3938 667 4008 majorem
722 3954 760 3992 a
791 3939 905 3991 Deo
933 3939 1277 4006 potestatem
1310 3934 1502 4004 plures
1534 3948 1648 3993 non
1678 3948 1766 3985 ac-

96 4031 362 4093 ceperunt,
396 4043 576 4098 quam
605 4025 903 4097 pauciores
926 4045 941 4089 ;
970 4041 1087 4078 non
1117 4027 1248 4077 sunt
1279 4020 1634 4076 numeranda
1660 4019 1774 4073 suf-

94 4109 272 4182 fragia,
305 4116 400 4170 sed
426 4116 673 4186 singulis
704 4113 1090 4186 expendenda:
1138 4110 1542 4180 suffragiorum
1592 4109 1770 4162 ratio-

95 4215 197 4255 nes.
245 4204 350 4259 Res
397 4208 490 4260 est
543 4206 716 4271 clara,
767 4205 866 4258 sed
913 4203 984 4258 de
1013 4218 1099 4266 ea,
1145 4216 1250 4272 pro
1282 4200 1406 4271 ejus
1437 4198 1682 4252 utilitate
1707 4213 1772 4250 ac

96 4293 418 4358 praistautia,
485 4309 652 4363 agere
708 4293 800 4346 hic
856 4309 969 4346 non
1033 4305 1359 4361 possumus.
1424 4289 1608 4352 Quare
1666 4301 1770 4339 nec

97 4394 210 4447 quae
253 4381 425 4451 objici
478 4386 715 4452 possent
764 4381 835 4435 iis
877 4396 1006 4452 quae
1053 4396 1087 4432 a
1137 4378 1302 4432 nobis
1353 4376 1500 4431 dicta
1526 4380 1660 4428 sunt
1687 4373 1772 4427 di-

96 4466 319 4525 luemus.

155 4558 422 4624 Alterum,
487 4557 636 4628 quod
686 4556 777 4610 hic
820 4553 1107 4610 observari
1131 4553 1478 4614 volebamus,
1515 4551 1622 4604 hoc
1655 4553 1777 4603 erat

94 4643 372 4711 nimirum,
425 4662 557 4700 cum
615 4643 858 4698 concilia
919 4644 1034 4698 sint
1090 4642 1272 4697 errori
1339 4639 1607 4705 obnoxia,
1661 4654 1777 4692 non

94 4748 201 4787 esse
266 4734 599 4788 ἀεκανίατῶς
676 4751 875 4788 eorum
950 4733 1190 4787 decretis
1262 4730 1647 4793 credendum,
1714 4745 1778 4783 ac

94 4823 338 4888 proinde,
362 4841 436 4878 ne
467 4823 606 4877 alias
622 4825 879 4892 repetam
902 4821 1150 4875 rationes
1170 4836 1312 4891 quas
1330 4820 1390 4872 in
1410 4818 1562 4872 hisce
1585 4816 1779 4870 Anim-

93 4910 514 4967 adversionibus
570 4911 780 4982 saepius
830 4910 1013 4981 attigi,
1083 4909 1321 4963 minime
1377 4923 1499 4962 esse
1571 4921 1777 4959 vexan-

93 4997 183 5052 dos
211 5016 305 5053 eos
336 5001 439 5071 qui
494 5017 693 5055 verum
740 5015 858 5052 non
895 5014 1014 5052 esse
1045 5001 1248 5068 putant
1277 4995 1432 5067 quod
1466 5012 1498 5049 a
1527 4992 1780 5048 conciliis

91 5091 166 5139 est
208 5089 532 5152 deﬁnitum,
585 5088 632 5142 si
679 5088 866 5152 modo,
927 5086 985 5140 iu
1015 5086 1185 5140 rebus
1205 5084 1487 5150 civilibus,
1516 5081 1782 5136 omnibus

95 5173 364 5232 bonorum
397 5178 604 5232 civium
635 5175 836 5230 officiis
865 5175 1270 5244 defungantur.
1296 5171 1495 5241 Inique
1543 5186 1679 5239 ergo
1718 5184 1782 5220 ac

93 5265 394 5319 crudeliter
441 5265 624 5320 vexati
683 5268 818 5318 sunt
845 5263 1127 5333 Pelagius,
1165 5259 1459 5315 Caelestius
1491 5262 1546 5312 et
1583 5273 1781 5311 eorum

96 5351 376 5424 discipuli,
424 5371 554 5408 cum
598 5353 660 5407 in
712 5369 810 5408 eos
861 5350 1221 5422 propositum
1266 5353 1350 5402 est
1388 5347 1636 5401 edictum
1667 5360 1780 5415 quo

95 5437 150 5493 in
191 5442 458 5498 exsilium
509 5442 616 5496 acti
667 5446 803 5496 sunt
855 5444 911 5494 et
947 5439 1113 5494 bonis
1137 5437 1404 5493 omnibus
1432 5433 1698 5506 spoliati;
1730 5437 1785 5485 et

96 5529 321 5598 quidem
355 5548 391 5585 a
420 5547 733 5602 quocunque
770 5531 1112 5585 traherentur
1148 5527 1222 5581 ad
1239 5527 1501 5595 judicem,
1533 5525 1648 5578 sine
1686 5538 1781 5575 ac—

1875 3071 1992 3108 nem
2022 3070 2119 3123 per
2165 3053 2540 3122 Agrippinum
2583 3048 3022 3118 praedecessorem
3067 3059 3224 3098 suum
3264 3042 3398 3095 dicit
3444 3056 3571 3094 san-

1876 3149 1991 3198 ctus
2021 3144 2344 3212 Cyprianus,
2381 3142 2542 3208 quasi
2568 3139 2783 3206 capisse
2805 3136 3026 3200 corrigi.
3049 3131 3070 3203 j
3095 3133 3113 3185 Ι
3123 3148 3221 3202 pse
3256 3129 3571 3199 Cyprianus

1877 3231 2117 3303 epistola
2165 3229 2237 3283 ad
2287 3227 2631 3282 Jubaianum
2681 3228 2748 3280 73
2781 3224 2943 3278 docet
2982 3220 3362 3291 Agrippinum
3389 3217 3575 3287 proxi-

1879 3335 2037 3374 mum
2059 3318 2536 3388 prmdecessorem
2567 3329 2736 3367 suum
2767 3328 2883 3365 non
2909 3309 3100 3364 fuisse.
3135 3310 3181 3361 Α
3186 3307 3305 3376 pud
3343 3321 3438 3360 nos
3481 3322 3574 3359 au-

1877 3414 2001 3472 tem,
2034 3405 2245 3477 inquit,
2276 3420 2382 3459 non
2413 3418 2553 3457 nova
2583 3406 2680 3455 aut
2706 3401 3009 3477 repentina
3050 3411 3134 3451 res
3160 3400 3257 3463 est,
3287 3399 3349 3448 ut
3395 3394 3572 3463 bapti-

1877 3497 2079 3551 zandus
2119 3476 2418 3550 sentiamus
2460 3507 2544 3546 eos
2588 3493 2685 3560 qui
2706 3476 2789 3542 ab
2843 3485 3106 3542 haereticis
3167 3484 3240 3538 ad
3301 3484 3574 3536 ecclesiam

1876 3588 2116 3651 veniunt,
2167 3583 2383 3651 quando
2429 3582 2589 3635 multi
2625 3580 2744 3648 jam
2784 3579 2918 3630 anni
2958 3580 3085 3629 sunt
3121 3579 3173 3627 et
3231 3575 3390 3639 longa
3443 3577 3575 3626 aztas

1877 3691 1945 3729 ea:
1975 3689 2080 3742 quo
2109 3673 2208 3728 sub
2235 3672 2565 3740 Agrippino,
2601 3669 2747 3722 bona:
2772 3667 3037 3720 memoriae
3065 3666 3204 3730 viro,
3253 3663 3573 3716 convenien-

1880 3768 1957 3817 tes
1985 3765 2044 3815 in
2073 3777 2239 3815 unum
2264 3760 2502 3828 episcopi
2525 3758 2757 3826 plurimi
2799 3756 2893 3809 hoc
2919 3754 3233 3816 statuerint,
3278 3755 3440 3818 atque
3477 3765 3572 3803 eae-

1877 3851 2005 3904 inde
2053 3853 2111 3903 in
2160 3849 2477 3903 hodiernum
2529 3849 2604 3900 tot
2665 3845 2841 3897 millia
2906 3843 3274 3895 haereticorum
3332 3841 3392 3890 in
3449 3852 3575 3906 pro-

1878 3941 2074 3993 vinciis
2127 3939 2325 3992 nostris
2390 3936 2464 3989 ad
2516 3935 2790 3989 ecclesiam
2843 3931 3102 3995 conversi,
3147 3943 3255 3981 non
3295 3927 3576 3994 aspernati

1879 4029 2008 4093 sint,
2049 4031 2154 4081 etc.

2401 4104 3057 4164 ANIMADVERSIONES

2171 4217 2225 4254 IN
2261 4215 2446 4254 LIBROS
2475 4214 2678 4253 CONTRA
2722 4211 2972 4251 LITTERAS
3005 4209 3288 4248 PETILIANI.

1959 4293 2122 4345 [λιθιιο
2153 4307 2191 4354 ῐ,
2220 4289 2354 4359 Cap.
2383 4291 2437 4352 9,
2478 4292 2505 4354 §
2550 4291 2632 4342 19.
2667 4287 2797 4343 Cum
2843 4284 3117 4337 audierit:
3172 4279 3279 4344 Qui
3321 4277 3572 4350 baptiza-

1882 4385 1977 4435 tur
2019 4398 2052 4434 a
2111 4383 2338 4432 mortuo
2394 4392 2512 4430 non
2563 4375 2616 4429 ei
2669 4373 2902 4445 prodest
2939 4369 3150 4426 lavatio
3209 4369 3332 4438 ejus
3383 4367 3574 4438 (Eccli.

1885 4486 2065 4534 xxxw,
2099 4469 2211 4538 30),
2243 4465 2620 4535 respondebit:
2673 4465 2818 4519 Vivit
2865 4461 3134 4526 Christus,
3169 4460 3274 4526 jan
3321 4473 3428 4511 non
3465 4471 3576 4509 mo-

1883 4561 2046 4626 ritur,
2102 4562 2153 4611 et
2201 4571 2342 4610 mors
2391 4557 2440 4608 ei
2482 4555 2630 4607 ultra
2670 4566 2775 4605 non
2824 4547 3218 4615 dominabitur,
3265 4543 3399 4616 etc.]
3434 4545 3579 4598 Loco

1886 4647 1982 4700 illo
2035 4643 2401 4700 Ecclesiastici
2447 4641 2829 4695 abutebantur
2868 4635 3192 4701 Donatistze,
3222 4638 3286 4687 ut
3315 4632 3577 4688 ostende-

1889 4739 2016 4788 rent
2043 4734 2394 4803 baptismum
2441 4730 2708 4783 collatum
2757 4745 2788 4779 a
2816 4727 2968 4780 malo
3001 4724 3312 4783 sacerdote,
3350 4738 3449 4775 seu
3478 4721 3579 4790 qui

1887 4827 2128 4877 mortuus
2159 4824 2307 4875 esset
2332 4819 2392 4871 in
2417 4816 2680 4887 peccatis,
2705 4831 2819 4868 non
2849 4813 3139 4883 prodesse.
3187 4809 3389 4864 Nescio
3439 4812 3582 4878 quot

1889 4909 2076 4964 modis
2117 4925 2175 4961 se
2222 4910 2454 4976 torquet
2496 4903 2844 4974 Augustinus
2903 4906 2966 4955 ut
3035 4899 3294 4954 ostendat
3347 4914 3413 4951 ex
3457 4897 3580 4950 loco

1890 4997 2034 5053 nihil
2078 5011 2244 5067 posse
2284 4993 2459 5059 elici;
2515 5007 2645 5045 cum
2689 4991 2924 5044 deberet
2966 4988 3204 5042 irridere
3237 4985 3577 5044 Donatistas,

1891 5086 2045 5157 quod
2090 5085 2182 5139 hic
2237 5084 2565 5152 baptismum
2616 5078 3002 5135 Christianum
3056 5076 3401 5146 quzererent,
3452 5088 3578 5126 cum

1891 5175 2002 5230 alia
2031 5174 2198 5245 plane
2229 5187 2391 5226 mens
2421 5173 2568 5224 esset
2597 5165 2842 5222 auctoris
2874 5161 3262 5218 Ecclesiastici.
3293 5162 3422 5214 Herc
3461 5162 3582 5230 ejus

1891 5269 1976 5319 est
2035 5261 2313 5317 sententia
2366 5260 2588 5328 integra
2646 5274 2658 5312 :
2725 5253 3074 5314 Βαπτιζόμενος
3121 5249 3216 5296 ἀπὸ
3257 5250 3450 5312 νεκροῦ,
3503 5251 3584 5294 καὶ

1889 5350 2038 5398 πάλω
2080 5347 2346 5409 ἁπτόμενος
2395 5346 2562 5405 αὐτοῦ,
2604 5343 2650 5390 τε
2687 5341 2937 5404 ὠφέλησεν
2986 5339 3035 5385 ἐν
3073 5341 3140 5401 τῷ
3174 5337 3366 5401 λουτρῷ
3413 5335 3585 5395 αὐτοῦ,

1891 5431 2000 5485 hoc
2037 5435 2140 5496 est,
2188 5431 2239 5482 Is
2285 5430 2381 5496 qui
2421 5427 2663 5480 abluitur
2709 5427 2996 5491 postquam
3045 5421 3221 5486 tetigit
3253 5416 3504 5481 cadaver,
3536 5421 3586 5469 et

1890 5521 2087 5573 iterum
2124 5518 2181 5570 id
2207 5519 2402 5582 tangit,
2435 5515 2571 5583 quid
2595 5509 2741 5580 capit
2769 5511 3026 5564 utilitatis
3057 5525 3123 5561 ea:
3151 5521 3253 5561 sua
3273 5503 3584 5560 ubiut-iane?
