  <div class='ocr_page' id='page_1' title='image "/cluster/home/n/w/nwhite01/storage/ocr_20150623/47/hvd.32044096580683/273.png"; bbox 0 0 3884 6178; ppageno 0'>
   <div class='ocr_carea' id='block_1_1' title="bbox 357 252 458 303">
    <p class='ocr_par' dir='ltr' id='par_1_1' title="bbox 357 252 458 303">
     <span class='ocr_line' id='line_1_1' title="bbox 357 252 458 303; baseline -0.01 0"><span class='ocrx_word' id='word_1_1' title='bbox 357 252 458 303; x_wconf 77' lang='lat'><strong>535</strong></span> 
     </span>
    </p>
   </div>
   <div class='ocr_carea' id='block_1_2' title="bbox 1365 248 3768 322">
    <p class='ocr_par' dir='ltr' id='par_1_2' title="bbox 1365 248 3768 322">
     <span class='ocr_line' id='line_1_2' title="bbox 1365 248 3768 322; baseline -0.004 -18"><span class='ocrx_word' id='word_1_2' title='bbox 1365 249 1927 307; x_wconf 82' lang='lat' dir='ltr'>SUPPLEMENTUM</span> <span class='ocrx_word' id='word_1_3' title='bbox 1971 251 2059 305; x_wconf 85' lang='lat' dir='ltr'>AD</span> <span class='ocrx_word' id='word_1_4' title='bbox 2097 249 2330 306; x_wconf 80' lang='lat' dir='ltr'>OPERA</span> <span class='ocrx_word' id='word_1_5' title='bbox 2368 250 2423 304; x_wconf 91' lang='lat' dir='ltr'>S.</span> <span class='ocrx_word' id='word_1_6' title='bbox 2467 248 2854 305; x_wconf 84' lang='lat' dir='ltr'>AUGUSTINI.</span> <span class='ocrx_word' id='word_1_7' title='bbox 3691 271 3768 322; x_wconf 58' lang='lat'>536</span> 
     </span>
    </p>
   </div>
   <div class='ocr_carea' id='block_1_3' title="bbox 357 369 3775 444">
    <p class='ocr_par' dir='ltr' id='par_1_3' title="bbox 357 369 3775 444">
     <span class='ocr_line' id='line_1_3' title="bbox 357 369 3775 444; baseline 0.004 -16"><span class='ocrx_word' id='word_1_8' title='bbox 357 373 664 444; x_wconf 85' lang='lat' dir='ltr'>Liquidum</span> <span class='ocrx_word' id='word_1_9' title='bbox 709 378 793 426; x_wconf 82' lang='lat' dir='ltr'>est</span> <span class='ocrx_word' id='word_1_10' title='bbox 834 373 1036 444; x_wconf 87' lang='lat' dir='ltr'>respici</span> <span class='ocrx_word' id='word_1_11' title='bbox 1081 373 1152 425; x_wconf 89' lang='lat' dir='ltr'>ad</span> <span class='ocrx_word' id='word_1_12' title='bbox 1199 371 1516 425; x_wconf 90' lang='lat' dir='ltr'>ablutiones</span> <span class='ocrx_word' id='word_1_13' title='bbox 1548 373 1777 440; x_wconf 79' lang='lat' dir='ltr'>legales,</span> <span class='ocrx_word' id='word_1_14' title='bbox 1801 389 1929 442; x_wconf 72' lang='lat' dir='ltr'>quae</span> <span class='ocrx_word' id='word_1_15' title='bbox 1956 373 2050 426; x_wconf 91' lang='lat' dir='ltr'>de-</span> <span class='ocrx_word' id='word_1_16' title='bbox 2092 375 2136 425; x_wconf 77' lang='grc' dir='ltr'><strong>Α</strong></span> <span class='ocrx_word' id='word_1_17' title='bbox 2173 373 2286 425; x_wconf 84' lang='lat' dir='ltr'>rint</span> <span class='ocrx_word' id='word_1_18' title='bbox 2324 377 2578 426; x_wconf 87' lang='lat' dir='ltr'>oratores</span> <span class='ocrx_word' id='word_1_19' title='bbox 2627 371 2934 442; x_wconf 80' lang='lat' dir='ltr'>populares</span> <span class='ocrx_word' id='word_1_20' title='bbox 2981 369 3191 424; x_wconf 60' lang='lat' dir='ltr'>critica;</span> <span class='ocrx_word' id='word_1_21' title='bbox 3229 373 3402 427; x_wconf 86' lang='lat' dir='ltr'>omnis</span> <span class='ocrx_word' id='word_1_22' title='bbox 3436 392 3493 429; x_wconf 87' lang='lat' dir='ltr'>ac</span> <span class='ocrx_word' id='word_1_23' title='bbox 3525 380 3775 440; x_wconf 67' lang='lat' dir='ltr'>dialecticae</span> 
     </span>
    </p>
   </div>
   <div class='ocr_carea' id='block_1_4' title="bbox 357 459 2056 530">
    <p class='ocr_par' dir='ltr' id='par_1_4' title="bbox 357 459 2056 530">
     <span class='ocr_line' id='line_1_4' title="bbox 357 459 2056 530; baseline -0.001 -16"><span class='ocrx_word' id='word_1_24' title='bbox 357 461 568 516; x_wconf 88' lang='lat' dir='ltr'>hebant</span> <span class='ocrx_word' id='word_1_25' title='bbox 595 461 717 516; x_wconf 87' lang='lat' dir='ltr'>ﬁeri</span> <span class='ocrx_word' id='word_1_26' title='bbox 749 464 877 530; x_wconf 91' lang='lat' dir='ltr'>post</span> <span class='ocrx_word' id='word_1_27' title='bbox 905 464 1118 514; x_wconf 89' lang='lat' dir='ltr'>tactum</span> <span class='ocrx_word' id='word_1_28' title='bbox 1152 459 1411 527; x_wconf 82' lang='lat' dir='ltr'>cadaver,</span> <span class='ocrx_word' id='word_1_29' title='bbox 1455 475 1524 512; x_wconf 90' lang='lat' dir='ltr'>ex</span> <span class='ocrx_word' id='word_1_30' title='bbox 1580 460 1849 513; x_wconf 88' lang='lat' dir='ltr'>mandato</span> <span class='ocrx_word' id='word_1_31' title='bbox 1894 460 2056 530; x_wconf 84' lang='lat' dir='ltr'>legis,</span> 
     </span>
    </p>
   </div>
   <div class='ocr_carea' id='block_1_5' title="bbox 360 547 2059 618">
    <p class='ocr_par' dir='ltr' id='par_1_5' title="bbox 360 547 2059 618">
     <span class='ocr_line' id='line_1_5' title="bbox 360 547 2059 618; baseline -0.001 -14"><span class='ocrx_word' id='word_1_32' title='bbox 360 550 527 604; x_wconf 89' lang='lat' dir='ltr'>Num.</span> <span class='ocrx_word' id='word_1_33' title='bbox 576 567 684 615; x_wconf 68' lang='lat' dir='ltr'>xxx,</span> <span class='ocrx_word' id='word_1_34' title='bbox 749 553 830 609; x_wconf 84' lang='lat' dir='ltr'><strong>II,</strong></span> <span class='ocrx_word' id='word_1_35' title='bbox 877 552 932 601; x_wconf 89' lang='lat' dir='ltr'>et</span> <span class='ocrx_word' id='word_1_36' title='bbox 974 564 1102 618; x_wconf 77' lang='lat' dir='ltr'>quae</span> <span class='ocrx_word' id='word_1_37' title='bbox 1144 547 1288 600; x_wconf 86' lang='lat' dir='ltr'>nihil</span> <span class='ocrx_word' id='word_1_38' title='bbox 1332 563 1565 618; x_wconf 81' lang='lat' dir='ltr'>prorsus</span> <span class='ocrx_word' id='word_1_39' title='bbox 1614 548 1831 602; x_wconf 89' lang='lat' dir='ltr'>faciunt</span> <span class='ocrx_word' id='word_1_40' title='bbox 1859 549 1927 602; x_wconf 89' lang='lat' dir='ltr'>ad</span> <span class='ocrx_word' id='word_1_41' title='bbox 1960 551 2059 602; x_wconf 87' lang='lat' dir='ltr'>ba-</span> 
     </span>
    </p>
   </div>
   <div class='ocr_carea' id='block_1_6' title="bbox 358 635 2061 708">
    <p class='ocr_par' dir='ltr' id='par_1_6' title="bbox 358 635 2061 708">
     <span class='ocr_line' id='line_1_6' title="bbox 358 635 2061 708; baseline -0.002 -16"><span class='ocrx_word' id='word_1_42' title='bbox 358 639 630 708; x_wconf 91' lang='lat' dir='ltr'>ptismum</span> <span class='ocrx_word' id='word_1_43' title='bbox 664 636 1065 690; x_wconf 85' lang='lat' dir='ltr'>Christianum.</span> <span class='ocrx_word' id='word_1_44' title='bbox 1097 635 1201 690; x_wconf 92' lang='lat' dir='ltr'>Sed</span> <span class='ocrx_word' id='word_1_45' title='bbox 1235 635 1280 688; x_wconf 89' lang='lat' dir='ltr'>si</span> <span class='ocrx_word' id='word_1_46' title='bbox 1319 636 1477 705; x_wconf 83' lang='lat' dir='ltr'>legas</span> <span class='ocrx_word' id='word_1_47' title='bbox 1524 635 1848 705; x_wconf 79' lang='lat' dir='ltr'>sequentia,</span> <span class='ocrx_word' id='word_1_48' title='bbox 1902 635 2061 689; x_wconf 91' lang='lat' dir='ltr'>vide-</span> 
     </span>
    </p>
   </div>
   <div class='ocr_carea' id='block_1_7' title="bbox 359 722 2061 794">
    <p class='ocr_par' dir='ltr' id='par_1_7' title="bbox 359 722 2061 794">
     <span class='ocr_line' id='line_1_7' title="bbox 359 722 2061 794; baseline -0.004 -14"><span class='ocrx_word' id='word_1_49' title='bbox 359 727 447 780; x_wconf 90' lang='lat' dir='ltr'>bis</span> <span class='ocrx_word' id='word_1_50' title='bbox 494 727 639 780; x_wconf 87' lang='lat' dir='ltr'>hanc</span> <span class='ocrx_word' id='word_1_51' title='bbox 687 740 817 792; x_wconf 59' lang='lat' dir='ltr'>esse,</span> <span class='ocrx_word' id='word_1_52' title='bbox 861 724 1114 794; x_wconf 83' lang='lat' dir='ltr'>priorem</span> <span class='ocrx_word' id='word_1_53' title='bbox 1180 727 1401 793; x_wconf 88' lang='lat' dir='ltr'>partem</span> <span class='ocrx_word' id='word_1_54' title='bbox 1449 722 1887 788; x_wconf 85' lang='lat' dir='ltr'>similitudinis;</span> <span class='ocrx_word' id='word_1_55' title='bbox 1938 723 2061 776; x_wconf 64' lang='lat' dir='ltr'>hanc</span> 
     </span>
    </p>
   </div>
   <div class='ocr_carea' id='block_1_8' title="bbox 362 811 2060 883">
    <p class='ocr_par' dir='ltr' id='par_1_8' title="bbox 362 811 2060 883">
     <span class='ocr_line' id='line_1_8' title="bbox 362 811 2060 883; baseline -0.004 -15"><span class='ocrx_word' id='word_1_56' title='bbox 362 815 514 868; x_wconf 91' lang='lat' dir='ltr'>enim</span> <span class='ocrx_word' id='word_1_57' title='bbox 561 813 728 866; x_wconf 85' lang='lat' dir='ltr'>verba</span> <span class='ocrx_word' id='word_1_58' title='bbox 780 817 1120 883; x_wconf 89' lang='lat' dir='ltr'>sequuntur,</span> <span class='ocrx_word' id='word_1_59' title='bbox 1153 829 1280 882; x_wconf 86' lang='lat' dir='ltr'>quae</span> <span class='ocrx_word' id='word_1_60' title='bbox 1320 813 1559 865; x_wconf 82' lang='lat' dir='ltr'>alteram</span> <span class='ocrx_word' id='word_1_61' title='bbox 1591 811 1927 864; x_wconf 80' lang='lat' dir='ltr'>continent:</span> <span class='ocrx_word' id='word_1_62' title='bbox 1967 811 2060 858; x_wconf 75' lang='lat'>0-3—</span> 
     </span>
    </p>
   </div>
   <div class='ocr_carea' id='block_1_9' title="bbox 359 907 2063 971">
    <p class='ocr_par' dir='ltr' id='par_1_9' title="bbox 359 907 2063 971">
     <span class='ocr_line' id='line_1_9' title="bbox 359 907 2063 971; baseline -0.002 -15"><span class='ocrx_word' id='word_1_63' title='bbox 359 913 450 964; x_wconf 85' lang='grc' dir='ltr'>τῶς</span> <span class='ocrx_word' id='word_1_64' title='bbox 515 908 762 971; x_wconf 81' lang='grc' dir='ltr'>ἄνθρωπος</span> <span class='ocrx_word' id='word_1_65' title='bbox 825 909 1072 966; x_wconf 65' lang='grc' dir='ltr'>νηστεύων</span> <span class='ocrx_word' id='word_1_66' title='bbox 1125 907 1201 955; x_wconf 83' lang='grc' dir='ltr'>ἐπὶ</span> <span class='ocrx_word' id='word_1_67' title='bbox 1254 910 1350 954; x_wconf 85' lang='grc' dir='ltr'>τῶν</span> <span class='ocrx_word' id='word_1_68' title='bbox 1415 908 1664 971; x_wconf 70' lang='grc' dir='ltr'>ἁμαρτιῶν</span> <span class='ocrx_word' id='word_1_69' title='bbox 1725 907 1873 954; x_wconf 74' lang='grc' dir='ltr'>αὑτοῦ</span> <span class='ocrx_word' id='word_1_70' title='bbox 1903 944 1915 966; x_wconf 83' lang='grc'>,</span> <span class='ocrx_word' id='word_1_71' title='bbox 1981 909 2063 953; x_wconf 72' lang='grc' dir='ltr'>καὶ</span> 
     </span>
    </p>
   </div>
   <div class='ocr_carea' id='block_1_10' title="bbox 359 993 2060 1060">
    <p class='ocr_par' dir='ltr' id='par_1_10' title="bbox 359 993 2060 1060">
     <span class='ocr_line' id='line_1_10' title="bbox 359 993 2060 1060; baseline -0.001 -17"><span class='ocrx_word' id='word_1_72' title='bbox 359 995 505 1043; x_wconf 76' lang='grc' dir='ltr'>πάλιν</span> <span class='ocrx_word' id='word_1_73' title='bbox 576 995 901 1060; x_wconf 80' lang='grc' dir='ltr'>πορευόμενος</span> <span class='ocrx_word' id='word_1_74' title='bbox 966 996 1046 1042; x_wconf 71' lang='grc' dir='ltr'>καὶ</span> <span class='ocrx_word' id='word_1_75' title='bbox 1105 996 1164 1041; x_wconf 73' lang='grc' dir='ltr'>τὰ</span> <span class='ocrx_word' id='word_1_76' title='bbox 1216 993 1339 1040; x_wconf 75' lang='grc' dir='ltr'>αὐτὰ</span> <span class='ocrx_word' id='word_1_77' title='bbox 1396 997 1572 1053; x_wconf 83' lang='grc' dir='ltr'>ποιῶν,</span> <span class='ocrx_word' id='word_1_78' title='bbox 1630 997 1715 1054; x_wconf 76' lang='grc' dir='ltr'>τῆς</span> <span class='ocrx_word' id='word_1_79' title='bbox 1783 997 2060 1060; x_wconf 75' lang='grc' dir='ltr'>προσευχῆς</span> 
     </span>
    </p>
   </div>
   <div class='ocr_carea' id='block_1_11' title="bbox 361 1080 2060 1144">
    <p class='ocr_par' dir='ltr' id='par_1_11' title="bbox 361 1080 2060 1144">
     <span class='ocr_line' id='line_1_11' title="bbox 361 1080 2060 1144; baseline -0.001 -14"><span class='ocrx_word' id='word_1_80' title='bbox 361 1083 508 1131; x_wconf 66' lang='grc' dir='ltr'>αὐταῦ</span> <span class='ocrx_word' id='word_1_81' title='bbox 560 1083 628 1138; x_wconf 77' lang='grc' dir='ltr'>τίς</span> <span class='ocrx_word' id='word_1_82' title='bbox 693 1082 1050 1144; x_wconf 70' lang='grc' dir='ltr'>εἰσακούςετπι;</span> <span class='ocrx_word' id='word_1_83' title='bbox 1117 1084 1198 1128; x_wconf 75' lang='grc' dir='ltr'>καὶ</span> <span class='ocrx_word' id='word_1_84' title='bbox 1261 1081 1307 1128; x_wconf 77' lang='grc' dir='ltr'>τί</span> <span class='ocrx_word' id='word_1_85' title='bbox 1353 1081 1604 1144; x_wconf 63' lang='grc' dir='ltr'>ωφέλτβεν</span> <span class='ocrx_word' id='word_1_86' title='bbox 1672 1080 1722 1126; x_wconf 78' lang='grc' dir='ltr'>ἐν</span> <span class='ocrx_word' id='word_1_87' title='bbox 1783 1084 1850 1143; x_wconf 82' lang='grc' dir='ltr'>τῷ</span> <span class='ocrx_word' id='word_1_88' title='bbox 1896 1097 2060 1129; x_wconf 64' lang='grc' dir='ltr'>ταπει-</span> 
     </span>
    </p>
   </div>
   <div class='ocr_carea' id='block_1_12' title="bbox 361 1170 2057 1238">
    <p class='ocr_par' dir='ltr' id='par_1_12' title="bbox 361 1170 2057 1238">
     <span class='ocr_line' id='line_1_12' title="bbox 361 1170 2057 1238; baseline 0.006 -23"><span class='ocrx_word' id='word_1_89' title='bbox 361 1171 572 1230; x_wconf 70' lang='grc' dir='ltr'>νωθῆναι</span> <span class='ocrx_word' id='word_1_90' title='bbox 599 1170 751 1218; x_wconf 82' lang='grc' dir='ltr'>αὐτόν</span> <span class='ocrx_word' id='word_1_91' title='bbox 763 1186 778 1231; x_wconf 88' lang='grc'>;</span> <span class='ocrx_word' id='word_1_92' title='bbox 815 1173 892 1224; x_wconf 84' lang='lat' dir='ltr'>sic</span> <span class='ocrx_word' id='word_1_93' title='bbox 939 1172 1169 1224; x_wconf 85' lang='lat' dir='ltr'>hominis</span> <span class='ocrx_word' id='word_1_94' title='bbox 1210 1173 1305 1237; x_wconf 83' lang='lat' dir='ltr'>qui</span> <span class='ocrx_word' id='word_1_95' title='bbox 1334 1170 1555 1238; x_wconf 83' lang='lat' dir='ltr'>jejunat</span> <span class='ocrx_word' id='word_1_96' title='bbox 1585 1171 1648 1223; x_wconf 82' lang='lat' dir='ltr'>ob</span> <span class='ocrx_word' id='word_1_97' title='bbox 1693 1178 1910 1238; x_wconf 82' lang='lat' dir='ltr'>peccata</span> <span class='ocrx_word' id='word_1_98' title='bbox 1938 1173 2057 1237; x_wconf 82' lang='lat' dir='ltr'>sud,</span> 
     </span>
    </p>
   </div>
   <div class='ocr_carea' id='block_1_13' title="bbox 361 1257 2063 1328">
    <p class='ocr_par' dir='ltr' id='par_1_13' title="bbox 361 1257 2063 1328">
     <span class='ocr_line' id='line_1_13' title="bbox 361 1257 2063 1328; baseline 0.001 -17"><span class='ocrx_word' id='word_1_99' title='bbox 361 1262 410 1311; x_wconf 83' lang='lat' dir='ltr'>et</span> <span class='ocrx_word' id='word_1_100' title='bbox 440 1262 636 1312; x_wconf 77' lang='lat' dir='ltr'>iterum</span> <span class='ocrx_word' id='word_1_101' title='bbox 666 1261 724 1310; x_wconf 89' lang='lat' dir='ltr'>in</span> <span class='ocrx_word' id='word_1_102' title='bbox 763 1275 824 1311; x_wconf 86' lang='lat' dir='ltr'>ea</span> <span class='ocrx_word' id='word_1_103' title='bbox 871 1259 1123 1326; x_wconf 84' lang='lat' dir='ltr'>delapsus</span> <span class='ocrx_word' id='word_1_104' title='bbox 1173 1257 1357 1310; x_wconf 86' lang='lat' dir='ltr'>eadem</span> <span class='ocrx_word' id='word_1_105' title='bbox 1402 1259 1560 1324; x_wconf 84' lang='lat' dir='ltr'>facit,</span> <span class='ocrx_word' id='word_1_106' title='bbox 1603 1261 1724 1328; x_wconf 87' lang='lat' dir='ltr'>quis</span> <span class='ocrx_word' id='word_1_107' title='bbox 1768 1262 2063 1313; x_wconf 80' lang='lat' dir='ltr'>orationem</span> 
     </span>
    </p>
   </div>
   <div class='ocr_carea' id='block_1_14' title="bbox 363 1345 2062 1414">
    <p class='ocr_par' dir='ltr' id='par_1_14' title="bbox 363 1345 2062 1414">
     <span class='ocr_line' id='line_1_14' title="bbox 363 1345 2062 1414; baseline 0.001 -15"><span class='ocrx_word' id='word_1_108' title='bbox 363 1347 708 1400; x_wconf 69' lang='lat' dir='ltr'>exaudivcrit</span> <span class='ocrx_word' id='word_1_109' title='bbox 729 1345 755 1398; x_wconf 75' lang='lat' dir='ltr'>‘I</span> <span class='ocrx_word' id='word_1_110' title='bbox 779 1347 977 1414; x_wconf 82' lang='lat' dir='ltr'>quidve</span> <span class='ocrx_word' id='word_1_111' title='bbox 1005 1347 1267 1399; x_wconf 73' lang='lat' dir='ltr'>utilitatis</span> <span class='ocrx_word' id='word_1_112' title='bbox 1292 1349 1470 1414; x_wconf 78' lang='lat' dir='ltr'>capiet</span> <span class='ocrx_word' id='word_1_113' title='bbox 1497 1361 1563 1398; x_wconf 78' lang='lat' dir='ltr'>ea:</span> <span class='ocrx_word' id='word_1_114' title='bbox 1587 1362 1688 1400; x_wconf 86' lang='lat' dir='ltr'>sua</span> <span class='ocrx_word' id='word_1_115' title='bbox 1722 1347 2062 1400; x_wconf 78' lang='lat' dir='ltr'>humilitate?</span> 
     </span>
    </p>
   </div>
   <div class='ocr_carea' id='block_1_15' title="bbox 366 1433 2063 1506">
    <p class='ocr_par' dir='ltr' id='par_1_15' title="bbox 366 1433 2063 1506">
     <span class='ocr_line' id='line_1_15' title="bbox 366 1433 2063 1506; baseline 0 -18"><span class='ocrx_word' id='word_1_116' title='bbox 366 1434 514 1488; x_wconf 85' lang='lat' dir='ltr'>Nihil</span> <span class='ocrx_word' id='word_1_117' title='bbox 559 1436 680 1489; x_wconf 62' lang='lat' dir='ltr'>hinc</span> <span class='ocrx_word' id='word_1_118' title='bbox 730 1435 801 1489; x_wconf 91' lang='lat' dir='ltr'>ad</span> <span class='ocrx_word' id='word_1_119' title='bbox 845 1433 1216 1504; x_wconf 78' lang='lat' dir='ltr'>baptismum,</span> <span class='ocrx_word' id='word_1_120' title='bbox 1267 1434 1528 1504; x_wconf 90' lang='lat' dir='ltr'>quamvis</span> <span class='ocrx_word' id='word_1_121' title='bbox 1567 1435 1882 1505; x_wconf 81' lang='lat' dir='ltr'>Cyprianus</span> <span class='ocrx_word' id='word_1_122' title='bbox 1930 1452 2063 1506; x_wconf 52' lang='lat' dir='ltr'>quo.</span> 
     </span>
    </p>
   </div>
   <div class='ocr_carea' id='block_1_16' title="bbox 367 1521 2058 1593">
    <p class='ocr_par' dir='ltr' id='par_1_16' title="bbox 367 1521 2058 1593">
     <span class='ocr_line' id='line_1_16' title="bbox 367 1521 2058 1593; baseline -0.001 -17"><span class='ocrx_word' id='word_1_123' title='bbox 367 1539 477 1592; x_wconf 89' lang='lat' dir='ltr'>que</span> <span class='ocrx_word' id='word_1_124' title='bbox 521 1539 588 1576; x_wconf 92' lang='lat' dir='ltr'>eo</span> <span class='ocrx_word' id='word_1_125' title='bbox 637 1525 821 1576; x_wconf 90' lang='lat' dir='ltr'>locum</span> <span class='ocrx_word' id='word_1_126' title='bbox 869 1524 1019 1576; x_wconf 91' lang='lat' dir='ltr'>hunc</span> <span class='ocrx_word' id='word_1_127' title='bbox 1071 1523 1274 1588; x_wconf 82' lang='lat' dir='ltr'>trahat,</span> <span class='ocrx_word' id='word_1_128' title='bbox 1324 1539 1496 1593; x_wconf 90' lang='lat' dir='ltr'>quem</span> <span class='ocrx_word' id='word_1_129' title='bbox 1527 1523 1663 1576; x_wconf 91' lang='lat' dir='ltr'>citat</span> <span class='ocrx_word' id='word_1_130' title='bbox 1688 1523 1856 1576; x_wconf 90' lang='lat' dir='ltr'>etiam</span> <span class='ocrx_word' id='word_1_131' title='bbox 1888 1521 2058 1576; x_wconf 90' lang='lat' dir='ltr'>dimi-</span> 
     </span>
    </p>
   </div>
   <div class='ocr_carea' id='block_1_17' title="bbox 367 1610 2058 1681">
    <p class='ocr_par' dir='ltr' id='par_1_17' title="bbox 367 1610 2058 1681">
     <span class='ocr_line' id='line_1_17' title="bbox 367 1610 2058 1681; baseline 0.001 -18"><span class='ocrx_word' id='word_1_132' title='bbox 367 1610 610 1679; x_wconf 90' lang='lat' dir='ltr'>diatum,</span> <span class='ocrx_word' id='word_1_133' title='bbox 667 1611 839 1681; x_wconf 88' lang='lat' dir='ltr'>epist.</span> <span class='ocrx_word' id='word_1_134' title='bbox 892 1615 982 1666; x_wconf 81' lang='lat' dir='ltr'>7i.</span> <span class='ocrx_word' id='word_1_135' title='bbox 1033 1611 1141 1664; x_wconf 90' lang='lat' dir='ltr'>Sed</span> <span class='ocrx_word' id='word_1_136' title='bbox 1187 1611 1300 1678; x_wconf 93' lang='lat' dir='ltr'>ille,</span> <span class='ocrx_word' id='word_1_137' title='bbox 1360 1615 1424 1664; x_wconf 92' lang='lat' dir='ltr'>ut</span> <span class='ocrx_word' id='word_1_138' title='bbox 1468 1615 1618 1665; x_wconf 89' lang='lat' dir='ltr'>recte</span> <span class='ocrx_word' id='word_1_139' title='bbox 1639 1610 1958 1665; x_wconf 87' lang='lat' dir='ltr'>observavit</span> <span class='ocrx_word' id='word_1_140' title='bbox 1988 1611 2058 1664; x_wconf 91' lang='lat' dir='ltr'>ad</span> 
     </span>
    </p>
   </div>
   <div class='ocr_carea' id='block_1_18' title="bbox 367 1697 2066 1768">
    <p class='ocr_par' dir='ltr' id='par_1_18' title="bbox 367 1697 2066 1768">
     <span class='ocr_line' id='line_1_18' title="bbox 367 1697 2066 1768; baseline 0.001 -17"><span class='ocrx_word' id='word_1_141' title='bbox 367 1714 498 1751; x_wconf 89' lang='lat' dir='ltr'>eum</span> <span class='ocrx_word' id='word_1_142' title='bbox 545 1699 734 1750; x_wconf 91' lang='lat' dir='ltr'>locum</span> <span class='ocrx_word' id='word_1_143' title='bbox 783 1698 1046 1751; x_wconf 90' lang='lat' dir='ltr'>Nicolaus</span> <span class='ocrx_word' id='word_1_144' title='bbox 1097 1697 1396 1768; x_wconf 79' lang='lat' dir='ltr'>Rigaltius,</span> <span class='ocrx_word' id='word_1_145' title='bbox 1439 1715 1857 1768; x_wconf 75' lang='lat' dir='ltr'>saepenumero,</span> <span class='ocrx_word' id='word_1_146' title='bbox 1905 1704 1968 1752; x_wconf 88' lang='lat' dir='ltr'>ut</span> <span class='ocrx_word' id='word_1_147' title='bbox 2009 1704 2066 1752; x_wconf 87' lang='lat' dir='ltr'>et</span> 
     </span>
    </p>
   </div>
   <div class='ocr_carea' id='block_1_19' title="bbox 367 1785 2065 1858">
    <p class='ocr_par' dir='ltr' id='par_1_19' title="bbox 367 1785 2065 1858">
     <span class='ocr_line' id='line_1_19' title="bbox 367 1785 2065 1858; baseline 0 -20"><span class='ocrx_word' id='word_1_148' title='bbox 367 1785 464 1838; x_wconf 88' lang='lat' dir='ltr'>alii</span> <span class='ocrx_word' id='word_1_149' title='bbox 517 1787 709 1839; x_wconf 89' lang='lat' dir='ltr'>Patres</span> <span class='ocrx_word' id='word_1_150' title='bbox 759 1785 959 1856; x_wconf 80' lang='lat' dir='ltr'>arripit</span> <span class='ocrx_word' id='word_1_151' title='bbox 1001 1787 1068 1839; x_wconf 88' lang='lat' dir='ltr'>de</span> <span class='ocrx_word' id='word_1_152' title='bbox 1126 1787 1434 1857; x_wconf 90' lang='lat' dir='ltr'>Scripturis</span> <span class='ocrx_word' id='word_1_153' title='bbox 1479 1787 1758 1858; x_wconf 87' lang='lat' dir='ltr'>quidquid</span> <span class='ocrx_word' id='word_1_154' title='bbox 1805 1787 1891 1839; x_wconf 88' lang='lat' dir='ltr'>vel</span> <span class='ocrx_word' id='word_1_155' title='bbox 1945 1787 2065 1839; x_wconf 90' lang='lat' dir='ltr'>solo</span> 
     </span>
    </p>
   </div>
   <div class='ocr_carea' id='block_1_20' title="bbox 365 1872 2068 1946">
    <p class='ocr_par' dir='ltr' id='par_1_20' title="bbox 365 1872 2068 1946">
     <span class='ocr_line' id='line_1_20' title="bbox 365 1872 2068 1946; baseline 0.002 -21"><span class='ocrx_word' id='word_1_156' title='bbox 365 1872 672 1927; x_wconf 82' lang='lat' dir='ltr'>verborum</span> <span class='ocrx_word' id='word_1_157' title='bbox 719 1890 858 1928; x_wconf 91' lang='lat' dir='ltr'>sono</span> <span class='ocrx_word' id='word_1_158' title='bbox 907 1875 1089 1928; x_wconf 86' lang='lat' dir='ltr'>facere</span> <span class='ocrx_word' id='word_1_159' title='bbox 1139 1875 1211 1929; x_wconf 91' lang='lat' dir='ltr'>ad</span> <span class='ocrx_word' id='word_1_160' title='bbox 1255 1875 1611 1946; x_wconf 89' lang='lat' dir='ltr'>propositum</span> <span class='ocrx_word' id='word_1_161' title='bbox 1662 1875 1903 1942; x_wconf 89' lang='lat' dir='ltr'>videtur,</span> <span class='ocrx_word' id='word_1_162' title='bbox 1964 1875 2068 1928; x_wconf 89' lang='lat' dir='ltr'>etsi</span> 
     </span>
    </p>
   </div>
   <div class='ocr_carea' id='block_1_21' title="bbox 369 1958 2068 2032">
    <p class='ocr_par' dir='ltr' id='par_1_21' title="bbox 369 1958 2068 2032">
     <span class='ocr_line' id='line_1_21' title="bbox 369 1958 2068 2032; baseline 0.002 -21"><span class='ocrx_word' id='word_1_163' title='bbox 369 1958 539 2028; x_wconf 88' lang='lat' dir='ltr'>longe</span> <span class='ocrx_word' id='word_1_164' title='bbox 571 1960 684 2013; x_wconf 91' lang='lat' dir='ltr'>alio</span> <span class='ocrx_word' id='word_1_165' title='bbox 725 1961 798 2014; x_wconf 91' lang='lat' dir='ltr'>sit</span> <span class='ocrx_word' id='word_1_166' title='bbox 826 1961 1261 2031; x_wconf 86' lang='lat' dir='ltr'>intelligendum</span> <span class='ocrx_word' id='word_1_167' title='bbox 1295 1978 1484 2016; x_wconf 88' lang='lat' dir='ltr'>sensu.</span> <span class='ocrx_word' id='word_1_168' title='bbox 1516 1963 1652 2015; x_wconf 91' lang='lat' dir='ltr'>Tam</span> <span class='ocrx_word' id='word_1_169' title='bbox 1685 1962 1952 2032; x_wconf 79' lang='lat' dir='ltr'>frequens</span> <span class='ocrx_word' id='word_1_170' title='bbox 1983 1965 2068 2015; x_wconf 89' lang='lat' dir='ltr'>est</span> 
     </span>
    </p>
   </div>
   <div class='ocr_carea' id='block_1_22' title="bbox 365 2047 2064 2119">
    <p class='ocr_par' dir='ltr' id='par_1_22' title="bbox 365 2047 2064 2119">
     <span class='ocr_line' id='line_1_22' title="bbox 365 2047 2064 2119; baseline 0.001 -19"><span class='ocrx_word' id='word_1_171' title='bbox 365 2047 472 2100; x_wconf 84' lang='lat' dir='ltr'>hoc</span> <span class='ocrx_word' id='word_1_172' title='bbox 503 2048 562 2100; x_wconf 93' lang='lat' dir='ltr'>in</span> <span class='ocrx_word' id='word_1_173' title='bbox 593 2049 899 2118; x_wconf 80' lang='lat' dir='ltr'>Cypriano,</span> <span class='ocrx_word' id='word_1_174' title='bbox 933 2050 1251 2119; x_wconf 86' lang='lat' dir='ltr'>Augustino</span> <span class='ocrx_word' id='word_1_175' title='bbox 1280 2057 1336 2104; x_wconf 87' lang='lat' dir='ltr'>et</span> <span class='ocrx_word' id='word_1_176' title='bbox 1364 2050 1510 2113; x_wconf 87' lang='lat' dir='ltr'>aliis,</span> <span class='ocrx_word' id='word_1_177' title='bbox 1556 2055 1619 2104; x_wconf 91' lang='lat' dir='ltr'>ut</span> <span class='ocrx_word' id='word_1_178' title='bbox 1649 2050 1888 2104; x_wconf 89' lang='lat' dir='ltr'>minime</span> <span class='ocrx_word' id='word_1_179' title='bbox 1919 2066 2064 2119; x_wconf 92' lang='lat' dir='ltr'>opus</span> 
     </span>
    </p>
   </div>
   <div class='ocr_carea' id='block_1_23' title="bbox 367 2135 2064 2209">
    <p class='ocr_par' dir='ltr' id='par_1_23' title="bbox 367 2135 2064 2209">
     <span class='ocr_line' id='line_1_23' title="bbox 367 2135 2064 2209; baseline 0.003 -22"><span class='ocrx_word' id='word_1_180' title='bbox 367 2135 440 2188; x_wconf 88' lang='lat' dir='ltr'>sit</span> <span class='ocrx_word' id='word_1_181' title='bbox 465 2152 746 2205; x_wconf 80' lang='lat' dir='ltr'>quaerere,</span> <span class='ocrx_word' id='word_1_182' title='bbox 800 2154 930 2191; x_wconf 91' lang='lat' dir='ltr'>cum</span> <span class='ocrx_word' id='word_1_183' title='bbox 975 2137 1096 2190; x_wconf 87' lang='lat' dir='ltr'>viro</span> <span class='ocrx_word' id='word_1_184' title='bbox 1129 2138 1479 2206; x_wconf 88' lang='lat' dir='ltr'>doctissimo,</span> <span class='ocrx_word' id='word_1_185' title='bbox 1516 2140 1665 2209; x_wconf 93' lang='lat' dir='ltr'>quod</span> <span class='ocrx_word' id='word_1_186' title='bbox 1697 2154 1794 2192; x_wconf 90' lang='lat' dir='ltr'>eos</span> <span class='ocrx_word' id='word_1_187' title='bbox 1827 2138 1888 2191; x_wconf 90' lang='lat' dir='ltr'>in</span> <span class='ocrx_word' id='word_1_188' title='bbox 1919 2139 2064 2192; x_wconf 88' lang='lat' dir='ltr'>cita-</span> 
     </span>
    </p>
   </div>
   <div class='ocr_carea' id='block_1_24' title="bbox 367 2223 2069 2298">
    <p class='ocr_par' dir='ltr' id='par_1_24' title="bbox 367 2223 2069 2298">
     <span class='ocr_line' id='line_1_24' title="bbox 367 2223 2069 2298; baseline 0.004 -23"><span class='ocrx_word' id='word_1_189' title='bbox 367 2223 526 2276; x_wconf 89' lang='lat' dir='ltr'>tione</span> <span class='ocrx_word' id='word_1_190' title='bbox 575 2225 744 2294; x_wconf 89' lang='lat' dir='ltr'>hujus</span> <span class='ocrx_word' id='word_1_191' title='bbox 807 2226 917 2279; x_wconf 92' lang='lat' dir='ltr'>loci</span> <span class='ocrx_word' id='word_1_192' title='bbox 957 2232 1203 2294; x_wconf 87' lang='lat' dir='ltr'>excuset,</span> <span class='ocrx_word' id='word_1_193' title='bbox 1270 2243 1400 2281; x_wconf 92' lang='lat' dir='ltr'>cum</span> <span class='ocrx_word' id='word_1_194' title='bbox 1462 2227 1715 2282; x_wconf 89' lang='lat' dir='ltr'>excusari</span> <span class='ocrx_word' id='word_1_195' title='bbox 1778 2232 2069 2298; x_wconf 88' lang='lat' dir='ltr'>nequeant</span> 
     </span>
    </p>
   </div>
   <div class='ocr_carea' id='block_1_25' title="bbox 370 2313 2066 2387">
    <p class='ocr_par' dir='ltr' id='par_1_25' title="bbox 370 2313 2066 2387">
     <span class='ocr_line' id='line_1_25' title="bbox 370 2313 2066 2387; baseline 0.002 -23"><span class='ocrx_word' id='word_1_196' title='bbox 370 2313 551 2365; x_wconf 88' lang='lat' dir='ltr'>multa</span> <span class='ocrx_word' id='word_1_197' title='bbox 583 2313 694 2366; x_wconf 91' lang='lat' dir='ltr'>alia</span> <span class='ocrx_word' id='word_1_198' title='bbox 724 2313 953 2369; x_wconf 84' lang='lat' dir='ltr'>similia.</span> <span class='ocrx_word' id='word_1_199' title='bbox 986 2315 1084 2369; x_wconf 86' lang='lat' dir='ltr'>Vix</span> <span class='ocrx_word' id='word_1_200' title='bbox 1117 2317 1420 2387; x_wconf 88' lang='lat' dir='ltr'>quisquam</span> <span class='ocrx_word' id='word_1_201' title='bbox 1453 2316 1638 2370; x_wconf 89' lang='lat' dir='ltr'>dicere</span> <span class='ocrx_word' id='word_1_202' title='bbox 1668 2319 1846 2386; x_wconf 89' lang='lat' dir='ltr'>possit</span> <span class='ocrx_word' id='word_1_203' title='bbox 1893 2332 2066 2386; x_wconf 88' lang='lat' dir='ltr'>quam</span> 
     </span>
    </p>
   </div>
   <div class='ocr_carea' id='block_1_26' title="bbox 307 2399 2066 2474">
    <p class='ocr_par' dir='ltr' id='par_1_26' title="bbox 307 2399 2066 2474">
     <span class='ocr_line' id='line_1_26' title="bbox 307 2399 2066 2474; baseline 0.004 -23"><span class='ocrx_word' id='word_1_204' title='bbox 307 2461 309 2463; x_wconf 20' lang='grc' dir='ltr'><strong><em>ι</em></strong></span> <span class='ocrx_word' id='word_1_205' title='bbox 372 2415 520 2452; x_wconf 67' lang='grc' dir='ltr'>νει-ω</span> <span class='ocrx_word' id='word_1_206' title='bbox 554 2399 949 2473; x_wconf 66' lang='lat' dir='ltr'>intelligentiae</span> <span class='ocrx_word' id='word_1_207' title='bbox 978 2403 1287 2474; x_wconf 68' lang='lat' dir='ltr'>Scriptura:</span> <span class='ocrx_word' id='word_1_208' title='bbox 1327 2409 1382 2458; x_wconf 91' lang='lat' dir='ltr'>et</span> <span class='ocrx_word' id='word_1_209' title='bbox 1411 2405 1538 2474; x_wconf 88' lang='lat' dir='ltr'>paci</span> <span class='ocrx_word' id='word_1_210' title='bbox 1567 2405 1825 2458; x_wconf 79' lang='lat' dir='ltr'>Ecclesiae</span> <span class='ocrx_word' id='word_1_211' title='bbox 1857 2420 2066 2458; x_wconf 83' lang='lat' dir='ltr'>nocue-</span> 
     </span>
    </p>
   </div>
   <div class='ocr_carea' id='block_1_27' title="bbox 2170 459 3773 540">
    <p class='ocr_par' dir='ltr' id='par_1_27' title="bbox 2170 459 3773 540">
     <span class='ocr_line' id='line_1_27' title="bbox 2170 459 3773 540; baseline 0.007 -26"><span class='ocrx_word' id='word_1_212' title='bbox 2170 459 2443 530; x_wconf 90' lang='lat' dir='ltr'>imperiti.</span> <span class='ocrx_word' id='word_1_213' title='bbox 2477 461 2618 514; x_wconf 92' lang='lat' dir='ltr'>Dum</span> <span class='ocrx_word' id='word_1_214' title='bbox 2651 459 2806 513; x_wconf 90' lang='lat' dir='ltr'>enim</span> <span class='ocrx_word' id='word_1_215' title='bbox 2836 459 3055 512; x_wconf 85' lang='lat' dir='ltr'>nullam</span> <span class='ocrx_word' id='word_1_216' title='bbox 3085 459 3396 528; x_wconf 81' lang='lat' dir='ltr'>regularum</span> <span class='ocrx_word' id='word_1_217' title='bbox 3435 466 3693 540; x_wconf 83' lang='lat' dir='ltr'>utriusqqe</span> <span class='ocrx_word' id='word_1_218' title='bbox 3724 474 3773 525; x_wconf 84' lang='lat' dir='ltr'>il-</span> 
     </span>
    </p>
   </div>
   <div class='ocr_carea' id='block_1_28' title="bbox 2171 546 3779 620">
    <p class='ocr_par' dir='ltr' id='par_1_28' title="bbox 2171 546 3779 620">
     <span class='ocr_line' id='line_1_28' title="bbox 2171 546 3779 620; baseline 0.006 -18"><span class='ocrx_word' id='word_1_219' title='bbox 2171 550 2279 602; x_wconf 86' lang='lat' dir='ltr'>lius</span> <span class='ocrx_word' id='word_1_220' title='bbox 2309 550 2444 603; x_wconf 89' lang='lat' dir='ltr'>artis</span> <span class='ocrx_word' id='word_1_221' title='bbox 2502 550 2781 603; x_wconf 89' lang='lat' dir='ltr'>rationem</span> <span class='ocrx_word' id='word_1_222' title='bbox 2833 548 3062 612; x_wconf 89' lang='lat' dir='ltr'>habent,</span> <span class='ocrx_word' id='word_1_223' title='bbox 3129 546 3331 618; x_wconf 85' lang='lat' dir='ltr'>ubique</span> <span class='ocrx_word' id='word_1_224' title='bbox 3379 553 3584 620; x_wconf 90' lang='lat' dir='ltr'>quosvis</span> <span class='ocrx_word' id='word_1_225' title='bbox 3621 573 3779 612; x_wconf 83' lang='lat' dir='ltr'>sensus</span> 
     </span>
    </p>
   </div>
   <div class='ocr_carea' id='block_1_29' title="bbox 2172 636 3778 713">
    <p class='ocr_par' dir='ltr' id='par_1_29' title="bbox 2172 636 3778 713">
     <span class='ocr_line' id='line_1_29' title="bbox 2172 636 3778 713; baseline 0.004 -20"><span class='ocrx_word' id='word_1_226' title='bbox 2172 639 2572 709; x_wconf 76' lang='lat' dir='ltr'>quaesiverunt.</span> <span class='ocrx_word' id='word_1_227' title='bbox 2622 643 2679 692; x_wconf 87' lang='lat' dir='ltr'>et</span> <span class='ocrx_word' id='word_1_228' title='bbox 2727 655 2794 692; x_wconf 81' lang='lat' dir='ltr'>ex</span> <span class='ocrx_word' id='word_1_229' title='bbox 2825 638 2950 691; x_wconf 92' lang='lat' dir='ltr'>soni</span> <span class='ocrx_word' id='word_1_230' title='bbox 2995 636 3360 692; x_wconf 88' lang='lat' dir='ltr'>similitudine</span> <span class='ocrx_word' id='word_1_231' title='bbox 3385 642 3561 696; x_wconf 85' lang='lat' dir='ltr'>omnia</span> <span class='ocrx_word' id='word_1_232' title='bbox 3585 646 3778 713; x_wconf 75' lang='lat' dir='ltr'>probare</span> 
     </span>
    </p>
   </div>
   <div class='ocr_carea' id='block_1_30' title="bbox 2172 726 3779 799">
    <p class='ocr_par' dir='ltr' id='par_1_30' title="bbox 2172 726 3779 799">
     <span class='ocr_line' id='line_1_30' title="bbox 2172 726 3779 799; baseline 0.004 -19"><span class='ocrx_word' id='word_1_233' title='bbox 2172 744 2229 780; x_wconf 92' lang='lat' dir='ltr'>se</span> <span class='ocrx_word' id='word_1_234' title='bbox 2291 745 2449 799; x_wconf 90' lang='lat' dir='ltr'>posse</span> <span class='ocrx_word' id='word_1_235' title='bbox 2495 728 2878 794; x_wconf 87' lang='lat' dir='ltr'>crediderunt,</span> <span class='ocrx_word' id='word_1_236' title='bbox 2931 726 3085 780; x_wconf 91' lang='lat' dir='ltr'>unde</span> <span class='ocrx_word' id='word_1_237' title='bbox 3143 726 3444 783; x_wconf 78' lang='lat' dir='ltr'>innumerae</span> <span class='ocrx_word' id='word_1_238' title='bbox 3494 731 3615 785; x_wconf 71' lang='lat' dir='ltr'>rixae.</span> <span class='ocrx_word' id='word_1_239' title='bbox 3669 741 3779 787; x_wconf 70' lang='lat' dir='ltr'>natm</span> 
     </span>
    </p>
   </div>
   <div class='ocr_carea' id='block_1_31' title="bbox 2172 815 3782 887">
    <p class='ocr_par' dir='ltr' id='par_1_31' title="bbox 2172 815 3782 887">
     <span class='ocr_line' id='line_1_31' title="bbox 2172 815 3782 887; baseline 0.004 -18"><span class='ocrx_word' id='word_1_240' title='bbox 2172 822 2322 870; x_wconf 90' lang='lat' dir='ltr'>sunt.</span> <span class='ocrx_word' id='word_1_241' title='bbox 2379 819 2452 871; x_wconf 88' lang='lat' dir='ltr'>At</span> <span class='ocrx_word' id='word_1_242' title='bbox 2499 816 2636 870; x_wconf 90' lang='lat' dir='ltr'>olim</span> <span class='ocrx_word' id='word_1_243' title='bbox 2686 815 2969 886; x_wconf 83' lang='lat' dir='ltr'>ejusmodi</span> <span class='ocrx_word' id='word_1_244' title='bbox 3013 815 3295 880; x_wconf 90' lang='lat' dir='ltr'>homines,</span> <span class='ocrx_word' id='word_1_245' title='bbox 3345 823 3559 887; x_wconf 87' lang='lat' dir='ltr'>propter</span> <span class='ocrx_word' id='word_1_246' title='bbox 3605 821 3782 877; x_wconf 88' lang='lat' dir='ltr'>dicendi</span> 
     </span>
    </p>
   </div>
   <div class='ocr_carea' id='block_1_32' title="bbox 2170 903 3785 976">
    <p class='ocr_par' dir='ltr' id='par_1_32' title="bbox 2170 903 3785 976">
     <span class='ocr_line' id='line_1_32' title="bbox 2170 903 3785 976; baseline 0.005 -18"><span class='ocrx_word' id='word_1_247' title='bbox 2170 904 2518 973; x_wconf 84' lang='lat' dir='ltr'>facultatem,</span> <span class='ocrx_word' id='word_1_248' title='bbox 2576 909 2674 958; x_wconf 86' lang='lat' dir='ltr'>aut</span> <span class='ocrx_word' id='word_1_249' title='bbox 2726 904 2797 958; x_wconf 91' lang='lat' dir='ltr'>ad</span> <span class='ocrx_word' id='word_1_250' title='bbox 2836 903 3140 974; x_wconf 83' lang='lat' dir='ltr'>primarias</span> <span class='ocrx_word' id='word_1_251' title='bbox 3178 909 3307 957; x_wconf 91' lang='lat' dir='ltr'>sunt</span> <span class='ocrx_word' id='word_1_252' title='bbox 3335 906 3482 960; x_wconf 83' lang='lat' dir='ltr'>sedes</span> <span class='ocrx_word' id='word_1_253' title='bbox 3516 910 3687 976; x_wconf 86' lang='lat' dir='ltr'>evecti,</span> <span class='ocrx_word' id='word_1_254' title='bbox 3712 918 3785 966; x_wconf 84' lang='lat' dir='ltr'>aut</span> 
     </span>
    </p>
   </div>
   <div class='ocr_carea' id='block_1_33' title="bbox 2169 992 3784 1064">
    <p class='ocr_par' dir='ltr' id='par_1_33' title="bbox 2169 992 3784 1064">
     <span class='ocr_line' id='line_1_33' title="bbox 2169 992 3784 1064; baseline 0.004 -18"><span class='ocrx_word' id='word_1_255' title='bbox 2169 993 2231 1046; x_wconf 88' lang='lat' dir='ltr'>in</span> <span class='ocrx_word' id='word_1_256' title='bbox 2261 993 2488 1064; x_wconf 86' lang='lat' dir='ltr'>synodis</span> <span class='ocrx_word' id='word_1_257' title='bbox 2519 1009 2760 1062; x_wconf 85' lang='lat' dir='ltr'>regnum</span> <span class='ocrx_word' id='word_1_258' title='bbox 2788 992 3079 1063; x_wconf 91' lang='lat' dir='ltr'>quoddam</span> <span class='ocrx_word' id='word_1_259' title='bbox 3111 992 3487 1048; x_wconf 88' lang='lat' dir='ltr'>obtinuerunt.</span> <span class='ocrx_word' id='word_1_260' title='bbox 3519 997 3666 1050; x_wconf 84' lang='lat' dir='ltr'>Plura</span> <span class='ocrx_word' id='word_1_261' title='bbox 3700 1015 3784 1052; x_wconf 89' lang='lat' dir='ltr'>non</span> 
     </span>
    </p>
   </div>
   <div class='ocr_carea' id='block_1_34' title="bbox 2172 1081 3784 1150">
    <p class='ocr_par' dir='ltr' id='par_1_34' title="bbox 2172 1081 3784 1150">
     <span class='ocr_line' id='line_1_34' title="bbox 2172 1081 3784 1150; baseline 0.001 -13"><span class='ocrx_word' id='word_1_262' title='bbox 2172 1082 2377 1150; x_wconf 89' lang='lat' dir='ltr'>dicam,</span> <span class='ocrx_word' id='word_1_263' title='bbox 2432 1087 2568 1136; x_wconf 92' lang='lat' dir='ltr'>nota</span> <span class='ocrx_word' id='word_1_264' title='bbox 2613 1082 2769 1135; x_wconf 82' lang='lat' dir='ltr'>enim</span> <span class='ocrx_word' id='word_1_265' title='bbox 2823 1081 2942 1134; x_wconf 67' lang='lat' dir='ltr'>haec</span> <span class='ocrx_word' id='word_1_266' title='bbox 2995 1085 3129 1134; x_wconf 86' lang='lat' dir='ltr'>sunt</span> <span class='ocrx_word' id='word_1_267' title='bbox 3180 1081 3548 1136; x_wconf 75' lang='lat' dir='ltr'>ecclesiasticae</span> <span class='ocrx_word' id='word_1_268' title='bbox 3586 1084 3784 1139; x_wconf 68' lang='lat' dir='ltr'>historiae</span> 
     </span>
    </p>
   </div>
   <div class='ocr_carea' id='block_1_35' title="bbox 2171 1169 3785 1241">
    <p class='ocr_par' dir='ltr' id='par_1_35' title="bbox 2171 1169 3785 1241">
     <span class='ocr_line' id='line_1_35' title="bbox 2171 1169 3785 1241; baseline 0.002 -18"><span class='ocrx_word' id='word_1_269' title='bbox 2171 1170 2394 1240; x_wconf 87' lang='lat' dir='ltr'>peritis,</span> <span class='ocrx_word' id='word_1_270' title='bbox 2429 1176 2484 1224; x_wconf 91' lang='lat' dir='ltr'>et</span> <span class='ocrx_word' id='word_1_271' title='bbox 2529 1171 2628 1240; x_wconf 90' lang='lat' dir='ltr'>qui</span> <span class='ocrx_word' id='word_1_272' title='bbox 2672 1169 2956 1241; x_wconf 90' lang='lat' dir='ltr'>judicium</span> <span class='ocrx_word' id='word_1_273' title='bbox 2989 1169 3049 1222; x_wconf 89' lang='lat' dir='ltr'>in</span> <span class='ocrx_word' id='word_1_274' title='bbox 3090 1186 3157 1223; x_wconf 88' lang='lat' dir='ltr'>ea</span> <span class='ocrx_word' id='word_1_275' title='bbox 3186 1169 3418 1238; x_wconf 86' lang='lat' dir='ltr'>legenda</span> <span class='ocrx_word' id='word_1_276' title='bbox 3449 1171 3785 1229; x_wconf 75' lang='lat' dir='ltr'>adhibuerunt.</span> 
     </span>
    </p>
   </div>
   <div class='ocr_carea' id='block_1_36' title="bbox 2174 1259 3789 1332">
    <p class='ocr_par' dir='ltr' id='par_1_36' title="bbox 2174 1259 3789 1332">
     <span class='ocr_line' id='line_1_36' title="bbox 2174 1259 3789 1332; baseline 0.002 -20"><span class='ocrx_word' id='word_1_277' title='bbox 2174 1260 2296 1312; x_wconf 86' lang='lat' dir='ltr'>Non</span> <span class='ocrx_word' id='word_1_278' title='bbox 2329 1276 2521 1313; x_wconf 90' lang='lat' dir='ltr'>moror</span> <span class='ocrx_word' id='word_1_279' title='bbox 2574 1265 2809 1313; x_wconf 63' lang='lat' dir='ltr'>caeteros</span> <span class='ocrx_word' id='word_1_280' title='bbox 2855 1259 3234 1324; x_wconf 89' lang='lat' dir='ltr'>dissimulare,</span> <span class='ocrx_word' id='word_1_281' title='bbox 3265 1259 3503 1326; x_wconf 87' lang='lat' dir='ltr'>mentiri,</span> <span class='ocrx_word' id='word_1_282' title='bbox 3532 1265 3582 1314; x_wconf 90' lang='lat' dir='ltr'>et</span> <span class='ocrx_word' id='word_1_283' title='bbox 3607 1278 3789 1332; x_wconf 85' lang='lat' dir='ltr'>carpere</span> 
     </span>
    </p>
   </div>
   <div class='ocr_carea' id='block_1_37' title="bbox 2171 1348 3120 1417">
    <p class='ocr_par' dir='ltr' id='par_1_37' title="bbox 2171 1348 3120 1417">
     <span class='ocr_line' id='line_1_37' title="bbox 2171 1348 3120 1417; baseline 0 -17"><span class='ocrx_word' id='word_1_284' title='bbox 2171 1348 2289 1401; x_wconf 90' lang='lat' dir='ltr'>veri</span> <span class='ocrx_word' id='word_1_285' title='bbox 2323 1351 2578 1401; x_wconf 86' lang='lat' dir='ltr'>amantes</span> <span class='ocrx_word' id='word_1_286' title='bbox 2607 1364 2834 1417; x_wconf 90' lang='lat' dir='ltr'>semper</span> <span class='ocrx_word' id='word_1_287' title='bbox 2871 1352 3120 1417; x_wconf 88' lang='lat' dir='ltr'>paratos.</span> 
     </span>
    </p>
   </div>
   <div class='ocr_carea' id='block_1_38' title="bbox 2244 1436 3794 1506">
    <p class='ocr_par' dir='ltr' id='par_1_38' title="bbox 2244 1436 3794 1506">
     <span class='ocr_line' id='line_1_38' title="bbox 2244 1436 3794 1506; baseline 0.003 -17"><span class='ocrx_word' id='word_1_288' title='bbox 2244 1437 2407 1490; x_wconf 79' lang='lat' dir='ltr'>Lmao</span> <span class='ocrx_word' id='word_1_289' title='bbox 2439 1453 2516 1490; x_wconf 83' lang='lat' dir='ltr'>Ill.</span> <span class='ocrx_word' id='word_1_290' title='bbox 2551 1437 2689 1506; x_wconf 86' lang='lat' dir='ltr'>Cap.</span> <span class='ocrx_word' id='word_1_291' title='bbox 2729 1440 2818 1502; x_wconf 79' lang='grc'>25,</span> <span class='ocrx_word' id='word_1_292' title='bbox 2849 1438 2876 1504; x_wconf 76' lang='lat'>§</span> <span class='ocrx_word' id='word_1_293' title='bbox 2904 1439 2990 1490; x_wconf 91' lang='grc'>30.</span> <span class='ocrx_word' id='word_1_294' title='bbox 3042 1437 3172 1492; x_wconf 85' lang='lat' dir='ltr'>Cum</span> <span class='ocrx_word' id='word_1_295' title='bbox 3217 1451 3309 1504; x_wconf 82' lang='lat' dir='ltr'>ego</span> <span class='ocrx_word' id='word_1_296' title='bbox 3355 1436 3680 1491; x_wconf 83' lang='lat' dir='ltr'>Mediolanum</span> <span class='ocrx_word' id='word_1_297' title='bbox 3703 1446 3794 1493; x_wconf 77' lang='lat' dir='ltr'>ante</span> 
     </span>
    </p>
   </div>
   <div class='ocr_carea' id='block_1_39' title="bbox 2171 1526 3796 1592">
    <p class='ocr_par' dir='ltr' id='par_1_39' title="bbox 2171 1526 3796 1592">
     <span class='ocr_line' id='line_1_39' title="bbox 2171 1526 3796 1592; baseline 0.001 -13"><span class='ocrx_word' id='word_1_298' title='bbox 2171 1527 2465 1579; x_wconf 87' lang='lat' dir='ltr'>Bautonem</span> <span class='ocrx_word' id='word_1_299' title='bbox 2521 1526 2782 1578; x_wconf 84' lang='lat' dir='ltr'>consulem</span> <span class='ocrx_word' id='word_1_300' title='bbox 2833 1526 3086 1591; x_wconf 78' lang='lat' dir='ltr'>uenerim,</span> <span class='ocrx_word' id='word_1_301' title='bbox 3140 1527 3294 1592; x_wconf 85' lang='lat' dir='ltr'>eique</span> <span class='ocrx_word' id='word_1_302' title='bbox 3353 1527 3548 1578; x_wconf 84' lang='lat' dir='ltr'>consuli</span> <span class='ocrx_word' id='word_1_303' title='bbox 3609 1527 3796 1581; x_wconf 77' lang='lat' dir='ltr'>colendis</span> 
     </span>
    </p>
   </div>
   <div class='ocr_carea' id='block_1_40' title="bbox 2170 1612 3797 1684">
    <p class='ocr_par' dir='ltr' id='par_1_40' title="bbox 2170 1612 3797 1684">
     <span class='ocr_line' id='line_1_40' title="bbox 2170 1612 3797 1684; baseline 0.002 -18"><span class='ocrx_word' id='word_1_304' title='bbox 2170 1615 2470 1667; x_wconf 78' lang='lat' dir='ltr'>Junuariis</span> <span class='ocrx_word' id='word_1_305' title='bbox 2513 1612 2747 1679; x_wconf 79' lang='lat' dir='ltr'>tandem,</span> <span class='ocrx_word' id='word_1_306' title='bbox 2796 1629 2900 1681; x_wconf 82' lang='lat' dir='ltr'>pro</span> <span class='ocrx_word' id='word_1_307' title='bbox 2955 1629 3073 1666; x_wconf 88' lang='lat' dir='ltr'>mea</span> <span class='ocrx_word' id='word_1_308' title='bbox 3126 1617 3250 1666; x_wconf 88' lang='lat' dir='ltr'>tunc</span> <span class='ocrx_word' id='word_1_309' title='bbox 3278 1615 3536 1667; x_wconf 83' lang='lat' dir='ltr'>rhetorica</span> <span class='ocrx_word' id='word_1_310' title='bbox 3557 1617 3797 1684; x_wconf 84' lang='lat' dir='ltr'>professio-</span> 
     </span>
    </p>
   </div>
   <div class='ocr_carea' id='block_1_41' title="bbox 2174 1700 3799 1770">
    <p class='ocr_par' dir='ltr' id='par_1_41' title="bbox 2174 1700 3799 1770">
     <span class='ocr_line' id='line_1_41' title="bbox 2174 1700 3799 1770; baseline 0.001 -17"><span class='ocrx_word' id='word_1_311' title='bbox 2174 1716 2259 1768; x_wconf 89' lang='lat' dir='ltr'>ne,</span> <span class='ocrx_word' id='word_1_312' title='bbox 2294 1701 2687 1768; x_wconf 77' lang='lat' dir='ltr'>recitaverim.]</span> <span class='ocrx_word' id='word_1_313' title='bbox 2738 1701 2914 1770; x_wconf 85' lang='lat' dir='ltr'>Hujus</span> <span class='ocrx_word' id='word_1_314' title='bbox 2965 1700 3138 1754; x_wconf 89' lang='lat' dir='ltr'>moris</span> <span class='ocrx_word' id='word_1_315' title='bbox 3181 1700 3403 1770; x_wconf 89' lang='lat' dir='ltr'>publice</span> <span class='ocrx_word' id='word_1_316' title='bbox 3447 1701 3799 1755; x_wconf 86' lang='lat' dir='ltr'>laudandorum</span> 
     </span>
    </p>
   </div>
   <div class='ocr_carea' id='block_1_42' title="bbox 2175 1787 3799 1858">
    <p class='ocr_par' dir='ltr' id='par_1_42' title="bbox 2175 1787 3799 1858">
     <span class='ocr_line' id='line_1_42' title="bbox 2175 1787 3799 1858; baseline 0.001 -18"><span class='ocrx_word' id='word_1_317' title='bbox 2175 1788 2474 1841; x_wconf 88' lang='lat' dir='ltr'>consulum</span> <span class='ocrx_word' id='word_1_318' title='bbox 2497 1787 2743 1841; x_wconf 91' lang='lat' dir='ltr'>calendis</span> <span class='ocrx_word' id='word_1_319' title='bbox 2772 1787 3046 1853; x_wconf 84' lang='lat' dir='ltr'>Januarii,</span> <span class='ocrx_word' id='word_1_320' title='bbox 3082 1787 3294 1858; x_wconf 86' lang='lat' dir='ltr'>quibus</span> <span class='ocrx_word' id='word_1_321' title='bbox 3323 1788 3688 1858; x_wconf 82' lang='lat' dir='ltr'>magistratum</span> <span class='ocrx_word' id='word_1_322' title='bbox 3720 1790 3799 1842; x_wconf 87' lang='lat' dir='ltr'>ini-</span> 
     </span>
    </p>
   </div>
   <div class='ocr_carea' id='block_1_43' title="bbox 2175 1875 3800 1946">
    <p class='ocr_par' dir='ltr' id='par_1_43' title="bbox 2175 1875 3800 1946">
     <span class='ocr_line' id='line_1_43' title="bbox 2175 1875 3800 1946; baseline -0.001 -16"><span class='ocrx_word' id='word_1_323' title='bbox 2175 1877 2332 1942; x_wconf 87' lang='lat' dir='ltr'>bant,</span> <span class='ocrx_word' id='word_1_324' title='bbox 2365 1879 2538 1929; x_wconf 88' lang='lat' dir='ltr'>testes</span> <span class='ocrx_word' id='word_1_325' title='bbox 2567 1880 2700 1928; x_wconf 90' lang='lat' dir='ltr'>sunt</span> <span class='ocrx_word' id='word_1_326' title='bbox 2729 1875 3061 1946; x_wconf 82' lang='lat' dir='ltr'>Panegyrici</span> <span class='ocrx_word' id='word_1_327' title='bbox 3091 1876 3438 1936; x_wconf 87' lang='lat' dir='ltr'>consulares,</span> <span class='ocrx_word' id='word_1_328' title='bbox 3471 1881 3687 1946; x_wconf 89' lang='lat' dir='ltr'>utraque</span> <span class='ocrx_word' id='word_1_329' title='bbox 3721 1877 3800 1930; x_wconf 89' lang='lat' dir='ltr'>lin-</span> 
     </span>
    </p>
   </div>
   <div class='ocr_carea' id='block_1_44' title="bbox 2177 1964 3802 2033">
    <p class='ocr_par' dir='ltr' id='par_1_44' title="bbox 2177 1964 3802 2033">
     <span class='ocr_line' id='line_1_44' title="bbox 2177 1964 3802 2033; baseline -0.001 -17"><span class='ocrx_word' id='word_1_330' title='bbox 2177 1981 2310 2033; x_wconf 89' lang='lat' dir='ltr'>gua,</span> <span class='ocrx_word' id='word_1_331' title='bbox 2361 1970 2486 2018; x_wconf 91' lang='lat' dir='ltr'>tum</span> <span class='ocrx_word' id='word_1_332' title='bbox 2535 1980 2722 2031; x_wconf 89' lang='lat' dir='ltr'>versu,</span> <span class='ocrx_word' id='word_1_333' title='bbox 2757 1970 2881 2018; x_wconf 90' lang='lat' dir='ltr'>tum</span> <span class='ocrx_word' id='word_1_334' title='bbox 2915 1966 3099 2018; x_wconf 86' lang='lat' dir='ltr'>soluta</span> <span class='ocrx_word' id='word_1_335' title='bbox 3123 1965 3376 2018; x_wconf 90' lang='lat' dir='ltr'>oratione</span> <span class='ocrx_word' id='word_1_336' title='bbox 3407 1964 3536 2018; x_wconf 84' lang='lat' dir='ltr'>dicti</span> <span class='ocrx_word' id='word_1_337' title='bbox 3563 1980 3593 2016; x_wconf 93' lang='lat' dir='ltr'>a</span> <span class='ocrx_word' id='word_1_338' title='bbox 3619 1965 3802 2018; x_wconf 78' lang='lat' dir='ltr'>Mamer-</span> 
     </span>
    </p>
   </div>
   <div class='ocr_carea' id='block_1_45' title="bbox 2174 2052 3803 2120">
    <p class='ocr_par' dir='ltr' id='par_1_45' title="bbox 2174 2052 3803 2120">
     <span class='ocr_line' id='line_1_45' title="bbox 2174 2052 3803 2120; baseline -0.003 -14"><span class='ocrx_word' id='word_1_339' title='bbox 2174 2053 2319 2120; x_wconf 87' lang='lat' dir='ltr'>tino,</span> <span class='ocrx_word' id='word_1_340' title='bbox 2375 2052 2630 2113; x_wconf 88' lang='lat' dir='ltr'>Libanio,</span> <span class='ocrx_word' id='word_1_341' title='bbox 2676 2053 3008 2117; x_wconf 89' lang='lat' dir='ltr'>Themistio,</span> <span class='ocrx_word' id='word_1_342' title='bbox 3057 2052 3395 2118; x_wconf 89' lang='lat' dir='ltr'>Claudiano,</span> <span class='ocrx_word' id='word_1_343' title='bbox 3434 2052 3665 2106; x_wconf 91' lang='lat' dir='ltr'>Sidonio.</span> <span class='ocrx_word' id='word_1_344' title='bbox 3712 2053 3803 2105; x_wconf 77' lang='lat' dir='ltr'>Ila-c</span> 
     </span>
    </p>
   </div>
   <div class='ocr_carea' id='block_1_46' title="bbox 2174 2141 3805 2211">
    <p class='ocr_par' dir='ltr' id='par_1_46' title="bbox 2174 2141 3805 2211">
     <span class='ocr_line' id='line_1_46' title="bbox 2174 2141 3805 2211; baseline -0.001 -17"><span class='ocrx_word' id='word_1_345' title='bbox 2174 2141 2464 2195; x_wconf 89' lang='lat' dir='ltr'>adnotavit</span> <span class='ocrx_word' id='word_1_346' title='bbox 2508 2142 2622 2195; x_wconf 81' lang='lat' dir='ltr'>Jac.</span> <span class='ocrx_word' id='word_1_347' title='bbox 2674 2141 3030 2207; x_wconf 88' lang='lat' dir='ltr'>Sirmondus,</span> <span class='ocrx_word' id='word_1_348' title='bbox 3081 2141 3328 2196; x_wconf 89' lang='lat' dir='ltr'>adducto</span> <span class='ocrx_word' id='word_1_349' title='bbox 3375 2145 3560 2211; x_wconf 89' lang='lat' dir='ltr'>postea</span> <span class='ocrx_word' id='word_1_350' title='bbox 3598 2142 3705 2194; x_wconf 93' lang='lat' dir='ltr'>loco</span> <span class='ocrx_word' id='word_1_351' title='bbox 3730 2141 3805 2194; x_wconf 87' lang='lat' dir='ltr'>hcc</span> 
     </span>
    </p>
   </div>
   <div class='ocr_carea' id='block_1_47' title="bbox 2174 2226 3806 2299">
    <p class='ocr_par' dir='ltr' id='par_1_47' title="bbox 2174 2226 3806 2299">
     <span class='ocr_line' id='line_1_47' title="bbox 2174 2226 3806 2299; baseline -0.002 -19"><span class='ocrx_word' id='word_1_352' title='bbox 2174 2228 2499 2299; x_wconf 80' lang='lat' dir='ltr'>Augustini,</span> <span class='ocrx_word' id='word_1_353' title='bbox 2532 2228 2602 2281; x_wconf 91' lang='lat' dir='ltr'>ad</span> <span class='ocrx_word' id='word_1_354' title='bbox 2652 2227 2828 2298; x_wconf 89' lang='lat' dir='ltr'>Epist.</span> <span class='ocrx_word' id='word_1_355' title='bbox 2862 2227 3081 2281; x_wconf 92' lang='lat' dir='ltr'>Sidonii</span> <span class='ocrx_word' id='word_1_356' title='bbox 3114 2227 3214 2281; x_wconf 88' lang='lat' dir='ltr'>lib.</span> <span class='ocrx_word' id='word_1_357' title='bbox 3250 2244 3366 2293; x_wconf 85' lang='lat' dir='ltr'>vui,</span> <span class='ocrx_word' id='word_1_358' title='bbox 3398 2226 3552 2298; x_wconf 91' lang='lat' dir='ltr'>epist.</span> <span class='ocrx_word' id='word_1_359' title='bbox 3581 2230 3628 2292; x_wconf 87' lang='lat'>6,</span> <span class='ocrx_word' id='word_1_360' title='bbox 3654 2226 3729 2279; x_wconf 89' lang='lat' dir='ltr'>ubi</span> <span class='ocrx_word' id='word_1_361' title='bbox 3750 2227 3806 2279; x_wconf 78' lang='lat' dir='ltr'>Si-</span> 
     </span>
    </p>
   </div>
   <div class='ocr_carea' id='block_1_48' title="bbox 2176 2316 3105 2385">
    <p class='ocr_par' dir='ltr' id='par_1_48' title="bbox 2176 2316 3105 2385">
     <span class='ocr_line' id='line_1_48' title="bbox 2176 2316 3105 2385; baseline -0.001 -15"><span class='ocrx_word' id='word_1_362' title='bbox 2176 2317 2383 2371; x_wconf 89' lang='lat' dir='ltr'>donius</span> <span class='ocrx_word' id='word_1_363' title='bbox 2413 2316 2589 2370; x_wconf 90' lang='lat' dir='ltr'>moris</span> <span class='ocrx_word' id='word_1_364' title='bbox 2617 2317 2788 2385; x_wconf 83' lang='lat' dir='ltr'>hujus</span> <span class='ocrx_word' id='word_1_365' title='bbox 2820 2316 3105 2370; x_wconf 90' lang='lat' dir='ltr'>meminit.</span> 
     </span>
    </p>
   </div>
   <div class='ocr_carea' id='block_1_49' title="bbox 1595 2632 2696 2703">
    <p class='ocr_par' dir='ltr' id='par_1_49' title="bbox 1595 2632 2696 2703">
     <span class='ocr_line' id='line_1_49' title="bbox 1595 2632 2696 2703; baseline -0.002 -2"><span class='ocrx_word' id='word_1_366' title='bbox 1595 2637 1689 2702; x_wconf 88' lang='lat' dir='ltr'>IN</span> <span class='ocrx_word' id='word_1_367' title='bbox 1778 2635 2124 2703; x_wconf 85' lang='lat' dir='ltr'><strong>TOMUM</strong></span> <span class='ocrx_word' id='word_1_368' title='bbox 2203 2632 2696 2702; x_wconf 86' lang='lat' dir='ltr'>DECIMUM.</span> 
     </span>
    </p>
   </div>
   <div class='ocr_carea' id='block_1_50' title="bbox 1969 2771 2282 2783">
    <p class='ocr_par' dir='ltr' id='par_1_50' title="bbox 1969 2771 2282 2783">
     <span class='ocr_line' id='line_1_50' title="bbox 1969 2771 2282 2783; baseline -0.003 0"><span class='ocrx_word' id='word_1_369' title='bbox 1969 2771 2282 2783; x_wconf 66' lang='lat'>——__—-‘</span> 
     </span>
    </p>
   </div>
   <div class='ocr_carea' id='block_1_51' title="bbox 647 2855 1784 2911">
    <p class='ocr_par' dir='ltr' id='par_1_51' title="bbox 647 2855 1784 2911">
     <span class='ocr_line' id='line_1_51' title="bbox 647 2855 1784 2911; baseline -0.001 -1"><span class='ocrx_word' id='word_1_370' title='bbox 647 2856 954 2911; x_wconf 77' lang='lat' dir='ltr'>JOANNES</span> <span class='ocrx_word' id='word_1_371' title='bbox 981 2855 1439 2911; x_wconf 70' lang='lat' dir='ltr'>PHEREPONUS</span> <span class='ocrx_word' id='word_1_372' title='bbox 1468 2856 1784 2911; x_wconf 77' lang='lat' dir='ltr'>LECTORI.</span> 
     </span>
    </p>
   </div>
   <div class='ocr_carea' id='block_1_52' title="bbox 439 2944 2065 3015">
    <p class='ocr_par' dir='ltr' id='par_1_52' title="bbox 439 2944 2065 3015">
     <span class='ocr_line' id='line_1_52' title="bbox 439 2944 2065 3015; baseline 0.001 -17"><span class='ocrx_word' id='word_1_373' title='bbox 439 2945 611 2999; x_wconf 88' lang='lat' dir='ltr'>Multa</span> <span class='ocrx_word' id='word_1_374' title='bbox 642 2945 701 2998; x_wconf 92' lang='lat' dir='ltr'>in</span> <span class='ocrx_word' id='word_1_375' title='bbox 727 2947 880 2999; x_wconf 87' lang='lat' dir='ltr'>hunc</span> <span class='ocrx_word' id='word_1_376' title='bbox 911 2946 1180 2999; x_wconf 91' lang='lat' dir='ltr'>ultimum</span> <span class='ocrx_word' id='word_1_377' title='bbox 1210 2944 1509 3015; x_wconf 84' lang='lat' dir='ltr'>Augustini</span> <span class='ocrx_word' id='word_1_378' title='bbox 1543 2950 1763 2999; x_wconf 87' lang='lat' dir='ltr'>tomum</span> <span class='ocrx_word' id='word_1_379' title='bbox 1794 2945 2065 2999; x_wconf 88' lang='lat' dir='ltr'>adnotare</span> 
     </span>
    </p>
   </div>
   <div class='ocr_carea' id='block_1_53' title="bbox 367 3032 2066 3103">
    <p class='ocr_par' dir='ltr' id='par_1_53' title="bbox 367 3032 2066 3103">
     <span class='ocr_line' id='line_1_53' title="bbox 367 3032 2066 3103; baseline 0 -17"><span class='ocrx_word' id='word_1_380' title='bbox 367 3032 532 3086; x_wconf 85' lang='lat' dir='ltr'>facile</span> <span class='ocrx_word' id='word_1_381' title='bbox 569 3033 972 3103; x_wconf 89' lang='lat' dir='ltr'>potuissemus,</span> <span class='ocrx_word' id='word_1_382' title='bbox 1002 3034 1097 3087; x_wconf 91' lang='lat' dir='ltr'>sed</span> <span class='ocrx_word' id='word_1_383' title='bbox 1127 3034 1239 3086; x_wconf 89' lang='lat' dir='ltr'>duo</span> <span class='ocrx_word' id='word_1_384' title='bbox 1271 3038 1370 3087; x_wconf 89' lang='lat' dir='ltr'>aut</span> <span class='ocrx_word' id='word_1_385' title='bbox 1398 3032 1508 3086; x_wconf 89' lang='lat' dir='ltr'>tria</span> <span class='ocrx_word' id='word_1_386' title='bbox 1537 3033 1880 3086; x_wconf 88' lang='lat' dir='ltr'>obstiterunt</span> <span class='ocrx_word' id='word_1_387' title='bbox 1909 3049 1979 3086; x_wconf 91' lang='lat' dir='ltr'>ne</span> <span class='ocrx_word' id='word_1_388' title='bbox 2007 3033 2066 3086; x_wconf 90' lang='lat' dir='ltr'>id</span> 
     </span>
    </p>
   </div>
   <div class='ocr_carea' id='block_1_54' title="bbox 368 3121 2063 3192">
    <p class='ocr_par' dir='ltr' id='par_1_54' title="bbox 368 3121 2063 3192">
     <span class='ocr_line' id='line_1_54' title="bbox 368 3121 2063 3192; baseline 0.001 -18"><span class='ocrx_word' id='word_1_389' title='bbox 368 3126 793 3190; x_wconf 68' lang='lat' dir='ltr'>prmstaremus,</span> <span class='ocrx_word' id='word_1_390' title='bbox 828 3139 956 3192; x_wconf 65' lang='lat' dir='ltr'>qua:</span> <span class='ocrx_word' id='word_1_391' title='bbox 986 3127 1062 3188; x_wconf 88' lang='lat' dir='ltr'>te,</span> <span class='ocrx_word' id='word_1_392' title='bbox 1097 3122 1291 3188; x_wconf 90' lang='lat' dir='ltr'>lector,</span> <span class='ocrx_word' id='word_1_393' title='bbox 1324 3121 1533 3174; x_wconf 87' lang='lat' dir='ltr'>rescire</span> <span class='ocrx_word' id='word_1_394' title='bbox 1560 3127 1756 3175; x_wconf 91' lang='lat' dir='ltr'>nostra</span> <span class='ocrx_word' id='word_1_395' title='bbox 1794 3121 2063 3176; x_wconf 88' lang='lat' dir='ltr'>nonnihil</span> 
     </span>
    </p>
   </div>
   <div class='ocr_carea' id='block_1_55' title="bbox 371 3209 2065 3282">
    <p class='ocr_par' dir='ltr' id='par_1_55' title="bbox 371 3209 2065 3282">
     <span class='ocr_line' id='line_1_55' title="bbox 371 3209 2065 3282; baseline 0.002 -22"><span class='ocrx_word' id='word_1_396' title='bbox 371 3209 630 3263; x_wconf 88' lang='lat' dir='ltr'>interest.</span> <span class='ocrx_word' id='word_1_397' title='bbox 663 3209 920 3262; x_wconf 89' lang='lat' dir='ltr'>Primum</span> <span class='ocrx_word' id='word_1_398' title='bbox 953 3214 1036 3262; x_wconf 89' lang='lat' dir='ltr'>est</span> <span class='ocrx_word' id='word_1_399' title='bbox 1065 3209 1352 3264; x_wconf 82' lang='lat' dir='ltr'>festinatio</span> <span class='ocrx_word' id='word_1_400' title='bbox 1390 3211 1903 3281; x_wconf 86' lang='lat' dir='ltr'>typographorum,</span> <span class='ocrx_word' id='word_1_401' title='bbox 1941 3211 2065 3282; x_wconf 83' lang='lat' dir='ltr'>qui-</span> 
     </span>
    </p>
   </div>
   <div class='ocr_carea' id='block_1_56' title="bbox 369 3297 2058 3368">
    <p class='ocr_par' dir='ltr' id='par_1_56' title="bbox 369 3297 2058 3368">
     <span class='ocr_line' id='line_1_56' title="bbox 369 3297 2058 3368; baseline 0.001 -18"><span class='ocrx_word' id='word_1_402' title='bbox 369 3297 495 3356; x_wconf 90' lang='lat' dir='ltr'>bus,</span> <span class='ocrx_word' id='word_1_403' title='bbox 525 3297 739 3350; x_wconf 90' lang='lat' dir='ltr'>dudum</span> <span class='ocrx_word' id='word_1_404' title='bbox 772 3297 922 3351; x_wconf 93' lang='lat' dir='ltr'>edito</span> <span class='ocrx_word' id='word_1_405' title='bbox 957 3298 1179 3368; x_wconf 90' lang='lat' dir='ltr'>integro</span> <span class='ocrx_word' id='word_1_406' title='bbox 1202 3299 1522 3368; x_wconf 86' lang='lat' dir='ltr'>Augustino</span> <span class='ocrx_word' id='word_1_407' title='bbox 1547 3315 1661 3352; x_wconf 88' lang='lat' dir='ltr'>una</span> <span class='ocrx_word' id='word_1_408' title='bbox 1691 3314 1820 3352; x_wconf 90' lang='lat' dir='ltr'>cum</span> <span class='ocrx_word' id='word_1_409' title='bbox 1853 3299 2058 3366; x_wconf 91' lang='lat' dir='ltr'>indice,</span> 
     </span>
    </p>
   </div>
   <div class='ocr_carea' id='block_1_57' title="bbox 367 3385 2063 3455">
    <p class='ocr_par' dir='ltr' id='par_1_57' title="bbox 367 3385 2063 3455">
     <span class='ocr_line' id='line_1_57' title="bbox 367 3385 2063 3455; baseline 0.002 -18"><span class='ocrx_word' id='word_1_410' title='bbox 367 3385 604 3455; x_wconf 89' lang='lat' dir='ltr'>longum</span> <span class='ocrx_word' id='word_1_411' title='bbox 634 3385 934 3439; x_wconf 86' lang='lat' dir='ltr'>videbatur</span> <span class='ocrx_word' id='word_1_412' title='bbox 954 3392 1280 3455; x_wconf 90' lang='lat' dir='ltr'>exspectare</span> <span class='ocrx_word' id='word_1_413' title='bbox 1309 3386 1526 3441; x_wconf 91' lang='lat' dir='ltr'>diutius</span> <span class='ocrx_word' id='word_1_414' title='bbox 1542 3387 2063 3441; x_wconf 85' lang='lat' dir='ltr'>animadversiones</span> 
     </span>
    </p>
   </div>
   <div class='ocr_carea' id='block_1_58' title="bbox 369 3475 2062 3545">
    <p class='ocr_par' dir='ltr' id='par_1_58' title="bbox 369 3475 2062 3545">
     <span class='ocr_line' id='line_1_58' title="bbox 369 3475 2062 3545; baseline 0.002 -19"><span class='ocrx_word' id='word_1_415' title='bbox 369 3479 611 3541; x_wconf 84' lang='lat' dir='ltr'>nostras,</span> <span class='ocrx_word' id='word_1_416' title='bbox 665 3490 806 3545; x_wconf 89' lang='lat' dir='ltr'>quas</span> <span class='ocrx_word' id='word_1_417' title='bbox 850 3479 968 3528; x_wconf 88' lang='lat' dir='ltr'>tam</span> <span class='ocrx_word' id='word_1_418' title='bbox 1022 3475 1134 3529; x_wconf 90' lang='lat' dir='ltr'>cito</span> <span class='ocrx_word' id='word_1_419' title='bbox 1187 3476 1457 3529; x_wconf 89' lang='lat' dir='ltr'>adornari</span> <span class='ocrx_word' id='word_1_420' title='bbox 1504 3475 1630 3529; x_wconf 75' lang='lat' dir='ltr'>aliae</span> <span class='ocrx_word' id='word_1_421' title='bbox 1661 3476 2062 3545; x_wconf 90' lang='lat' dir='ltr'>occupationes</span> 
     </span>
    </p>
   </div>
   <div class='ocr_carea' id='block_1_59' title="bbox 366 3561 2065 3633">
    <p class='ocr_par' dir='ltr' id='par_1_59' title="bbox 366 3561 2065 3633">
     <span class='ocr_line' id='line_1_59' title="bbox 366 3561 2065 3633; baseline 0.002 -19"><span class='ocrx_word' id='word_1_422' title='bbox 366 3577 485 3614; x_wconf 93' lang='lat' dir='ltr'>non</span> <span class='ocrx_word' id='word_1_423' title='bbox 517 3561 902 3631; x_wconf 89' lang='lat' dir='ltr'>patiebantur.</span> <span class='ocrx_word' id='word_1_424' title='bbox 937 3561 1215 3626; x_wconf 87' lang='lat' dir='ltr'>Alterum,</span> <span class='ocrx_word' id='word_1_425' title='bbox 1249 3562 1404 3631; x_wconf 90' lang='lat' dir='ltr'>quod</span> <span class='ocrx_word' id='word_1_426' title='bbox 1435 3578 1621 3633; x_wconf 91' lang='lat' dir='ltr'>neque</span> <span class='ocrx_word' id='word_1_427' title='bbox 1668 3579 1897 3616; x_wconf 89' lang='lat' dir='ltr'>necesse</span> <span class='ocrx_word' id='word_1_428' title='bbox 1944 3568 2065 3617; x_wconf 88' lang='lat' dir='ltr'>erat</span> 
     </span>
    </p>
   </div>
   <div class='ocr_carea' id='block_1_60' title="bbox 365 3649 2063 3723">
    <p class='ocr_par' dir='ltr' id='par_1_60' title="bbox 365 3649 2063 3723">
     <span class='ocr_line' id='line_1_60' title="bbox 365 3649 2063 3723; baseline 0.003 -22"><span class='ocrx_word' id='word_1_429' title='bbox 365 3649 682 3720; x_wconf 88' lang='lat' dir='ltr'>quidquam</span> <span class='ocrx_word' id='word_1_430' title='bbox 711 3649 803 3702; x_wconf 90' lang='lat' dir='ltr'>hic</span> <span class='ocrx_word' id='word_1_431' title='bbox 837 3666 866 3702; x_wconf 89' lang='lat' dir='ltr'>a</span> <span class='ocrx_word' id='word_1_432' title='bbox 897 3649 1062 3703; x_wconf 91' lang='lat' dir='ltr'>nobis</span> <span class='ocrx_word' id='word_1_433' title='bbox 1093 3649 1225 3714; x_wconf 90' lang='lat' dir='ltr'>dici,</span> <span class='ocrx_word' id='word_1_434' title='bbox 1261 3655 1358 3704; x_wconf 93' lang='lat' dir='ltr'>aut</span> <span class='ocrx_word' id='word_1_435' title='bbox 1375 3651 1638 3720; x_wconf 89' lang='lat' dir='ltr'>pluribus</span> <span class='ocrx_word' id='word_1_436' title='bbox 1659 3652 1851 3706; x_wconf 91' lang='lat' dir='ltr'>diduci</span> <span class='ocrx_word' id='word_1_437' title='bbox 1879 3669 1892 3718; x_wconf 92' lang='lat'>;</span> <span class='ocrx_word' id='word_1_438' title='bbox 1927 3653 2063 3723; x_wconf 92' lang='lat' dir='ltr'>quia</span> 
     </span>
    </p>
   </div>
   <div class='ocr_carea' id='block_1_61' title="bbox 366 3737 2061 3811">
    <p class='ocr_par' dir='ltr' id='par_1_61' title="bbox 366 3737 2061 3811">
     <span class='ocr_line' id='line_1_61' title="bbox 366 3737 2061 3811; baseline 0.003 -21"><span class='ocrx_word' id='word_1_439' title='bbox 366 3737 426 3790; x_wconf 92' lang='lat' dir='ltr'>in</span> <span class='ocrx_word' id='word_1_440' title='bbox 456 3737 609 3790; x_wconf 91' lang='lat' dir='ltr'>hisce</span> <span class='ocrx_word' id='word_1_441' title='bbox 658 3737 1188 3793; x_wconf 86' lang='lat' dir='ltr'>ratiocinationibus</span> <span class='ocrx_word' id='word_1_442' title='bbox 1232 3739 1612 3810; x_wconf 86' lang='lat' dir='ltr'>Hipponensis</span> <span class='ocrx_word' id='word_1_443' title='bbox 1643 3741 1898 3811; x_wconf 87' lang='lat' dir='ltr'>episcopi</span> <span class='ocrx_word' id='word_1_444' title='bbox 1928 3757 2061 3795; x_wconf 88' lang='lat' dir='ltr'>con-</span> 
     </span>
    </p>
   </div>
   <div class='ocr_carea' id='block_1_62' title="bbox 364 3825 2059 3898">
    <p class='ocr_par' dir='ltr' id='par_1_62' title="bbox 364 3825 2059 3898">
     <span class='ocr_line' id='line_1_62' title="bbox 364 3825 2059 3898; baseline 0.005 -22"><span class='ocrx_word' id='word_1_445' title='bbox 364 3829 452 3878; x_wconf 90' lang='lat' dir='ltr'>tra</span> <span class='ocrx_word' id='word_1_446' title='bbox 483 3825 834 3895; x_wconf 88' lang='lat' dir='ltr'>Pelagianos,</span> <span class='ocrx_word' id='word_1_447' title='bbox 869 3826 1190 3881; x_wconf 78' lang='lat' dir='ltr'>innumerae</span> <span class='ocrx_word' id='word_1_448' title='bbox 1223 3833 1356 3882; x_wconf 90' lang='lat' dir='ltr'>sunt</span> <span class='ocrx_word' id='word_1_449' title='bbox 1395 3829 1782 3898; x_wconf 88' lang='lat' dir='ltr'>repetitiones,</span> <span class='ocrx_word' id='word_1_450' title='bbox 1833 3846 1955 3896; x_wconf 90' lang='lat' dir='ltr'>nec,</span> <span class='ocrx_word' id='word_1_451' title='bbox 1989 3831 2059 3884; x_wconf 89' lang='lat' dir='ltr'>ad</span> 
     </span>
    </p>
   </div>
   <div class='ocr_carea' id='block_1_63' title="bbox 365 3916 2061 3987">
    <p class='ocr_par' dir='ltr' id='par_1_63' title="bbox 365 3916 2061 3987">
     <span class='ocr_line' id='line_1_63' title="bbox 365 3916 2061 3987; baseline 0.004 -21"><span class='ocrx_word' id='word_1_452' title='bbox 365 3930 650 3968; x_wconf 88' lang='lat' dir='ltr'>summam</span> <span class='ocrx_word' id='word_1_453' title='bbox 677 3931 869 3969; x_wconf 88' lang='lat' dir='ltr'>rerum</span> <span class='ocrx_word' id='word_1_454' title='bbox 898 3917 1048 3985; x_wconf 93' lang='lat' dir='ltr'>quod</span> <span class='ocrx_word' id='word_1_455' title='bbox 1069 3916 1293 3981; x_wconf 89' lang='lat' dir='ltr'>attinet,</span> <span class='ocrx_word' id='word_1_456' title='bbox 1319 3917 1634 3987; x_wconf 90' lang='lat' dir='ltr'>quidquam</span> <span class='ocrx_word' id='word_1_457' title='bbox 1663 3919 1795 3973; x_wconf 81' lang='lat' dir='ltr'>novi</span> <span class='ocrx_word' id='word_1_458' title='bbox 1816 3920 2061 3973; x_wconf 90' lang='lat' dir='ltr'>occurrit</span> 
     </span>
    </p>
   </div>
   <div class='ocr_carea' id='block_1_64' title="bbox 361 4003 2059 4076">
    <p class='ocr_par' dir='ltr' id='par_1_64' title="bbox 361 4003 2059 4076">
     <span class='ocr_line' id='line_1_64' title="bbox 361 4003 2059 4076; baseline 0.003 -24"><span class='ocrx_word' id='word_1_459' title='bbox 361 4006 572 4069; x_wconf 75' lang='lat' dir='ltr'>praeter</span> <span class='ocrx_word' id='word_1_460' title='bbox 601 4018 667 4055; x_wconf 90' lang='lat' dir='ltr'>ea</span> <span class='ocrx_word' id='word_1_461' title='bbox 697 4018 824 4072; x_wconf 66' lang='lat' dir='ltr'>qum</span> <span class='ocrx_word' id='word_1_462' title='bbox 855 4003 1002 4055; x_wconf 89' lang='lat' dir='ltr'>dicta</span> <span class='ocrx_word' id='word_1_463' title='bbox 1033 4007 1192 4057; x_wconf 87' lang='lat' dir='ltr'>erant</span> <span class='ocrx_word' id='word_1_464' title='bbox 1227 4003 1332 4056; x_wconf 91' lang='lat' dir='ltr'>hac</span> <span class='ocrx_word' id='word_1_465' title='bbox 1362 4005 1430 4058; x_wconf 89' lang='lat' dir='ltr'>de</span> <span class='ocrx_word' id='word_1_466' title='bbox 1463 4021 1524 4058; x_wconf 92' lang='lat' dir='ltr'>re</span> <span class='ocrx_word' id='word_1_467' title='bbox 1555 4004 1613 4058; x_wconf 93' lang='lat' dir='ltr'>in</span> <span class='ocrx_word' id='word_1_468' title='bbox 1656 4004 1936 4076; x_wconf 86' lang='lat' dir='ltr'>Epistolis,</span> <span class='ocrx_word' id='word_1_469' title='bbox 1987 4005 2059 4057; x_wconf 90' lang='lat' dir='ltr'>ad</span> 
     </span>
    </p>
   </div>
   <div class='ocr_carea' id='block_1_65' title="bbox 363 4089 2064 4160">
    <p class='ocr_par' dir='ltr' id='par_1_65' title="bbox 363 4089 2064 4160">
     <span class='ocr_line' id='line_1_65' title="bbox 363 4089 2064 4160; baseline 0.003 -19"><span class='ocrx_word' id='word_1_470' title='bbox 363 4105 504 4158; x_wconf 82' lang='lat' dir='ltr'>quas</span> <span class='ocrx_word' id='word_1_471' title='bbox 551 4105 680 4159; x_wconf 80' lang='lat' dir='ltr'>quae</span> <span class='ocrx_word' id='word_1_472' title='bbox 729 4089 909 4143; x_wconf 89' lang='lat' dir='ltr'>visum</span> <span class='ocrx_word' id='word_1_473' title='bbox 958 4090 1065 4143; x_wconf 87' lang='lat' dir='ltr'>fuit</span> <span class='ocrx_word' id='word_1_474' title='bbox 1101 4092 1221 4160; x_wconf 90' lang='lat' dir='ltr'>jam</span> <span class='ocrx_word' id='word_1_475' title='bbox 1278 4091 1690 4147; x_wconf 87' lang='lat' dir='ltr'>adnotavimus.</span> <span class='ocrx_word' id='word_1_476' title='bbox 1755 4094 1896 4147; x_wconf 88' lang='lat' dir='ltr'>Nam</span> <span class='ocrx_word' id='word_1_477' title='bbox 1944 4098 2064 4146; x_wconf 73' lang='lat' dir='ltr'>tota</span> 
     </span>
    </p>
   </div>
   <div class='ocr_carea' id='block_1_66' title="bbox 361 4177 2061 4248">
    <p class='ocr_par' dir='ltr' id='par_1_66' title="bbox 361 4177 2061 4248">
     <span class='ocr_line' id='line_1_66' title="bbox 361 4177 2061 4248; baseline 0.002 -18"><span class='ocrx_word' id='word_1_478' title='bbox 361 4177 764 4242; x_wconf 89' lang='lat' dir='ltr'>controversia,</span> <span class='ocrx_word' id='word_1_479' title='bbox 812 4177 858 4230; x_wconf 91' lang='lat' dir='ltr'>si</span> <span class='ocrx_word' id='word_1_480' title='bbox 903 4177 1082 4248; x_wconf 90' lang='lat' dir='ltr'>probe</span> <span class='ocrx_word' id='word_1_481' title='bbox 1130 4179 1572 4248; x_wconf 85' lang='lat' dir='ltr'>introspiciatur,</span> <span class='ocrx_word' id='word_1_482' title='bbox 1617 4181 1855 4235; x_wconf 90' lang='lat' dir='ltr'>vertitur</span> <span class='ocrx_word' id='word_1_483' title='bbox 1879 4181 1939 4234; x_wconf 91' lang='lat' dir='ltr'>in</span> <span class='ocrx_word' id='word_1_484' title='bbox 1970 4198 2061 4234; x_wconf 87' lang='lat' dir='ltr'>ex-</span> 
     </span>
    </p>
   </div>
   <div class='ocr_carea' id='block_1_67' title="bbox 360 4263 2057 4339">
    <p class='ocr_par' dir='ltr' id='par_1_67' title="bbox 360 4263 2057 4339">
     <span class='ocr_line' id='line_1_67' title="bbox 360 4263 2057 4339; baseline 0.002 -21"><span class='ocrx_word' id='word_1_485' title='bbox 360 4263 668 4333; x_wconf 91' lang='lat' dir='ltr'>plicatione</span> <span class='ocrx_word' id='word_1_486' title='bbox 699 4267 1080 4335; x_wconf 90' lang='lat' dir='ltr'>quorumdam</span> <span class='ocrx_word' id='word_1_487' title='bbox 1102 4266 1408 4336; x_wconf 71' lang='lat' dir='ltr'>Scripturm</span> <span class='ocrx_word' id='word_1_488' title='bbox 1440 4269 1716 4334; x_wconf 90' lang='lat' dir='ltr'>locorum,</span> <span class='ocrx_word' id='word_1_489' title='bbox 1751 4269 1819 4323; x_wconf 92' lang='lat' dir='ltr'>de</span> <span class='ocrx_word' id='word_1_490' title='bbox 1850 4269 2057 4339; x_wconf 87' lang='lat' dir='ltr'>quibus</span> 
     </span>
    </p>
   </div>
   <div class='ocr_carea' id='block_1_68' title="bbox 356 4353 2055 4427">
    <p class='ocr_par' dir='ltr' id='par_1_68' title="bbox 356 4353 2055 4427">
     <span class='ocr_line' id='line_1_68' title="bbox 356 4353 2055 4427; baseline 0.004 -22"><span class='ocrx_word' id='word_1_491' title='bbox 356 4353 479 4422; x_wconf 86' lang='lat' dir='ltr'>jam</span> <span class='ocrx_word' id='word_1_492' title='bbox 509 4353 850 4407; x_wconf 86' lang='lat' dir='ltr'>dixeramus.</span> <span class='ocrx_word' id='word_1_493' title='bbox 890 4355 1005 4406; x_wconf 89' lang='lat' dir='ltr'>Huc</span> <span class='ocrx_word' id='word_1_494' title='bbox 1035 4355 1339 4408; x_wconf 88' lang='lat' dir='ltr'>accedebat</span> <span class='ocrx_word' id='word_1_495' title='bbox 1376 4357 1530 4425; x_wconf 91' lang='lat' dir='ltr'>quod</span> <span class='ocrx_word' id='word_1_496' title='bbox 1562 4373 1665 4409; x_wconf 89' lang='lat' dir='ltr'>nos</span> <span class='ocrx_word' id='word_1_497' title='bbox 1694 4373 1922 4427; x_wconf 90' lang='lat' dir='ltr'>quoque</span> <span class='ocrx_word' id='word_1_498' title='bbox 1953 4358 2055 4410; x_wconf 88' lang='lat' dir='ltr'>ha-</span> 
     </span>
    </p>
   </div>
   <div class='ocr_carea' id='block_1_69' title="bbox 363 4439 2054 4512">
    <p class='ocr_par' dir='ltr' id='par_1_69' title="bbox 363 4439 2054 4512">
     <span class='ocr_line' id='line_1_69' title="bbox 363 4439 2054 4512; baseline 0.005 -22"><span class='ocrx_word' id='word_1_499' title='bbox 363 4455 491 4492; x_wconf 86' lang='lat' dir='ltr'>rum</span> <span class='ocrx_word' id='word_1_500' title='bbox 516 4439 772 4494; x_wconf 85' lang='lat' dir='ltr'>rixarum</span> <span class='ocrx_word' id='word_1_501' title='bbox 802 4446 1027 4495; x_wconf 89' lang='lat' dir='ltr'>tantum</span> <span class='ocrx_word' id='word_1_502' title='bbox 1056 4443 1290 4496; x_wconf 88' lang='lat' dir='ltr'>tandem</span> <span class='ocrx_word' id='word_1_503' title='bbox 1321 4443 1560 4512; x_wconf 89' lang='lat' dir='ltr'>cepisset</span> <span class='ocrx_word' id='word_1_504' title='bbox 1587 4443 1842 4509; x_wconf 59' lang='lat' dir='ltr'>taedium,</span> <span class='ocrx_word' id='word_1_505' title='bbox 1865 4449 1932 4498; x_wconf 90' lang='lat' dir='ltr'>ut</span> <span class='ocrx_word' id='word_1_506' title='bbox 1959 4460 2054 4498; x_wconf 88' lang='lat' dir='ltr'>eas</span> 
     </span>
    </p>
   </div>
   <div class='ocr_carea' id='block_1_70' title="bbox 361 4525 2052 4601">
    <p class='ocr_par' dir='ltr' id='par_1_70' title="bbox 361 4525 2052 4601">
     <span class='ocr_line' id='line_1_70' title="bbox 361 4525 2052 4601; baseline 0.005 -24"><span class='ocrx_word' id='word_1_507' title='bbox 361 4525 450 4578; x_wconf 85' lang='lat' dir='ltr'>vix</span> <span class='ocrx_word' id='word_1_508' title='bbox 480 4541 543 4578; x_wconf 91' lang='lat' dir='ltr'>ac</span> <span class='ocrx_word' id='word_1_509' title='bbox 572 4541 643 4578; x_wconf 90' lang='lat' dir='ltr'>ne</span> <span class='ocrx_word' id='word_1_510' title='bbox 674 4527 761 4579; x_wconf 90' lang='lat' dir='ltr'>vix</span> <span class='ocrx_word' id='word_1_511' title='bbox 795 4528 1027 4596; x_wconf 89' lang='lat' dir='ltr'>quidem</span> <span class='ocrx_word' id='word_1_512' title='bbox 1051 4528 1199 4582; x_wconf 90' lang='lat' dir='ltr'>ferre</span> <span class='ocrx_word' id='word_1_513' title='bbox 1229 4544 1564 4597; x_wconf 92' lang='lat' dir='ltr'>possemus;</span> <span class='ocrx_word' id='word_1_514' title='bbox 1600 4547 1704 4584; x_wconf 91' lang='lat' dir='ltr'>nec</span> <span class='ocrx_word' id='word_1_515' title='bbox 1734 4547 1868 4585; x_wconf 90' lang='lat' dir='ltr'>sane</span> <span class='ocrx_word' id='word_1_516' title='bbox 1896 4532 2052 4601; x_wconf 89' lang='lat' dir='ltr'>quis-</span> 
     </span>
    </p>
   </div>
   <div class='ocr_carea' id='block_1_71' title="bbox 362 4613 2048 4690">
    <p class='ocr_par' dir='ltr' id='par_1_71' title="bbox 362 4613 2048 4690">
     <span class='ocr_line' id='line_1_71' title="bbox 362 4613 2048 4690; baseline 0.005 -25"><span class='ocrx_word' id='word_1_517' title='bbox 362 4629 536 4684; x_wconf 91' lang='lat' dir='ltr'>quam</span> <span class='ocrx_word' id='word_1_518' title='bbox 564 4613 899 4668; x_wconf 90' lang='lat' dir='ltr'>melioribus</span> <span class='ocrx_word' id='word_1_519' title='bbox 933 4621 1244 4687; x_wconf 90' lang='lat' dir='ltr'>occupatus</span> <span class='ocrx_word' id='word_1_520' title='bbox 1275 4617 1484 4672; x_wconf 91' lang='lat' dir='ltr'>millies</span> <span class='ocrx_word' id='word_1_521' title='bbox 1523 4619 1676 4672; x_wconf 91' lang='lat' dir='ltr'>idem</span> <span class='ocrx_word' id='word_1_522' title='bbox 1703 4625 1802 4673; x_wconf 87' lang='lat' dir='ltr'>aut</span> <span class='ocrx_word' id='word_1_523' title='bbox 1841 4621 2048 4690; x_wconf 85' lang='lat' dir='ltr'>legere,</span> 
     </span>
    </p>
   </div>
   <div class='ocr_carea' id='block_1_72' title="bbox 361 4702 2052 4778">
    <p class='ocr_par' dir='ltr' id='par_1_72' title="bbox 361 4702 2052 4778">
     <span class='ocr_line' id='line_1_72' title="bbox 361 4702 2052 4778; baseline 0.005 -23"><span class='ocrx_word' id='word_1_524' title='bbox 361 4706 461 4756; x_wconf 91' lang='lat' dir='ltr'>aut</span> <span class='ocrx_word' id='word_1_525' title='bbox 501 4702 690 4756; x_wconf 90' lang='lat' dir='ltr'>dicere</span> <span class='ocrx_word' id='word_1_526' title='bbox 715 4703 1032 4769; x_wconf 88' lang='lat' dir='ltr'>sustineat;</span> <span class='ocrx_word' id='word_1_527' title='bbox 1062 4706 1380 4775; x_wconf 72' lang='lat' dir='ltr'>praesertim</span> <span class='ocrx_word' id='word_1_528' title='bbox 1420 4707 1466 4761; x_wconf 91' lang='lat' dir='ltr'>si</span> <span class='ocrx_word' id='word_1_529' title='bbox 1498 4725 1626 4778; x_wconf 68' lang='lat' dir='ltr'>qua:</span> <span class='ocrx_word' id='word_1_530' title='bbox 1658 4708 1840 4762; x_wconf 90' lang='lat' dir='ltr'>tribus</span> <span class='ocrx_word' id='word_1_531' title='bbox 1865 4709 2052 4762; x_wconf 89' lang='lat' dir='ltr'>verbis</span> 
     </span>
    </p>
   </div>
   <div class='ocr_carea' id='block_1_73' title="bbox 360 4790 2050 4867">
    <p class='ocr_par' dir='ltr' id='par_1_73' title="bbox 360 4790 2050 4867">
     <span class='ocr_line' id='line_1_73' title="bbox 360 4790 2050 4867; baseline 0.005 -24"><span class='ocrx_word' id='word_1_532' title='bbox 360 4790 576 4844; x_wconf 86' lang='lat' dir='ltr'>absolvi</span> <span class='ocrx_word' id='word_1_533' title='bbox 605 4795 869 4861; x_wconf 86' lang='lat' dir='ltr'>poterant</span> <span class='ocrx_word' id='word_1_534' title='bbox 898 4793 1147 4847; x_wconf 89' lang='lat' dir='ltr'>millenis</span> <span class='ocrx_word' id='word_1_535' title='bbox 1194 4794 1412 4865; x_wconf 90' lang='lat' dir='ltr'>aliquot</span> <span class='ocrx_word' id='word_1_536' title='bbox 1440 4796 1722 4858; x_wconf 86' lang='lat' dir='ltr'>dicantur,</span> <span class='ocrx_word' id='word_1_537' title='bbox 1757 4798 2050 4867; x_wconf 89' lang='lat' dir='ltr'>multaque</span> 
     </span>
    </p>
   </div>
   <div class='ocr_carea' id='block_1_74' title="bbox 355 4880 2050 4953">
    <p class='ocr_par' dir='ltr' id='par_1_74' title="bbox 355 4880 2050 4953">
     <span class='ocr_line' id='line_1_74' title="bbox 355 4880 2050 4953; baseline 0.002 -19"><span class='ocrx_word' id='word_1_538' title='bbox 355 4880 544 4934; x_wconf 90' lang='lat' dir='ltr'>aliena</span> <span class='ocrx_word' id='word_1_539' title='bbox 571 4880 966 4947; x_wconf 88' lang='lat' dir='ltr'>infarciantur,</span> <span class='ocrx_word' id='word_1_540' title='bbox 1007 4883 1493 4953; x_wconf 89' lang='lat' dir='ltr'>quemadmodum</span> <span class='ocrx_word' id='word_1_541' title='bbox 1534 4885 1638 4938; x_wconf 86' lang='lat' dir='ltr'>hac</span> <span class='ocrx_word' id='word_1_542' title='bbox 1665 4885 1724 4938; x_wconf 93' lang='lat' dir='ltr'>in</span> <span class='ocrx_word' id='word_1_543' title='bbox 1747 4901 1806 4938; x_wconf 91' lang='lat' dir='ltr'>re</span> <span class='ocrx_word' id='word_1_544' title='bbox 1838 4885 2050 4939; x_wconf 90' lang='lat' dir='ltr'>factum</span> 
     </span>
    </p>
   </div>
   <div class='ocr_carea' id='block_1_75' title="bbox 356 4969 2047 5028">
    <p class='ocr_par' dir='ltr' id='par_1_75' title="bbox 356 4969 2047 5028">
     <span class='ocr_line' id='line_1_75' title="bbox 356 4969 2047 5028; baseline 0.004 -7"><span class='ocrx_word' id='word_1_545' title='bbox 356 4973 458 5022; x_wconf 90' lang='lat' dir='ltr'>est.</span> <span class='ocrx_word' id='word_1_546' title='bbox 495 4969 598 5023; x_wconf 88' lang='lat' dir='ltr'>Cui</span> <span class='ocrx_word' id='word_1_547' title='bbox 627 4985 760 5023; x_wconf 91' lang='lat' dir='ltr'>vero</span> <span class='ocrx_word' id='word_1_548' title='bbox 793 4969 963 5024; x_wconf 86' lang='lat' dir='ltr'>etiam</span> <span class='ocrx_word' id='word_1_549' title='bbox 994 4987 1265 5025; x_wconf 89' lang='lat' dir='ltr'>nauseam</span> <span class='ocrx_word' id='word_1_550' title='bbox 1295 4989 1413 5026; x_wconf 93' lang='lat' dir='ltr'>non</span> <span class='ocrx_word' id='word_1_551' title='bbox 1444 4979 1710 5028; x_wconf 89' lang='lat' dir='ltr'>moveant</span> <span class='ocrx_word' id='word_1_552' title='bbox 1729 4978 1817 5028; x_wconf 88' lang='lat' dir='ltr'>tot</span> <span class='ocrx_word' id='word_1_553' title='bbox 1846 4977 1902 5027; x_wconf 88' lang='lat' dir='ltr'>et</span> <span class='ocrx_word' id='word_1_554' title='bbox 1933 4978 2047 5028; x_wconf 88' lang='lat' dir='ltr'>tam</span> 
     </span>
    </p>
   </div>
   <div class='ocr_carea' id='block_1_76' title="bbox 356 5056 2045 5130">
    <p class='ocr_par' dir='ltr' id='par_1_76' title="bbox 356 5056 2045 5130">
     <span class='ocr_line' id='line_1_76' title="bbox 356 5056 2045 5130; baseline 0.005 -22"><span class='ocrx_word' id='word_1_555' title='bbox 356 5056 566 5127; x_wconf 76' lang='lat' dir='ltr'>longae,</span> <span class='ocrx_word' id='word_1_556' title='bbox 619 5061 683 5111; x_wconf 91' lang='lat' dir='ltr'>ut</span> <span class='ocrx_word' id='word_1_557' title='bbox 738 5073 870 5111; x_wconf 90' lang='lat' dir='ltr'>voce</span> <span class='ocrx_word' id='word_1_558' title='bbox 917 5058 1198 5129; x_wconf 89' lang='lat' dir='ltr'>sequioris</span> <span class='ocrx_word' id='word_1_559' title='bbox 1246 5060 1352 5113; x_wconf 79' lang='lat' dir='ltr'>aevi</span> <span class='ocrx_word' id='word_1_560' title='bbox 1397 5065 1545 5129; x_wconf 90' lang='lat' dir='ltr'>utar,</span> <span class='ocrx_word' id='word_1_561' title='bbox 1583 5061 2045 5130; x_wconf 83' lang='lat' dir='ltr'>rhetoricationes,</span> 
     </span>
    </p>
   </div>
   <div class='ocr_carea' id='block_1_77' title="bbox 355 5145 2038 5214">
    <p class='ocr_par' dir='ltr' id='par_1_77' title="bbox 355 5145 2038 5214">
     <span class='ocr_line' id='line_1_77' title="bbox 355 5145 2038 5214; baseline 0.004 -17"><span class='ocrx_word' id='word_1_562' title='bbox 355 5148 453 5196; x_wconf 87' lang='lat' dir='ltr'>aut</span> <span class='ocrx_word' id='word_1_563' title='bbox 481 5145 550 5198; x_wconf 90' lang='lat' dir='ltr'>ad</span> <span class='ocrx_word' id='word_1_564' title='bbox 582 5145 984 5200; x_wconf 89' lang='lat' dir='ltr'>declinandum</span> <span class='ocrx_word' id='word_1_565' title='bbox 1016 5148 1324 5200; x_wconf 89' lang='lat' dir='ltr'>adversarii</span> <span class='ocrx_word' id='word_1_566' title='bbox 1353 5147 1548 5214; x_wconf 91' lang='lat' dir='ltr'>ictum,</span> <span class='ocrx_word' id='word_1_567' title='bbox 1582 5153 1679 5202; x_wconf 88' lang='lat' dir='ltr'>aut</span> <span class='ocrx_word' id='word_1_568' title='bbox 1698 5149 1770 5202; x_wconf 90' lang='lat' dir='ltr'>ad</span> <span class='ocrx_word' id='word_1_569' title='bbox 1800 5166 1930 5203; x_wconf 91' lang='lat' dir='ltr'>eum</span> <span class='ocrx_word' id='word_1_570' title='bbox 1959 5150 2038 5204; x_wconf 90' lang='lat' dir='ltr'>in-</span> 
     </span>
    </p>
   </div>
   <div class='ocr_carea' id='block_1_78' title="bbox 355 5233 2048 5306">
    <p class='ocr_par' dir='ltr' id='par_1_78' title="bbox 355 5233 2048 5306">
     <span class='ocr_line' id='line_1_78' title="bbox 355 5233 2048 5306; baseline 0.005 -23"><span class='ocrx_word' id='word_1_571' title='bbox 355 5233 710 5298; x_wconf 90' lang='lat' dir='ltr'>sectandum,</span> <span class='ocrx_word' id='word_1_572' title='bbox 763 5239 862 5287; x_wconf 89' lang='lat' dir='ltr'>aut</span> <span class='ocrx_word' id='word_1_573' title='bbox 892 5235 1140 5306; x_wconf 90' lang='lat' dir='ltr'>denique</span> <span class='ocrx_word' id='word_1_574' title='bbox 1171 5236 1240 5289; x_wconf 92' lang='lat' dir='ltr'>ad</span> <span class='ocrx_word' id='word_1_575' title='bbox 1271 5235 1543 5290; x_wconf 88' lang='lat' dir='ltr'>invidiam</span> <span class='ocrx_word' id='word_1_576' title='bbox 1573 5238 1658 5290; x_wconf 90' lang='lat' dir='ltr'>vel</span> <span class='ocrx_word' id='word_1_577' title='bbox 1688 5239 2048 5306; x_wconf 90' lang='lat' dir='ltr'>movendam,</span> 
     </span>
    </p>
   </div>
   <div class='ocr_carea' id='block_1_79' title="bbox 353 5319 2045 5391">
    <p class='ocr_par' dir='ltr' id='par_1_79' title="bbox 353 5319 2045 5391">
     <span class='ocr_line' id='line_1_79' title="bbox 353 5319 2045 5391; baseline 0.005 -21"><span class='ocrx_word' id='word_1_578' title='bbox 353 5319 439 5372; x_wconf 86' lang='lat' dir='ltr'>vel</span> <span class='ocrx_word' id='word_1_579' title='bbox 467 5319 836 5389; x_wconf 83' lang='lat' dir='ltr'>fugiendam?</span> <span class='ocrx_word' id='word_1_580' title='bbox 860 5323 991 5378; x_wconf 86' lang='lat' dir='ltr'>Mihi</span> <span class='ocrx_word' id='word_1_581' title='bbox 1017 5329 1167 5378; x_wconf 89' lang='lat' dir='ltr'>certe</span> <span class='ocrx_word' id='word_1_582' title='bbox 1204 5327 1428 5380; x_wconf 90' lang='lat' dir='ltr'>tantum</span> <span class='ocrx_word' id='word_1_583' title='bbox 1477 5332 1761 5391; x_wconf 88' lang='lat' dir='ltr'>crearunt,</span> <span class='ocrx_word' id='word_1_584' title='bbox 1796 5326 1943 5379; x_wconf 89' lang='lat' dir='ltr'>inter</span> <span class='ocrx_word' id='word_1_585' title='bbox 1966 5327 2045 5379; x_wconf 89' lang='lat' dir='ltr'>le-</span> 
     </span>
    </p>
   </div>
   <div class='ocr_carea' id='block_1_80' title="bbox 352 5406 2047 5483">
    <p class='ocr_par' dir='ltr' id='par_1_80' title="bbox 352 5406 2047 5483">
     <span class='ocr_line' id='line_1_80' title="bbox 352 5406 2047 5483; baseline 0.006 -26"><span class='ocrx_word' id='word_1_586' title='bbox 352 5406 625 5475; x_wconf 89' lang='lat' dir='ltr'>gendum,</span> <span class='ocrx_word' id='word_1_587' title='bbox 664 5408 976 5477; x_wconf 89' lang='lat' dir='ltr'>fastidium,</span> <span class='ocrx_word' id='word_1_588' title='bbox 1031 5415 1091 5465; x_wconf 89' lang='lat' dir='ltr'>ut</span> <span class='ocrx_word' id='word_1_589' title='bbox 1132 5412 1301 5481; x_wconf 87' lang='lat' dir='ltr'>plane</span> <span class='ocrx_word' id='word_1_590' title='bbox 1357 5413 1704 5466; x_wconf 87' lang='lat' dir='ltr'>recreatione</span> <span class='ocrx_word' id='word_1_591' title='bbox 1730 5414 2047 5483; x_wconf 88' lang='lat' dir='ltr'>gratiorum</span> 
     </span>
    </p>
   </div>
   <div class='ocr_carea' id='block_1_81' title="bbox 352 5494 2043 5570">
    <p class='ocr_par' dir='ltr' id='par_1_81' title="bbox 352 5494 2043 5570">
     <span class='ocr_line' id='line_1_81' title="bbox 352 5494 2043 5570; baseline 0.007 -25"><span class='ocrx_word' id='word_1_592' title='bbox 352 5496 408 5546; x_wconf 90' lang='lat' dir='ltr'>et</span> <span class='ocrx_word' id='word_1_593' title='bbox 437 5494 731 5550; x_wconf 87' lang='lat' dir='ltr'>utiliorum</span> <span class='ocrx_word' id='word_1_594' title='bbox 753 5498 1074 5552; x_wconf 89' lang='lat' dir='ltr'>studiorum</span> <span class='ocrx_word' id='word_1_595' title='bbox 1096 5499 1404 5570; x_wconf 88' lang='lat' dir='ltr'>indigeam.</span> <span class='ocrx_word' id='word_1_596' title='bbox 1436 5500 1572 5555; x_wconf 88' lang='lat' dir='ltr'>Boni</span> <span class='ocrx_word' id='word_1_597' title='bbox 1597 5501 1770 5570; x_wconf 90' lang='lat' dir='ltr'>igitur</span> <span class='ocrx_word' id='word_1_598' title='bbox 1789 5503 2043 5569; x_wconf 89' lang='lat' dir='ltr'>consule,</span> 
     </span>
    </p>
   </div>
   <div class='ocr_carea' id='block_1_82' title="bbox 2107 2851 3816 2926">
    <p class='ocr_par' dir='ltr' id='par_1_82' title="bbox 2107 2851 3816 2926">
     <span class='ocr_line' id='line_1_82' title="bbox 2107 2851 3816 2926; baseline -0.004 -19"><span class='ocrx_word' id='word_1_599' title='bbox 2107 2858 2146 2913; x_wconf 91' lang='lat' dir='ltr'>C</span> <span class='ocrx_word' id='word_1_600' title='bbox 2182 2855 2374 2920; x_wconf 89' lang='lat' dir='ltr'>lector,</span> <span class='ocrx_word' id='word_1_601' title='bbox 2407 2871 2536 2924; x_wconf 84' lang='lat' dir='ltr'>quae</span> <span class='ocrx_word' id='word_1_602' title='bbox 2564 2859 2912 2926; x_wconf 84' lang='lat' dir='ltr'>sequuntur;</span> <span class='ocrx_word' id='word_1_603' title='bbox 2946 2860 3045 2910; x_wconf 92' lang='lat' dir='ltr'>aut</span> <span class='ocrx_word' id='word_1_604' title='bbox 3086 2856 3211 2926; x_wconf 91' lang='lat' dir='ltr'>ipse</span> <span class='ocrx_word' id='word_1_605' title='bbox 3259 2856 3541 2909; x_wconf 90' lang='lat' dir='ltr'>calamum</span> <span class='ocrx_word' id='word_1_606' title='bbox 3567 2851 3746 2920; x_wconf 84' lang='lat' dir='ltr'>arripe,</span> <span class='ocrx_word' id='word_1_607' title='bbox 3773 2855 3816 2900; x_wconf 86' lang='lat' dir='ltr'>ut</span> 
     </span>
    </p>
   </div>
   <div class='ocr_carea' id='block_1_83' title="bbox 2176 2942 3816 3016">
    <p class='ocr_par' dir='ltr' id='par_1_83' title="bbox 2176 2942 3816 3016">
     <span class='ocr_line' id='line_1_83' title="bbox 2176 2942 3816 3016; baseline -0.004 -20"><span class='ocrx_word' id='word_1_608' title='bbox 2176 2943 2359 2997; x_wconf 91' lang='lat' dir='ltr'>labori</span> <span class='ocrx_word' id='word_1_609' title='bbox 2394 2960 2523 2996; x_wconf 91' lang='lat' dir='ltr'>meo</span> <span class='ocrx_word' id='word_1_610' title='bbox 2578 2946 2842 3014; x_wconf 85' lang='lat' dir='ltr'>suppleas</span> <span class='ocrx_word' id='word_1_611' title='bbox 2897 2945 3054 3016; x_wconf 91' lang='lat' dir='ltr'>quod</span> <span class='ocrx_word' id='word_1_612' title='bbox 3079 2946 3276 3009; x_wconf 89' lang='lat' dir='ltr'>deest;</span> <span class='ocrx_word' id='word_1_613' title='bbox 3306 2944 3406 2997; x_wconf 91' lang='lat' dir='ltr'>sed</span> <span class='ocrx_word' id='word_1_614' title='bbox 3431 2946 3695 2996; x_wconf 88' lang='lat' dir='ltr'>memento</span> <span class='ocrx_word' id='word_1_615' title='bbox 3719 2942 3816 2990; x_wconf 86' lang='lat' dir='ltr'>ante</span> 
     </span>
    </p>
   </div>
   <div class='ocr_carea' id='block_1_84' title="bbox 2177 3032 3813 3099">
    <p class='ocr_par' dir='ltr' id='par_1_84' title="bbox 2177 3032 3813 3099">
     <span class='ocr_line' id='line_1_84' title="bbox 2177 3032 3813 3099; baseline -0.005 -14"><span class='ocrx_word' id='word_1_616' title='bbox 2177 3032 2372 3085; x_wconf 86' lang='lat' dir='ltr'>omnia</span> <span class='ocrx_word' id='word_1_617' title='bbox 2419 3032 2598 3085; x_wconf 92' lang='lat' dir='ltr'>solius</span> <span class='ocrx_word' id='word_1_618' title='bbox 2645 3033 2920 3099; x_wconf 89' lang='lat' dir='ltr'>veritatis,</span> <span class='ocrx_word' id='word_1_619' title='bbox 2971 3034 3063 3086; x_wconf 90' lang='lat' dir='ltr'>cui</span> <span class='ocrx_word' id='word_1_620' title='bbox 3108 3033 3209 3086; x_wconf 89' lang='lat' dir='ltr'>uni</span> <span class='ocrx_word' id='word_1_621' title='bbox 3260 3033 3427 3086; x_wconf 90' lang='lat' dir='ltr'>litare</span> <span class='ocrx_word' id='word_1_622' title='bbox 3466 3035 3684 3085; x_wconf 83' lang='lat' dir='ltr'>conatus</span> <span class='ocrx_word' id='word_1_623' title='bbox 3703 3042 3813 3080; x_wconf 88' lang='lat' dir='ltr'>sum.</span> 
     </span>
    </p>
   </div>
   <div class='ocr_carea' id='block_1_85' title="bbox 2173 3121 2905 3176">
    <p class='ocr_par' dir='ltr' id='par_1_85' title="bbox 2173 3121 2905 3176">
     <span class='ocr_line' id='line_1_85' title="bbox 2173 3121 2905 3176; baseline 0.003 -2"><span class='ocrx_word' id='word_1_624' title='bbox 2173 3121 2458 3175; x_wconf 88' lang='lat' dir='ltr'>rationem</span> <span class='ocrx_word' id='word_1_625' title='bbox 2491 3121 2720 3176; x_wconf 87' lang='lat' dir='ltr'>habere.</span> <span class='ocrx_word' id='word_1_626' title='bbox 2756 3122 2905 3176; x_wconf 89' lang='lat' dir='ltr'>Vale.</span> 
     </span>
    </p>
   </div>
   <div class='ocr_carea' id='block_1_86' title="bbox 2841 3209 3207 3264">
    <p class='ocr_par' dir='ltr' id='par_1_86' title="bbox 2841 3209 3207 3264">
     <span class='ocr_line' id='line_1_86' title="bbox 2841 3209 3207 3264; baseline 0 0"><span class='ocrx_word' id='word_1_627' title='bbox 2841 3209 3207 3264; x_wconf 67' lang='lat' dir='ltr'>PRAEFATIO</span> 
     </span>
    </p>
   </div>
   <div class='ocr_carea' id='block_1_87' title="bbox 2244 3307 3816 3366">
    <p class='ocr_par' dir='ltr' id='par_1_87' title="bbox 2244 3307 3816 3366">
     <span class='ocr_line' id='line_1_87' title="bbox 2244 3307 3816 3366; baseline -0.004 -17"><span class='ocrx_word' id='word_1_628' title='bbox 2244 3313 2311 3349; x_wconf 78' lang='lat' dir='ltr'>AD</span> <span class='ocrx_word' id='word_1_629' title='bbox 2358 3313 2554 3351; x_wconf 74' lang='lat' dir='ltr'><strong>LIBRUM</strong></span> <span class='ocrx_word' id='word_1_630' title='bbox 2615 3314 2681 3350; x_wconf 86' lang='lat' dir='ltr'>DE</span> <span class='ocrx_word' id='word_1_631' title='bbox 2727 3314 2904 3351; x_wconf 82' lang='lat' dir='ltr'>GESTIS</span> <span class='ocrx_word' id='word_1_632' title='bbox 2951 3315 3185 3366; x_wconf 81' lang='lat' dir='ltr'>PELAGII,</span> <span class='ocrx_word' id='word_1_633' title='bbox 3255 3315 3405 3353; x_wconf 72' lang='lat' dir='ltr'>ANNO</span> <span class='ocrx_word' id='word_1_634' title='bbox 3454 3313 3608 3352; x_wconf 71' lang='lat' dir='ltr'>MDCXI</span> <span class='ocrx_word' id='word_1_635' title='bbox 3659 3307 3816 3349; x_wconf 66' lang='lat' dir='ltr'>PRIllt&#39;lI</span> 
     </span>
    </p>
   </div>
   <div class='ocr_carea' id='block_1_88' title="bbox 2543 3385 3499 3423">
    <p class='ocr_par' dir='ltr' id='par_1_88' title="bbox 2543 3385 3499 3423">
     <span class='ocr_line' id='line_1_88' title="bbox 2543 3385 3499 3423; baseline 0.003 -3"><span class='ocrx_word' id='word_1_636' title='bbox 2543 3385 2738 3423; x_wconf 70' lang='lat' dir='ltr'>EDITUM</span> <span class='ocrx_word' id='word_1_637' title='bbox 2778 3386 2882 3423; x_wconf 80' lang='lat' dir='ltr'>AUG</span> <span class='ocrx_word' id='word_1_638' title='bbox 2892 3386 3032 3423; x_wconf 62' lang='lat' dir='ltr'>USTA‘.‘</span> <span class='ocrx_word' id='word_1_639' title='bbox 3071 3386 3477 3423; x_wconf 75' lang='lat' dir='ltr'>VINDELICORUM</span> <span class='ocrx_word' id='word_1_640' title='bbox 3488 3412 3499 3422; x_wconf 90' lang='lat'>.</span> 
     </span>
    </p>
   </div>
   <div class='ocr_carea' id='block_1_89' title="bbox 2243 3471 3819 3543">
    <p class='ocr_par' dir='ltr' id='par_1_89' title="bbox 2243 3471 3819 3543">
     <span class='ocr_line' id='line_1_89' title="bbox 2243 3471 3819 3543; baseline 0.002 -17"><span class='ocrx_word' id='word_1_641' title='bbox 2243 3473 2300 3526; x_wconf 92' lang='lat' dir='ltr'>S.</span> <span class='ocrx_word' id='word_1_642' title='bbox 2348 3473 2722 3543; x_wconf 84' lang='lat' dir='ltr'>Augustinus,</span> <span class='ocrx_word' id='word_1_643' title='bbox 2785 3475 3281 3530; x_wconf 74' lang='lat' dir='ltr'>Retractationum</span> <span class='ocrx_word' id='word_1_644' title='bbox 3331 3476 3431 3531; x_wconf 90' lang='lat' dir='ltr'>lib.</span> <span class='ocrx_word' id='word_1_645' title='bbox 3493 3492 3550 3536; x_wconf 82' lang='grc' dir='ltr'>ιι,</span> <span class='ocrx_word' id='word_1_646' title='bbox 3607 3488 3716 3542; x_wconf 85' lang='lat' dir='ltr'>cap.</span> <span class='ocrx_word' id='word_1_647' title='bbox 3747 3471 3819 3529; x_wconf 64' lang='lat' dir='ltr'>«ii;</span> 
     </span>
    </p>
   </div>
   <div class='ocr_carea' id='block_1_90' title="bbox 2170 3561 3815 3632">
    <p class='ocr_par' dir='ltr' id='par_1_90' title="bbox 2170 3561 3815 3632">
     <span class='ocr_line' id='line_1_90' title="bbox 2170 3561 3815 3632; baseline -0.005 -18"><span class='ocrx_word' id='word_1_648' title='bbox 2170 3562 2270 3614; x_wconf 80' lang='lat' dir='ltr'>Per</span> <span class='ocrx_word' id='word_1_649' title='bbox 2325 3562 2465 3616; x_wconf 88' lang='lat' dir='ltr'>idem</span> <span class='ocrx_word' id='word_1_650' title='bbox 2517 3567 2724 3631; x_wconf 85' lang='lat' dir='ltr'>tempus</span> <span class='ocrx_word' id='word_1_651' title='bbox 2759 3565 2818 3616; x_wconf 88' lang='lat' dir='ltr'>in</span> <span class='ocrx_word' id='word_1_652' title='bbox 2863 3564 3101 3632; x_wconf 84' lang='lat' dir='ltr'>Oriente,</span> <span class='ocrx_word' id='word_1_653' title='bbox 3155 3565 3254 3619; x_wconf 84' lang='lat' dir='ltr'>hoc</span> <span class='ocrx_word' id='word_1_654' title='bbox 3313 3569 3393 3618; x_wconf 86' lang='lat' dir='ltr'>est</span> <span class='ocrx_word' id='word_1_655' title='bbox 3435 3567 3493 3617; x_wconf 83' lang='lat' dir='ltr'>in</span> <span class='ocrx_word' id='word_1_656' title='bbox 3538 3563 3703 3628; x_wconf 81' lang='lat' dir='ltr'>Syria,</span> <span class='ocrx_word' id='word_1_657' title='bbox 3739 3561 3815 3609; x_wconf 86' lang='lat' dir='ltr'>etc.</span> 
     </span>
    </p>
   </div>
   <div class='ocr_carea' id='block_1_91' title="bbox 2172 3650 3819 3722">
    <p class='ocr_par' dir='ltr' id='par_1_91' title="bbox 2172 3650 3819 3722">
     <span class='ocr_line' id='line_1_91' title="bbox 2172 3650 3819 3722; baseline -0.004 -20"><span class='ocrx_word' id='word_1_658' title='bbox 2172 3665 2352 3719; x_wconf 89' lang='lat' dir='ltr'>usque</span> <span class='ocrx_word' id='word_1_659' title='bbox 2385 3651 2456 3704; x_wconf 89' lang='lat' dir='ltr'>ad</span> <span class='ocrx_word' id='word_1_660' title='bbox 2503 3651 2659 3705; x_wconf 69' lang='lat' dir='ltr'>haec:</span> <span class='ocrx_word' id='word_1_661' title='bbox 2702 3654 2802 3706; x_wconf 85' lang='lat' dir='ltr'>Hic</span> <span class='ocrx_word' id='word_1_662' title='bbox 2846 3653 2982 3706; x_wconf 82' lang='lat' dir='ltr'>liber</span> <span class='ocrx_word' id='word_1_663' title='bbox 3002 3655 3236 3722; x_wconf 86' lang='lat' dir='ltr'>incipit:</span> <span class='ocrx_word' id='word_1_664' title='bbox 3269 3656 3626 3720; x_wconf 86' lang='lat' dir='ltr'>Posteaquam</span> <span class='ocrx_word' id='word_1_665' title='bbox 3652 3650 3703 3700; x_wconf 82' lang='lat' dir='ltr'>in</span> <span class='ocrx_word' id='word_1_666' title='bbox 3732 3660 3819 3698; x_wconf 80' lang='lat' dir='ltr'>ma-</span> 
     </span>
    </p>
   </div>
   <div class='ocr_carea' id='block_1_92' title="bbox 2169 3744 2518 3793">
    <p class='ocr_par' dir='ltr' id='par_1_92' title="bbox 2169 3744 2518 3793">
     <span class='ocr_line' id='line_1_92' title="bbox 2169 3744 2518 3793; baseline 0.003 -3"><span class='ocrx_word' id='word_1_667' title='bbox 2169 3753 2271 3792; x_wconf 88' lang='lat' dir='ltr'>nus</span> <span class='ocrx_word' id='word_1_668' title='bbox 2287 3744 2518 3793; x_wconf 78' lang='lat' dir='ltr'>nostras.</span> 
     </span>
    </p>
   </div>
   <div class='ocr_carea' id='block_1_93' title="bbox 2245 3822 3821 3900">
    <p class='ocr_par' dir='ltr' id='par_1_93' title="bbox 2245 3822 3821 3900">
     <span class='ocr_line' id='line_1_93' title="bbox 2245 3822 3821 3900; baseline -0.002 -22"><span class='ocrx_word' id='word_1_669' title='bbox 2245 3826 2338 3878; x_wconf 86' lang='lat' dir='ltr'>His</span> <span class='ocrx_word' id='word_1_670' title='bbox 2383 3827 2584 3890; x_wconf 89' lang='lat' dir='ltr'>verbis,</span> <span class='ocrx_word' id='word_1_671' title='bbox 2634 3827 2689 3882; x_wconf 91' lang='lat' dir='ltr'>S.</span> <span class='ocrx_word' id='word_1_672' title='bbox 2745 3829 3098 3898; x_wconf 86' lang='lat' dir='ltr'>Augustinus</span> <span class='ocrx_word' id='word_1_673' title='bbox 3152 3829 3484 3900; x_wconf 89' lang='lat' dir='ltr'>scriptionis</span> <span class='ocrx_word' id='word_1_674' title='bbox 3544 3838 3746 3880; x_wconf 87' lang='lat' dir='ltr'>causam</span> <span class='ocrx_word' id='word_1_675' title='bbox 3782 3822 3821 3870; x_wconf 71' lang='lat' dir='ltr'>et</span> 
     </span>
    </p>
   </div>
   <div class='ocr_carea' id='block_1_94' title="bbox 2171 3913 3820 3988">
    <p class='ocr_par' dir='ltr' id='par_1_94' title="bbox 2171 3913 3820 3988">
     <span class='ocr_line' id='line_1_94' title="bbox 2171 3913 3820 3988; baseline -0.003 -22"><span class='ocrx_word' id='word_1_676' title='bbox 2171 3913 2301 3966; x_wconf 92' lang='lat' dir='ltr'>libri</span> <span class='ocrx_word' id='word_1_677' title='bbox 2345 3921 2747 3983; x_wconf 88' lang='lat' dir='ltr'>argumentum</span> <span class='ocrx_word' id='word_1_678' title='bbox 2795 3917 3038 3986; x_wconf 85' lang='lat' dir='ltr'>explicat</span> <span class='ocrx_word' id='word_1_679' title='bbox 3070 3937 3084 3984; x_wconf 92' lang='lat'>;</span> <span class='ocrx_word' id='word_1_680' title='bbox 3121 3918 3226 3988; x_wconf 87' lang='lat' dir='ltr'>qui</span> <span class='ocrx_word' id='word_1_681' title='bbox 3255 3917 3501 3971; x_wconf 89' lang='lat' dir='ltr'>antehac</span> <span class='ocrx_word' id='word_1_682' title='bbox 3536 3927 3716 3968; x_wconf 91' lang='lat' dir='ltr'>omnes</span> <span class='ocrx_word' id='word_1_683' title='bbox 3743 3914 3820 3962; x_wconf 78' lang='lat' dir='ltr'>An-</span> 
     </span>
    </p>
   </div>
   <div class='ocr_carea' id='block_1_95' title="bbox 2170 3996 3820 4074">
    <p class='ocr_par' dir='ltr' id='par_1_95' title="bbox 2170 3996 3820 4074">
     <span class='ocr_line' id='line_1_95' title="bbox 2170 3996 3820 4074; baseline -0.001 -18"><span class='ocrx_word' id='word_1_684' title='bbox 2170 4002 2630 4071; x_wconf 85' lang='lat' dir='ltr'>gustinianorum</span> <span class='ocrx_word' id='word_1_685' title='bbox 2654 4020 2894 4074; x_wconf 89' lang='lat' dir='ltr'>operum</span> <span class='ocrx_word' id='word_1_686' title='bbox 2926 4005 3374 4074; x_wconf 84' lang='lat' dir='ltr'>conquisitores,</span> <span class='ocrx_word' id='word_1_687' title='bbox 3420 4004 3567 4057; x_wconf 89' lang='lat' dir='ltr'>viros</span> <span class='ocrx_word' id='word_1_688' title='bbox 3613 3996 3820 4055; x_wconf 62' lang='lat' dir='ltr'>doctrina</span> 
     </span>
    </p>
   </div>
   <div class='ocr_carea' id='block_1_96' title="bbox 2169 4085 3818 4163">
    <p class='ocr_par' dir='ltr' id='par_1_96' title="bbox 2169 4085 3818 4163">
     <span class='ocr_line' id='line_1_96' title="bbox 2169 4085 3818 4163; baseline -0.004 -20"><span class='ocrx_word' id='word_1_689' title='bbox 2169 4097 2225 4144; x_wconf 94' lang='lat' dir='ltr'>et</span> <span class='ocrx_word' id='word_1_690' title='bbox 2279 4091 2576 4159; x_wconf 88' lang='lat' dir='ltr'>diligentia</span> <span class='ocrx_word' id='word_1_691' title='bbox 2604 4097 2955 4161; x_wconf 64' lang='lat' dir='ltr'>praestantes,</span> <span class='ocrx_word' id='word_1_692' title='bbox 2989 4093 3136 4163; x_wconf 87' lang='lat' dir='ltr'>fugit</span> <span class='ocrx_word' id='word_1_693' title='bbox 3165 4111 3326 4148; x_wconf 92' lang='lat' dir='ltr'>nunc</span> <span class='ocrx_word' id='word_1_694' title='bbox 3368 4094 3600 4147; x_wconf 89' lang='lat' dir='ltr'>demum</span> <span class='ocrx_word' id='word_1_695' title='bbox 3641 4085 3818 4142; x_wconf 49' lang='lat' dir='ltr'>Fesulis.</span> 
     </span>
    </p>
   </div>
   <div class='ocr_carea' id='block_1_97' title="bbox 2169 4173 3818 4236">
    <p class='ocr_par' dir='ltr' id='par_1_97' title="bbox 2169 4173 3818 4236">
     <span class='ocr_line' id='line_1_97' title="bbox 2169 4173 3818 4236; baseline -0.005 -6"><span class='ocrx_word' id='word_1_696' title='bbox 2169 4178 2228 4231; x_wconf 94' lang='lat' dir='ltr'>in</span> <span class='ocrx_word' id='word_1_697' title='bbox 2261 4179 2602 4233; x_wconf 89' lang='lat' dir='ltr'>bibliotheca</span> <span class='ocrx_word' id='word_1_698' title='bbox 2629 4181 2872 4236; x_wconf 67' lang='lat' dir='ltr'>abbatiaa</span> <span class='ocrx_word' id='word_1_699' title='bbox 2902 4181 3090 4236; x_wconf 88' lang='lat' dir='ltr'>Sancti</span> <span class='ocrx_word' id='word_1_700' title='bbox 3119 4181 3536 4236; x_wconf 71' lang='lat' dir='ltr'>Bartholommi</span> <span class='ocrx_word' id='word_1_701' title='bbox 3571 4173 3818 4232; x_wconf 83' lang='lat' dir='ltr'>canonico-</span> 
     </span>
    </p>
   </div>
   <div class='ocr_carea' id='block_1_98' title="bbox 2167 4260 3821 4342">
    <p class='ocr_par' dir='ltr' id='par_1_98' title="bbox 2167 4260 3821 4342">
     <span class='ocr_line' id='line_1_98' title="bbox 2167 4260 3821 4342; baseline -0.005 -23"><span class='ocrx_word' id='word_1_702' title='bbox 2167 4282 2294 4319; x_wconf 90' lang='lat' dir='ltr'>rum</span> <span class='ocrx_word' id='word_1_703' title='bbox 2315 4267 2664 4336; x_wconf 89' lang='lat' dir='ltr'>regularium</span> <span class='ocrx_word' id='word_1_704' title='bbox 2700 4270 3186 4339; x_wconf 82' lang='lat' dir='ltr'>Lateranensium,</span> <span class='ocrx_word' id='word_1_705' title='bbox 3217 4275 3506 4342; x_wconf 89' lang='lat' dir='ltr'>repertus.</span> <span class='ocrx_word' id='word_1_706' title='bbox 3547 4269 3667 4337; x_wconf 86' lang='lat' dir='ltr'>Ejus</span> <span class='ocrx_word' id='word_1_707' title='bbox 3710 4260 3821 4315; x_wconf 85' lang='lat' dir='ltr'>anti-</span> 
     </span>
    </p>
   </div>
   <div class='ocr_carea' id='block_1_99' title="bbox 2165 4354 3818 4429">
    <p class='ocr_par' dir='ltr' id='par_1_99' title="bbox 2165 4354 3818 4429">
     <span class='ocr_line' id='line_1_99' title="bbox 2165 4354 3818 4429; baseline -0.007 -19"><span class='ocrx_word' id='word_1_708' title='bbox 2165 4355 2450 4424; x_wconf 81' lang='lat' dir='ltr'>graphum</span> <span class='ocrx_word' id='word_1_709' title='bbox 2487 4371 2616 4409; x_wconf 92' lang='lat' dir='ltr'>cum</span> <span class='ocrx_word' id='word_1_710' title='bbox 2670 4357 2857 4427; x_wconf 89' lang='lat' dir='ltr'>Scipio</span> <span class='ocrx_word' id='word_1_711' title='bbox 2889 4359 3262 4424; x_wconf 80' lang='lat' dir='ltr'>Cobellutius,</span> <span class='ocrx_word' id='word_1_712' title='bbox 3308 4360 3382 4412; x_wconf 89' lang='lat' dir='ltr'>ab</span> <span class='ocrx_word' id='word_1_713' title='bbox 3413 4354 3658 4429; x_wconf 88' lang='lat' dir='ltr'>epistolis</span> <span class='ocrx_word' id='word_1_714' title='bbox 3683 4356 3728 4405; x_wconf 85' lang='lat' dir='ltr'>et</span> <span class='ocrx_word' id='word_1_715' title='bbox 3751 4364 3818 4400; x_wconf 82' lang='lat' dir='ltr'>se-</span> 
     </span>
    </p>
   </div>
   <div class='ocr_carea' id='block_1_100' title="bbox 2164 4431 3823 4513">
    <p class='ocr_par' dir='ltr' id='par_1_100' title="bbox 2164 4431 3823 4513">
     <span class='ocr_line' id='line_1_100' title="bbox 2164 4431 3823 4513; baseline -0.002 -20"><span class='ocrx_word' id='word_1_716' title='bbox 2164 4441 2332 4494; x_wconf 88' lang='lat' dir='ltr'>cretis</span> <span class='ocrx_word' id='word_1_717' title='bbox 2380 4443 2592 4496; x_wconf 91' lang='lat' dir='ltr'>summi</span> <span class='ocrx_word' id='word_1_718' title='bbox 2645 4444 2948 4513; x_wconf 79' lang='lat' dir='ltr'>pontificis,</span> <span class='ocrx_word' id='word_1_719' title='bbox 2975 4431 3152 4500; x_wconf 81' lang='lat' dir='ltr'>Roma</span> <span class='ocrx_word' id='word_1_720' title='bbox 3182 4446 3258 4500; x_wconf 89' lang='lat' dir='ltr'>ad</span> <span class='ocrx_word' id='word_1_721' title='bbox 3293 4448 3547 4500; x_wconf 82' lang='lat' dir='ltr'>Marcum</span> <span class='ocrx_word' id='word_1_722' title='bbox 3578 4441 3823 4495; x_wconf 80' lang='lat' dir='ltr'>Velserum</span> 
     </span>
    </p>
   </div>
   <div class='ocr_carea' id='block_1_101' title="bbox 2163 4528 3820 4602">
    <p class='ocr_par' dir='ltr' id='par_1_101' title="bbox 2163 4528 3820 4602">
     <span class='ocr_line' id='line_1_101' title="bbox 2163 4528 3820 4602; baseline 0.002 -21"><span class='ocrx_word' id='word_1_723' title='bbox 2163 4528 2341 4584; x_wconf 91' lang='lat' dir='ltr'>illust.</span> <span class='ocrx_word' id='word_1_724' title='bbox 2371 4530 2558 4585; x_wconf 91' lang='lat' dir='ltr'>virum</span> <span class='ocrx_word' id='word_1_725' title='bbox 2585 4534 2900 4602; x_wconf 85' lang='lat' dir='ltr'>Augustam</span> <span class='ocrx_word' id='word_1_726' title='bbox 2929 4535 3358 4588; x_wconf 88' lang='lat' dir='ltr'>Vindelicorum</span> <span class='ocrx_word' id='word_1_727' title='bbox 3386 4533 3624 4588; x_wconf 82' lang='lat' dir='ltr'>misisset</span> <span class='ocrx_word' id='word_1_728' title='bbox 3644 4547 3657 4594; x_wconf 87' lang='lat'>;</span> <span class='ocrx_word' id='word_1_729' title='bbox 3677 4528 3820 4579; x_wconf 78' lang='lat' dir='ltr'>visum</span> 
     </span>
    </p>
   </div>
   <div class='ocr_carea' id='block_1_102' title="bbox 2161 4611 3822 4692">
    <p class='ocr_par' dir='ltr' id='par_1_102' title="bbox 2161 4611 3822 4692">
     <span class='ocr_line' id='line_1_102' title="bbox 2161 4611 3822 4692; baseline -0.002 -22"><span class='ocrx_word' id='word_1_730' title='bbox 2161 4617 2565 4687; x_wconf 78' lang='lat' dir='ltr'>pulcherrimae</span> <span class='ocrx_word' id='word_1_731' title='bbox 2596 4635 2839 4688; x_wconf 65' lang='lat' dir='ltr'>gemmae</span> <span class='ocrx_word' id='word_1_732' title='bbox 2865 4623 3154 4692; x_wconf 91' lang='lat' dir='ltr'>publicam</span> <span class='ocrx_word' id='word_1_733' title='bbox 3185 4623 3383 4677; x_wconf 90' lang='lat' dir='ltr'>lucem</span> <span class='ocrx_word' id='word_1_734' title='bbox 3414 4638 3534 4676; x_wconf 91' lang='lat' dir='ltr'>non</span> <span class='ocrx_word' id='word_1_735' title='bbox 3572 4634 3682 4673; x_wconf 89' lang='lat' dir='ltr'>esse</span> <span class='ocrx_word' id='word_1_736' title='bbox 3711 4611 3822 4668; x_wconf 70' lang='lat' dir='ltr'>invi-</span> 
     </span>
    </p>
   </div>
   <div class='ocr_carea' id='block_1_103' title="bbox 2162 4703 3822 4777">
    <p class='ocr_par' dir='ltr' id='par_1_103' title="bbox 2162 4703 3822 4777">
     <span class='ocr_line' id='line_1_103' title="bbox 2162 4703 3822 4777; baseline -0.002 -17"><span class='ocrx_word' id='word_1_737' title='bbox 2162 4707 2424 4762; x_wconf 89' lang='lat' dir='ltr'>dendam.</span> <span class='ocrx_word' id='word_1_738' title='bbox 2460 4709 2742 4777; x_wconf 83' lang='lat' dir='ltr'>Sapientia</span> <span class='ocrx_word' id='word_1_739' title='bbox 2768 4713 2910 4764; x_wconf 84' lang='lat' dir='ltr'>enim</span> <span class='ocrx_word' id='word_1_740' title='bbox 2939 4712 3281 4773; x_wconf 84' lang='lat' dir='ltr'>abscondita,</span> <span class='ocrx_word' id='word_1_741' title='bbox 3313 4717 3366 4767; x_wconf 87' lang='lat' dir='ltr'>et</span> <span class='ocrx_word' id='word_1_742' title='bbox 3397 4712 3672 4764; x_wconf 81' lang='lat' dir='ltr'>thesaurus</span> <span class='ocrx_word' id='word_1_743' title='bbox 3708 4703 3822 4756; x_wconf 75' lang='lat' dir='ltr'>inri-</span> 
     </span>
    </p>
   </div>
   <div class='ocr_carea' id='block_1_104' title="bbox 2159 4791 3823 4870">
    <p class='ocr_par' dir='ltr' id='par_1_104' title="bbox 2159 4791 3823 4870">
     <span class='ocr_line' id='line_1_104' title="bbox 2159 4791 3823 4870; baseline -0.004 -20"><span class='ocrx_word' id='word_1_744' title='bbox 2159 4810 2272 4860; x_wconf 90' lang='lat' dir='ltr'>sus,</span> <span class='ocrx_word' id='word_1_745' title='bbox 2305 4812 2423 4863; x_wconf 65' lang='lat' dir='ltr'>qua:</span> <span class='ocrx_word' id='word_1_746' title='bbox 2451 4798 2664 4850; x_wconf 85' lang='lat' dir='ltr'>utilitas</span> <span class='ocrx_word' id='word_1_747' title='bbox 2685 4800 2742 4852; x_wconf 88' lang='lat' dir='ltr'>in</span> <span class='ocrx_word' id='word_1_748' title='bbox 2786 4800 3070 4868; x_wconf 78' lang='lat' dir='ltr'>utrisque?</span> <span class='ocrx_word' id='word_1_749' title='bbox 3121 4801 3324 4854; x_wconf 77' lang='lat' dir='ltr'>Romae</span> <span class='ocrx_word' id='word_1_750' title='bbox 3381 4798 3612 4870; x_wconf 90' lang='lat' dir='ltr'>quidem</span> <span class='ocrx_word' id='word_1_751' title='bbox 3650 4798 3701 4847; x_wconf 89' lang='lat' dir='ltr'>et</span> <span class='ocrx_word' id='word_1_752' title='bbox 3722 4791 3823 4844; x_wconf 86' lang='lat' dir='ltr'>Flo-</span> 
     </span>
    </p>
   </div>
   <div class='ocr_carea' id='block_1_105' title="bbox 2159 4879 3824 4950">
    <p class='ocr_par' dir='ltr' id='par_1_105' title="bbox 2159 4879 3824 4950">
     <span class='ocr_line' id='line_1_105' title="bbox 2159 4879 3824 4950; baseline -0.004 -14"><span class='ocrx_word' id='word_1_753' title='bbox 2159 4884 2360 4937; x_wconf 65' lang='lat' dir='ltr'>rentiae</span> <span class='ocrx_word' id='word_1_754' title='bbox 2412 4886 2862 4941; x_wconf 88' lang='lat' dir='ltr'>accuratissimas</span> <span class='ocrx_word' id='word_1_755' title='bbox 2905 4888 3201 4950; x_wconf 89' lang='lat' dir='ltr'>editiones,</span> <span class='ocrx_word' id='word_1_756' title='bbox 3256 4883 3681 4942; x_wconf 88' lang='lat' dir='ltr'>commentariis</span> <span class='ocrx_word' id='word_1_757' title='bbox 3720 4879 3824 4932; x_wconf 82' lang='lat' dir='ltr'>illn-</span> 
     </span>
    </p>
   </div>
   <div class='ocr_carea' id='block_1_106' title="bbox 2155 4969 3815 5044">
    <p class='ocr_par' dir='ltr' id='par_1_106' title="bbox 2155 4969 3815 5044">
     <span class='ocr_line' id='line_1_106' title="bbox 2155 4969 3815 5044; baseline -0.002 -21"><span class='ocrx_word' id='word_1_758' title='bbox 2155 4976 2377 5035; x_wconf 89' lang='lat' dir='ltr'>stratas,</span> <span class='ocrx_word' id='word_1_759' title='bbox 2415 4973 2681 5044; x_wconf 89' lang='lat' dir='ltr'>apparari</span> <span class='ocrx_word' id='word_1_760' title='bbox 2712 4975 3060 5043; x_wconf 87' lang='lat' dir='ltr'>ferebantur,</span> <span class='ocrx_word' id='word_1_761' title='bbox 3119 4981 3174 5030; x_wconf 90' lang='lat' dir='ltr'>et</span> <span class='ocrx_word' id='word_1_762' title='bbox 3234 4977 3448 5030; x_wconf 88' lang='lat' dir='ltr'>falcem</span> <span class='ocrx_word' id='word_1_763' title='bbox 3493 4974 3554 5028; x_wconf 89' lang='lat' dir='ltr'>in</span> <span class='ocrx_word' id='word_1_764' title='bbox 3607 4969 3815 5024; x_wconf 84' lang='lat' dir='ltr'>alienam</span> 
     </span>
    </p>
   </div>
   <div class='ocr_carea' id='block_1_107' title="bbox 2157 5050 3822 5119">
    <p class='ocr_par' dir='ltr' id='par_1_107' title="bbox 2157 5050 3822 5119">
     <span class='ocr_line' id='line_1_107' title="bbox 2157 5050 3822 5119; baseline -0.002 -5"><span class='ocrx_word' id='word_1_765' title='bbox 2157 5077 2400 5115; x_wconf 88' lang='lat' dir='ltr'>messem</span> <span class='ocrx_word' id='word_1_766' title='bbox 2446 5079 2563 5116; x_wconf 90' lang='lat' dir='ltr'>non</span> <span class='ocrx_word' id='word_1_767' title='bbox 2610 5065 2949 5118; x_wconf 88' lang='lat' dir='ltr'>mittendam</span> <span class='ocrx_word' id='word_1_768' title='bbox 3003 5081 3123 5119; x_wconf 88' lang='lat' dir='ltr'>esse</span> <span class='ocrx_word' id='word_1_769' title='bbox 3188 5065 3675 5118; x_wconf 88' lang='lat' dir='ltr'>memineramus:</span> <span class='ocrx_word' id='word_1_770' title='bbox 3748 5050 3822 5105; x_wconf 74' lang='lat' dir='ltr'>sed</span> 
     </span>
    </p>
   </div>
   <div class='ocr_carea' id='block_1_108' title="bbox 2159 5142 3821 5223">
    <p class='ocr_par' dir='ltr' id='par_1_108' title="bbox 2159 5142 3821 5223">
     <span class='ocr_line' id='line_1_108' title="bbox 2159 5142 3821 5223; baseline -0.007 -19"><span class='ocrx_word' id='word_1_771' title='bbox 2159 5150 2432 5220; x_wconf 90' lang='lat' dir='ltr'>quoniam</span> <span class='ocrx_word' id='word_1_772' title='bbox 2461 5153 2699 5222; x_wconf 88' lang='lat' dir='ltr'>longum</span> <span class='ocrx_word' id='word_1_773' title='bbox 2743 5154 2798 5208; x_wconf 88' lang='lat' dir='ltr'>id</span> <span class='ocrx_word' id='word_1_774' title='bbox 2841 5153 3101 5209; x_wconf 88' lang='lat' dir='ltr'>futurum</span> <span class='ocrx_word' id='word_1_775' title='bbox 3131 5153 3439 5223; x_wconf 90' lang='lat' dir='ltr'>negotium</span> <span class='ocrx_word' id='word_1_776' title='bbox 3471 5167 3560 5205; x_wconf 87' lang='lat' dir='ltr'>res</span> <span class='ocrx_word' id='word_1_777' title='bbox 3587 5142 3821 5217; x_wconf 85' lang='lat' dir='ltr'>loqueba-</span> 
     </span>
    </p>
   </div>
   <div class='ocr_carea' id='block_1_109' title="bbox 2156 5229 3822 5310">
    <p class='ocr_par' dir='ltr' id='par_1_109' title="bbox 2156 5229 3822 5310">
     <span class='ocr_line' id='line_1_109' title="bbox 2156 5229 3822 5310; baseline -0.004 -18"><span class='ocrx_word' id='word_1_778' title='bbox 2156 5242 2272 5305; x_wconf 90' lang='lat' dir='ltr'>tur,</span> <span class='ocrx_word' id='word_1_779' title='bbox 2303 5257 2490 5310; x_wconf 90' lang='lat' dir='ltr'>neque</span> <span class='ocrx_word' id='word_1_780' title='bbox 2521 5241 2673 5294; x_wconf 91' lang='lat' dir='ltr'>enim</span> <span class='ocrx_word' id='word_1_781' title='bbox 2718 5258 2852 5296; x_wconf 89' lang='lat' dir='ltr'>sane</span> <span class='ocrx_word' id='word_1_782' title='bbox 2901 5243 3044 5296; x_wconf 89' lang='lat' dir='ltr'>tanti</span> <span class='ocrx_word' id='word_1_783' title='bbox 3085 5242 3369 5296; x_wconf 87' lang='lat' dir='ltr'>momenti</span> <span class='ocrx_word' id='word_1_784' title='bbox 3401 5256 3569 5294; x_wconf 74' lang='lat' dir='ltr'>causa</span> <span class='ocrx_word' id='word_1_785' title='bbox 3597 5229 3822 5308; x_wconf 54' lang='lat' dir='ltr'>praecipi-</span> 
     </span>
    </p>
   </div>
   <div class='ocr_carea' id='block_1_110' title="bbox 2157 5317 3824 5400">
    <p class='ocr_par' dir='ltr' id='par_1_110' title="bbox 2157 5317 3824 5400">
     <span class='ocr_line' id='line_1_110' title="bbox 2157 5317 3824 5400; baseline -0.006 -18"><span class='ocrx_word' id='word_1_786' title='bbox 2157 5328 2266 5382; x_wconf 89' lang='lat' dir='ltr'>tari</span> <span class='ocrx_word' id='word_1_787' title='bbox 2296 5328 2482 5396; x_wconf 85' lang='lat' dir='ltr'>debet,</span> <span class='ocrx_word' id='word_1_788' title='bbox 2533 5329 2579 5382; x_wconf 92' lang='lat' dir='ltr'>si</span> <span class='ocrx_word' id='word_1_789' title='bbox 2619 5329 2852 5384; x_wconf 90' lang='lat' dir='ltr'>interim</span> <span class='ocrx_word' id='word_1_790' title='bbox 2905 5331 3059 5385; x_wconf 89' lang='lat' dir='ltr'>nuda</span> <span class='ocrx_word' id='word_1_791' title='bbox 3105 5329 3420 5400; x_wconf 87' lang='lat' dir='ltr'>Augustini</span> <span class='ocrx_word' id='word_1_792' title='bbox 3451 5327 3618 5381; x_wconf 86' lang='lat' dir='ltr'>verba</span> <span class='ocrx_word' id='word_1_793' title='bbox 3647 5317 3824 5376; x_wconf 78' lang='lat' dir='ltr'>utenda</span> 
     </span>
    </p>
   </div>
   <div class='ocr_carea' id='block_1_111' title="bbox 2155 5406 3823 5489">
    <p class='ocr_par' dir='ltr' id='par_1_111' title="bbox 2155 5406 3823 5489">
     <span class='ocr_line' id='line_1_111' title="bbox 2155 5406 3823 5489; baseline -0.007 -20"><span class='ocrx_word' id='word_1_794' title='bbox 2155 5415 2398 5470; x_wconf 89' lang='lat' dir='ltr'>fruenda</span> <span class='ocrx_word' id='word_1_795' title='bbox 2417 5433 2886 5488; x_wconf 89' lang='lat' dir='ltr'>proponeremus,</span> <span class='ocrx_word' id='word_1_796' title='bbox 2917 5419 3157 5489; x_wconf 85' lang='lat' dir='ltr'>gratiam</span> <span class='ocrx_word' id='word_1_797' title='bbox 3206 5435 3327 5472; x_wconf 91' lang='lat' dir='ltr'>non</span> <span class='ocrx_word' id='word_1_798' title='bbox 3377 5417 3529 5487; x_wconf 90' lang='lat' dir='ltr'>apud</span> <span class='ocrx_word' id='word_1_799' title='bbox 3556 5414 3697 5466; x_wconf 87' lang='lat' dir='ltr'>viros</span> <span class='ocrx_word' id='word_1_800' title='bbox 3724 5406 3823 5476; x_wconf 78' lang='lat' dir='ltr'>pios</span> 
     </span>
    </p>
   </div>
   <div class='ocr_carea' id='block_1_112' title="bbox 2156 5492 3822 5578">
    <p class='ocr_par' dir='ltr' id='par_1_112' title="bbox 2156 5492 3822 5578">
     <span class='ocr_line' id='line_1_112' title="bbox 2156 5492 3822 5578; baseline -0.007 -21"><span class='ocrx_word' id='word_1_801' title='bbox 2156 5509 2212 5557; x_wconf 88' lang='lat' dir='ltr'>et</span> <span class='ocrx_word' id='word_1_802' title='bbox 2267 5504 2540 5571; x_wconf 83' lang='lat' dir='ltr'>eruditos,</span> <span class='ocrx_word' id='word_1_803' title='bbox 2596 5506 2847 5578; x_wconf 64' lang='lat' dir='ltr'>antiquas</span> <span class='ocrx_word' id='word_1_804' title='bbox 2912 5507 3186 5562; x_wconf 70' lang='lat' dir='ltr'>doctrinm</span> <span class='ocrx_word' id='word_1_805' title='bbox 3243 5509 3532 5568; x_wconf 86' lang='lat' dir='ltr'>amantes,</span> <span class='ocrx_word' id='word_1_806' title='bbox 3588 5492 3822 5554; x_wconf 80' lang='lat' dir='ltr'>Romanis</span> 
     </span>
    </p>
   </div>
  </div>
