  <div class='ocr_page' id='page_1' title='image "/cluster/home/n/w/nwhite01/storage/ocr_20150623/47/hvd.32044096580683/274.png"; bbox 0 0 3920 6180; ppageno 0'>
   <div class='ocr_carea' id='block_1_1' title="bbox 126 265 2792 333">
    <p class='ocr_par' dir='ltr' id='par_1_1' title="bbox 126 265 2792 333">
     <span class='ocr_line' id='line_1_1' title="bbox 126 265 2792 333; baseline -0.002 -6"><span class='ocrx_word' id='word_1_1' title='bbox 126 279 213 329; x_wconf 77' lang='lat'>537</span> <span class='ocrx_word' id='word_1_2' title='bbox 885 265 1242 322; x_wconf 80' lang='lat' dir='ltr'>VABIORUM</span> <span class='ocrx_word' id='word_1_3' title='bbox 1286 267 1892 323; x_wconf 78' lang='lat' dir='ltr'>EXEIICITATIONES</span> <span class='ocrx_word' id='word_1_4' title='bbox 1930 270 1999 323; x_wconf 88' lang='lat' dir='ltr'><strong>IN</strong></span> <span class='ocrx_word' id='word_1_5' title='bbox 2039 270 2093 323; x_wconf 88' lang='lat' dir='ltr'>S.</span> <span class='ocrx_word' id='word_1_6' title='bbox 2138 269 2505 325; x_wconf 85' lang='lat' dir='ltr'><strong>AUGUSTINI</strong></span> <span class='ocrx_word' id='word_1_7' title='bbox 2544 269 2792 333; x_wconf 79' lang='lat' dir='ltr'>OPEBA.</span> 
     </span>
    </p>
   </div>
   <div class='ocr_carea' id='block_1_2' title="bbox 3497 272 3600 324">
    <p class='ocr_par' dir='ltr' id='par_1_2' title="bbox 3497 272 3600 324">
     <span class='ocr_line' id='line_1_2' title="bbox 3497 272 3600 324; baseline 0.01 -1"><span class='ocrx_word' id='word_1_8' title='bbox 3497 272 3600 324; x_wconf 81' lang='lat'>538</span> 
     </span>
    </p>
   </div>
   <div class='ocr_carea' id='block_1_3' title="bbox 74 388 3597 463">
    <p class='ocr_par' dir='ltr' id='par_1_3' title="bbox 74 388 3597 463">
     <span class='ocr_line' id='line_1_3' title="bbox 74 388 3597 463; baseline -0.001 -13"><span class='ocrx_word' id='word_1_9' title='bbox 74 430 79 435; x_wconf 91' lang='lat'><strong><em>-</em></strong></span> <span class='ocrx_word' id='word_1_10' title='bbox 131 394 549 463; x_wconf 84' lang='lat' dir='ltr'>Florentinisque</span> <span class='ocrx_word' id='word_1_11' title='bbox 601 389 919 445; x_wconf 82' lang='lat' dir='ltr'>editoribus</span> <span class='ocrx_word' id='word_1_12' title='bbox 968 388 1105 460; x_wconf 82' lang='lat' dir='ltr'>ipsis</span> <span class='ocrx_word' id='word_1_13' title='bbox 1152 405 1272 443; x_wconf 89' lang='lat' dir='ltr'>non</span> <span class='ocrx_word' id='word_1_14' title='bbox 1328 389 1540 457; x_wconf 90' lang='lat' dir='ltr'>invitis,</span> <span class='ocrx_word' id='word_1_15' title='bbox 1574 392 1787 461; x_wconf 82' lang='lat' dir='ltr'>quippe</span> <span class='ocrx_word' id='word_1_16' title='bbox 1827 391 1871 444; x_wconf 77' lang='grc' dir='ltr'><strong>Δ</strong></span> <span class='ocrx_word' id='word_1_17' title='bbox 1900 392 2008 445; x_wconf 90' lang='lat' dir='ltr'>hoc</span> <span class='ocrx_word' id='word_1_18' title='bbox 2039 399 2136 445; x_wconf 90' lang='lat' dir='ltr'>tuo</span> <span class='ocrx_word' id='word_1_19' title='bbox 2167 392 2396 447; x_wconf 78' lang='lat' dir='ltr'>silentio</span> <span class='ocrx_word' id='word_1_20' title='bbox 2431 392 2700 445; x_wconf 89' lang='lat' dir='ltr'>nuntium</span> <span class='ocrx_word' id='word_1_21' title='bbox 2730 391 3061 461; x_wconf 53' lang='lat' dir='ltr'>:remiseris;</span> <span class='ocrx_word' id='word_1_22' title='bbox 3104 391 3423 460; x_wconf 72' lang='lat' dir='ltr'>prtesertim</span> <span class='ocrx_word' id='word_1_23' title='bbox 3467 410 3597 447; x_wconf 89' lang='lat' dir='ltr'>cum</span> 
     </span>
    </p>
   </div>
   <div class='ocr_carea' id='block_1_4' title="bbox 127 477 1786 556">
    <p class='ocr_par' dir='ltr' id='par_1_4' title="bbox 127 477 1786 556">
     <span class='ocr_line' id='line_1_4' title="bbox 127 477 1786 556; baseline -0.002 -19"><span class='ocrx_word' id='word_1_24' title='bbox 127 499 345 556; x_wconf 89' lang='lat' dir='ltr'>quorum</span> <span class='ocrx_word' id='word_1_25' title='bbox 374 479 663 534; x_wconf 70' lang='lat' dir='ltr'>industriae</span> <span class='ocrx_word' id='word_1_26' title='bbox 705 478 928 532; x_wconf 89' lang='lat' dir='ltr'>nullum</span> <span class='ocrx_word' id='word_1_27' title='bbox 984 477 1119 531; x_wconf 91' lang='lat' dir='ltr'>hinc</span> <span class='ocrx_word' id='word_1_28' title='bbox 1149 478 1470 545; x_wconf 84' lang='lat' dir='ltr'>sufflamen,</span> <span class='ocrx_word' id='word_1_29' title='bbox 1532 496 1661 534; x_wconf 90' lang='lat' dir='ltr'>cum</span> <span class='ocrx_word' id='word_1_30' title='bbox 1715 497 1786 533; x_wconf 90' lang='lat' dir='ltr'>ne</span> 
     </span>
    </p>
   </div>
   <div class='ocr_carea' id='block_1_5' title="bbox 127 566 1786 637">
    <p class='ocr_par' dir='ltr' id='par_1_5' title="bbox 127 566 1786 637">
     <span class='ocr_line' id='line_1_5' title="bbox 127 566 1786 637; baseline -0.002 -12"><span class='ocrx_word' id='word_1_31' title='bbox 127 568 463 627; x_wconf 86' lang='lat' dir='ltr'>dedicationis</span> <span class='ocrx_word' id='word_1_32' title='bbox 496 566 726 637; x_wconf 84' lang='lat' dir='ltr'>quidem</span> <span class='ocrx_word' id='word_1_33' title='bbox 758 566 957 620; x_wconf 83' lang='lat' dir='ltr'>ﬂorem</span> <span class='ocrx_word' id='word_1_34' title='bbox 989 566 1512 635; x_wconf 62' lang='lat' dir='ltr'>praecerpserimus,</span> <span class='ocrx_word' id='word_1_35' title='bbox 1542 568 1786 622; x_wconf 84' lang='lat' dir='ltr'>inituros</span> 
     </span>
    </p>
   </div>
   <div class='ocr_carea' id='block_1_6' title="bbox 131 654 1785 729">
    <p class='ocr_par' dir='ltr' id='par_1_6' title="bbox 131 654 1785 729">
     <span class='ocr_line' id='line_1_6' title="bbox 131 654 1785 729; baseline -0.002 -16"><span class='ocrx_word' id='word_1_36' title='bbox 131 657 462 729; x_wconf 81' lang='lat' dir='ltr'>speravimus.</span> <span class='ocrx_word' id='word_1_37' title='bbox 510 655 842 723; x_wconf 80' lang='lat' dir='ltr'>Exemplum</span> <span class='ocrx_word' id='word_1_38' title='bbox 877 655 1055 707; x_wconf 83' lang='lat' dir='ltr'>Roma</span> <span class='ocrx_word' id='word_1_39' title='bbox 1095 654 1330 707; x_wconf 88' lang='lat' dir='ltr'>missum</span> <span class='ocrx_word' id='word_1_40' title='bbox 1365 671 1495 708; x_wconf 91' lang='lat' dir='ltr'>cum</span> <span class='ocrx_word' id='word_1_41' title='bbox 1547 656 1659 709; x_wconf 86' lang='lat' dir='ltr'>ﬁde</span> <span class='ocrx_word' id='word_1_42' title='bbox 1694 673 1785 710; x_wconf 84' lang='lat' dir='ltr'>ex-</span> 
     </span>
    </p>
   </div>
   <div class='ocr_carea' id='block_1_7' title="bbox 130 741 1781 817">
    <p class='ocr_par' dir='ltr' id='par_1_7' title="bbox 130 741 1781 817">
     <span class='ocr_line' id='line_1_7' title="bbox 130 741 1781 817; baseline -0.001 -18"><span class='ocrx_word' id='word_1_43' title='bbox 130 746 422 817; x_wconf 83' lang='lat' dir='ltr'>pressimus,</span> <span class='ocrx_word' id='word_1_44' title='bbox 456 747 514 797; x_wconf 87' lang='lat' dir='ltr'>et</span> <span class='ocrx_word' id='word_1_45' title='bbox 570 742 837 796; x_wconf 80' lang='lat' dir='ltr'>lectiones</span> <span class='ocrx_word' id='word_1_46' title='bbox 880 741 1163 795; x_wconf 83' lang='lat' dir='ltr'>variantes</span> <span class='ocrx_word' id='word_1_47' title='bbox 1194 742 1263 795; x_wconf 88' lang='lat' dir='ltr'>ad</span> <span class='ocrx_word' id='word_1_48' title='bbox 1296 758 1453 796; x_wconf 89' lang='lat' dir='ltr'>oram</span> <span class='ocrx_word' id='word_1_49' title='bbox 1504 745 1781 814; x_wconf 73' lang='lat' dir='ltr'>ascriptze,</span> 
     </span>
    </p>
   </div>
   <div class='ocr_carea' id='block_1_8' title="bbox 123 830 1786 902">
    <p class='ocr_par' dir='ltr' id='par_1_8' title="bbox 123 830 1786 902">
     <span class='ocr_line' id='line_1_8' title="bbox 123 830 1786 902; baseline 0 -15"><span class='ocrx_word' id='word_1_50' title='bbox 123 834 235 887; x_wconf 89' lang='lat' dir='ltr'>inde</span> <span class='ocrx_word' id='word_1_51' title='bbox 289 837 446 885; x_wconf 90' lang='lat' dir='ltr'>sunt:</span> <span class='ocrx_word' id='word_1_52' title='bbox 495 831 590 885; x_wconf 89' lang='lat' dir='ltr'>sed</span> <span class='ocrx_word' id='word_1_53' title='bbox 623 846 751 901; x_wconf 64' lang='lat' dir='ltr'>quas</span> <span class='ocrx_word' id='word_1_54' title='bbox 782 830 842 883; x_wconf 91' lang='lat' dir='ltr'>in</span> <span class='ocrx_word' id='word_1_55' title='bbox 868 830 985 883; x_wconf 89' lang='lat' dir='ltr'>ima</span> <span class='ocrx_word' id='word_1_56' title='bbox 1014 830 1223 900; x_wconf 81' lang='lat' dir='ltr'>pagina</span> <span class='ocrx_word' id='word_1_57' title='bbox 1253 832 1560 902; x_wconf 87' lang='lat' dir='ltr'>plerasque</span> <span class='ocrx_word' id='word_1_58' title='bbox 1614 836 1786 888; x_wconf 80' lang='lat' dir='ltr'>Anto-</span> 
     </span>
    </p>
   </div>
   <div class='ocr_carea' id='block_1_9' title="bbox 122 918 1788 991">
    <p class='ocr_par' dir='ltr' id='par_1_9' title="bbox 122 918 1788 991">
     <span class='ocr_line' id='line_1_9' title="bbox 122 918 1788 991; baseline 0 -15"><span class='ocrx_word' id='word_1_59' title='bbox 122 924 230 977; x_wconf 90' lang='lat' dir='ltr'>nius</span> <span class='ocrx_word' id='word_1_60' title='bbox 261 921 507 973; x_wconf 86' lang='lat' dir='ltr'>Velserus</span> <span class='ocrx_word' id='word_1_61' title='bbox 531 919 837 973; x_wconf 87' lang='lat' dir='ltr'>canonicus</span> <span class='ocrx_word' id='word_1_62' title='bbox 870 918 1264 988; x_wconf 87' lang='lat' dir='ltr'>Frisingensis,</span> <span class='ocrx_word' id='word_1_63' title='bbox 1298 918 1446 973; x_wconf 90' lang='lat' dir='ltr'>inter</span> <span class='ocrx_word' id='word_1_64' title='bbox 1482 921 1788 991; x_wconf 89' lang='lat' dir='ltr'>legendum</span> 
     </span>
    </p>
   </div>
   <div class='ocr_carea' id='block_1_10' title="bbox 123 1007 1788 1079">
    <p class='ocr_par' dir='ltr' id='par_1_10' title="bbox 123 1007 1788 1079">
     <span class='ocr_line' id='line_1_10' title="bbox 123 1007 1788 1079; baseline 0.001 -17"><span class='ocrx_word' id='word_1_65' title='bbox 123 1008 360 1063; x_wconf 85' lang='lat' dir='ltr'>subitaria</span> <span class='ocrx_word' id='word_1_66' title='bbox 390 1009 711 1078; x_wconf 85' lang='lat' dir='ltr'>conjectura</span> <span class='ocrx_word' id='word_1_67' title='bbox 745 1007 1055 1068; x_wconf 87' lang='lat' dir='ltr'>adnotavit,</span> <span class='ocrx_word' id='word_1_68' title='bbox 1086 1023 1295 1077; x_wconf 87' lang='lat' dir='ltr'>paucas</span> <span class='ocrx_word' id='word_1_69' title='bbox 1322 1007 1558 1079; x_wconf 89' lang='lat' dir='ltr'>aliquas,</span> <span class='ocrx_word' id='word_1_70' title='bbox 1613 1011 1788 1063; x_wconf 85' lang='lat' dir='ltr'>auda-</span> 
     </span>
    </p>
   </div>
   <div class='ocr_carea' id='block_1_11' title="bbox 120 1095 1785 1167">
    <p class='ocr_par' dir='ltr' id='par_1_11' title="bbox 120 1095 1785 1167">
     <span class='ocr_line' id='line_1_11' title="bbox 120 1095 1785 1167; baseline 0.001 -16"><span class='ocrx_word' id='word_1_71' title='bbox 120 1098 277 1151; x_wconf 88' lang='lat' dir='ltr'>ciores</span> <span class='ocrx_word' id='word_1_72' title='bbox 325 1097 497 1167; x_wconf 90' lang='lat' dir='ltr'>paulo</span> <span class='ocrx_word' id='word_1_73' title='bbox 555 1113 669 1149; x_wconf 93' lang='lat' dir='ltr'>non</span> <span class='ocrx_word' id='word_1_74' title='bbox 728 1095 1009 1166; x_wconf 83' lang='lat' dir='ltr'>agnoscit.</span> <span class='ocrx_word' id='word_1_75' title='bbox 1084 1097 1275 1149; x_wconf 89' lang='lat' dir='ltr'>Nullas</span> <span class='ocrx_word' id='word_1_76' title='bbox 1331 1097 1389 1150; x_wconf 91' lang='lat' dir='ltr'>in</span> <span class='ocrx_word' id='word_1_77' title='bbox 1440 1103 1785 1163; x_wconf 81' lang='lat' dir='ltr'>contextum,</span> 
     </span>
    </p>
   </div>
   <div class='ocr_carea' id='block_1_12' title="bbox 122 1184 1786 1257">
    <p class='ocr_par' dir='ltr' id='par_1_12' title="bbox 122 1184 1786 1257">
     <span class='ocr_line' id='line_1_12' title="bbox 122 1184 1786 1257; baseline 0.001 -19"><span class='ocrx_word' id='word_1_78' title='bbox 122 1185 391 1257; x_wconf 85' lang='lat' dir='ltr'>quantavis</span> <span class='ocrx_word' id='word_1_79' title='bbox 412 1184 830 1255; x_wconf 87' lang='lat' dir='ltr'>prohabilitatis</span> <span class='ocrx_word' id='word_1_80' title='bbox 843 1185 1029 1254; x_wconf 88' lang='lat' dir='ltr'>specie</span> <span class='ocrx_word' id='word_1_81' title='bbox 1051 1185 1429 1254; x_wconf 85' lang='lat' dir='ltr'>blandientes,</span> <span class='ocrx_word' id='word_1_82' title='bbox 1446 1188 1786 1257; x_wconf 85' lang='lat' dir='ltr'>recepimus.</span> 
     </span>
    </p>
   </div>
   <div class='ocr_carea' id='block_1_13' title="bbox 178 1273 1789 1346">
    <p class='ocr_par' dir='ltr' id='par_1_13' title="bbox 178 1273 1789 1346">
     <span class='ocr_line' id='line_1_13' title="bbox 178 1273 1789 1346; baseline 0.001 -18"><span class='ocrx_word' id='word_1_83' title='bbox 178 1273 415 1328; x_wconf 75' lang='lat' dir='ltr'>Meminit</span> <span class='ocrx_word' id='word_1_84' title='bbox 452 1280 731 1342; x_wconf 66' lang='lat' dir='ltr'>praeterea</span> <span class='ocrx_word' id='word_1_85' title='bbox 770 1275 942 1343; x_wconf 84' lang='lat' dir='ltr'>hujus</span> <span class='ocrx_word' id='word_1_86' title='bbox 994 1273 1127 1328; x_wconf 90' lang='lat' dir='ltr'>libri</span> <span class='ocrx_word' id='word_1_87' title='bbox 1155 1276 1508 1346; x_wconf 85' lang='lat' dir='ltr'>Augustinus</span> <span class='ocrx_word' id='word_1_88' title='bbox 1558 1277 1701 1331; x_wconf 91' lang='lat' dir='ltr'>libro</span> <span class='ocrx_word' id='word_1_89' title='bbox 1754 1296 1789 1331; x_wconf 80' lang='grc' dir='ltr'>ιι</span> 
     </span>
    </p>
   </div>
   <div class='ocr_carea' id='block_1_14' title="bbox 117 1362 1784 1434">
    <p class='ocr_par' dir='ltr' id='par_1_14' title="bbox 117 1362 1784 1434">
     <span class='ocr_line' id='line_1_14' title="bbox 117 1362 1784 1434; baseline 0.001 -17"><span class='ocrx_word' id='word_1_90' title='bbox 117 1364 174 1417; x_wconf 89' lang='lat' dir='ltr'>de</span> <span class='ocrx_word' id='word_1_91' title='bbox 204 1365 346 1417; x_wconf 80' lang='lat' dir='ltr'>Pecc.</span> <span class='ocrx_word' id='word_1_92' title='bbox 378 1362 626 1433; x_wconf 88' lang='lat' dir='ltr'>Origin.,</span> <span class='ocrx_word' id='word_1_93' title='bbox 659 1379 781 1434; x_wconf 89' lang='lat' dir='ltr'>cap.</span> <span class='ocrx_word' id='word_1_94' title='bbox 824 1367 913 1416; x_wconf 73' lang='lat'>14:</span> <span class='ocrx_word' id='word_1_95' title='bbox 947 1363 1098 1429; x_wconf 86' lang='lat' dir='ltr'>Quod</span> <span class='ocrx_word' id='word_1_96' title='bbox 1149 1369 1332 1420; x_wconf 85' lang='lat' dir='ltr'>autem</span> <span class='ocrx_word' id='word_1_97' title='bbox 1378 1368 1549 1433; x_wconf 78' lang='lat' dir='ltr'>scitis,</span> <span class='ocrx_word' id='word_1_98' title='bbox 1584 1371 1784 1420; x_wconf 90' lang='lat' dir='ltr'>etc.....</span> 
     </span>
    </p>
   </div>
   <div class='ocr_carea' id='block_1_15' title="bbox 119 1453 614 1520">
    <p class='ocr_par' dir='ltr' id='par_1_15' title="bbox 119 1453 614 1520">
     <span class='ocr_line' id='line_1_15' title="bbox 119 1453 614 1520; baseline -0.002 -15"><span class='ocrx_word' id='word_1_99' title='bbox 119 1453 373 1505; x_wconf 79' lang='lat' dir='ltr'>Aurelium</span> <span class='ocrx_word' id='word_1_100' title='bbox 395 1454 614 1520; x_wconf 79' lang='lat' dir='ltr'>scripsi.</span> 
     </span>
    </p>
   </div>
   <div class='ocr_carea' id='block_1_16' title="bbox 181 1540 1791 1610">
    <p class='ocr_par' dir='ltr' id='par_1_16' title="bbox 181 1540 1791 1610">
     <span class='ocr_line' id='line_1_16' title="bbox 181 1540 1791 1610; baseline 0.002 -16"><span class='ocrx_word' id='word_1_101' title='bbox 181 1540 453 1594; x_wconf 88' lang='lat' dir='ltr'>Possidius</span> <span class='ocrx_word' id='word_1_102' title='bbox 498 1540 558 1593; x_wconf 93' lang='lat' dir='ltr'>in</span> <span class='ocrx_word' id='word_1_103' title='bbox 597 1540 867 1606; x_wconf 89' lang='lat' dir='ltr'>indiculo,</span> <span class='ocrx_word' id='word_1_104' title='bbox 902 1555 1024 1610; x_wconf 90' lang='lat' dir='ltr'>cap.</span> <span class='ocrx_word' id='word_1_105' title='bbox 1076 1542 1129 1606; x_wconf 86' lang='grc'>4,</span> <span class='ocrx_word' id='word_1_106' title='bbox 1162 1546 1351 1595; x_wconf 84' lang='lat' dir='ltr'>contra</span> <span class='ocrx_word' id='word_1_107' title='bbox 1402 1548 1552 1610; x_wconf 84' lang='lat' dir='ltr'>gesta</span> <span class='ocrx_word' id='word_1_108' title='bbox 1584 1545 1791 1609; x_wconf 85' lang='lat' dir='ltr'>Pelagii</span> 
     </span>
    </p>
   </div>
   <div class='ocr_carea' id='block_1_17' title="bbox 116 1621 402 1674">
    <p class='ocr_par' dir='ltr' id='par_1_17' title="bbox 116 1621 402 1674">
     <span class='ocr_line' id='line_1_17' title="bbox 116 1621 402 1674; baseline 0.003 -3"><span class='ocrx_word' id='word_1_109' title='bbox 116 1621 231 1673; x_wconf 84' lang='lat' dir='ltr'>liber</span> <span class='ocrx_word' id='word_1_110' title='bbox 253 1636 402 1674; x_wconf 86' lang='lat' dir='ltr'>unus.</span> 
     </span>
    </p>
   </div>
   <div class='ocr_carea' id='block_1_18' title="bbox 176 1708 1784 1781">
    <p class='ocr_par' dir='ltr' id='par_1_18' title="bbox 176 1708 1784 1781">
     <span class='ocr_line' id='line_1_18' title="bbox 176 1708 1784 1781; baseline 0.002 -19"><span class='ocrx_word' id='word_1_111' title='bbox 176 1710 233 1762; x_wconf 89' lang='lat' dir='ltr'>Et</span> <span class='ocrx_word' id='word_1_112' title='bbox 257 1709 491 1763; x_wconf 88' lang='lat' dir='ltr'>Photius</span> <span class='ocrx_word' id='word_1_113' title='bbox 526 1710 583 1762; x_wconf 90' lang='lat' dir='ltr'>in</span> <span class='ocrx_word' id='word_1_114' title='bbox 618 1709 884 1763; x_wconf 89' lang='lat' dir='ltr'>Biblioth.</span> <span class='ocrx_word' id='word_1_115' title='bbox 931 1710 1155 1763; x_wconf 86' lang='lat' dir='ltr'>Andrea</span> <span class='ocrx_word' id='word_1_116' title='bbox 1185 1708 1415 1764; x_wconf 91' lang='lat' dir='ltr'>Schotto</span> <span class='ocrx_word' id='word_1_117' title='bbox 1449 1710 1784 1781; x_wconf 78' lang='lat' dir='ltr'>interprete,</span> 
     </span>
    </p>
   </div>
   <div class='ocr_carea' id='block_1_19' title="bbox 118 1799 1786 1868">
    <p class='ocr_par' dir='ltr' id='par_1_19' title="bbox 118 1799 1786 1868">
     <span class='ocr_line' id='line_1_19' title="bbox 118 1799 1786 1868; baseline 0.002 -17"><span class='ocrx_word' id='word_1_118' title='bbox 118 1814 251 1851; x_wconf 88' lang='lat' dir='ltr'>num.</span> <span class='ocrx_word' id='word_1_119' title='bbox 289 1800 382 1852; x_wconf 65' lang='lat'>54:</span> <span class='ocrx_word' id='word_1_120' title='bbox 417 1800 672 1865; x_wconf 81' lang='lat' dir='ltr'>Pelagius</span> <span class='ocrx_word' id='word_1_121' title='bbox 705 1802 762 1851; x_wconf 88' lang='lat' dir='ltr'>in</span> <span class='ocrx_word' id='word_1_122' title='bbox 791 1814 853 1852; x_wconf 84' lang='lat' dir='ltr'>ea</span> <span class='ocrx_word' id='word_1_123' title='bbox 886 1799 1107 1867; x_wconf 83' lang='lat' dir='ltr'>synodo,</span> <span class='ocrx_word' id='word_1_124' title='bbox 1164 1802 1360 1852; x_wconf 90' lang='lat' dir='ltr'>etc.....</span> <span class='ocrx_word' id='word_1_125' title='bbox 1396 1800 1483 1853; x_wconf 85' lang='lat' dir='ltr'>Sic</span> <span class='ocrx_word' id='word_1_126' title='bbox 1522 1802 1786 1868; x_wconf 83' lang='lat' dir='ltr'>Augusti-</span> 
     </span>
    </p>
   </div>
   <div class='ocr_carea' id='block_1_20' title="bbox 114 1884 1785 1957">
    <p class='ocr_par' dir='ltr' id='par_1_20' title="bbox 114 1884 1785 1957">
     <span class='ocr_line' id='line_1_20' title="bbox 114 1884 1785 1957; baseline 0.004 -20"><span class='ocrx_word' id='word_1_127' title='bbox 114 1901 197 1938; x_wconf 81' lang='lat' dir='ltr'>nus</span> <span class='ocrx_word' id='word_1_128' title='bbox 220 1887 273 1938; x_wconf 80' lang='lat' dir='ltr'>in</span> <span class='ocrx_word' id='word_1_129' title='bbox 302 1884 368 1939; x_wconf 86' lang='lat' dir='ltr'>iis</span> <span class='ocrx_word' id='word_1_130' title='bbox 410 1901 535 1953; x_wconf 75' lang='lat' dir='ltr'>quae</span> <span class='ocrx_word' id='word_1_131' title='bbox 572 1886 646 1938; x_wconf 87' lang='lat' dir='ltr'>ad</span> <span class='ocrx_word' id='word_1_132' title='bbox 696 1886 979 1940; x_wconf 82' lang='lat' dir='ltr'>Aurelium</span> <span class='ocrx_word' id='word_1_133' title='bbox 1021 1886 1282 1955; x_wconf 84' lang='lat' dir='ltr'>Carthag.</span> <span class='ocrx_word' id='word_1_134' title='bbox 1336 1887 1499 1955; x_wconf 84' lang='lat' dir='ltr'>episc.</span> <span class='ocrx_word' id='word_1_135' title='bbox 1546 1890 1785 1957; x_wconf 81' lang='lat' dir='ltr'>scripsit,</span> 
     </span>
    </p>
   </div>
   <div class='ocr_carea' id='block_1_21' title="bbox 118 1976 282 2039">
    <p class='ocr_par' dir='ltr' id='par_1_21' title="bbox 118 1976 282 2039">
     <span class='ocr_line' id='line_1_21' title="bbox 118 1976 282 2039; baseline 0.006 -13"><span class='ocrx_word' id='word_1_136' title='bbox 118 1976 282 2039; x_wconf 59' lang='lat' dir='ltr'>refert.</span> 
     </span>
    </p>
   </div>
   <div class='ocr_carea' id='block_1_22' title="bbox 173 2060 1785 2132">
    <p class='ocr_par' dir='ltr' id='par_1_22' title="bbox 173 2060 1785 2132">
     <span class='ocr_line' id='line_1_22' title="bbox 173 2060 1785 2132; baseline 0.002 -19"><span class='ocrx_word' id='word_1_137' title='bbox 173 2060 373 2114; x_wconf 75' lang='lat' dir='ltr'>Caetera</span> <span class='ocrx_word' id='word_1_138' title='bbox 403 2061 473 2114; x_wconf 90' lang='lat' dir='ltr'>de</span> <span class='ocrx_word' id='word_1_139' title='bbox 525 2061 741 2132; x_wconf 84' lang='lat' dir='ltr'>synodo</span> <span class='ocrx_word' id='word_1_140' title='bbox 775 2066 831 2115; x_wconf 92' lang='lat' dir='ltr'>et</span> <span class='ocrx_word' id='word_1_141' title='bbox 858 2065 973 2115; x_wconf 83' lang='lat' dir='ltr'>tota</span> <span class='ocrx_word' id='word_1_142' title='bbox 1018 2062 1122 2115; x_wconf 87' lang='lat' dir='ltr'>hac</span> <span class='ocrx_word' id='word_1_143' title='bbox 1150 2078 1339 2127; x_wconf 85' lang='lat' dir='ltr'>causa,</span> <span class='ocrx_word' id='word_1_144' title='bbox 1397 2078 1430 2116; x_wconf 90' lang='lat' dir='ltr'>a</span> <span class='ocrx_word' id='word_1_145' title='bbox 1459 2063 1611 2116; x_wconf 87' lang='lat' dir='ltr'>card.</span> <span class='ocrx_word' id='word_1_146' title='bbox 1680 2064 1785 2117; x_wconf 84' lang='lat' dir='ltr'>Ba-</span> 
     </span>
    </p>
   </div>
   <div class='ocr_carea' id='block_1_23' title="bbox 116 2148 1786 2222">
    <p class='ocr_par' dir='ltr' id='par_1_23' title="bbox 116 2148 1786 2222">
     <span class='ocr_line' id='line_1_23' title="bbox 116 2148 1786 2222; baseline 0.003 -22"><span class='ocrx_word' id='word_1_147' title='bbox 116 2148 273 2215; x_wconf 86' lang='lat' dir='ltr'>ronio,</span> <span class='ocrx_word' id='word_1_148' title='bbox 294 2149 391 2219; x_wconf 88' lang='lat' dir='ltr'>qui</span> <span class='ocrx_word' id='word_1_149' title='bbox 419 2149 728 2218; x_wconf 85' lang='lat' dir='ltr'>Augustini</span> <span class='ocrx_word' id='word_1_150' title='bbox 760 2150 970 2203; x_wconf 91' lang='lat' dir='ltr'>librum</span> <span class='ocrx_word' id='word_1_151' title='bbox 1002 2150 1240 2220; x_wconf 90' lang='lat' dir='ltr'>periisse</span> <span class='ocrx_word' id='word_1_152' title='bbox 1271 2151 1529 2218; x_wconf 80' lang='lat' dir='ltr'>credidit,</span> <span class='ocrx_word' id='word_1_153' title='bbox 1564 2168 1630 2205; x_wconf 83' lang='lat' dir='ltr'>ex</span> <span class='ocrx_word' id='word_1_154' title='bbox 1663 2152 1786 2222; x_wconf 90' lang='lat' dir='ltr'>ipso</span> 
     </span>
    </p>
   </div>
   <div class='ocr_carea' id='block_1_24' title="bbox 112 2237 1789 2310">
    <p class='ocr_par' dir='ltr' id='par_1_24' title="bbox 112 2237 1789 2310">
     <span class='ocr_line' id='line_1_24' title="bbox 112 2237 1789 2310; baseline 0.002 -20"><span class='ocrx_word' id='word_1_155' title='bbox 112 2237 155 2290; x_wconf 80' lang='lat' dir='ltr'>S.</span> <span class='ocrx_word' id='word_1_156' title='bbox 186 2237 515 2307; x_wconf 78' lang='lat' dir='ltr'>Augustino,</span> <span class='ocrx_word' id='word_1_157' title='bbox 573 2239 625 2292; x_wconf 91' lang='lat' dir='ltr'>S.</span> <span class='ocrx_word' id='word_1_158' title='bbox 684 2238 1030 2308; x_wconf 87' lang='lat' dir='ltr'>Hieronymo</span> <span class='ocrx_word' id='word_1_159' title='bbox 1080 2244 1135 2292; x_wconf 92' lang='lat' dir='ltr'>et</span> <span class='ocrx_word' id='word_1_160' title='bbox 1163 2239 1216 2293; x_wconf 90' lang='lat' dir='ltr'>S.</span> <span class='ocrx_word' id='word_1_161' title='bbox 1255 2241 1533 2310; x_wconf 90' lang='lat' dir='ltr'>Prospero</span> <span class='ocrx_word' id='word_1_162' title='bbox 1592 2241 1663 2294; x_wconf 90' lang='lat' dir='ltr'>ad</span> <span class='ocrx_word' id='word_1_163' title='bbox 1695 2257 1789 2293; x_wconf 86' lang='lat' dir='ltr'>an-</span> 
     </span>
    </p>
   </div>
   <div class='ocr_carea' id='block_1_25' title="bbox 114 2326 1786 2397">
    <p class='ocr_par' dir='ltr' id='par_1_25' title="bbox 114 2326 1786 2397">
     <span class='ocr_line' id='line_1_25' title="bbox 114 2326 1786 2397; baseline 0.004 -19"><span class='ocrx_word' id='word_1_164' title='bbox 114 2341 226 2378; x_wconf 89' lang='lat' dir='ltr'>num</span> <span class='ocrx_word' id='word_1_165' title='bbox 257 2326 463 2380; x_wconf 82' lang='lat' dir='ltr'>Christi</span> <span class='ocrx_word' id='word_1_166' title='bbox 497 2330 601 2380; x_wconf 77' lang='lat' dir='ltr'>6l5</span> <span class='ocrx_word' id='word_1_167' title='bbox 637 2333 692 2380; x_wconf 85' lang='lat' dir='ltr'>et</span> <span class='ocrx_word' id='word_1_168' title='bbox 722 2343 880 2397; x_wconf 88' lang='lat' dir='ltr'>seq.,</span> <span class='ocrx_word' id='word_1_169' title='bbox 914 2332 1085 2397; x_wconf 83' lang='lat' dir='ltr'>atque</span> <span class='ocrx_word' id='word_1_170' title='bbox 1114 2345 1147 2381; x_wconf 88' lang='lat' dir='ltr'>a</span> <span class='ocrx_word' id='word_1_171' title='bbox 1174 2328 1447 2382; x_wconf 90' lang='lat' dir='ltr'>Severino</span> <span class='ocrx_word' id='word_1_172' title='bbox 1510 2329 1668 2383; x_wconf 91' lang='lat' dir='ltr'>Binio</span> <span class='ocrx_word' id='word_1_173' title='bbox 1728 2330 1786 2384; x_wconf 90' lang='lat' dir='ltr'>in</span> 
     </span>
    </p>
   </div>
   <div class='ocr_carea' id='block_1_26' title="bbox 113 2413 1784 2487">
    <p class='ocr_par' dir='ltr' id='par_1_26' title="bbox 113 2413 1784 2487">
     <span class='ocr_line' id='line_1_26' title="bbox 113 2413 1784 2487; baseline 0.003 -21"><span class='ocrx_word' id='word_1_174' title='bbox 113 2413 270 2481; x_wconf 86' lang='lat' dir='ltr'>primo</span> <span class='ocrx_word' id='word_1_175' title='bbox 301 2414 614 2469; x_wconf 86' lang='lat' dir='ltr'>Concilior.</span> <span class='ocrx_word' id='word_1_176' title='bbox 670 2421 825 2469; x_wconf 90' lang='lat' dir='ltr'>tomo</span> <span class='ocrx_word' id='word_1_177' title='bbox 854 2416 1159 2486; x_wconf 88' lang='lat' dir='ltr'>diligenter</span> <span class='ocrx_word' id='word_1_178' title='bbox 1180 2422 1236 2470; x_wconf 90' lang='lat' dir='ltr'>et</span> <span class='ocrx_word' id='word_1_179' title='bbox 1264 2418 1490 2487; x_wconf 91' lang='lat' dir='ltr'>copiose</span> <span class='ocrx_word' id='word_1_180' title='bbox 1530 2419 1784 2484; x_wconf 87' lang='lat' dir='ltr'>collecta,</span> 
     </span>
    </p>
   </div>
   <div class='ocr_carea' id='block_1_27' title="bbox 113 2504 1787 2575">
    <p class='ocr_par' dir='ltr' id='par_1_27' title="bbox 113 2504 1787 2575">
     <span class='ocr_line' id='line_1_27' title="bbox 113 2504 1787 2575; baseline 0.005 -22"><span class='ocrx_word' id='word_1_181' title='bbox 113 2519 205 2555; x_wconf 89' lang='lat' dir='ltr'>non</span> <span class='ocrx_word' id='word_1_182' title='bbox 233 2504 623 2567; x_wconf 81' lang='lat' dir='ltr'>exscribimus,</span> <span class='ocrx_word' id='word_1_183' title='bbox 658 2520 727 2558; x_wconf 91' lang='lat' dir='ltr'>ne</span> <span class='ocrx_word' id='word_1_184' title='bbox 744 2509 934 2558; x_wconf 91' lang='lat' dir='ltr'>actum</span> <span class='ocrx_word' id='word_1_185' title='bbox 966 2521 1221 2575; x_wconf 88' lang='lat' dir='ltr'>agamus.</span> <span class='ocrx_word' id='word_1_186' title='bbox 1257 2506 1453 2559; x_wconf 85' lang='lat' dir='ltr'>Obiter</span> <span class='ocrx_word' id='word_1_187' title='bbox 1486 2522 1787 2561; x_wconf 90' lang='lat' dir='ltr'>monemus</span> 
     </span>
    </p>
   </div>
   <div class='ocr_carea' id='block_1_28' title="bbox 112 2592 1785 2665">
    <p class='ocr_par' dir='ltr' id='par_1_28' title="bbox 112 2592 1785 2665">
     <span class='ocr_line' id='line_1_28' title="bbox 112 2592 1785 2665; baseline 0.004 -23"><span class='ocrx_word' id='word_1_188' title='bbox 112 2607 165 2642; x_wconf 82' lang='lat' dir='ltr'>ea</span> <span class='ocrx_word' id='word_1_189' title='bbox 191 2608 308 2661; x_wconf 65' lang='lat' dir='ltr'>quae</span> <span class='ocrx_word' id='word_1_190' title='bbox 336 2592 693 2662; x_wconf 83' lang='lat' dir='ltr'>Augustinus</span> <span class='ocrx_word' id='word_1_191' title='bbox 724 2593 827 2646; x_wconf 86' lang='lat' dir='ltr'>sub</span> <span class='ocrx_word' id='word_1_192' title='bbox 858 2592 1032 2646; x_wconf 83' lang='lat' dir='ltr'>tinem</span> <span class='ocrx_word' id='word_1_193' title='bbox 1068 2593 1196 2646; x_wconf 84' lang='lat' dir='ltr'>libri</span> <span class='ocrx_word' id='word_1_194' title='bbox 1228 2594 1424 2647; x_wconf 88' lang='lat' dir='ltr'>scribit</span> <span class='ocrx_word' id='word_1_195' title='bbox 1452 2610 1484 2647; x_wconf 88' lang='lat' dir='ltr'>a</span> <span class='ocrx_word' id='word_1_196' title='bbox 1530 2596 1785 2665; x_wconf 87' lang='lat' dir='ltr'>Pelagia-</span> 
     </span>
    </p>
   </div>
   <div class='ocr_carea' id='block_1_29' title="bbox 114 2679 1784 2752">
    <p class='ocr_par' dir='ltr' id='par_1_29' title="bbox 114 2679 1784 2752">
     <span class='ocr_line' id='line_1_29' title="bbox 114 2679 1784 2752; baseline 0.005 -21"><span class='ocrx_word' id='word_1_197' title='bbox 114 2680 184 2732; x_wconf 87' lang='lat' dir='ltr'>nis</span> <span class='ocrx_word' id='word_1_198' title='bbox 210 2679 531 2735; x_wconf 88' lang='lat' dir='ltr'>incredibili</span> <span class='ocrx_word' id='word_1_199' title='bbox 562 2682 795 2735; x_wconf 88' lang='lat' dir='ltr'>audacia</span> <span class='ocrx_word' id='word_1_200' title='bbox 834 2685 1179 2752; x_wconf 88' lang='lat' dir='ltr'>perpetrata,</span> <span class='ocrx_word' id='word_1_201' title='bbox 1218 2685 1283 2737; x_wconf 85' lang='lat' dir='ltr'>Ut</span> <span class='ocrx_word' id='word_1_202' title='bbox 1311 2685 1409 2735; x_wconf 83' lang='lat' dir='ltr'>Dei</span> <span class='ocrx_word' id='word_1_203' title='bbox 1439 2686 1584 2736; x_wconf 84' lang='lat' dir='ltr'>servi</span> <span class='ocrx_word' id='word_1_204' title='bbox 1607 2689 1662 2738; x_wconf 91' lang='lat' dir='ltr'>et</span> <span class='ocrx_word' id='word_1_205' title='bbox 1688 2701 1784 2738; x_wconf 83' lang='lat' dir='ltr'>an-</span> 
     </span>
    </p>
   </div>
   <div class='ocr_carea' id='block_1_30' title="bbox 109 2770 1785 2841">
    <p class='ocr_par' dir='ltr' id='par_1_30' title="bbox 109 2770 1785 2841">
     <span class='ocr_line' id='line_1_30' title="bbox 109 2770 1785 2841; baseline 0.005 -23"><span class='ocrx_word' id='word_1_206' title='bbox 109 2770 224 2821; x_wconf 66' lang='lat' dir='ltr'>cilla;</span> <span class='ocrx_word' id='word_1_207' title='bbox 258 2770 328 2822; x_wconf 83' lang='lat' dir='ltr'>ad</span> <span class='ocrx_word' id='word_1_208' title='bbox 374 2785 568 2823; x_wconf 86' lang='lat' dir='ltr'>curam</span> <span class='ocrx_word' id='word_1_209' title='bbox 615 2771 669 2824; x_wconf 91' lang='lat' dir='ltr'>S.</span> <span class='ocrx_word' id='word_1_210' title='bbox 724 2772 1040 2837; x_wconf 81' lang='lat' dir='ltr'>Hieronymi</span> <span class='ocrx_word' id='word_1_211' title='bbox 1079 2771 1384 2839; x_wconf 79' lang='lat' dir='ltr'>presbyteri</span> <span class='ocrx_word' id='word_1_212' title='bbox 1435 2775 1785 2841; x_wconf 80' lang='lat' dir='ltr'>pertinentes,</span> 
     </span>
    </p>
   </div>
   <div class='ocr_carea' id='block_1_31' title="bbox 109 2857 1788 2923">
    <p class='ocr_par' dir='ltr' id='par_1_31' title="bbox 109 2857 1788 2923">
     <span class='ocr_line' id='line_1_31' title="bbox 109 2857 1788 2923; baseline 0.004 -16"><span class='ocrx_word' id='word_1_213' title='bbox 109 2857 501 2911; x_wconf 77' lang='lat' dir='ltr'>sceleratissima</span> <span class='ocrx_word' id='word_1_214' title='bbox 544 2858 682 2911; x_wconf 72' lang='lat' dir='ltr'>caede</span> <span class='ocrx_word' id='word_1_215' title='bbox 733 2860 1100 2923; x_wconf 81' lang='lat' dir='ltr'>afﬁcerentur,</span> <span class='ocrx_word' id='word_1_216' title='bbox 1146 2862 1277 2919; x_wconf 89' lang='lat' dir='ltr'>etc.,</span> <span class='ocrx_word' id='word_1_217' title='bbox 1310 2859 1461 2913; x_wconf 88' lang='lat' dir='ltr'>haud</span> <span class='ocrx_word' id='word_1_218' title='bbox 1518 2860 1689 2913; x_wconf 90' lang='lat' dir='ltr'>dubie</span> <span class='ocrx_word' id='word_1_219' title='bbox 1722 2877 1788 2914; x_wconf 83' lang='lat' dir='ltr'>ea</span> 
     </span>
    </p>
   </div>
   <div class='ocr_carea' id='block_1_32' title="bbox 110 2944 1854 3023">
    <p class='ocr_par' dir='ltr' id='par_1_32' title="bbox 110 2944 1854 3023">
     <span class='ocr_line' id='line_1_32' title="bbox 110 2944 1854 3023; baseline 0.003 -27"><span class='ocrx_word' id='word_1_220' title='bbox 110 2944 216 3012; x_wconf 90' lang='lat' dir='ltr'>ipsa</span> <span class='ocrx_word' id='word_1_221' title='bbox 254 2962 367 2998; x_wconf 84' lang='lat' dir='ltr'>esse</span> <span class='ocrx_word' id='word_1_222' title='bbox 410 2962 663 3017; x_wconf 86' lang='lat' dir='ltr'>quorum</span> <span class='ocrx_word' id='word_1_223' title='bbox 719 2945 1085 2998; x_wconf 88' lang='lat' dir='ltr'>Innocentius</span> <span class='ocrx_word' id='word_1_224' title='bbox 1124 2950 1289 3015; x_wconf 84' lang='lat' dir='ltr'>pont.</span> <span class='ocrx_word' id='word_1_225' title='bbox 1330 2946 1494 3016; x_wconf 85' lang='lat' dir='ltr'>epist.</span> <span class='ocrx_word' id='word_1_226' title='bbox 1531 2948 1620 3013; x_wconf 71' lang='grc'>24,</span> <span class='ocrx_word' id='word_1_227' title='bbox 1671 2948 1785 3002; x_wconf 83' lang='lat' dir='ltr'>sive</span> <span class='ocrx_word' id='word_1_228' title='bbox 1817 2968 1854 3023; x_wconf 72' lang='grc' dir='ltr'><strong>ρ</strong></span> 
     </span>
    </p>
   </div>
   <div class='ocr_carea' id='block_1_33' title="bbox 113 3033 1793 3105">
    <p class='ocr_par' dir='ltr' id='par_1_33' title="bbox 113 3033 1793 3105">
     <span class='ocr_line' id='line_1_33' title="bbox 113 3033 1793 3105; baseline 0.004 -20"><span class='ocrx_word' id='word_1_229' title='bbox 113 3035 184 3097; x_wconf 81' lang='lat'>3&#39;2,</span> <span class='ocrx_word' id='word_1_230' title='bbox 214 3035 279 3087; x_wconf 89' lang='lat' dir='ltr'>ad</span> <span class='ocrx_word' id='word_1_231' title='bbox 316 3036 599 3088; x_wconf 83' lang='lat' dir='ltr'>Joannem</span> <span class='ocrx_word' id='word_1_232' title='bbox 642 3033 1065 3104; x_wconf 83' lang='lat' dir='ltr'>Ilierosolymit.</span> <span class='ocrx_word' id='word_1_233' title='bbox 1101 3035 1435 3105; x_wconf 89' lang='lat' dir='ltr'>episcopum</span> <span class='ocrx_word' id='word_1_234' title='bbox 1495 3037 1793 3091; x_wconf 85' lang='lat' dir='ltr'>meminit:</span> 
     </span>
    </p>
   </div>
   <div class='ocr_carea' id='block_1_34' title="bbox 120 3121 1796 3190">
    <p class='ocr_par' dir='ltr' id='par_1_34' title="bbox 120 3121 1796 3190">
     <span class='ocr_line' id='line_1_34' title="bbox 120 3121 1796 3190; baseline 0.005 -17"><span class='ocrx_word' id='word_1_235' title='bbox 120 3122 455 3190; x_wconf 84' lang='lat' dir='ltr'>Direptiones,</span> <span class='ocrx_word' id='word_1_236' title='bbox 520 3124 705 3190; x_wconf 60' lang='lat' dir='ltr'>caules,</span> <span class='ocrx_word' id='word_1_237' title='bbox 756 3121 1025 3188; x_wconf 83' lang='lat' dir='ltr'>incendia,</span> <span class='ocrx_word' id='word_1_238' title='bbox 1080 3139 1229 3177; x_wconf 89' lang='lat' dir='ltr'>omne</span> <span class='ocrx_word' id='word_1_239' title='bbox 1279 3126 1496 3189; x_wconf 81' lang='lat' dir='ltr'>facinus</span> <span class='ocrx_word' id='word_1_240' title='bbox 1547 3131 1796 3181; x_wconf 64' lang='lat' dir='ltr'>extrema:</span> 
     </span>
    </p>
   </div>
   <div class='ocr_carea' id='block_1_35' title="bbox 116 3210 1793 3281">
    <p class='ocr_par' dir='ltr' id='par_1_35' title="bbox 116 3210 1793 3281">
     <span class='ocr_line' id='line_1_35' title="bbox 116 3210 1793 3281; baseline 0.004 -19"><span class='ocrx_word' id='word_1_241' title='bbox 116 3210 388 3281; x_wconf 74' lang='lat' dir='ltr'>dementiae,</span> <span class='ocrx_word' id='word_1_242' title='bbox 441 3214 865 3279; x_wconf 79' lang='lat' dir='ltr'>generosissisz</span> <span class='ocrx_word' id='word_1_243' title='bbox 920 3216 1118 3265; x_wconf 71' lang='lat' dir='ltr'>sancta:</span> <span class='ocrx_word' id='word_1_244' title='bbox 1146 3214 1404 3279; x_wconf 84' lang='lat' dir='ltr'>virgines,</span> <span class='ocrx_word' id='word_1_245' title='bbox 1438 3214 1793 3269; x_wconf 73' lang='lat' dir='ltr'>Eustochium</span> 
     </span>
    </p>
   </div>
   <div class='ocr_carea' id='block_1_36' title="bbox 114 3301 1795 3373">
    <p class='ocr_par' dir='ltr' id='par_1_36' title="bbox 114 3301 1795 3373">
     <span class='ocr_line' id='line_1_36' title="bbox 114 3301 1795 3373; baseline 0.005 -23"><span class='ocrx_word' id='word_1_246' title='bbox 114 3305 155 3351; x_wconf 84' lang='lat' dir='ltr'>et</span> <span class='ocrx_word' id='word_1_247' title='bbox 180 3302 357 3367; x_wconf 86' lang='lat' dir='ltr'>Paula,</span> <span class='ocrx_word' id='word_1_248' title='bbox 410 3301 852 3369; x_wconf 73' lang='lat' dir='ltr'>deploraverunt,</span> <span class='ocrx_word' id='word_1_249' title='bbox 906 3302 966 3353; x_wconf 91' lang='lat' dir='ltr'>in</span> <span class='ocrx_word' id='word_1_250' title='bbox 996 3302 1124 3354; x_wconf 87' lang='lat' dir='ltr'>locis</span> <span class='ocrx_word' id='word_1_251' title='bbox 1165 3302 1415 3356; x_wconf 75' lang='lat' dir='ltr'>Ecclesiae</span> <span class='ocrx_word' id='word_1_252' title='bbox 1447 3306 1550 3357; x_wconf 68' lang='lat' dir='ltr'>tuae</span> <span class='ocrx_word' id='word_1_253' title='bbox 1594 3319 1795 3373; x_wconf 80' lang='lat' dir='ltr'>perpe—</span> 
     </span>
    </p>
   </div>
   <div class='ocr_carea' id='block_1_37' title="bbox 116 3390 584 3443">
    <p class='ocr_par' dir='ltr' id='par_1_37' title="bbox 116 3390 584 3443">
     <span class='ocr_line' id='line_1_37' title="bbox 116 3390 584 3443; baseline 0.013 -6"><span class='ocrx_word' id='word_1_254' title='bbox 116 3392 266 3441; x_wconf 81' lang='lat' dir='ltr'>trasse</span> <span class='ocrx_word' id='word_1_255' title='bbox 286 3390 584 3443; x_wconf 82' lang='lat' dir='ltr'>diabolum.</span> 
     </span>
    </p>
   </div>
   <div class='ocr_carea' id='block_1_38' title="bbox 175 3475 1791 3547">
    <p class='ocr_par' dir='ltr' id='par_1_38' title="bbox 175 3475 1791 3547">
     <span class='ocr_line' id='line_1_38' title="bbox 175 3475 1791 3547; baseline 0.003 -20"><span class='ocrx_word' id='word_1_256' title='bbox 175 3475 232 3528; x_wconf 84' lang='lat' dir='ltr'>Et</span> <span class='ocrx_word' id='word_1_257' title='bbox 256 3476 413 3547; x_wconf 87' lang='lat' dir='ltr'>epist.</span> <span class='ocrx_word' id='word_1_258' title='bbox 455 3480 551 3541; x_wconf 77' lang='lat'>25,</span> <span class='ocrx_word' id='word_1_259' title='bbox 609 3476 722 3529; x_wconf 83' lang='lat' dir='ltr'>sive</span> <span class='ocrx_word' id='word_1_260' title='bbox 763 3480 849 3540; x_wconf 79' lang='lat'>33,</span> <span class='ocrx_word' id='word_1_261' title='bbox 903 3476 972 3529; x_wconf 90' lang='lat' dir='ltr'>ad</span> <span class='ocrx_word' id='word_1_262' title='bbox 1016 3476 1458 3547; x_wconf 80' lang='lat' dir='ltr'>Hieronymum:</span> <span class='ocrx_word' id='word_1_263' title='bbox 1513 3478 1675 3532; x_wconf 82' lang='lat' dir='ltr'>Dolor</span> <span class='ocrx_word' id='word_1_264' title='bbox 1702 3493 1791 3544; x_wconf 86' lang='lat' dir='ltr'>ge-</span> 
     </span>
    </p>
   </div>
   <div class='ocr_carea' id='block_1_39' title="bbox 114 3567 1792 3633">
    <p class='ocr_par' dir='ltr' id='par_1_39' title="bbox 114 3567 1792 3633">
     <span class='ocr_line' id='line_1_39' title="bbox 114 3567 1792 3633; baseline 0.002 -19"><span class='ocrx_word' id='word_1_265' title='bbox 114 3567 356 3633; x_wconf 82' lang='lat' dir='ltr'>mitusque</span> <span class='ocrx_word' id='word_1_266' title='bbox 388 3575 519 3619; x_wconf 80' lang='lat' dir='ltr'>tuus</span> <span class='ocrx_word' id='word_1_267' title='bbox 580 3568 661 3618; x_wconf 85' lang='lat' dir='ltr'>ita</span> <span class='ocrx_word' id='word_1_268' title='bbox 694 3568 873 3633; x_wconf 82' lang='lat' dir='ltr'>quatit</span> <span class='ocrx_word' id='word_1_269' title='bbox 924 3567 1132 3619; x_wconf 78' lang='lat' dir='ltr'>viscera</span> <span class='ocrx_word' id='word_1_270' title='bbox 1168 3570 1372 3632; x_wconf 88' lang='lat' dir='ltr'>nostra,</span> <span class='ocrx_word' id='word_1_271' title='bbox 1414 3570 1474 3621; x_wconf 87' lang='lat' dir='ltr'>ut</span> <span class='ocrx_word' id='word_1_272' title='bbox 1518 3569 1658 3621; x_wconf 83' lang='lat' dir='ltr'>ratio</span> <span class='ocrx_word' id='word_1_273' title='bbox 1688 3582 1792 3621; x_wconf 89' lang='lat' dir='ltr'>non</span> 
     </span>
    </p>
   </div>
   <div class='ocr_carea' id='block_1_40' title="bbox 115 3655 922 3722">
    <p class='ocr_par' dir='ltr' id='par_1_40' title="bbox 115 3655 922 3722">
     <span class='ocr_line' id='line_1_40' title="bbox 115 3655 922 3722; baseline 0.006 -19"><span class='ocrx_word' id='word_1_274' title='bbox 115 3656 366 3709; x_wconf 82' lang='lat' dir='ltr'>tractandi</span> <span class='ocrx_word' id='word_1_275' title='bbox 384 3655 805 3722; x_wconf 81' lang='lat' dir='ltr'>consulendique</span> <span class='ocrx_word' id='word_1_276' title='bbox 833 3657 922 3708; x_wconf 88' lang='lat' dir='ltr'>sit.</span> 
     </span>
    </p>
   </div>
   <div class='ocr_carea' id='block_1_41' title="bbox 718 3742 1173 3797">
    <p class='ocr_par' dir='ltr' id='par_1_41' title="bbox 718 3742 1173 3797">
     <span class='ocr_line' id='line_1_41' title="bbox 718 3742 1173 3797; baseline -0.002 0"><span class='ocrx_word' id='word_1_277' title='bbox 718 3742 1173 3797; x_wconf 82' lang='lat' dir='ltr'>ADVENTORIA</span> 
     </span>
    </p>
   </div>
   <div class='ocr_carea' id='block_1_42' title="bbox 114 3846 1789 3887">
    <p class='ocr_par' dir='ltr' id='par_1_42' title="bbox 114 3846 1789 3887">
     <span class='ocr_line' id='line_1_42' title="bbox 114 3846 1789 3887; baseline 0.003 -6"><span class='ocrx_word' id='word_1_278' title='bbox 114 3846 392 3886; x_wconf 59' lang='lat' dir='ltr'>AMICISSIHO</span> <span class='ocrx_word' id='word_1_279' title='bbox 420 3848 493 3887; x_wconf 83' lang='lat' dir='ltr'><strong>AC</strong></span> <span class='ocrx_word' id='word_1_280' title='bbox 528 3848 836 3886; x_wconf 75' lang='lat' dir='ltr'>DOCTISSIMO</span> <span class='ocrx_word' id='word_1_281' title='bbox 874 3847 996 3885; x_wconf 79' lang='lat' dir='ltr'>VIHO</span> <span class='ocrx_word' id='word_1_282' title='bbox 1038 3848 1086 3885; x_wconf 84' lang='lat' dir='ltr'>P.</span> <span class='ocrx_word' id='word_1_283' title='bbox 1128 3847 1417 3884; x_wconf 79' lang='lat' dir='ltr'>FRANCISCO</span> <span class='ocrx_word' id='word_1_284' title='bbox 1458 3847 1689 3887; x_wconf 68' lang='lat' dir='ltr'>MACEDO.</span> <span class='ocrx_word' id='word_1_285' title='bbox 1734 3850 1789 3886; x_wconf 72' lang='lat' dir='ltr'><strong>IN</strong></span> 
     </span>
    </p>
   </div>
   <div class='ocr_carea' id='block_1_43' title="bbox 177 3918 1789 3967">
    <p class='ocr_par' dir='ltr' id='par_1_43' title="bbox 177 3918 1789 3967">
     <span class='ocr_line' id='line_1_43' title="bbox 177 3918 1789 3967; baseline 0.001 -13"><span class='ocrx_word' id='word_1_286' title='bbox 177 3919 423 3957; x_wconf 73' lang='lat' dir='ltr'>PATAVINA</span> <span class='ocrx_word' id='word_1_287' title='bbox 481 3920 752 3957; x_wconf 73' lang='lat' dir='ltr'>ACADEMIA</span> <span class='ocrx_word' id='word_1_288' title='bbox 810 3919 1027 3955; x_wconf 82' lang='lat' dir='ltr'>ETHICES</span> <span class='ocrx_word' id='word_1_289' title='bbox 1082 3918 1422 3967; x_wconf 74' lang='lat' dir='ltr'>INTERPRETI;</span> <span class='ocrx_word' id='word_1_290' title='bbox 1478 3919 1531 3955; x_wconf 82' lang='lat' dir='ltr'><strong>IN</strong></span> <span class='ocrx_word' id='word_1_291' title='bbox 1572 3918 1679 3963; x_wconf 81' lang='lat' dir='ltr'>QUA</span> <span class='ocrx_word' id='word_1_292' title='bbox 1724 3920 1789 3957; x_wconf 83' lang='lat' dir='ltr'>DE</span> 
     </span>
    </p>
   </div>
   <div class='ocr_carea' id='block_1_44' title="bbox 175 3988 1790 4041">
    <p class='ocr_par' dir='ltr' id='par_1_44' title="bbox 175 3988 1790 4041">
     <span class='ocr_line' id='line_1_44' title="bbox 175 3988 1790 4041; baseline 0.002 -17"><span class='ocrx_word' id='word_1_293' title='bbox 175 3990 539 4029; x_wconf 69' lang='lat' dir='ltr'>INSCRIPTIONE</span> <span class='ocrx_word' id='word_1_294' title='bbox 577 3990 716 4028; x_wconf 78' lang='lat' dir='ltr'><strong>LIBRI</strong></span> <span class='ocrx_word' id='word_1_295' title='bbox 758 3991 801 4028; x_wconf 85' lang='lat' dir='ltr'>S.</span> <span class='ocrx_word' id='word_1_296' title='bbox 844 3989 1129 4027; x_wconf 78' lang='lat' dir='ltr'><strong>AUGUSTINI</strong></span> <span class='ocrx_word' id='word_1_297' title='bbox 1192 3989 1258 4025; x_wconf 80' lang='lat' dir='ltr'>DE</span> <span class='ocrx_word' id='word_1_298' title='bbox 1315 3988 1504 4026; x_wconf 75' lang='lat' dir='ltr'>GRATIA</span> <span class='ocrx_word' id='word_1_299' title='bbox 1561 3990 1790 4041; x_wconf 77' lang='lat' dir='ltr'>CHRISTI,</span> 
     </span>
    </p>
   </div>
   <div class='ocr_carea' id='block_1_45' title="bbox 172 4049 1791 4111">
    <p class='ocr_par' dir='ltr' id='par_1_45' title="bbox 172 4049 1791 4111">
     <span class='ocr_line' id='line_1_45' title="bbox 172 4049 1791 4111; baseline 0.001 -15"><span class='ocrx_word' id='word_1_300' title='bbox 172 4060 377 4111; x_wconf 69' lang='lat' dir='ltr'>ALBINE,</span> <span class='ocrx_word' id='word_1_301' title='bbox 408 4049 652 4098; x_wconf 46' lang='lat' dir='ltr'>‘PINIANE</span> <span class='ocrx_word' id='word_1_302' title='bbox 706 4062 766 4097; x_wconf 84' lang='lat' dir='ltr'>ET</span> <span class='ocrx_word' id='word_1_303' title='bbox 825 4060 1061 4097; x_wconf 72' lang='lat' dir='ltr'>MELANIA</span> <span class='ocrx_word' id='word_1_304' title='bbox 1102 4060 1405 4097; x_wconf 78' lang='lat' dir='ltr'>DISSERITUR</span> <span class='ocrx_word' id='word_1_305' title='bbox 1444 4060 1510 4096; x_wconf 79' lang='lat' dir='ltr'><strong>AB</strong></span> <span class='ocrx_word' id='word_1_306' title='bbox 1560 4061 1791 4098; x_wconf 74' lang='lat' dir='ltr'>HENRICO</span> 
     </span>
    </p>
   </div>
   <div class='ocr_carea' id='block_1_46' title="bbox 172 4131 1789 4177">
    <p class='ocr_par' dir='ltr' id='par_1_46' title="bbox 172 4131 1789 4177">
     <span class='ocr_line' id='line_1_46' title="bbox 172 4131 1789 4177; baseline 0.002 -12"><span class='ocrx_word' id='word_1_307' title='bbox 172 4131 317 4170; x_wconf 75' lang='lat' dir='ltr'>NORIS</span> <span class='ocrx_word' id='word_1_308' title='bbox 359 4132 663 4168; x_wconf 78' lang='lat' dir='ltr'>VERONENSI</span> <span class='ocrx_word' id='word_1_309' title='bbox 711 4131 1130 4177; x_wconf 77' lang='lat' dir='ltr'>AUGUSTINIANO,</span> <span class='ocrx_word' id='word_1_310' title='bbox 1187 4131 1240 4167; x_wconf 84' lang='lat' dir='ltr'><strong>IN</strong></span> <span class='ocrx_word' id='word_1_311' title='bbox 1295 4131 1561 4168; x_wconf 72' lang='lat' dir='ltr'>ACADEMIA</span> <span class='ocrx_word' id='word_1_312' title='bbox 1604 4132 1789 4169; x_wconf 76' lang='lat' dir='ltr'>PISANA</span> 
     </span>
    </p>
   </div>
   <div class='ocr_carea' id='block_1_47' title="bbox 173 4202 1252 4240">
    <p class='ocr_par' dir='ltr' id='par_1_47' title="bbox 173 4202 1252 4240">
     <span class='ocr_line' id='line_1_47' title="bbox 173 4202 1252 4240; baseline 0.003 -4"><span class='ocrx_word' id='word_1_313' title='bbox 173 4202 571 4240; x_wconf 68' lang='lat' dir='ltr'>ECCLESIASTICA’.</span> <span class='ocrx_word' id='word_1_314' title='bbox 599 4203 859 4239; x_wconf 70' lang='lat' dir='ltr'>HISTORUE</span> <span class='ocrx_word' id='word_1_315' title='bbox 897 4202 1252 4239; x_wconf 81' lang='lat' dir='ltr'>PROFESSORE.</span> 
     </span>
    </p>
   </div>
   <div class='ocr_carea' id='block_1_48' title="bbox 234 4274 1364 4343">
    <p class='ocr_par' dir='ltr' id='par_1_48' title="bbox 234 4274 1364 4343">
     <span class='ocr_line' id='line_1_48' title="bbox 234 4274 1364 4343; baseline -0.002 -14"><span class='ocrx_word' id='word_1_316' title='bbox 234 4275 719 4329; x_wconf 81' lang='lat' dir='ltr'>Reverendissime</span> <span class='ocrx_word' id='word_1_317' title='bbox 744 4290 805 4328; x_wconf 88' lang='lat' dir='ltr'>ac</span> <span class='ocrx_word' id='word_1_318' title='bbox 829 4274 1150 4327; x_wconf 88' lang='lat' dir='ltr'>doctissime</span> <span class='ocrx_word' id='word_1_319' title='bbox 1182 4278 1364 4343; x_wconf 90' lang='lat' dir='ltr'>pater,</span> 
     </span>
    </p>
   </div>
   <div class='ocr_carea' id='block_1_49' title="bbox 170 4360 1787 4434">
    <p class='ocr_par' dir='ltr' id='par_1_49' title="bbox 170 4360 1787 4434">
     <span class='ocr_line' id='line_1_49' title="bbox 170 4360 1787 4434; baseline 0.001 -20"><span class='ocrx_word' id='word_1_320' title='bbox 170 4364 504 4434; x_wconf 80' lang='lat' dir='ltr'>Acceperam</span> <span class='ocrx_word' id='word_1_321' title='bbox 537 4363 605 4416; x_wconf 93' lang='lat' dir='ltr'>ab</span> <span class='ocrx_word' id='word_1_322' title='bbox 637 4362 819 4416; x_wconf 90' lang='lat' dir='ltr'>amico</span> <span class='ocrx_word' id='word_1_323' title='bbox 855 4362 1069 4415; x_wconf 89' lang='lat' dir='ltr'>litteras</span> <span class='ocrx_word' id='word_1_324' title='bbox 1099 4362 1305 4431; x_wconf 90' lang='lat' dir='ltr'>quibus</span> <span class='ocrx_word' id='word_1_325' title='bbox 1347 4360 1704 4432; x_wconf 84' lang='lat' dir='ltr'>signiﬁcabat</span> <span class='ocrx_word' id='word_1_326' title='bbox 1732 4367 1787 4416; x_wconf 89' lang='lat' dir='ltr'>te</span> 
     </span>
    </p>
   </div>
   <div class='ocr_carea' id='block_1_50' title="bbox 112 4450 1787 4519">
    <p class='ocr_par' dir='ltr' id='par_1_50' title="bbox 112 4450 1787 4519">
     <span class='ocr_line' id='line_1_50' title="bbox 112 4450 1787 4519; baseline 0.004 -20"><span class='ocrx_word' id='word_1_327' title='bbox 112 4450 335 4505; x_wconf 73' lang='lat' dir='ltr'>Venetiis</span> <span class='ocrx_word' id='word_1_328' title='bbox 381 4453 697 4507; x_wconf 88' lang='lat' dir='ltr'>Bononiam</span> <span class='ocrx_word' id='word_1_329' title='bbox 728 4468 922 4505; x_wconf 88' lang='lat' dir='ltr'>versus</span> <span class='ocrx_word' id='word_1_330' title='bbox 946 4451 1221 4519; x_wconf 33' lang='lat' dir='ltr'>,‘solvisse;</span> <span class='ocrx_word' id='word_1_331' title='bbox 1254 4452 1474 4505; x_wconf 89' lang='lat' dir='ltr'>nescire</span> <span class='ocrx_word' id='word_1_332' title='bbox 1504 4456 1695 4506; x_wconf 89' lang='lat' dir='ltr'>autem</span> <span class='ocrx_word' id='word_1_333' title='bbox 1728 4470 1787 4507; x_wconf 91' lang='lat' dir='ltr'>se</span> 
     </span>
    </p>
   </div>
   <div class='ocr_carea' id='block_1_51' title="bbox 110 4539 1785 4610">
    <p class='ocr_par' dir='ltr' id='par_1_51' title="bbox 110 4539 1785 4610">
     <span class='ocr_line' id='line_1_51' title="bbox 110 4539 1785 4610; baseline 0.002 -19"><span class='ocrx_word' id='word_1_334' title='bbox 110 4555 263 4607; x_wconf 87' lang='lat' dir='ltr'>quam</span> <span class='ocrx_word' id='word_1_335' title='bbox 294 4541 352 4593; x_wconf 91' lang='lat' dir='ltr'>in</span> <span class='ocrx_word' id='word_1_336' title='bbox 378 4541 584 4594; x_wconf 88' lang='lat' dir='ltr'>urbem</span> <span class='ocrx_word' id='word_1_337' title='bbox 606 4539 977 4610; x_wconf 89' lang='lat' dir='ltr'>improvisam</span> <span class='ocrx_word' id='word_1_338' title='bbox 1006 4539 1153 4592; x_wconf 90' lang='lat' dir='ltr'>hanc</span> <span class='ocrx_word' id='word_1_339' title='bbox 1184 4545 1341 4593; x_wconf 89' lang='lat' dir='ltr'>tuam</span> <span class='ocrx_word' id='word_1_340' title='bbox 1373 4540 1785 4610; x_wconf 88' lang='lat' dir='ltr'>peregrinatio-</span> 
     </span>
    </p>
   </div>
   <div class='ocr_carea' id='block_1_52' title="bbox 111 4627 1787 4698">
    <p class='ocr_par' dir='ltr' id='par_1_52' title="bbox 111 4627 1787 4698">
     <span class='ocr_line' id='line_1_52' title="bbox 111 4627 1787 4698; baseline 0.002 -19"><span class='ocrx_word' id='word_1_341' title='bbox 111 4643 224 4681; x_wconf 87' lang='lat' dir='ltr'>nem</span> <span class='ocrx_word' id='word_1_342' title='bbox 250 4629 613 4683; x_wconf 87' lang='lat' dir='ltr'>destinasses.</span> <span class='ocrx_word' id='word_1_343' title='bbox 668 4629 820 4682; x_wconf 89' lang='lat' dir='ltr'>Idem</span> <span class='ocrx_word' id='word_1_344' title='bbox 856 4627 1029 4680; x_wconf 88' lang='lat' dir='ltr'>etiam</span> <span class='ocrx_word' id='word_1_345' title='bbox 1084 4627 1339 4681; x_wconf 89' lang='lat' dir='ltr'>libellum</span> <span class='ocrx_word' id='word_1_346' title='bbox 1398 4643 1568 4698; x_wconf 87' lang='lat' dir='ltr'>quem</span> <span class='ocrx_word' id='word_1_347' title='bbox 1603 4644 1787 4698; x_wconf 88' lang='lat' dir='ltr'>nuper</span> 
     </span>
    </p>
   </div>
   <div class='ocr_carea' id='block_1_53' title="bbox 113 4713 1787 4786">
    <p class='ocr_par' dir='ltr' id='par_1_53' title="bbox 113 4713 1787 4786">
     <span class='ocr_line' id='line_1_53' title="bbox 113 4713 1787 4786; baseline 0.005 -23"><span class='ocrx_word' id='word_1_348' title='bbox 113 4713 331 4769; x_wconf 67' lang='lat' dir='ltr'>Verona:</span> <span class='ocrx_word' id='word_1_349' title='bbox 357 4716 627 4769; x_wconf 88' lang='lat' dir='ltr'>adversus</span> <span class='ocrx_word' id='word_1_350' title='bbox 653 4731 841 4769; x_wconf 86' lang='lat' dir='ltr'>meam</span> <span class='ocrx_word' id='word_1_351' title='bbox 873 4717 941 4770; x_wconf 90' lang='lat' dir='ltr'>de</span> <span class='ocrx_word' id='word_1_352' title='bbox 975 4716 1358 4786; x_wconf 89' lang='lat' dir='ltr'>quorumdam</span> <span class='ocrx_word' id='word_1_353' title='bbox 1392 4719 1647 4770; x_wconf 81' lang='lat' dir='ltr'>veterum</span> <span class='ocrx_word' id='word_1_354' title='bbox 1681 4717 1787 4771; x_wconf 79' lang='lat' dir='ltr'>Le—</span> 
     </span>
    </p>
   </div>
   <div class='ocr_carea' id='block_1_54' title="bbox 111 4800 1781 4871">
    <p class='ocr_par' dir='ltr' id='par_1_54' title="bbox 111 4800 1781 4871">
     <span class='ocr_line' id='line_1_54' title="bbox 111 4800 1781 4871; baseline 0.005 -18"><span class='ocrx_word' id='word_1_355' title='bbox 111 4800 410 4857; x_wconf 88' lang='lat' dir='ltr'>rinensium</span> <span class='ocrx_word' id='word_1_356' title='bbox 464 4805 724 4858; x_wconf 87' lang='lat' dir='ltr'>doctrina</span> <span class='ocrx_word' id='word_1_357' title='bbox 764 4805 1109 4858; x_wconf 85' lang='lat' dir='ltr'>sententiam</span> <span class='ocrx_word' id='word_1_358' title='bbox 1161 4804 1410 4871; x_wconf 86' lang='lat' dir='ltr'>edidisti,</span> <span class='ocrx_word' id='word_1_359' title='bbox 1446 4806 1781 4861; x_wconf 82' lang='lat' dir='ltr'>transmisit.</span> 
     </span>
    </p>
   </div>
   <div class='ocr_carea' id='block_1_55' title="bbox 105 4888 1787 4965">
    <p class='ocr_par' dir='ltr' id='par_1_55' title="bbox 105 4888 1787 4965">
     <span class='ocr_line' id='line_1_55' title="bbox 105 4888 1787 4965; baseline 0.007 -27"><span class='ocrx_word' id='word_1_360' title='bbox 105 4889 166 4939; x_wconf 88' lang='lat' dir='ltr'>At</span> <span class='ocrx_word' id='word_1_361' title='bbox 194 4888 309 4958; x_wconf 89' lang='lat' dir='ltr'>ipse</span> <span class='ocrx_word' id='word_1_362' title='bbox 344 4894 612 4946; x_wconf 87' lang='lat' dir='ltr'>volumen</span> <span class='ocrx_word' id='word_1_363' title='bbox 644 4894 804 4963; x_wconf 58' lang='lat' dir='ltr'>‘_illud</span> <span class='ocrx_word' id='word_1_364' title='bbox 860 4893 1023 4947; x_wconf 87' lang='lat' dir='ltr'>avide</span> <span class='ocrx_word' id='word_1_365' title='bbox 1074 4894 1281 4963; x_wconf 84' lang='lat' dir='ltr'>legere,</span> <span class='ocrx_word' id='word_1_366' title='bbox 1337 4893 1641 4965; x_wconf 88' lang='lat' dir='ltr'>diligenter</span> <span class='ocrx_word' id='word_1_367' title='bbox 1697 4913 1787 4949; x_wconf 89' lang='lat' dir='ltr'>ex-</span> 
     </span>
    </p>
   </div>
   <div class='ocr_carea' id='block_1_56' title="bbox 106 4982 1781 5052">
    <p class='ocr_par' dir='ltr' id='par_1_56' title="bbox 106 4982 1781 5052">
     <span class='ocr_line' id='line_1_56' title="bbox 106 4982 1781 5052; baseline 0.004 -22"><span class='ocrx_word' id='word_1_368' title='bbox 106 4982 360 5045; x_wconf 87' lang='lat' dir='ltr'>pendere,</span> <span class='ocrx_word' id='word_1_369' title='bbox 386 4987 643 5035; x_wconf 84' lang='lat' dir='ltr'>accurate</span> <span class='ocrx_word' id='word_1_370' title='bbox 681 4986 899 5037; x_wconf 89' lang='lat' dir='ltr'>notare.</span> <span class='ocrx_word' id='word_1_371' title='bbox 936 4982 1155 5035; x_wconf 89' lang='lat' dir='ltr'>Etenim</span> <span class='ocrx_word' id='word_1_372' title='bbox 1183 4983 1482 5052; x_wconf 88' lang='lat' dir='ltr'>sperabam</span> <span class='ocrx_word' id='word_1_373' title='bbox 1532 4984 1653 5037; x_wconf 86' lang='lat' dir='ltr'>fore</span> <span class='ocrx_word' id='word_1_374' title='bbox 1701 4989 1781 5050; x_wconf 93' lang='lat' dir='ltr'>ut,</span> 
     </span>
    </p>
   </div>
   <div class='ocr_carea' id='block_1_57' title="bbox 105 5069 1787 5141">
    <p class='ocr_par' dir='ltr' id='par_1_57' title="bbox 105 5069 1787 5141">
     <span class='ocr_line' id='line_1_57' title="bbox 105 5069 1787 5141; baseline 0.005 -26"><span class='ocrx_word' id='word_1_375' title='bbox 105 5070 372 5136; x_wconf 83' lang='lat' dir='ltr'>superatis</span> <span class='ocrx_word' id='word_1_376' title='bbox 401 5070 684 5141; x_wconf 87' lang='lat' dir='ltr'>Apennini</span> <span class='ocrx_word' id='word_1_377' title='bbox 708 5071 881 5141; x_wconf 85' lang='lat' dir='ltr'>jugis,</span> <span class='ocrx_word' id='word_1_378' title='bbox 909 5070 978 5124; x_wconf 91' lang='lat' dir='ltr'>de</span> <span class='ocrx_word' id='word_1_379' title='bbox 1019 5069 1279 5139; x_wconf 86' lang='lat' dir='ltr'>proximo</span> <span class='ocrx_word' id='word_1_380' title='bbox 1310 5071 1653 5124; x_wconf 88' lang='lat' dir='ltr'>Florentiam</span> <span class='ocrx_word' id='word_1_381' title='bbox 1688 5087 1787 5123; x_wconf 84' lang='lat' dir='ltr'>ve-</span> 
     </span>
    </p>
   </div>
   <div class='ocr_carea' id='block_1_58' title="bbox 107 5156 1784 5229">
    <p class='ocr_par' dir='ltr' id='par_1_58' title="bbox 107 5156 1784 5229">
     <span class='ocr_line' id='line_1_58' title="bbox 107 5156 1784 5229; baseline 0.004 -23"><span class='ocrx_word' id='word_1_382' title='bbox 107 5156 267 5223; x_wconf 88' lang='lat' dir='ltr'>nires,</span> <span class='ocrx_word' id='word_1_383' title='bbox 293 5174 476 5228; x_wconf 91' lang='lat' dir='ltr'>eaque</span> <span class='ocrx_word' id='word_1_384' title='bbox 504 5159 795 5212; x_wconf 90' lang='lat' dir='ltr'>occasione</span> <span class='ocrx_word' id='word_1_385' title='bbox 827 5163 883 5212; x_wconf 88' lang='lat' dir='ltr'>et</span> <span class='ocrx_word' id='word_1_386' title='bbox 913 5158 1130 5211; x_wconf 89' lang='lat' dir='ltr'>sincere</span> <span class='ocrx_word' id='word_1_387' title='bbox 1180 5162 1235 5212; x_wconf 88' lang='lat' dir='ltr'>et</span> <span class='ocrx_word' id='word_1_388' title='bbox 1283 5157 1461 5211; x_wconf 89' lang='lat' dir='ltr'>amice</span> <span class='ocrx_word' id='word_1_389' title='bbox 1502 5160 1784 5229; x_wconf 88' lang='lat' dir='ltr'>aperirem</span> 
     </span>
    </p>
   </div>
   <div class='ocr_carea' id='block_1_59' title="bbox 106 5245 1787 5318">
    <p class='ocr_par' dir='ltr' id='par_1_59' title="bbox 106 5245 1787 5318">
     <span class='ocr_line' id='line_1_59' title="bbox 106 5245 1787 5318; baseline 0.003 -22"><span class='ocrx_word' id='word_1_390' title='bbox 106 5245 227 5311; x_wconf 86' lang='lat' dir='ltr'>quid</span> <span class='ocrx_word' id='word_1_391' title='bbox 260 5247 319 5298; x_wconf 91' lang='lat' dir='ltr'>in</span> <span class='ocrx_word' id='word_1_392' title='bbox 372 5247 563 5301; x_wconf 89' lang='lat' dir='ltr'>libello</span> <span class='ocrx_word' id='word_1_393' title='bbox 595 5252 693 5301; x_wconf 88' lang='lat' dir='ltr'>tuo</span> <span class='ocrx_word' id='word_1_394' title='bbox 726 5247 869 5301; x_wconf 89' lang='lat' dir='ltr'>albis</span> <span class='ocrx_word' id='word_1_395' title='bbox 919 5248 1166 5312; x_wconf 87' lang='lat' dir='ltr'>calculis,</span> <span class='ocrx_word' id='word_1_396' title='bbox 1229 5247 1366 5317; x_wconf 90' lang='lat' dir='ltr'>quid</span> <span class='ocrx_word' id='word_1_397' title='bbox 1396 5247 1581 5318; x_wconf 84' lang='lat' dir='ltr'>&#39;nigro</span> <span class='ocrx_word' id='word_1_398' title='bbox 1630 5249 1787 5303; x_wconf 82' lang='lat' dir='ltr'>theta</span> 
     </span>
    </p>
   </div>
   <div class='ocr_carea' id='block_1_60' title="bbox 106 5331 1783 5401">
    <p class='ocr_par' dir='ltr' id='par_1_60' title="bbox 106 5331 1783 5401">
     <span class='ocr_line' id='line_1_60' title="bbox 106 5331 1783 5401; baseline 0.004 -17"><span class='ocrx_word' id='word_1_399' title='bbox 106 5331 439 5401; x_wconf 79' lang='lat' dir='ltr'>signandum</span> <span class='ocrx_word' id='word_1_400' title='bbox 470 5352 778 5391; x_wconf 89' lang='lat' dir='ltr'>censerem.</span> <span class='ocrx_word' id='word_1_401' title='bbox 815 5337 1019 5389; x_wconf 91' lang='lat' dir='ltr'>Verum</span> <span class='ocrx_word' id='word_1_402' title='bbox 1051 5352 1182 5389; x_wconf 90' lang='lat' dir='ltr'>cum</span> <span class='ocrx_word' id='word_1_403' title='bbox 1228 5336 1569 5389; x_wconf 89' lang='lat' dir='ltr'>Florentiam</span> <span class='ocrx_word' id='word_1_404' title='bbox 1600 5352 1783 5390; x_wconf 90' lang='lat' dir='ltr'>acces-</span> 
     </span>
    </p>
   </div>
   <div class='ocr_carea' id='block_1_61' title="bbox 106 5419 1782 5487">
    <p class='ocr_par' dir='ltr' id='par_1_61' title="bbox 106 5419 1782 5487">
     <span class='ocr_line' id='line_1_61' title="bbox 106 5419 1782 5487; baseline 0.005 -18"><span class='ocrx_word' id='word_1_405' title='bbox 106 5419 279 5487; x_wconf 88' lang='lat' dir='ltr'>sisses,</span> <span class='ocrx_word' id='word_1_406' title='bbox 312 5424 619 5478; x_wconf 86' lang='lat' dir='ltr'>adventum</span> <span class='ocrx_word' id='word_1_407' title='bbox 668 5430 831 5479; x_wconf 91' lang='lat' dir='ltr'>tuum</span> <span class='ocrx_word' id='word_1_408' title='bbox 861 5431 977 5479; x_wconf 88' lang='lat' dir='ltr'>tam</span> <span class='ocrx_word' id='word_1_409' title='bbox 1035 5425 1286 5479; x_wconf 88' lang='lat' dir='ltr'>studiose</span> <span class='ocrx_word' id='word_1_410' title='bbox 1339 5424 1483 5478; x_wconf 89' lang='lat' dir='ltr'>mihi</span> <span class='ocrx_word' id='word_1_411' title='bbox 1539 5425 1782 5478; x_wconf 85' lang='lat' dir='ltr'>celatum</span> 
     </span>
    </p>
   </div>
   <div class='ocr_carea' id='block_1_62' title="bbox 106 5510 1785 5585">
    <p class='ocr_par' dir='ltr' id='par_1_62' title="bbox 106 5510 1785 5585">
     <span class='ocr_line' id='line_1_62' title="bbox 106 5510 1785 5585; baseline 0.004 -25"><span class='ocrx_word' id='word_1_412' title='bbox 106 5510 341 5579; x_wconf 80' lang='lat' dir='ltr'>voluisti,</span> <span class='ocrx_word' id='word_1_413' title='bbox 375 5516 439 5565; x_wconf 89' lang='lat' dir='ltr'>ut</span> <span class='ocrx_word' id='word_1_414' title='bbox 465 5530 609 5583; x_wconf 88' lang='lat' dir='ltr'>pene</span> <span class='ocrx_word' id='word_1_415' title='bbox 640 5530 835 5568; x_wconf 88' lang='lat' dir='ltr'>verear</span> <span class='ocrx_word' id='word_1_416' title='bbox 860 5530 929 5567; x_wconf 89' lang='lat' dir='ltr'>ne</span> <span class='ocrx_word' id='word_1_417' title='bbox 979 5514 1229 5585; x_wconf 62' lang='lat' dir='ltr'>antiquae</span> <span class='ocrx_word' id='word_1_418' title='bbox 1278 5517 1481 5567; x_wconf 61' lang='lat' dir='ltr'>nostra!</span> <span class='ocrx_word' id='word_1_419' title='bbox 1522 5513 1785 5567; x_wconf 77' lang='lat' dir='ltr'>amicitiae</span> 
     </span>
    </p>
   </div>
   <div class='ocr_carea' id='block_1_63' title="bbox 1894 480 3596 551">
    <p class='ocr_par' dir='ltr' id='par_1_63' title="bbox 1894 480 3596 551">
     <span class='ocr_line' id='line_1_63' title="bbox 1894 480 3596 551; baseline 0.001 -18"><span class='ocrx_word' id='word_1_420' title='bbox 1894 496 1998 533; x_wconf 90' lang='lat' dir='ltr'>nec</span> <span class='ocrx_word' id='word_1_421' title='bbox 2028 481 2196 533; x_wconf 90' lang='lat' dir='ltr'>unius</span> <span class='ocrx_word' id='word_1_422' title='bbox 2218 480 2396 534; x_wconf 90' lang='lat' dir='ltr'>libelli</span> <span class='ocrx_word' id='word_1_423' title='bbox 2428 480 2511 534; x_wconf 88' lang='lat' dir='ltr'>tui</span> <span class='ocrx_word' id='word_1_424' title='bbox 2538 482 2847 551; x_wconf 63' lang='lat' dir='ltr'>:exemplar</span> <span class='ocrx_word' id='word_1_425' title='bbox 2877 480 2947 533; x_wconf 91' lang='lat' dir='ltr'>ad</span> <span class='ocrx_word' id='word_1_426' title='bbox 2980 496 3069 533; x_wconf 92' lang='lat' dir='ltr'>me</span> <span class='ocrx_word' id='word_1_427' title='bbox 3094 480 3464 533; x_wconf 85' lang='lat' dir='ltr'>deferendum</span> <span class='ocrx_word' id='word_1_428' title='bbox 3500 498 3596 535; x_wconf 91' lang='lat' dir='ltr'>cu-</span> 
     </span>
    </p>
   </div>
   <div class='ocr_carea' id='block_1_64' title="bbox 1896 569 3597 640">
    <p class='ocr_par' dir='ltr' id='par_1_64' title="bbox 1896 569 3597 640">
     <span class='ocr_line' id='line_1_64' title="bbox 1896 569 3597 640; baseline 0.001 -19"><span class='ocrx_word' id='word_1_429' title='bbox 1896 569 2128 623; x_wconf 89' lang='lat' dir='ltr'>raveris.</span> <span class='ocrx_word' id='word_1_430' title='bbox 2164 571 2444 623; x_wconf 71' lang='lat' dir='ltr'>Cmterum</span> <span class='ocrx_word' id='word_1_431' title='bbox 2496 585 2565 622; x_wconf 90' lang='lat' dir='ltr'>ne</span> <span class='ocrx_word' id='word_1_432' title='bbox 2622 570 2825 622; x_wconf 86' lang='lat' dir='ltr'>ofticiis</span> <span class='ocrx_word' id='word_1_433' title='bbox 2880 586 3008 639; x_wconf 72' lang='lat' dir='ltr'>qua:</span> <span class='ocrx_word' id='word_1_434' title='bbox 3048 585 3152 639; x_wconf 88' lang='lat' dir='ltr'>pro</span> <span class='ocrx_word' id='word_1_435' title='bbox 3205 570 3335 640; x_wconf 83' lang='lat' dir='ltr'>jure</span> <span class='ocrx_word' id='word_1_436' title='bbox 3393 570 3597 623; x_wconf 82' lang='lat' dir='ltr'>veteris</span> 
     </span>
    </p>
   </div>
   <div class='ocr_carea' id='block_1_65' title="bbox 1895 656 3594 726">
    <p class='ocr_par' dir='ltr' id='par_1_65' title="bbox 1895 656 3594 726">
     <span class='ocr_line' id='line_1_65' title="bbox 1895 656 3594 726; baseline 0.001 -17"><span class='ocrx_word' id='word_1_437' title='bbox 1895 657 2324 711; x_wconf 90' lang='lat' dir='ltr'>consuetudinis</span> <span class='ocrx_word' id='word_1_438' title='bbox 2376 674 2407 709; x_wconf 88' lang='lat' dir='ltr'>a</span> <span class='ocrx_word' id='word_1_439' title='bbox 2466 659 2520 709; x_wconf 87' lang='lat' dir='ltr'>te</span> <span class='ocrx_word' id='word_1_440' title='bbox 2568 657 2981 726; x_wconf 86' lang='lat' dir='ltr'>exspectabam,</span> <span class='ocrx_word' id='word_1_441' title='bbox 3017 656 3135 726; x_wconf 90' lang='lat' dir='ltr'>ipse</span> <span class='ocrx_word' id='word_1_442' title='bbox 3193 656 3364 709; x_wconf 88' lang='lat' dir='ltr'>etiam</span> <span class='ocrx_word' id='word_1_443' title='bbox 3400 656 3594 710; x_wconf 87' lang='lat' dir='ltr'>deesse</span> 
     </span>
    </p>
   </div>
   <div class='ocr_carea' id='block_1_66' title="bbox 1896 743 3594 814">
    <p class='ocr_par' dir='ltr' id='par_1_66' title="bbox 1896 743 3594 814">
     <span class='ocr_line' id='line_1_66' title="bbox 1896 743 3594 814; baseline 0.001 -21"><span class='ocrx_word' id='word_1_444' title='bbox 1896 743 2107 809; x_wconf 83' lang='lat' dir='ltr'>videar,</span> <span class='ocrx_word' id='word_1_445' title='bbox 2141 745 2296 814; x_wconf 89' lang='lat' dir='ltr'>quod</span> <span class='ocrx_word' id='word_1_446' title='bbox 2345 744 2643 813; x_wconf 87' lang='lat' dir='ltr'>sperabam</span> <span class='ocrx_word' id='word_1_447' title='bbox 2678 761 2870 798; x_wconf 91' lang='lat' dir='ltr'>coram</span> <span class='ocrx_word' id='word_1_448' title='bbox 2915 749 3205 814; x_wconf 82' lang='lat' dir='ltr'>praestare,</span> <span class='ocrx_word' id='word_1_449' title='bbox 3249 743 3451 796; x_wconf 89' lang='lat' dir='ltr'>litteris</span> <span class='ocrx_word' id='word_1_450' title='bbox 3497 760 3594 796; x_wconf 79' lang='lat' dir='ltr'>ex-</span> 
     </span>
    </p>
   </div>
   <div class='ocr_carea' id='block_1_67' title="bbox 1898 833 3596 903">
    <p class='ocr_par' dir='ltr' id='par_1_67' title="bbox 1898 833 3596 903">
     <span class='ocr_line' id='line_1_67' title="bbox 1898 833 3596 903; baseline 0 -18"><span class='ocrx_word' id='word_1_451' title='bbox 1898 849 2121 903; x_wconf 85' lang='lat' dir='ltr'>sequor.</span> <span class='ocrx_word' id='word_1_452' title='bbox 2159 835 2223 887; x_wconf 89' lang='lat' dir='ltr'>Et</span> <span class='ocrx_word' id='word_1_453' title='bbox 2283 833 2534 903; x_wconf 89' lang='lat' dir='ltr'>quidem,</span> <span class='ocrx_word' id='word_1_454' title='bbox 2568 833 2645 887; x_wconf 89' lang='lat' dir='ltr'>mi</span> <span class='ocrx_word' id='word_1_455' title='bbox 2691 834 2937 900; x_wconf 86' lang='lat' dir='ltr'>Macedo,</span> <span class='ocrx_word' id='word_1_456' title='bbox 2982 849 3096 886; x_wconf 94' lang='lat' dir='ltr'>non</span> <span class='ocrx_word' id='word_1_457' title='bbox 3128 836 3419 902; x_wconf 61' lang='lat' dir='ltr'>sumitam</span> <span class='ocrx_word' id='word_1_458' title='bbox 3466 833 3596 886; x_wconf 86' lang='lat' dir='ltr'>bar-</span> 
     </span>
    </p>
   </div>
   <div class='ocr_carea' id='block_1_68' title="bbox 1897 918 3589 992">
    <p class='ocr_par' dir='ltr' id='par_1_68' title="bbox 1897 918 3589 992">
     <span class='ocr_line' id='line_1_68' title="bbox 1897 918 3589 992; baseline 0.002 -21"><span class='ocrx_word' id='word_1_459' title='bbox 1897 918 2001 971; x_wconf 90' lang='lat' dir='ltr'>dus</span> <span class='ocrx_word' id='word_1_460' title='bbox 2033 924 2130 972; x_wconf 88' lang='lat' dir='ltr'>aut</span> <span class='ocrx_word' id='word_1_461' title='bbox 2186 920 2449 990; x_wconf 87' lang='lat' dir='ltr'>stupidus</span> <span class='ocrx_word' id='word_1_462' title='bbox 2499 921 2639 990; x_wconf 89' lang='lat' dir='ltr'>quin</span> <span class='ocrx_word' id='word_1_463' title='bbox 2668 921 2882 991; x_wconf 88' lang='lat' dir='ltr'>optime</span> <span class='ocrx_word' id='word_1_464' title='bbox 2924 920 3241 992; x_wconf 85' lang='lat' dir='ltr'>intelligam</span> <span class='ocrx_word' id='word_1_465' title='bbox 3298 922 3589 975; x_wconf 90' lang='lat' dir='ltr'>neminem</span> 
     </span>
    </p>
   </div>
   <div class='ocr_carea' id='block_1_69' title="bbox 1901 1008 3595 1078">
    <p class='ocr_par' dir='ltr' id='par_1_69' title="bbox 1901 1008 3595 1078">
     <span class='ocr_line' id='line_1_69' title="bbox 1901 1008 3595 1078; baseline 0.002 -19"><span class='ocrx_word' id='word_1_466' title='bbox 1901 1008 2227 1062; x_wconf 88' lang='lat' dir='ltr'>mortalium</span> <span class='ocrx_word' id='word_1_467' title='bbox 2264 1008 2618 1078; x_wconf 86' lang='lat' dir='ltr'>quantalibet</span> <span class='ocrx_word' id='word_1_468' title='bbox 2657 1009 2910 1063; x_wconf 87' lang='lat' dir='ltr'>amicitia</span> <span class='ocrx_word' id='word_1_469' title='bbox 2968 1010 3323 1062; x_wconf 83' lang='lat' dir='ltr'>carissimum</span> <span class='ocrx_word' id='word_1_470' title='bbox 3356 1026 3475 1063; x_wconf 90' lang='lat' dir='ltr'>esse</span> <span class='ocrx_word' id='word_1_471' title='bbox 3537 1009 3595 1063; x_wconf 91' lang='lat' dir='ltr'>in</span> 
     </span>
    </p>
   </div>
   <div class='ocr_carea' id='block_1_70' title="bbox 1899 1097 3591 1168">
    <p class='ocr_par' dir='ltr' id='par_1_70' title="bbox 1899 1097 3591 1168">
     <span class='ocr_line' id='line_1_70' title="bbox 1899 1097 3591 1168; baseline 0.002 -19"><span class='ocrx_word' id='word_1_472' title='bbox 1899 1112 2092 1149; x_wconf 86' lang='lat' dir='ltr'>amore</span> <span class='ocrx_word' id='word_1_473' title='bbox 2152 1097 2299 1150; x_wconf 89' lang='lat' dir='ltr'>Divis</span> <span class='ocrx_word' id='word_1_474' title='bbox 2358 1097 2795 1168; x_wconf 68' lang='lat' dir='ltr'>praeferendum.</span> <span class='ocrx_word' id='word_1_475' title='bbox 2862 1098 2996 1150; x_wconf 85' lang='lat' dir='ltr'>Novi</span> <span class='ocrx_word' id='word_1_476' title='bbox 3084 1103 3242 1151; x_wconf 78' lang='lat' dir='ltr'>vetus</span> <span class='ocrx_word' id='word_1_477' title='bbox 3291 1098 3591 1168; x_wconf 85' lang='lat' dir='ltr'>adagium:</span> 
     </span>
    </p>
   </div>
   <div class='ocr_carea' id='block_1_71' title="bbox 1897 1185 3593 1257">
    <p class='ocr_par' dir='ltr' id='par_1_71' title="bbox 1897 1185 3593 1257">
     <span class='ocr_line' id='line_1_71' title="bbox 1897 1185 3593 1257; baseline 0.001 -19"><span class='ocrx_word' id='word_1_478' title='bbox 1897 1185 2119 1239; x_wconf 83' lang='lat' dir='ltr'>Amicus</span> <span class='ocrx_word' id='word_1_479' title='bbox 2145 1201 2313 1255; x_wconf 82' lang='lat' dir='ltr'>usque</span> <span class='ocrx_word' id='word_1_480' title='bbox 2343 1186 2416 1239; x_wconf 88' lang='lat' dir='ltr'>ad</span> <span class='ocrx_word' id='word_1_481' title='bbox 2438 1202 2585 1240; x_wconf 86' lang='lat' dir='ltr'>aras.</span> <span class='ocrx_word' id='word_1_482' title='bbox 2619 1187 2814 1255; x_wconf 87' lang='lat' dir='ltr'>Itaque</span> <span class='ocrx_word' id='word_1_483' title='bbox 2846 1185 3075 1257; x_wconf 87' lang='lat' dir='ltr'>ineptus</span> <span class='ocrx_word' id='word_1_484' title='bbox 3102 1186 3340 1254; x_wconf 88' lang='lat' dir='ltr'>judicer,</span> <span class='ocrx_word' id='word_1_485' title='bbox 3391 1187 3435 1239; x_wconf 88' lang='lat' dir='ltr'>si</span> <span class='ocrx_word' id='word_1_486' title='bbox 3470 1192 3593 1239; x_wconf 88' lang='lat' dir='ltr'>tan-</span> 
     </span>
    </p>
   </div>
   <div class='ocr_carea' id='block_1_72' title="bbox 1898 1274 3593 1344">
    <p class='ocr_par' dir='ltr' id='par_1_72' title="bbox 1898 1274 3593 1344">
     <span class='ocr_line' id='line_1_72' title="bbox 1898 1274 3593 1344; baseline 0.002 -19"><span class='ocrx_word' id='word_1_487' title='bbox 1898 1278 2019 1325; x_wconf 89' lang='lat' dir='ltr'>tum</span> <span class='ocrx_word' id='word_1_488' title='bbox 2062 1274 2202 1327; x_wconf 89' lang='lat' dir='ltr'>mihi</span> <span class='ocrx_word' id='word_1_489' title='bbox 2236 1275 2305 1327; x_wconf 88' lang='lat' dir='ltr'>ab</span> <span class='ocrx_word' id='word_1_490' title='bbox 2338 1274 2517 1327; x_wconf 86' lang='lat' dir='ltr'>amico</span> <span class='ocrx_word' id='word_1_491' title='bbox 2546 1274 2721 1327; x_wconf 86' lang='lat' dir='ltr'>tribui</span> <span class='ocrx_word' id='word_1_492' title='bbox 2755 1274 2943 1339; x_wconf 89' lang='lat' dir='ltr'>velim,</span> <span class='ocrx_word' id='word_1_493' title='bbox 2981 1278 3040 1327; x_wconf 92' lang='lat' dir='ltr'>ut</span> <span class='ocrx_word' id='word_1_494' title='bbox 3100 1290 3187 1327; x_wconf 87' lang='lat' dir='ltr'>me</span> <span class='ocrx_word' id='word_1_495' title='bbox 3238 1274 3366 1343; x_wconf 86' lang='lat' dir='ltr'>plus</span> <span class='ocrx_word' id='word_1_496' title='bbox 3422 1291 3593 1344; x_wconf 86' lang='lat' dir='ltr'>quam</span> 
     </span>
    </p>
   </div>
   <div class='ocr_carea' id='block_1_73' title="bbox 1898 1360 3595 1433">
    <p class='ocr_par' dir='ltr' id='par_1_73' title="bbox 1898 1360 3595 1433">
     <span class='ocr_line' id='line_1_73' title="bbox 1898 1360 3595 1433; baseline 0 -18"><span class='ocrx_word' id='word_1_497' title='bbox 1898 1360 2145 1431; x_wconf 84' lang='lat' dir='ltr'>Superos</span> <span class='ocrx_word' id='word_1_498' title='bbox 2176 1368 2346 1416; x_wconf 87' lang='lat' dir='ltr'>amet.</span> <span class='ocrx_word' id='word_1_499' title='bbox 2406 1362 2631 1416; x_wconf 85' lang='lat' dir='ltr'>Utinam</span> <span class='ocrx_word' id='word_1_500' title='bbox 2664 1367 2984 1433; x_wconf 88' lang='lat' dir='ltr'>susceptam</span> <span class='ocrx_word' id='word_1_501' title='bbox 3032 1379 3136 1432; x_wconf 89' lang='lat' dir='ltr'>pro</span> <span class='ocrx_word' id='word_1_502' title='bbox 3168 1362 3425 1416; x_wconf 89' lang='lat' dir='ltr'>doctrina</span> <span class='ocrx_word' id='word_1_503' title='bbox 3463 1379 3595 1415; x_wconf 87' lang='lat' dir='ltr'>san-</span> 
     </span>
    </p>
   </div>
   <div class='ocr_carea' id='block_1_74' title="bbox 1899 1449 3596 1505">
    <p class='ocr_par' dir='ltr' id='par_1_74' title="bbox 1899 1449 3596 1505">
     <span class='ocr_line' id='line_1_74' title="bbox 1899 1449 3596 1505; baseline 0.002 -5"><span class='ocrx_word' id='word_1_504' title='bbox 1899 1454 2120 1502; x_wconf 91' lang='lat' dir='ltr'>ctorum</span> <span class='ocrx_word' id='word_1_505' title='bbox 2180 1449 2376 1503; x_wconf 84' lang='lat' dir='ltr'>Hilarii</span> <span class='ocrx_word' id='word_1_506' title='bbox 2426 1450 2777 1504; x_wconf 84' lang='lat' dir='ltr'>Arelatensis</span> <span class='ocrx_word' id='word_1_507' title='bbox 2826 1455 2881 1504; x_wconf 90' lang='lat' dir='ltr'>et</span> <span class='ocrx_word' id='word_1_508' title='bbox 2933 1451 3211 1504; x_wconf 81' lang='lat' dir='ltr'>Vincentii</span> <span class='ocrx_word' id='word_1_509' title='bbox 3276 1451 3596 1505; x_wconf 88' lang='lat' dir='ltr'>Lerinensis</span> 
     </span>
    </p>
   </div>
   <div class='ocr_carea' id='block_1_75' title="bbox 1899 1537 3591 1609">
    <p class='ocr_par' dir='ltr' id='par_1_75' title="bbox 1899 1537 3591 1609">
     <span class='ocr_line' id='line_1_75' title="bbox 1899 1537 3591 1609; baseline 0.002 -20"><span class='ocrx_word' id='word_1_510' title='bbox 1899 1537 2291 1592; x_wconf 86' lang='lat' dir='ltr'>defensionem</span> <span class='ocrx_word' id='word_1_511' title='bbox 2335 1555 2440 1608; x_wconf 89' lang='lat' dir='ltr'>pro</span> <span class='ocrx_word' id='word_1_512' title='bbox 2496 1539 2698 1592; x_wconf 88' lang='lat' dir='ltr'>merito</span> <span class='ocrx_word' id='word_1_513' title='bbox 2729 1539 3106 1609; x_wconf 72' lang='lat' dir='ltr'>prmstitisses,</span> <span class='ocrx_word' id='word_1_514' title='bbox 3164 1544 3218 1592; x_wconf 90' lang='lat' dir='ltr'>et</span> <span class='ocrx_word' id='word_1_515' title='bbox 3249 1556 3317 1593; x_wconf 81' lang='lat' dir='ltr'>ex</span> <span class='ocrx_word' id='word_1_516' title='bbox 3354 1540 3591 1593; x_wconf 86' lang='lat' dir='ltr'>vetustis</span> 
     </span>
    </p>
   </div>
   <div class='ocr_carea' id='block_1_76' title="bbox 1898 1625 3600 1697">
    <p class='ocr_par' dir='ltr' id='par_1_76' title="bbox 1898 1625 3600 1697">
     <span class='ocr_line' id='line_1_76' title="bbox 1898 1625 3600 1697; baseline 0.001 -18"><span class='ocrx_word' id='word_1_517' title='bbox 1898 1625 2105 1679; x_wconf 85' lang='lat' dir='ltr'>tabulis</span> <span class='ocrx_word' id='word_1_518' title='bbox 2140 1630 2307 1697; x_wconf 87' lang='lat' dir='ltr'>atque</span> <span class='ocrx_word' id='word_1_519' title='bbox 2346 1627 2685 1697; x_wconf 87' lang='lat' dir='ltr'>antiquioris</span> <span class='ocrx_word' id='word_1_520' title='bbox 2718 1628 2976 1681; x_wconf 63' lang='lat' dir='ltr'>Ecclesiae</span> <span class='ocrx_word' id='word_1_521' title='bbox 3010 1628 3245 1680; x_wconf 88' lang='lat' dir='ltr'>testibus</span> <span class='ocrx_word' id='word_1_522' title='bbox 3272 1644 3393 1681; x_wconf 89' lang='lat' dir='ltr'>rem</span> <span class='ocrx_word' id='word_1_523' title='bbox 3427 1628 3600 1682; x_wconf 85' lang='lat' dir='ltr'>felici-</span> 
     </span>
    </p>
   </div>
   <div class='ocr_carea' id='block_1_77' title="bbox 1900 1714 3595 1786">
    <p class='ocr_par' dir='ltr' id='par_1_77' title="bbox 1900 1714 3595 1786">
     <span class='ocr_line' id='line_1_77' title="bbox 1900 1714 3595 1786; baseline 0.001 -19"><span class='ocrx_word' id='word_1_524' title='bbox 1900 1719 1987 1767; x_wconf 88' lang='lat' dir='ltr'>ter</span> <span class='ocrx_word' id='word_1_525' title='bbox 2015 1714 2381 1769; x_wconf 91' lang='lat' dir='ltr'>confecissesl</span> <span class='ocrx_word' id='word_1_526' title='bbox 2427 1714 2683 1769; x_wconf 86' lang='lat' dir='ltr'>Profecto</span> <span class='ocrx_word' id='word_1_527' title='bbox 2716 1718 2924 1769; x_wconf 87' lang='lat' dir='ltr'>multas</span> <span class='ocrx_word' id='word_1_528' title='bbox 2956 1716 3057 1768; x_wconf 87' lang='lat' dir='ltr'>tibi</span> <span class='ocrx_word' id='word_1_529' title='bbox 3090 1716 3299 1786; x_wconf 86' lang='lat' dir='ltr'>gratias</span> <span class='ocrx_word' id='word_1_530' title='bbox 3344 1732 3595 1785; x_wconf 85' lang='lat' dir='ltr'>agerem,</span> 
     </span>
    </p>
   </div>
   <div class='ocr_carea' id='block_1_78' title="bbox 1899 1803 3599 1874">
    <p class='ocr_par' dir='ltr' id='par_1_78' title="bbox 1899 1803 3599 1874">
     <span class='ocr_line' id='line_1_78' title="bbox 1899 1803 3599 1874; baseline 0 -18"><span class='ocrx_word' id='word_1_531' title='bbox 1899 1803 2092 1873; x_wconf 90' lang='lat' dir='ltr'>plures</span> <span class='ocrx_word' id='word_1_532' title='bbox 2124 1803 2299 1857; x_wconf 89' lang='lat' dir='ltr'>etiam</span> <span class='ocrx_word' id='word_1_533' title='bbox 2326 1804 2613 1865; x_wconf 86' lang='lat' dir='ltr'>deberem,</span> <span class='ocrx_word' id='word_1_534' title='bbox 2649 1804 2862 1874; x_wconf 89' lang='lat' dir='ltr'>quippe</span> <span class='ocrx_word' id='word_1_535' title='bbox 2899 1804 2999 1874; x_wconf 89' lang='lat' dir='ltr'>qui</span> <span class='ocrx_word' id='word_1_536' title='bbox 3030 1804 3172 1857; x_wconf 86' lang='lat' dir='ltr'>duos</span> <span class='ocrx_word' id='word_1_537' title='bbox 3199 1804 3599 1857; x_wconf 89' lang='lat' dir='ltr'>celeberrimos</span> 
     </span>
    </p>
   </div>
   <div class='ocr_carea' id='block_1_79' title="bbox 1898 1890 3595 1961">
    <p class='ocr_par' dir='ltr' id='par_1_79' title="bbox 1898 1890 3595 1961">
     <span class='ocr_line' id='line_1_79' title="bbox 1898 1890 3595 1961; baseline 0.001 -19"><span class='ocrx_word' id='word_1_538' title='bbox 1898 1890 2091 1943; x_wconf 88' lang='lat' dir='ltr'>Patres</span> <span class='ocrx_word' id='word_1_539' title='bbox 2114 1890 2417 1961; x_wconf 81' lang='lat' dir='ltr'>Augustini</span> <span class='ocrx_word' id='word_1_540' title='bbox 2442 1894 2783 1956; x_wconf 74' lang='lat' dir='ltr'>coeetaneos,</span> <span class='ocrx_word' id='word_1_541' title='bbox 2814 1891 2998 1944; x_wconf 89' lang='lat' dir='ltr'>eidem</span> <span class='ocrx_word' id='word_1_542' title='bbox 3030 1891 3083 1945; x_wconf 91' lang='lat' dir='ltr'>S.</span> <span class='ocrx_word' id='word_1_543' title='bbox 3110 1891 3326 1943; x_wconf 89' lang='lat' dir='ltr'>doctori</span> <span class='ocrx_word' id='word_1_544' title='bbox 3348 1891 3405 1943; x_wconf 91' lang='lat' dir='ltr'>in</span> <span class='ocrx_word' id='word_1_545' title='bbox 3438 1891 3595 1943; x_wconf 90' lang='lat' dir='ltr'>nullo</span> 
     </span>
    </p>
   </div>
   <div class='ocr_carea' id='block_1_80' title="bbox 1897 1978 3596 2049">
    <p class='ocr_par' dir='ltr' id='par_1_80' title="bbox 1897 1978 3596 2049">
     <span class='ocr_line' id='line_1_80' title="bbox 1897 1978 3596 2049; baseline -0.002 -16"><span class='ocrx_word' id='word_1_546' title='bbox 1897 1980 2162 2048; x_wconf 89' lang='lat' dir='ltr'>dogmate</span> <span class='ocrx_word' id='word_1_547' title='bbox 2212 1980 2552 2047; x_wconf 86' lang='lat' dir='ltr'>adversatos,</span> <span class='ocrx_word' id='word_1_548' title='bbox 2606 1980 2701 2032; x_wconf 90' lang='lat' dir='ltr'>sed</span> <span class='ocrx_word' id='word_1_549' title='bbox 2753 1995 2856 2049; x_wconf 85' lang='lat' dir='ltr'>per</span> <span class='ocrx_word' id='word_1_550' title='bbox 2912 1979 3105 2033; x_wconf 86' lang='lat' dir='ltr'>omnia</span> <span class='ocrx_word' id='word_1_551' title='bbox 3149 1978 3596 2047; x_wconf 65' lang='lat' dir='ltr'>{consentientes</span> 
     </span>
    </p>
   </div>
   <div class='ocr_carea' id='block_1_81' title="bbox 1898 2066 3595 2137">
    <p class='ocr_par' dir='ltr' id='par_1_81' title="bbox 1898 2066 3595 2137">
     <span class='ocr_line' id='line_1_81' title="bbox 1898 2066 3595 2137; baseline -0.001 -16"><span class='ocrx_word' id='word_1_552' title='bbox 1898 2066 2270 2132; x_wconf 81' lang='lat' dir='ltr'>ostendisses;</span> <span class='ocrx_word' id='word_1_553' title='bbox 2308 2066 2451 2120; x_wconf 89' lang='lat' dir='ltr'>nihil</span> <span class='ocrx_word' id='word_1_554' title='bbox 2508 2066 2875 2136; x_wconf 77' lang='lat' dir='ltr'>enimmagis</span> <span class='ocrx_word' id='word_1_555' title='bbox 2902 2066 2965 2119; x_wconf 90' lang='lat' dir='ltr'>in</span> <span class='ocrx_word' id='word_1_556' title='bbox 2987 2067 3133 2119; x_wconf 88' lang='lat' dir='ltr'>votis</span> <span class='ocrx_word' id='word_1_557' title='bbox 3192 2067 3372 2121; x_wconf 87' lang='lat' dir='ltr'>habeo</span> <span class='ocrx_word' id='word_1_558' title='bbox 3422 2083 3595 2137; x_wconf 89' lang='lat' dir='ltr'>quam</span> 
     </span>
    </p>
   </div>
   <div class='ocr_carea' id='block_1_82' title="bbox 1896 2154 3593 2225">
    <p class='ocr_par' dir='ltr' id='par_1_82' title="bbox 1896 2154 3593 2225">
     <span class='ocr_line' id='line_1_82' title="bbox 1896 2154 3593 2225; baseline -0.002 -15"><span class='ocrx_word' id='word_1_559' title='bbox 1896 2155 2374 2225; x_wconf 87' lang='lat' dir='ltr'>Augustinianam</span> <span class='ocrx_word' id='word_1_560' title='bbox 2398 2155 2715 2209; x_wconf 87' lang='lat' dir='ltr'>doctrinam</span> <span class='ocrx_word' id='word_1_561' title='bbox 2758 2154 3160 2208; x_wconf 89' lang='lat' dir='ltr'>communibus</span> <span class='ocrx_word' id='word_1_562' title='bbox 3208 2156 3441 2208; x_wconf 88' lang='lat' dir='ltr'>Patrum</span> <span class='ocrx_word' id='word_1_563' title='bbox 3473 2154 3593 2207; x_wconf 89' lang='lat' dir='ltr'>suf-</span> 
     </span>
    </p>
   </div>
   <div class='ocr_carea' id='block_1_83' title="bbox 1898 2242 3598 2314">
    <p class='ocr_par' dir='ltr' id='par_1_83' title="bbox 1898 2242 3598 2314">
     <span class='ocr_line' id='line_1_83' title="bbox 1898 2242 3598 2314; baseline -0.002 -17"><span class='ocrx_word' id='word_1_564' title='bbox 1898 2244 2095 2314; x_wconf 89' lang='lat' dir='ltr'>fragiis</span> <span class='ocrx_word' id='word_1_565' title='bbox 2147 2245 2577 2313; x_wconf 89' lang='lat' dir='ltr'>comprobatam</span> <span class='ocrx_word' id='word_1_566' title='bbox 2627 2243 3065 2314; x_wconf 83' lang='lat' dir='ltr'>monstrari.|At</span> <span class='ocrx_word' id='word_1_567' title='bbox 3119 2259 3249 2296; x_wconf 90' lang='lat' dir='ltr'>cum</span> <span class='ocrx_word' id='word_1_568' title='bbox 3277 2242 3496 2297; x_wconf 83' lang='lat' dir='ltr'>videam</span> <span class='ocrx_word' id='word_1_569' title='bbox 3544 2245 3598 2295; x_wconf 86' lang='lat' dir='ltr'>te</span> 
     </span>
    </p>
   </div>
   <div class='ocr_carea' id='block_1_84' title="bbox 1896 2328 3598 2402">
    <p class='ocr_par' dir='ltr' id='par_1_84' title="bbox 1896 2328 3598 2402">
     <span class='ocr_line' id='line_1_84' title="bbox 1896 2328 3598 2402; baseline -0.002 -17"><span class='ocrx_word' id='word_1_570' title='bbox 1896 2333 2107 2402; x_wconf 89' lang='lat' dir='ltr'>passim</span> <span class='ocrx_word' id='word_1_571' title='bbox 2139 2332 2497 2400; x_wconf 88' lang='lat' dir='ltr'>rhetoricari,</span> <span class='ocrx_word' id='word_1_572' title='bbox 2531 2332 2756 2386; x_wconf 88' lang='lat' dir='ltr'>omissis</span> <span class='ocrx_word' id='word_1_573' title='bbox 2781 2336 3034 2385; x_wconf 87' lang='lat' dir='ltr'>veterum</span> <span class='ocrx_word' id='word_1_574' title='bbox 3065 2329 3454 2397; x_wconf 87' lang='lat' dir='ltr'>monimentis,</span> <span class='ocrx_word' id='word_1_575' title='bbox 3482 2328 3598 2382; x_wconf 88' lang='lat' dir='ltr'>tuis</span> 
     </span>
    </p>
   </div>
   <div class='ocr_carea' id='block_1_85' title="bbox 1897 2417 3594 2491">
    <p class='ocr_par' dir='ltr' id='par_1_85' title="bbox 1897 2417 3594 2491">
     <span class='ocr_line' id='line_1_85' title="bbox 1897 2417 3594 2491; baseline -0.001 -19"><span class='ocrx_word' id='word_1_576' title='bbox 1897 2419 2404 2489; x_wconf 88' lang='lat' dir='ltr'>imaginationibus</span> <span class='ocrx_word' id='word_1_577' title='bbox 2438 2420 2759 2490; x_wconf 88' lang='lat' dir='ltr'>indulgere,</span> <span class='ocrx_word' id='word_1_578' title='bbox 2790 2419 2865 2491; x_wconf 65' lang='lat' dir='ltr'>{ac</span> <span class='ocrx_word' id='word_1_579' title='bbox 2907 2436 3007 2490; x_wconf 87' lang='lat' dir='ltr'>pro</span> <span class='ocrx_word' id='word_1_580' title='bbox 3040 2419 3275 2473; x_wconf 88' lang='lat' dir='ltr'>historia</span> <span class='ocrx_word' id='word_1_581' title='bbox 3306 2417 3462 2472; x_wconf 88' lang='lat' dir='ltr'>entia</span> <span class='ocrx_word' id='word_1_582' title='bbox 3506 2433 3594 2470; x_wconf 82' lang='lat' dir='ltr'>ra-</span> 
     </span>
    </p>
   </div>
   <div class='ocr_carea' id='block_1_86' title="bbox 1896 2508 3596 2578">
    <p class='ocr_par' dir='ltr' id='par_1_86' title="bbox 1896 2508 3596 2578">
     <span class='ocr_line' id='line_1_86' title="bbox 1896 2508 3596 2578; baseline -0.002 -17"><span class='ocrx_word' id='word_1_583' title='bbox 1896 2509 2088 2575; x_wconf 88' lang='lat' dir='ltr'>tionis,</span> <span class='ocrx_word' id='word_1_584' title='bbox 2125 2514 2180 2561; x_wconf 86' lang='lat' dir='ltr'>et</span> <span class='ocrx_word' id='word_1_585' title='bbox 2220 2510 2493 2562; x_wconf 85' lang='lat' dir='ltr'>secundas</span> <span class='ocrx_word' id='word_1_586' title='bbox 2542 2510 2914 2578; x_wconf 83' lang='lat' dir='ltr'>intentiones,</span> <span class='ocrx_word' id='word_1_587' title='bbox 2944 2514 3009 2562; x_wconf 88' lang='lat' dir='ltr'>ut</span> <span class='ocrx_word' id='word_1_588' title='bbox 3065 2508 3273 2576; x_wconf 87' lang='lat' dir='ltr'>dicitis,</span> <span class='ocrx_word' id='word_1_589' title='bbox 3304 2524 3403 2561; x_wconf 91' lang='lat' dir='ltr'>seu</span> <span class='ocrx_word' id='word_1_590' title='bbox 3450 2522 3596 2559; x_wconf 89' lang='lat' dir='ltr'>vana</span> 
     </span>
    </p>
   </div>
   <div class='ocr_carea' id='block_1_87' title="bbox 1897 2598 3593 2669">
    <p class='ocr_par' dir='ltr' id='par_1_87' title="bbox 1897 2598 3593 2669">
     <span class='ocr_line' id='line_1_87' title="bbox 1897 2598 3593 2669; baseline -0.002 -18"><span class='ocrx_word' id='word_1_591' title='bbox 1897 2598 2161 2669; x_wconf 50' lang='lat' dir='ltr'>quadam</span> <span class='ocrx_word' id='word_1_592' title='bbox 2177 2603 2290 2652; x_wconf 70' lang='lat' dir='ltr'>tuae</span> <span class='ocrx_word' id='word_1_593' title='bbox 2322 2600 2527 2651; x_wconf 86' lang='lat' dir='ltr'>mentis</span> <span class='ocrx_word' id='word_1_594' title='bbox 2559 2599 2709 2652; x_wconf 86' lang='lat' dir='ltr'>idola</span> <span class='ocrx_word' id='word_1_595' title='bbox 2740 2598 3045 2652; x_wconf 88' lang='lat' dir='ltr'>obtrudere</span> <span class='ocrx_word' id='word_1_596' title='bbox 3067 2613 3459 2667; x_wconf 88' lang='lat' dir='ltr'>;nonpossum</span> <span class='ocrx_word' id='word_1_597' title='bbox 3479 2612 3593 2649; x_wconf 91' lang='lat' dir='ltr'>non</span> 
     </span>
    </p>
   </div>
   <div class='ocr_carea' id='block_1_88' title="bbox 1898 2686 3594 2757">
    <p class='ocr_par' dir='ltr' id='par_1_88' title="bbox 1898 2686 3594 2757">
     <span class='ocr_line' id='line_1_88' title="bbox 1898 2686 3594 2757; baseline -0.001 -18"><span class='ocrx_word' id='word_1_598' title='bbox 1898 2691 2022 2739; x_wconf 88' lang='lat' dir='ltr'>tuas</span> <span class='ocrx_word' id='word_1_599' title='bbox 2053 2686 2199 2739; x_wconf 90' lang='lat' dir='ltr'>vices</span> <span class='ocrx_word' id='word_1_600' title='bbox 2230 2686 2444 2749; x_wconf 88' lang='lat' dir='ltr'>dolere,</span> <span class='ocrx_word' id='word_1_601' title='bbox 2474 2687 2572 2757; x_wconf 90' lang='lat' dir='ltr'>qui</span> <span class='ocrx_word' id='word_1_602' title='bbox 2603 2688 2766 2739; x_wconf 84' lang='lat' dir='ltr'>bonae</span> <span class='ocrx_word' id='word_1_603' title='bbox 2809 2702 2995 2739; x_wconf 82' lang='lat' dir='ltr'>causae</span> <span class='ocrx_word' id='word_1_604' title='bbox 3030 2703 3146 2739; x_wconf 87' lang='lat' dir='ltr'>non</span> <span class='ocrx_word' id='word_1_605' title='bbox 3190 2701 3352 2756; x_wconf 70' lang='lat' dir='ltr'>teque</span> <span class='ocrx_word' id='word_1_606' title='bbox 3381 2686 3594 2738; x_wconf 90' lang='lat' dir='ltr'>bonam</span> 
     </span>
    </p>
   </div>
   <div class='ocr_carea' id='block_1_89' title="bbox 1898 2772 3594 2836">
    <p class='ocr_par' dir='ltr' id='par_1_89' title="bbox 1898 2772 3594 2836">
     <span class='ocr_line' id='line_1_89' title="bbox 1898 2772 3594 2836; baseline -0.004 -8"><span class='ocrx_word' id='word_1_607' title='bbox 1898 2774 2327 2829; x_wconf 86' lang='lat' dir='ltr'>advocationem</span> <span class='ocrx_word' id='word_1_608' title='bbox 2370 2774 2765 2827; x_wconf 89' lang='lat' dir='ltr'>commodasti.</span> <span class='ocrx_word' id='word_1_609' title='bbox 2822 2775 2977 2827; x_wconf 88' lang='lat' dir='ltr'>Intra</span> <span class='ocrx_word' id='word_1_610' title='bbox 3007 2790 3102 2826; x_wconf 88' lang='lat' dir='ltr'>sex</span> <span class='ocrx_word' id='word_1_611' title='bbox 3134 2774 3219 2825; x_wconf 75' lang='lat' dir='ltr'>vel</span> <span class='ocrx_word' id='word_1_612' title='bbox 3278 2777 3403 2825; x_wconf 90' lang='lat' dir='ltr'>octo</span> <span class='ocrx_word' id='word_1_613' title='bbox 3453 2772 3594 2836; x_wconf 87' lang='lat' dir='ltr'>dies,</span> 
     </span>
    </p>
   </div>
   <div class='ocr_carea' id='block_1_90' title="bbox 1898 2860 3595 2933">
    <p class='ocr_par' dir='ltr' id='par_1_90' title="bbox 1898 2860 3595 2933">
     <span class='ocr_line' id='line_1_90' title="bbox 1898 2860 3595 2933; baseline -0.002 -18"><span class='ocrx_word' id='word_1_614' title='bbox 1898 2863 2242 2933; x_wconf 86' lang='lat' dir='ltr'>nuperrimae</span> <span class='ocrx_word' id='word_1_615' title='bbox 2270 2868 2383 2917; x_wconf 72' lang='lat' dir='ltr'>tum</span> <span class='ocrx_word' id='word_1_616' title='bbox 2406 2863 2687 2933; x_wconf 70' lang='lat' dir='ltr'>apologice</span> <span class='ocrx_word' id='word_1_617' title='bbox 2709 2862 3155 2916; x_wconf 88' lang='lat' dir='ltr'>eonfutationem</span> <span class='ocrx_word' id='word_1_618' title='bbox 3173 2863 3239 2915; x_wconf 90' lang='lat' dir='ltr'>ad</span> <span class='ocrx_word' id='word_1_619' title='bbox 3260 2860 3595 2914; x_wconf 88' lang='lat' dir='ltr'>umbilicum</span> 
     </span>
    </p>
   </div>
   <div class='ocr_carea' id='block_1_91' title="bbox 1897 2948 3596 3021">
    <p class='ocr_par' dir='ltr' id='par_1_91' title="bbox 1897 2948 3596 3021">
     <span class='ocr_line' id='line_1_91' title="bbox 1897 2948 3596 3021; baseline -0.002 -17"><span class='ocrx_word' id='word_1_620' title='bbox 1897 2951 2190 3005; x_wconf 87' lang='lat' dir='ltr'>deducam.</span> <span class='ocrx_word' id='word_1_621' title='bbox 2220 2956 2277 3004; x_wconf 87' lang='lat' dir='ltr'>et</span> <span class='ocrx_word' id='word_1_622' title='bbox 2304 2952 2495 3021; x_wconf 89' lang='lat' dir='ltr'>palam</span> <span class='ocrx_word' id='word_1_623' title='bbox 2528 2951 2728 3004; x_wconf 88' lang='lat' dir='ltr'>faciam</span> <span class='ocrx_word' id='word_1_624' title='bbox 2778 2955 2832 3003; x_wconf 87' lang='lat' dir='ltr'>te</span> <span class='ocrx_word' id='word_1_625' title='bbox 2866 2950 3077 3016; x_wconf 68' lang='lat' dir='ltr'>Dallaai,</span> <span class='ocrx_word' id='word_1_626' title='bbox 3114 2949 3423 3015; x_wconf 88' lang='lat' dir='ltr'>Blondelli;</span> <span class='ocrx_word' id='word_1_627' title='bbox 3455 2948 3596 3001; x_wconf 85' lang='lat' dir='ltr'>alio-</span> 
     </span>
    </p>
   </div>
   <div class='ocr_carea' id='block_1_92' title="bbox 1903 3038 3597 3110">
    <p class='ocr_par' dir='ltr' id='par_1_92' title="bbox 1903 3038 3597 3110">
     <span class='ocr_line' id='line_1_92' title="bbox 1903 3038 3597 3110; baseline -0.002 -17"><span class='ocrx_word' id='word_1_628' title='bbox 1903 3056 2146 3110; x_wconf 89' lang='lat' dir='ltr'>rumque</span> <span class='ocrx_word' id='word_1_629' title='bbox 2160 3039 2599 3109; x_wconf 86' lang='lat' dir='ltr'>protestantium</span> <span class='ocrx_word' id='word_1_630' title='bbox 2613 3038 2951 3093; x_wconf 87' lang='lat' dir='ltr'>sententiam</span> <span class='ocrx_word' id='word_1_631' title='bbox 2967 3038 3150 3109; x_wconf 88' lang='lat' dir='ltr'>sequi,</span> <span class='ocrx_word' id='word_1_632' title='bbox 3168 3038 3412 3103; x_wconf 88' lang='lat' dir='ltr'>munire,</span> <span class='ocrx_word' id='word_1_633' title='bbox 3434 3053 3597 3107; x_wconf 87' lang='lat' dir='ltr'>exag-</span> 
     </span>
    </p>
   </div>
   <div class='ocr_carea' id='block_1_93' title="bbox 1904 3125 3595 3199">
    <p class='ocr_par' dir='ltr' id='par_1_93' title="bbox 1904 3125 3595 3199">
     <span class='ocr_line' id='line_1_93' title="bbox 1904 3125 3595 3199; baseline -0.002 -18"><span class='ocrx_word' id='word_1_634' title='bbox 1904 3145 2130 3199; x_wconf 86' lang='lat' dir='ltr'>gerare;</span> <span class='ocrx_word' id='word_1_635' title='bbox 2166 3128 2392 3181; x_wconf 89' lang='lat' dir='ltr'>Baronii</span> <span class='ocrx_word' id='word_1_636' title='bbox 2440 3128 2832 3181; x_wconf 85' lang='lat' dir='ltr'>defensionem</span> <span class='ocrx_word' id='word_1_637' title='bbox 2887 3128 3059 3180; x_wconf 86' lang='lat' dir='ltr'>verbo</span> <span class='ocrx_word' id='word_1_638' title='bbox 3088 3127 3273 3196; x_wconf 59' lang='lat' dir='ltr'>{tenus</span> <span class='ocrx_word' id='word_1_639' title='bbox 3304 3125 3400 3179; x_wconf 87' lang='lat' dir='ltr'>abs</span> <span class='ocrx_word' id='word_1_640' title='bbox 3432 3130 3483 3178; x_wconf 91' lang='lat' dir='ltr'>te</span> <span class='ocrx_word' id='word_1_641' title='bbox 3508 3126 3595 3195; x_wconf 88' lang='lat' dir='ltr'>ja-</span> 
     </span>
    </p>
   </div>
   <div class='ocr_carea' id='block_1_94' title="bbox 1903 3215 3597 3285">
    <p class='ocr_par' dir='ltr' id='par_1_94' title="bbox 1903 3215 3597 3285">
     <span class='ocr_line' id='line_1_94' title="bbox 1903 3215 3597 3285; baseline 0 -18"><span class='ocrx_word' id='word_1_642' title='bbox 1903 3216 2059 3278; x_wconf 86' lang='lat' dir='ltr'>ctari,</span> <span class='ocrx_word' id='word_1_643' title='bbox 2104 3232 2233 3269; x_wconf 89' lang='lat' dir='ltr'>cum</span> <span class='ocrx_word' id='word_1_644' title='bbox 2292 3216 2498 3281; x_wconf 91' lang='lat' dir='ltr'>eidem,</span> <span class='ocrx_word' id='word_1_645' title='bbox 2551 3216 2723 3269; x_wconf 80' lang='lat' dir='ltr'>etiam</span> <span class='ocrx_word' id='word_1_646' title='bbox 2772 3231 2900 3269; x_wconf 89' lang='lat' dir='ltr'>cum</span> <span class='ocrx_word' id='word_1_647' title='bbox 2955 3215 3334 3285; x_wconf 71' lang='lat' dir='ltr'>patrocinium</span> <span class='ocrx_word' id='word_1_648' title='bbox 3389 3230 3597 3283; x_wconf 88' lang='lat' dir='ltr'>magno</span> 
     </span>
    </p>
   </div>
   <div class='ocr_carea' id='block_1_95' title="bbox 1903 3303 3594 3374">
    <p class='ocr_par' dir='ltr' id='par_1_95' title="bbox 1903 3303 3594 3374">
     <span class='ocr_line' id='line_1_95' title="bbox 1903 3303 3594 3374; baseline -0.001 -18"><span class='ocrx_word' id='word_1_649' title='bbox 1903 3303 2065 3356; x_wconf 87' lang='lat' dir='ltr'>hiatu</span> <span class='ocrx_word' id='word_1_650' title='bbox 2092 3303 2397 3374; x_wconf 87' lang='lat' dir='ltr'>promittis,</span> <span class='ocrx_word' id='word_1_651' title='bbox 2431 3304 2748 3369; x_wconf 88' lang='lat' dir='ltr'>adversere,</span> <span class='ocrx_word' id='word_1_652' title='bbox 2778 3310 2835 3357; x_wconf 89' lang='lat' dir='ltr'>et</span> <span class='ocrx_word' id='word_1_653' title='bbox 2863 3303 3137 3371; x_wconf 85' lang='lat' dir='ltr'>neglectis</span> <span class='ocrx_word' id='word_1_654' title='bbox 3170 3309 3426 3355; x_wconf 90' lang='lat' dir='ltr'>veterum</span> <span class='ocrx_word' id='word_1_655' title='bbox 3459 3303 3594 3355; x_wconf 88' lang='lat' dir='ltr'>seri-</span> 
     </span>
    </p>
   </div>
   <div class='ocr_carea' id='block_1_96' title="bbox 1904 3390 3597 3462">
    <p class='ocr_par' dir='ltr' id='par_1_96' title="bbox 1904 3390 3597 3462">
     <span class='ocr_line' id='line_1_96' title="bbox 1904 3390 3597 3462; baseline -0.001 -18"><span class='ocrx_word' id='word_1_656' title='bbox 1904 3397 2130 3462; x_wconf 89' lang='lat' dir='ltr'>ptorum</span> <span class='ocrx_word' id='word_1_657' title='bbox 2183 3391 2591 3457; x_wconf 83' lang='lat' dir='ltr'>voluminibus,</span> <span class='ocrx_word' id='word_1_658' title='bbox 2642 3407 2819 3444; x_wconf 90' lang='lat' dir='ltr'>novas</span> <span class='ocrx_word' id='word_1_659' title='bbox 2880 3392 3091 3462; x_wconf 87' lang='lat' dir='ltr'>passim</span> <span class='ocrx_word' id='word_1_660' title='bbox 3152 3390 3438 3458; x_wconf 88' lang='lat' dir='ltr'>historias,</span> <span class='ocrx_word' id='word_1_661' title='bbox 3489 3390 3597 3443; x_wconf 90' lang='lat' dir='ltr'>hoc</span> 
     </span>
    </p>
   </div>
   <div class='ocr_carea' id='block_1_97' title="bbox 1903 3479 3596 3551">
    <p class='ocr_par' dir='ltr' id='par_1_97' title="bbox 1903 3479 3596 3551">
     <span class='ocr_line' id='line_1_97' title="bbox 1903 3479 3596 3551; baseline -0.003 -18"><span class='ocrx_word' id='word_1_662' title='bbox 1903 3486 1988 3534; x_wconf 86' lang='lat' dir='ltr'>est</span> <span class='ocrx_word' id='word_1_663' title='bbox 2016 3497 2188 3551; x_wconf 90' lang='lat' dir='ltr'>puras</span> <span class='ocrx_word' id='word_1_664' title='bbox 2212 3486 2377 3551; x_wconf 90' lang='lat' dir='ltr'>putas</span> <span class='ocrx_word' id='word_1_665' title='bbox 2398 3481 2617 3533; x_wconf 89' lang='lat' dir='ltr'>fabulas</span> <span class='ocrx_word' id='word_1_666' title='bbox 2647 3481 2946 3534; x_wconf 74' lang='lat' dir='ltr'>venditari.</span> <span class='ocrx_word' id='word_1_667' title='bbox 2980 3482 3057 3535; x_wconf 88' lang='lat' dir='ltr'>Ne</span> <span class='ocrx_word' id='word_1_668' title='bbox 3083 3487 3274 3533; x_wconf 88' lang='lat' dir='ltr'>tamen</span> <span class='ocrx_word' id='word_1_669' title='bbox 3316 3479 3384 3532; x_wconf 89' lang='lat' dir='ltr'>ad</span> <span class='ocrx_word' id='word_1_670' title='bbox 3415 3492 3596 3547; x_wconf 87' lang='lat' dir='ltr'>popu-</span> 
     </span>
    </p>
   </div>
   <div class='ocr_carea' id='block_1_98' title="bbox 1901 3564 3595 3640">
    <p class='ocr_par' dir='ltr' id='par_1_98' title="bbox 1901 3564 3595 3640">
     <span class='ocr_line' id='line_1_98' title="bbox 1901 3564 3595 3640; baseline -0.004 -17"><span class='ocrx_word' id='word_1_671' title='bbox 1901 3571 2021 3623; x_wconf 90' lang='lat' dir='ltr'>lum</span> <span class='ocrx_word' id='word_1_672' title='bbox 2054 3570 2317 3640; x_wconf 83' lang='lat' dir='ltr'>phaleras</span> <span class='ocrx_word' id='word_1_673' title='bbox 2342 3570 2501 3639; x_wconf 90' lang='lat' dir='ltr'>loqui</span> <span class='ocrx_word' id='word_1_674' title='bbox 2533 3569 2742 3630; x_wconf 86' lang='lat' dir='ltr'>videar,</span> <span class='ocrx_word' id='word_1_675' title='bbox 2779 3570 3027 3622; x_wconf 77' lang='lat' dir='ltr'>universi</span> <span class='ocrx_word' id='word_1_676' title='bbox 3072 3569 3155 3621; x_wconf 87' lang='lat' dir='ltr'>tui</span> <span class='ocrx_word' id='word_1_677' title='bbox 3185 3567 3368 3637; x_wconf 88' lang='lat' dir='ltr'>operis</span> <span class='ocrx_word' id='word_1_678' title='bbox 3416 3564 3595 3635; x_wconf 87' lang='lat' dir='ltr'>speci-</span> 
     </span>
    </p>
   </div>
   <div class='ocr_carea' id='block_1_99' title="bbox 1900 3652 3595 3727">
    <p class='ocr_par' dir='ltr' id='par_1_99' title="bbox 1900 3652 3595 3727">
     <span class='ocr_line' id='line_1_99' title="bbox 1900 3652 3595 3727; baseline -0.004 -16"><span class='ocrx_word' id='word_1_679' title='bbox 1900 3674 2031 3711; x_wconf 90' lang='lat' dir='ltr'>men</span> <span class='ocrx_word' id='word_1_680' title='bbox 2065 3658 2125 3711; x_wconf 90' lang='lat' dir='ltr'>in</span> <span class='ocrx_word' id='word_1_681' title='bbox 2155 3674 2268 3711; x_wconf 89' lang='lat' dir='ltr'>una</span> <span class='ocrx_word' id='word_1_682' title='bbox 2302 3661 2359 3710; x_wconf 89' lang='lat' dir='ltr'>et</span> <span class='ocrx_word' id='word_1_683' title='bbox 2404 3659 2574 3710; x_wconf 85' lang='lat' dir='ltr'>altera</span> <span class='ocrx_word' id='word_1_684' title='bbox 2631 3656 2839 3727; x_wconf 88' lang='lat' dir='ltr'>pagina</span> <span class='ocrx_word' id='word_1_685' title='bbox 2888 3656 3089 3726; x_wconf 88' lang='lat' dir='ltr'>capitis</span> <span class='ocrx_word' id='word_1_686' title='bbox 3132 3653 3358 3725; x_wconf 86' lang='lat' dir='ltr'>septimi</span> <span class='ocrx_word' id='word_1_687' title='bbox 3388 3653 3449 3705; x_wconf 90' lang='lat' dir='ltr'>in</span> <span class='ocrx_word' id='word_1_688' title='bbox 3492 3652 3595 3705; x_wconf 87' lang='lat' dir='ltr'>hac</span> 
     </span>
    </p>
   </div>
   <div class='ocr_carea' id='block_1_100' title="bbox 1901 3740 3595 3817">
    <p class='ocr_par' dir='ltr' id='par_1_100' title="bbox 1901 3740 3595 3817">
     <span class='ocr_line' id='line_1_100' title="bbox 1901 3740 3595 3817; baseline -0.004 -17"><span class='ocrx_word' id='word_1_689' title='bbox 1901 3747 2139 3817; x_wconf 83' lang='lat' dir='ltr'>epistola</span> <span class='ocrx_word' id='word_1_690' title='bbox 2166 3746 2427 3813; x_wconf 85' lang='lat' dir='ltr'>exhibeo,</span> <span class='ocrx_word' id='word_1_691' title='bbox 2457 3762 2587 3799; x_wconf 91' lang='lat' dir='ltr'>cum</span> <span class='ocrx_word' id='word_1_692' title='bbox 2621 3762 2691 3799; x_wconf 89' lang='lat' dir='ltr'>ne</span> <span class='ocrx_word' id='word_1_693' title='bbox 2722 3746 2868 3799; x_wconf 88' lang='lat' dir='ltr'>forte</span> <span class='ocrx_word' id='word_1_694' title='bbox 2900 3746 2968 3798; x_wconf 90' lang='lat' dir='ltr'>iis</span> <span class='ocrx_word' id='word_1_695' title='bbox 3014 3744 3113 3814; x_wconf 91' lang='lat' dir='ltr'>qui</span> <span class='ocrx_word' id='word_1_696' title='bbox 3144 3760 3214 3797; x_wconf 87' lang='lat' dir='ltr'>ne</span> <span class='ocrx_word' id='word_1_697' title='bbox 3242 3742 3442 3797; x_wconf 91' lang='lat' dir='ltr'>leviter</span> <span class='ocrx_word' id='word_1_698' title='bbox 3467 3740 3595 3811; x_wconf 89' lang='lat' dir='ltr'>qui-</span> 
     </span>
    </p>
   </div>
   <div class='ocr_carea' id='block_1_101' title="bbox 1901 3829 3591 3895">
    <p class='ocr_par' dir='ltr' id='par_1_101' title="bbox 1901 3829 3591 3895">
     <span class='ocr_line' id='line_1_101' title="bbox 1901 3829 3591 3895; baseline -0.004 -8"><span class='ocrx_word' id='word_1_699' title='bbox 1901 3833 2031 3887; x_wconf 89' lang='lat' dir='ltr'>dem</span> <span class='ocrx_word' id='word_1_700' title='bbox 2086 3834 2146 3887; x_wconf 88' lang='lat' dir='ltr'>in</span> <span class='ocrx_word' id='word_1_701' title='bbox 2202 3834 2580 3887; x_wconf 86' lang='lat' dir='ltr'>ecclesiastica</span> <span class='ocrx_word' id='word_1_702' title='bbox 2632 3834 2870 3888; x_wconf 87' lang='lat' dir='ltr'>historia</span> <span class='ocrx_word' id='word_1_703' title='bbox 2929 3832 3136 3886; x_wconf 88' lang='lat' dir='ltr'>versati</span> <span class='ocrx_word' id='word_1_704' title='bbox 3188 3836 3338 3895; x_wconf 90' lang='lat' dir='ltr'>sunt,</span> <span class='ocrx_word' id='word_1_705' title='bbox 3399 3829 3591 3883; x_wconf 86' lang='lat' dir='ltr'>fucum</span> 
     </span>
    </p>
   </div>
   <div class='ocr_carea' id='block_1_102' title="bbox 1899 3918 3594 3986">
    <p class='ocr_par' dir='ltr' id='par_1_102' title="bbox 1899 3918 3594 3986">
     <span class='ocr_line' id='line_1_102' title="bbox 1899 3918 3594 3986; baseline -0.004 -11"><span class='ocrx_word' id='word_1_706' title='bbox 1899 3921 2091 3986; x_wconf 87' lang='lat' dir='ltr'>facias,</span> <span class='ocrx_word' id='word_1_707' title='bbox 2126 3926 2251 3974; x_wconf 87' lang='lat' dir='ltr'>tum</span> <span class='ocrx_word' id='word_1_708' title='bbox 2280 3921 2452 3975; x_wconf 88' lang='lat' dir='ltr'>etiam</span> <span class='ocrx_word' id='word_1_709' title='bbox 2488 3926 2547 3975; x_wconf 89' lang='lat' dir='ltr'>ut</span> <span class='ocrx_word' id='word_1_710' title='bbox 2585 3920 2926 3975; x_wconf 57' lang='lat' dir='ltr'>adventoria).</span> <span class='ocrx_word' id='word_1_711' title='bbox 2956 3921 3074 3973; x_wconf 93' lang='lat' dir='ltr'>loco</span> <span class='ocrx_word' id='word_1_712' title='bbox 3106 3924 3159 3972; x_wconf 91' lang='lat' dir='ltr'>te</span> <span class='ocrx_word' id='word_1_713' title='bbox 3191 3919 3251 3971; x_wconf 89' lang='lat' dir='ltr'>in</span> <span class='ocrx_word' id='word_1_714' title='bbox 3286 3918 3429 3972; x_wconf 90' lang='lat' dir='ltr'>Urbe</span> <span class='ocrx_word' id='word_1_715' title='bbox 3457 3932 3594 3969; x_wconf 80' lang='lat' dir='ltr'>con-</span> 
     </span>
    </p>
   </div>
   <div class='ocr_carea' id='block_1_103' title="bbox 1899 4005 3592 4080">
    <p class='ocr_par' dir='ltr' id='par_1_103' title="bbox 1899 4005 3592 4080">
     <span class='ocr_line' id='line_1_103' title="bbox 1899 4005 3592 4080; baseline -0.004 -16"><span class='ocrx_word' id='word_1_716' title='bbox 1899 4011 2117 4075; x_wconf 88' lang='lat' dir='ltr'>veniat;</span> <span class='ocrx_word' id='word_1_717' title='bbox 2147 4026 2217 4062; x_wconf 90' lang='lat' dir='ltr'>ne</span> <span class='ocrx_word' id='word_1_718' title='bbox 2249 4010 2348 4080; x_wconf 91' lang='lat' dir='ltr'>qui</span> <span class='ocrx_word' id='word_1_719' title='bbox 2380 4010 2437 4062; x_wconf 92' lang='lat' dir='ltr'>in</span> <span class='ocrx_word' id='word_1_720' title='bbox 2463 4026 2656 4063; x_wconf 89' lang='lat' dir='ltr'>amore</span> <span class='ocrx_word' id='word_1_721' title='bbox 2686 4025 2821 4079; x_wconf 87' lang='lat' dir='ltr'>erga</span> <span class='ocrx_word' id='word_1_722' title='bbox 2852 4007 3147 4079; x_wconf 36' lang='lat' dir='ltr'>telnemini</span> <span class='ocrx_word' id='word_1_723' title='bbox 3184 4007 3347 4074; x_wconf 82' lang='lat' dir='ltr'>cedo,</span> <span class='ocrx_word' id='word_1_724' title='bbox 3380 4005 3592 4057; x_wconf 90' lang='lat' dir='ltr'>amico-</span> 
     </span>
    </p>
   </div>
   <div class='ocr_carea' id='block_1_104' title="bbox 1900 4097 3590 4168">
    <p class='ocr_par' dir='ltr' id='par_1_104' title="bbox 1900 4097 3590 4168">
     <span class='ocr_line' id='line_1_104' title="bbox 1900 4097 3590 4168; baseline -0.004 -17"><span class='ocrx_word' id='word_1_725' title='bbox 1900 4115 2026 4151; x_wconf 89' lang='lat' dir='ltr'>rum</span> <span class='ocrx_word' id='word_1_726' title='bbox 2086 4102 2340 4165; x_wconf 88' lang='lat' dir='ltr'>tuorum,</span> <span class='ocrx_word' id='word_1_727' title='bbox 2402 4112 2652 4168; x_wconf 90' lang='lat' dir='ltr'>quorum</span> <span class='ocrx_word' id='word_1_728' title='bbox 2710 4097 2993 4149; x_wconf 86' lang='lat' dir='ltr'>centurias</span> <span class='ocrx_word' id='word_1_729' title='bbox 3053 4097 3244 4150; x_wconf 66' lang='lat' dir='ltr'>Romae</span> <span class='ocrx_word' id='word_1_730' title='bbox 3302 4109 3590 4157; x_wconf 89' lang='lat' dir='ltr'>numeras,</span> 
     </span>
    </p>
   </div>
   <div class='ocr_carea' id='block_1_105' title="bbox 1901 4180 3595 4254">
    <p class='ocr_par' dir='ltr' id='par_1_105' title="bbox 1901 4180 3595 4254">
     <span class='ocr_line' id='line_1_105' title="bbox 1901 4180 3595 4254; baseline -0.003 -17"><span class='ocrx_word' id='word_1_731' title='bbox 1901 4184 2100 4238; x_wconf 88' lang='lat' dir='ltr'>officiis</span> <span class='ocrx_word' id='word_1_732' title='bbox 2133 4200 2388 4254; x_wconf 90' lang='lat' dir='ltr'>superer.</span> <span class='ocrx_word' id='word_1_733' title='bbox 2417 4184 2635 4237; x_wconf 89' lang='lat' dir='ltr'>Etenim</span> <span class='ocrx_word' id='word_1_734' title='bbox 2668 4183 2824 4236; x_wconf 86' lang='lat' dir='ltr'>nulla</span> <span class='ocrx_word' id='word_1_735' title='bbox 2850 4183 2998 4236; x_wconf 88' lang='lat' dir='ltr'>inter</span> <span class='ocrx_word' id='word_1_736' title='bbox 3023 4183 3233 4236; x_wconf 90' lang='lat' dir='ltr'>amicos</span> <span class='ocrx_word' id='word_1_737' title='bbox 3263 4180 3450 4234; x_wconf 82' lang='lat' dir='ltr'>ollicia</span> <span class='ocrx_word' id='word_1_738' title='bbox 3482 4181 3595 4233; x_wconf 86' lang='lat' dir='ltr'>lau-</span> 
     </span>
    </p>
   </div>
   <div class='ocr_carea' id='block_1_106' title="bbox 1826 4249 3596 4343">
    <p class='ocr_par' dir='ltr' id='par_1_106' title="bbox 1826 4249 3596 4343">
     <span class='ocr_line' id='line_1_106' title="bbox 1826 4249 3596 4343; baseline -0.005 -14"><span class='ocrx_word' id='word_1_739' title='bbox 1826 4249 1870 4302; x_wconf 78' lang='lat' dir='ltr'><strong>D</strong></span> <span class='ocrx_word' id='word_1_740' title='bbox 1904 4273 2184 4328; x_wconf 90' lang='lat' dir='ltr'>dabiliora</span> <span class='ocrx_word' id='word_1_741' title='bbox 2223 4278 2538 4336; x_wconf 88' lang='lat' dir='ltr'>versantur,</span> <span class='ocrx_word' id='word_1_742' title='bbox 2572 4288 2744 4343; x_wconf 89' lang='lat' dir='ltr'>quam</span> <span class='ocrx_word' id='word_1_743' title='bbox 2799 4288 2928 4325; x_wconf 90' lang='lat' dir='ltr'>cum</span> <span class='ocrx_word' id='word_1_744' title='bbox 2981 4288 3110 4325; x_wconf 88' lang='lat' dir='ltr'>suas</span> <span class='ocrx_word' id='word_1_745' title='bbox 3175 4270 3325 4341; x_wconf 89' lang='lat' dir='ltr'>apud</span> <span class='ocrx_word' id='word_1_746' title='bbox 3385 4269 3596 4322; x_wconf 87' lang='lat' dir='ltr'>amicos</span> 
     </span>
    </p>
   </div>
   <div class='ocr_carea' id='block_1_107' title="bbox 1895 4360 3592 4432">
    <p class='ocr_par' dir='ltr' id='par_1_107' title="bbox 1895 4360 3592 4432">
     <span class='ocr_line' id='line_1_107' title="bbox 1895 4360 3592 4432; baseline -0.002 -17"><span class='ocrx_word' id='word_1_747' title='bbox 1895 4363 2157 4432; x_wconf 88' lang='lat' dir='ltr'>querelas</span> <span class='ocrx_word' id='word_1_748' title='bbox 2185 4361 2306 4414; x_wconf 90' lang='lat' dir='ltr'>sine</span> <span class='ocrx_word' id='word_1_749' title='bbox 2336 4365 2628 4432; x_wconf 85' lang='lat' dir='ltr'>sequestro</span> <span class='ocrx_word' id='word_1_750' title='bbox 2661 4362 2972 4431; x_wconf 83' lang='lat' dir='ltr'>deponunt,</span> <span class='ocrx_word' id='word_1_751' title='bbox 3009 4360 3199 4431; x_wconf 64' lang='lat' dir='ltr'>fanimi</span> <span class='ocrx_word' id='word_1_752' title='bbox 3231 4375 3436 4413; x_wconf 89' lang='lat' dir='ltr'>arcana</span> <span class='ocrx_word' id='word_1_753' title='bbox 3456 4374 3592 4429; x_wconf 89' lang='lat' dir='ltr'>pro-</span> 
     </span>
    </p>
   </div>
   <div class='ocr_carea' id='block_1_108' title="bbox 1894 4449 3593 4522">
    <p class='ocr_par' dir='ltr' id='par_1_108' title="bbox 1894 4449 3593 4522">
     <span class='ocr_line' id='line_1_108' title="bbox 1894 4449 3593 4522; baseline -0.002 -17"><span class='ocrx_word' id='word_1_754' title='bbox 1894 4452 2058 4519; x_wconf 90' lang='lat' dir='ltr'>dunt,</span> <span class='ocrx_word' id='word_1_755' title='bbox 2118 4450 2375 4522; x_wconf 89' lang='lat' dir='ltr'>nihilque</span> <span class='ocrx_word' id='word_1_756' title='bbox 2407 4450 2563 4522; x_wconf 90' lang='lat' dir='ltr'>quod</span> <span class='ocrx_word' id='word_1_757' title='bbox 2612 4450 2842 4504; x_wconf 91' lang='lat' dir='ltr'>illorum</span> <span class='ocrx_word' id='word_1_758' title='bbox 2904 4466 3023 4503; x_wconf 90' lang='lat' dir='ltr'>rem</span> <span class='ocrx_word' id='word_1_759' title='bbox 3078 4450 3299 4515; x_wconf 88' lang='lat' dir='ltr'>attinet,</span> <span class='ocrx_word' id='word_1_760' title='bbox 3352 4449 3593 4502; x_wconf 88' lang='lat' dir='ltr'>celatum</span> 
     </span>
    </p>
   </div>
   <div class='ocr_carea' id='block_1_109' title="bbox 1895 4537 3594 4611">
    <p class='ocr_par' dir='ltr' id='par_1_109' title="bbox 1895 4537 3594 4611">
     <span class='ocr_line' id='line_1_109' title="bbox 1895 4537 3594 4611; baseline -0.002 -19"><span class='ocrx_word' id='word_1_761' title='bbox 1895 4540 2121 4594; x_wconf 89' lang='lat' dir='ltr'>volunt:</span> <span class='ocrx_word' id='word_1_762' title='bbox 2158 4545 2211 4594; x_wconf 89' lang='lat' dir='ltr'>et</span> <span class='ocrx_word' id='word_1_763' title='bbox 2250 4540 2297 4593; x_wconf 91' lang='lat' dir='ltr'>si</span> <span class='ocrx_word' id='word_1_764' title='bbox 2326 4540 2672 4611; x_wconf 87' lang='lat' dir='ltr'>quandoque</span> <span class='ocrx_word' id='word_1_765' title='bbox 2704 4556 2737 4591; x_wconf 88' lang='lat' dir='ltr'>a</span> <span class='ocrx_word' id='word_1_766' title='bbox 2770 4538 3181 4604; x_wconf 89' lang='lat' dir='ltr'>benevolentia,</span> <span class='ocrx_word' id='word_1_767' title='bbox 3216 4537 3594 4603; x_wconf 67' lang='lat' dir='ltr'>humanitate,</span> 
     </span>
    </p>
   </div>
   <div class='ocr_carea' id='block_1_110' title="bbox 1896 4627 3591 4697">
    <p class='ocr_par' dir='ltr' id='par_1_110' title="bbox 1896 4627 3591 4697">
     <span class='ocr_line' id='line_1_110' title="bbox 1896 4627 3591 4697; baseline -0.003 -15"><span class='ocrx_word' id='word_1_768' title='bbox 1896 4646 1960 4682; x_wconf 89' lang='lat' dir='ltr'>ac</span> <span class='ocrx_word' id='word_1_769' title='bbox 1998 4629 2234 4682; x_wconf 87' lang='lat' dir='ltr'>veritate</span> <span class='ocrx_word' id='word_1_770' title='bbox 2269 4628 2591 4692; x_wconf 87' lang='lat' dir='ltr'>deflectant,</span> <span class='ocrx_word' id='word_1_771' title='bbox 2647 4628 2875 4680; x_wconf 82' lang='lat' dir='ltr'>eosdem</span> <span class='ocrx_word' id='word_1_772' title='bbox 2926 4628 3073 4681; x_wconf 81' lang='lat' dir='ltr'>intra</span> <span class='ocrx_word' id='word_1_773' title='bbox 3104 4627 3316 4680; x_wconf 88' lang='lat' dir='ltr'>orbitas</span> <span class='ocrx_word' id='word_1_774' title='bbox 3348 4631 3591 4697; x_wconf 87' lang='lat' dir='ltr'>ponunt,</span> 
     </span>
    </p>
   </div>
   <div class='ocr_carea' id='block_1_111' title="bbox 1896 4715 3593 4785">
    <p class='ocr_par' dir='ltr' id='par_1_111' title="bbox 1896 4715 3593 4785">
     <span class='ocr_line' id='line_1_111' title="bbox 1896 4715 3593 4785; baseline -0.002 -15"><span class='ocrx_word' id='word_1_775' title='bbox 1896 4722 1951 4770; x_wconf 88' lang='lat' dir='ltr'>et</span> <span class='ocrx_word' id='word_1_776' title='bbox 1978 4718 2047 4770; x_wconf 92' lang='lat' dir='ltr'>ad</span> <span class='ocrx_word' id='word_1_777' title='bbox 2079 4716 2334 4769; x_wconf 79' lang='lat' dir='ltr'>officium</span> <span class='ocrx_word' id='word_1_778' title='bbox 2364 4720 2644 4769; x_wconf 88' lang='lat' dir='ltr'>revocant.</span> <span class='ocrx_word' id='word_1_779' title='bbox 2682 4717 2805 4769; x_wconf 51' lang='lat' dir='ltr'>Haec</span> <span class='ocrx_word' id='word_1_780' title='bbox 2843 4716 3067 4785; x_wconf 87' lang='lat' dir='ltr'>integro</span> <span class='ocrx_word' id='word_1_781' title='bbox 3102 4715 3389 4768; x_wconf 87' lang='lat' dir='ltr'>volumine</span> <span class='ocrx_word' id='word_1_782' title='bbox 3448 4729 3593 4783; x_wconf 70' lang='lat' dir='ltr'>prte-</span> 
     </span>
    </p>
   </div>
   <div class='ocr_carea' id='block_1_112' title="bbox 1894 4802 3591 4875">
    <p class='ocr_par' dir='ltr' id='par_1_112' title="bbox 1894 4802 3591 4875">
     <span class='ocr_line' id='line_1_112' title="bbox 1894 4802 3591 4875; baseline -0.002 -18"><span class='ocrx_word' id='word_1_783' title='bbox 1894 4805 2073 4870; x_wconf 90' lang='lat' dir='ltr'>stabo,</span> <span class='ocrx_word' id='word_1_784' title='bbox 2129 4804 2284 4875; x_wconf 90' lang='lat' dir='ltr'>quod</span> <span class='ocrx_word' id='word_1_785' title='bbox 2340 4803 2497 4856; x_wconf 90' lang='lat' dir='ltr'>brevi</span> <span class='ocrx_word' id='word_1_786' title='bbox 2554 4808 2713 4857; x_wconf 80' lang='lat' dir='ltr'>extra</span> <span class='ocrx_word' id='word_1_787' title='bbox 2772 4804 2991 4858; x_wconf 87' lang='lat' dir='ltr'>Italiam</span> <span class='ocrx_word' id='word_1_788' title='bbox 3045 4803 3389 4874; x_wconf 80' lang='lat' dir='ltr'>(Florentini</span> <span class='ocrx_word' id='word_1_789' title='bbox 3440 4802 3591 4855; x_wconf 90' lang='lat' dir='ltr'>enim</span> 
     </span>
    </p>
   </div>
   <div class='ocr_carea' id='block_1_113' title="bbox 1893 4891 3591 4964">
    <p class='ocr_par' dir='ltr' id='par_1_113' title="bbox 1893 4891 3591 4964">
     <span class='ocr_line' id='line_1_113' title="bbox 1893 4891 3591 4964; baseline -0.003 -18"><span class='ocrx_word' id='word_1_790' title='bbox 1893 4892 2237 4964; x_wconf 78' lang='lat' dir='ltr'>typographi</span> <span class='ocrx_word' id='word_1_791' title='bbox 2263 4892 2432 4945; x_wconf 89' lang='lat' dir='ltr'>variis</span> <span class='ocrx_word' id='word_1_792' title='bbox 2465 4891 2623 4945; x_wconf 89' lang='lat' dir='ltr'>libris</span> <span class='ocrx_word' id='word_1_793' title='bbox 2651 4892 2975 4962; x_wconf 89' lang='lat' dir='ltr'>libellisque</span> <span class='ocrx_word' id='word_1_794' title='bbox 2998 4891 3397 4962; x_wconf 89' lang='lat' dir='ltr'>imprimendis</span> <span class='ocrx_word' id='word_1_795' title='bbox 3424 4905 3591 4942; x_wconf 79' lang='lat' dir='ltr'>occu-</span> 
     </span>
    </p>
   </div>
   <div class='ocr_carea' id='block_1_114' title="bbox 1896 4977 3593 5050">
    <p class='ocr_par' dir='ltr' id='par_1_114' title="bbox 1896 4977 3593 5050">
     <span class='ocr_line' id='line_1_114' title="bbox 1896 4977 3593 5050; baseline -0.003 -16"><span class='ocrx_word' id='word_1_796' title='bbox 1896 4982 2121 5050; x_wconf 86' lang='lat' dir='ltr'>pantur)</span> <span class='ocrx_word' id='word_1_797' title='bbox 2180 4980 2540 5036; x_wconf 89' lang='lat' dir='ltr'>nitidissimis</span> <span class='ocrx_word' id='word_1_798' title='bbox 2595 4981 3016 5034; x_wconf 88' lang='lat' dir='ltr'>characteribus</span> <span class='ocrx_word' id='word_1_799' title='bbox 3072 4994 3362 5042; x_wconf 83' lang='lat' dir='ltr'>excusum,</span> <span class='ocrx_word' id='word_1_800' title='bbox 3409 4977 3479 5030; x_wconf 90' lang='lat' dir='ltr'>ad</span> <span class='ocrx_word' id='word_1_801' title='bbox 3538 4981 3593 5029; x_wconf 83' lang='lat' dir='ltr'>te</span> 
     </span>
    </p>
   </div>
   <div class='ocr_carea' id='block_1_115' title="bbox 1894 5064 3590 5140">
    <p class='ocr_par' dir='ltr' id='par_1_115' title="bbox 1894 5064 3590 5140">
     <span class='ocr_line' id='line_1_115' title="bbox 1894 5064 3590 5140; baseline -0.004 -17"><span class='ocrx_word' id='word_1_802' title='bbox 1894 5070 2299 5135; x_wconf 87' lang='lat' dir='ltr'>transmittam,</span> <span class='ocrx_word' id='word_1_803' title='bbox 2353 5068 2614 5140; x_wconf 89' lang='lat' dir='ltr'>quamvis</span> <span class='ocrx_word' id='word_1_804' title='bbox 2645 5074 2703 5122; x_wconf 91' lang='lat' dir='ltr'>tu</span> <span class='ocrx_word' id='word_1_805' title='bbox 2735 5067 3018 5122; x_wconf 84' lang='lat' dir='ltr'>Florentia</span> <span class='ocrx_word' id='word_1_806' title='bbox 3064 5068 3344 5119; x_wconf 88' lang='lat' dir='ltr'>transiens</span> <span class='ocrx_word' id='word_1_807' title='bbox 3374 5064 3590 5119; x_wconf 84' lang='lat' dir='ltr'>nullam</span> 
     </span>
    </p>
   </div>
   <div class='ocr_carea' id='block_1_116' title="bbox 1897 5153 3592 5230">
    <p class='ocr_par' dir='ltr' id='par_1_116' title="bbox 1897 5153 3592 5230">
     <span class='ocr_line' id='line_1_116' title="bbox 1897 5153 3592 5230; baseline -0.004 -17"><span class='ocrx_word' id='word_1_808' title='bbox 1897 5159 2038 5213; x_wconf 91' lang='lat' dir='ltr'>mihi</span> <span class='ocrx_word' id='word_1_809' title='bbox 2080 5159 2256 5214; x_wconf 90' lang='lat' dir='ltr'>libelli</span> <span class='ocrx_word' id='word_1_810' title='bbox 2289 5160 2374 5213; x_wconf 88' lang='lat' dir='ltr'>tui</span> <span class='ocrx_word' id='word_1_811' title='bbox 2400 5158 2629 5230; x_wconf 88' lang='lat' dir='ltr'>legendi</span> <span class='ocrx_word' id='word_1_812' title='bbox 2661 5158 2885 5228; x_wconf 87' lang='lat' dir='ltr'>cepiam</span> <span class='ocrx_word' id='word_1_813' title='bbox 2938 5156 3119 5209; x_wconf 88' lang='lat' dir='ltr'>facere</span> <span class='ocrx_word' id='word_1_814' title='bbox 3149 5153 3424 5219; x_wconf 90' lang='lat' dir='ltr'>volueris;</span> <span class='ocrx_word' id='word_1_815' title='bbox 3462 5169 3592 5207; x_wconf 89' lang='lat' dir='ltr'>cum</span> 
     </span>
    </p>
   </div>
   <div class='ocr_carea' id='block_1_117' title="bbox 1893 5246 3592 5318">
    <p class='ocr_par' dir='ltr' id='par_1_117' title="bbox 1893 5246 3592 5318">
     <span class='ocr_line' id='line_1_117' title="bbox 1893 5246 3592 5318; baseline -0.004 -16"><span class='ocrx_word' id='word_1_816' title='bbox 1893 5254 2087 5302; x_wconf 89' lang='lat' dir='ltr'>tamen</span> <span class='ocrx_word' id='word_1_817' title='bbox 2134 5247 2370 5318; x_wconf 92' lang='lat' dir='ltr'>plurimi</span> <span class='ocrx_word' id='word_1_818' title='bbox 2426 5264 2552 5301; x_wconf 87' lang='lat' dir='ltr'>mea</span> <span class='ocrx_word' id='word_1_819' title='bbox 2584 5247 2885 5300; x_wconf 89' lang='lat' dir='ltr'>interesset</span> <span class='ocrx_word' id='word_1_820' title='bbox 2929 5260 3157 5297; x_wconf 84' lang='lat' dir='ltr'>noscere</span> <span class='ocrx_word' id='word_1_821' title='bbox 3190 5259 3292 5312; x_wconf 88' lang='lat' dir='ltr'>per</span> <span class='ocrx_word' id='word_1_822' title='bbox 3337 5246 3391 5296; x_wconf 89' lang='lat' dir='ltr'>te</span> <span class='ocrx_word' id='word_1_823' title='bbox 3428 5258 3592 5296; x_wconf 87' lang='lat' dir='ltr'>erro-</span> 
     </span>
    </p>
   </div>
   <div class='ocr_carea' id='block_1_118' title="bbox 1896 5333 3590 5408">
    <p class='ocr_par' dir='ltr' id='par_1_118' title="bbox 1896 5333 3590 5408">
     <span class='ocr_line' id='line_1_118' title="bbox 1896 5333 3590 5408; baseline -0.004 -18"><span class='ocrx_word' id='word_1_824' title='bbox 1896 5353 2002 5400; x_wconf 89' lang='lat' dir='ltr'>res,</span> <span class='ocrx_word' id='word_1_825' title='bbox 2039 5353 2183 5408; x_wconf 91' lang='lat' dir='ltr'>quos</span> <span class='ocrx_word' id='word_1_826' title='bbox 2238 5338 2521 5406; x_wconf 89' lang='lat' dir='ltr'>fugerem,</span> <span class='ocrx_word' id='word_1_827' title='bbox 2573 5351 2804 5389; x_wconf 88' lang='lat' dir='ltr'>cernere</span> <span class='ocrx_word' id='word_1_828' title='bbox 2836 5333 3150 5399; x_wconf 87' lang='lat' dir='ltr'>veritatem,</span> <span class='ocrx_word' id='word_1_829' title='bbox 3186 5348 3359 5403; x_wconf 88' lang='lat' dir='ltr'>quam</span> <span class='ocrx_word' id='word_1_830' title='bbox 3392 5348 3590 5386; x_wconf 91' lang='lat' dir='ltr'>conse-</span> 
     </span>
    </p>
   </div>
   <div class='ocr_carea' id='block_1_119' title="bbox 1895 5430 2077 5479">
    <p class='ocr_par' dir='ltr' id='par_1_119' title="bbox 1895 5430 2077 5479">
     <span class='ocr_line' id='line_1_119' title="bbox 1895 5430 2077 5479; baseline 0.005 -1"><span class='ocrx_word' id='word_1_831' title='bbox 1895 5430 2077 5479; x_wconf 90' lang='lat' dir='ltr'>ctarer</span> 
     </span>
    </p>
   </div>
   <div class='ocr_carea' id='block_1_120' title="bbox 1966 5508 3591 5585">
    <p class='ocr_par' dir='ltr' id='par_1_120' title="bbox 1966 5508 3591 5585">
     <span class='ocr_line' id='line_1_120' title="bbox 1966 5508 3591 5585; baseline -0.004 -18"><span class='ocrx_word' id='word_1_832' title='bbox 1966 5515 2027 5568; x_wconf 87' lang='lat' dir='ltr'>In</span> <span class='ocrx_word' id='word_1_833' title='bbox 2048 5514 2233 5584; x_wconf 87' lang='lat' dir='ltr'>capite</span> <span class='ocrx_word' id='word_1_834' title='bbox 2261 5514 2503 5585; x_wconf 87' lang='lat' dir='ltr'>septimo</span> <span class='ocrx_word' id='word_1_835' title='bbox 2547 5512 2753 5583; x_wconf 89' lang='lat' dir='ltr'>prioris</span> <span class='ocrx_word' id='word_1_836' title='bbox 2800 5509 3298 5564; x_wconf 89' lang='lat' dir='ltr'>commentationis</span> <span class='ocrx_word' id='word_1_837' title='bbox 3330 5525 3432 5581; x_wconf 85' lang='lat' dir='ltr'>pro</span> <span class='ocrx_word' id='word_1_838' title='bbox 3484 5508 3591 5562; x_wconf 92' lang='lat' dir='ltr'>do—</span> 
     </span>
    </p>
   </div>
  </div>
