3920 6180
369 232 470 284 539

1374 226 1932 283 SUPPLEMENTUM
1973 227 2062 281 AD
2101 225 2336 281 OPERA
2375 227 2432 281 S.
2471 226 2860 282 AUGUSTINI.
3714 242 3791 291 510

369 350 550 404 ctrina
579 349 972 403 Lerinensium
1005 365 1038 402 a
1077 352 1131 402 te
1186 347 1640 417 ingeniosissime
1686 348 2056 410 concinnatae,
2102 349 2146 402 A
2177 349 2366 402 borare
2421 349 2666 404 debemus
2730 349 2796 403 de
2839 350 3042 416 regulis
3093 351 3502 407 derivandorum
3553 361 3798 424 nominum,

366 439 576 509 pagina
608 442 694 504 51,
728 438 939 491 veritus
973 454 1042 491 ne
1099 436 1375 490 brevioris
1405 437 1667 506 opusculi
1696 437 1872 506 lectio
1902 435 2062 490 fasti-

366 529 460 582 dio
492 527 807 597 proximior
858 527 1037 591 lieret,
1096 523 1344 595 lepidam
1377 525 1522 578 mihi
1571 526 1640 579 de
1671 526 1876 580 Albino
1908 541 2062 595 quai—

369 617 613 670 stionem
643 616 910 679 facturus,
944 630 1007 667 ex
1040 629 1167 667 arce
1197 629 1382 667 causa;
1414 614 1480 667 ad
1515 614 1681 668 exilia
1739 617 1795 667 et
1846 613 2061 667 ludicra

369 705 632 775 quaedam
689 702 999 770 descendis,
1052 705 1129 771 Lut
1183 718 1274 755 me
1337 701 1614 755 universis
1688 702 2064 756 deridendum

367 793 652 848 exhibeas.
686 793 790 846 Sed
818 808 948 856 ecce,
981 791 1193 861 inquis,
1225 794 1285 844 ut
1304 792 1581 844 molestum
1608 792 1700 845 hoc
1725 806 1857 860 opus
1891 792 2065 859 lepore

367 883 550 949 aliquo
571 886 618 934 et
657 896 849 949 sapore
905 881 1174 944 condiam,
1218 880 1398 933 incido
1450 881 1510 934 in
1551 881 1722 933 loeum
1771 881 1953 944 Neris,
2006 881 2065 932 in

275 965 280 975 ’
367 985 470 1038 quo
514 969 756 1022 desidero
793 971 1225 1035 grammaticam.
1272 969 1432 1032 Quod
1467 973 1659 1022 autem
1712 969 1817 1022 hoc
1871 967 2062 1038 ipsum

367 1062 513 1112 esset
543 1074 606 1110 ex
636 1057 940 1127 praecipuis
967 1059 1111 1128 iquae
1159 1057 1219 1111 in
1275 1062 1372 1111 tuo
1427 1072 1598 1127 opere
1625 1057 1928 1111 lectoribus
1958 1056 2061 1110 ob-

367 1146 640 1200 servanda
663 1147 916 1212 duceres,
951 1147 1009 1199 in
1039 1146 1223 1199 indice
1253 1145 1555 1216 scripsisti:
1588 1147 1747 1201 Neris
1781 1145 2065 1214 imperitia:

365 1238 734 1301 grammatica:
762 1237 1035 1302 arguitur.
1069 1236 1164 1288 Nee
1196 1239 1499 1305 postquam
1529 1234 1748 1302 ibidem
1776 1234 1833 1287 in
1864 1234 2063 1304 proxi-

367 1339 462 1378 ma
500 1323 731 1394 pagina,
781 1340 845 1376 ex
873 1324 1046 1376 sacris
1076 1323 1484 1392 ,theologorum
1513 1321 1836 1383 academiis.
1871 1338 1963 1375 me
1990 1323 2062 1376 ad

369 1413 746 1484 chronologos
798 1412 1136 1476 amandasti,
1170 1412 1363 1466 statim
1415 1411 1486 1465 ad
1549 1411 2062 1481 grammaticorum

371 1501 636 1554 subsellia
666 1502 732 1554 ab
763 1501 986 1567 Orbilio,
1016 1504 1078 1554 ut
1108 1500 1318 1571 inquis,
1347 1501 1729 1568 castigandum
1779 1499 2056 1554 detrudis.

371 1588 646 1660 Equidem
669 1590 905 1643 lectores
934 1593 1091 1642 tanto
1129 1589 1226 1642 abs
1252 1591 1317 1659 ,te
1344 1590 1517 1658 lepore
1546 1592 1596 1642 et
1622 1604 1814 1658 sapore
1843 1587 2062 1642 condita

374 1678 584 1748 scripta
612 1678 956 1748 evolventes,
986 1694 1113 1732 cum
1145 1677 1408 1732 Terentio
1431 1681 1719 1749 repetent:

497 1793 696 1852 Facete,
719 1791 908 1855 lepide,
927 1791 1086 1850 laute,
1113 1790 1245 1839 nihil
1277 1805 1453 1853 supra.
1482 1792 1520 1839 Ο
1544 1788 1832 1860 capitulum
1860 1787 2068 1850 lepidis-

1608 1850 1624 1853 “
1769 1850 2003 1914 [simitu].

1409 1914 1460 1963 Ix
1491 1915 1618 1964 EUN.
1653 1928 1725 1973 ιιι,
1757 1917 1801 1969 1,
1834 1914 1879 1961 3.

369 2017 496 2085 Ipse
527 2018 721 2069 autem
752 2013 1062 2068 doctissimi
1090 2030 1252 2085 aeque
1286 2029 1349 2067 ac
1371 2012 1712 2068 sanctissimi
1747 2009 1949 2066 Nolani
1979 2025 2069 2063 an-

370 2103 561 2157 tistitis
592 2103 660 2157 ad
691 2103 1006 2157 Ausonium
1028 2105 1092 2156 V.
1125 2103 1184 2156 C.
1210 2092 1463 2154 carmina
1489 2100 1594 2154 tibi
1623 2100 1848 2170 ingero:

498 2213 662 2261 Multa
683 2212 819 2272 jocis
845 2216 1087 2275 pateant;
1115 2211 1269 2260 liceat
1297 2223 1520 2275 quoque
1534 2209 1726 2275 ludere
1746 2209 1893 2256 ﬁctis.

499 2275 601 2323 Sed
629 2275 811 2335 lingua
833 2272 1098 2322 mulcente
1129 2287 1338 2335 gravem
1373 2272 1928 2335 interlideredentem,

500 2332 996 2385 Ludere‘blanditiis
1025 2332 1321 2386 urentibus.
1356 2339 1408 2382 et
1438 2335 1571 2383 male
1601 2333 1784 2382 dulces

502 2400 835 2446 Fermentare
859 2398 1009 2460 jocos
1039 2402 1230 2460 satyra:
1258 2397 1519 2460 mordacis
1545 2400 1710 2452 aceto,

500 2461 648 2524 Saepe
679 2459 971 2523 poetarum,
1003 2459 1274 2521 nunquam
1311 2459 1460 2508 decet
1488 2472 1601 2506 esse
1631 2460 1927 2520 parentum.

447 2568 570 2621 Non
600 2571 696 2621 tua
728 2567 936 2637 scripta
963 2567 1160 2636 lepore
1190 2565 1409 2630 condis,
1444 2565 1524 2617 mi
1547 2568 1728 2634 pater,
1760 2564 1858 2617 sed
1887 2576 2073 2614 meam

379 2657 520 2710 mihi
551 2661 760 2724 cutem,
813 2673 930 2710 non
977 2672 1138 2710 secus
1172 2671 1235 2708 ac
1264 2655 1713 2724 elepliantinam,
1746 2657 1862 2706 tam
1895 2651 2075 2704 multo

377 2747 491 2800 sale
521 2746 836 2816 perfundis,
859 2749 922 2799 ut
942 2761 1072 2798 cum
1099 2760 1190 2798 me
1228 2745 1617 2798 amicissimum
1645 2741 1858 2797 ibidem
1889 2756 2072 2807 voces,

378 2835 577 2904 procul
597 2834 768 2889 dubio
798 2833 1079 2888 habearis.

924 2947 1100 3007 Magni
1131 2945 1337 2994 delator
1359 2945 1532 2993 amici.

1033 3010 1234 3066 Juven,
1261 3013 1356 3057 sal.
1385 3011 1430 3066 1,
1464 3010 1522 3056 33

449 3113 728 3184 Iniquiori
780 3116 970 3167 autem
1027 3113 1151 3166 loco
1197 3128 1291 3166 me
1337 3116 1526 3165 tecum
1572 3109 1845 3181 congredi
1886 3108 2075 3180 jubes,

380 3204 520 3257 dum
571 3204 642 3256 ad
671 3200 1106 3272 grammaticam
1136 3216 1424 3270 provocas,
1459 3215 1587 3269 quae
1616 3203 1781 3252 tuum
1813 3200 2080 3267 regnum

380 3297 483 3358 est,
517 3292 576 3345 in
602 3307 715 3361 quo
744 3289 848 3344 tibi
898 3288 1125 3358 plaudis
1172 3305 1235 3341 ac
1276 3287 1616 3357 triumphas.
1676 3285 1896 3340 Etenim
1950 3299 2080 3339 cum

381 3395 487 3449 ego
520 3379 774 3432 nondum
807 3391 1114 3429 mammam
1139 3380 1309 3445 atque
1341 3379 1518 3428 tatam
1545 3375 1834 3444 loquerer,
1869 3377 1927 3426 tu
1960 3373 2075 3426 elo-

383 3466 632 3538 quentia:
666 3465 936 3535 magister
966 3463 1191 3532 publice
1217 3462 1440 3517 Madriti
1469 3461 1813 3516 rhetoricam
1853 3460 2080 3531 proﬁte-

382 3552 554 3620 baris,
587 3553 678 3606 cui
709 3569 741 3606 a
779 3553 992 3606 teneris
1020 3551 1346 3622 unguiculis
1377 3555 1693 3618 strenuam,
1727 3554 1893 3620 atqve
1925 3548 2080 3603 inde-

380 3641 586 3696 fessum
615 3659 851 3712 operam
879 3657 1207 3710 navaveras,
1237 3657 1356 3695 non
1387 3656 1548 3694 secus
1579 3655 1642 3693 ac
1670 3640 1788 3707 ille,

506 3757 671 3815 Quem
701 3760 848 3820 pater
874 3756 1115 3820 ardentis
1137 3769 1324 3820 massae
1359 3755 1582 3820 fuligine
1610 3754 1785 3816 lippus

504 3821 546 3884 ᾼ
569 3817 816 3884 carbone,
836 3823 898 3884 ~et
918 3818 1222 3884 forcipibus,
1257 3817 1565 3884 gladiosque
1597 3820 1815 3884 parante

507 3881 724 3948 lncude,
755 3887 807 3930 et
836 3882 977 3930 luteo
1003 3879 1239 3948 Viilcan'o
1266 3879 1331 3928 ad
1367 3879 1760 3948 rhetoranmisit.

1129 3943 1308 3991 iuvas.
1340 3946 1448 3992 sat.
1482 3945 1556 3997 10,
1589 3943 1666 3990 30.

453 4051 706 4105 Profecto
763 4067 1060 4121 nunquam
1113 4049 1182 4104 ab
1213 4050 1540 4103 amicissimo
1573 4047 1713 4110 viro,
1769 4045 1995 4117 qualem
2029 4046 2082 4097 te

378 4140 1001 4212 contestaris,ltantum
1057 4155 1183 4192 meo
1238 4143 1398 4208 tergo
1457 4135 1698 4207 periculi
1738 4133 2080 4199 timuissem,

383 4234 442 4283 ut
467 4229 537 4283 ab
569 4210 771 4284 eodem
796 4234 997 4282 contra
1036 4244 1130 4281 me
1161 4227 1579 4297 stringerentur
1609 4223 1808 4279 Orbilii
1838 4222 2079 4280 scuticm,
2115 4210 2158 4264 D

536 4341 840 4404 Ferulaeque
875 4343 1038 4397 triste,
1073 4338 1726 4448 δορὶῧὲτρεεὲἳεεέείέιὲυιι.

1215 4399 1344 4458 AM},
1378 4399 1468 4448 lib.
1501 4412 1546 4456 ιι,
1571 4401 1648 4445 62.

457 4510 611 4563 Itane
643 4527 674 4562 a
699 4525 826 4563 meo
857 4507 1178 4572 Macedone,
1211 4521 1384 4575 quem
1415 4503 1476 4557 in
1507 4502 1674 4557 editis
1697 4502 2084 4558 voluminibus

386 4596 554 4651 toties
584 4597 823 4650 summis
862 4596 1095 4650 laudum
1121 4592 1420 4666 praeconiis
1451 4591 1645 4658 extuli,

450 4709 835 4773 Discipulorum
867 4709 1004 4758 inter
1026 4708 1219 4772 jubeor
1247 4708 1452 4773 plorare
1472 4707 1781 4757 cathedras?

1379 4771 1594 4830 Housm,
1624 4774 1725 4820 sat.
1762 4774 1835 4820 10.

459 4881 656 4936 Libeat
683 4876 990 4949 Augustini
1036 4876 1380 4932 sententiam
1412 4876 1608 4932 solida:
1649 4876 1929 4948 apologia:
1963 4877 2084 4930 loco

386 4969 492 5024 tibi
525 4983 802 5040 reponere
833 4967 940 5021 lib.
982 4983 1021 5020 ιι
1049 4969 1249 5020 contra
1308 4966 1696 5035 Cresconium,
1728 4982 1853 5036 cap.
1915 4970 1930 5020 1
1959 4981 1972 5019 :
2026 4968 2086 5022 Si

387 5061 548 5124 enim,
595 5056 799 5128 inquit,
851 5055 1229 5110 Demosthenes
1273 5056 1607 5110 clarissimus
1650 5060 1948 5121 oratorum,
1999 5056 2087 5109 cui

387 5148 670 5200 verborum
703 5149 856 5200 tanta
883 5147 996 5212 fuit
1020 5161 1151 5199 cura
1184 5149 1393 5214 quanta
1434 5160 1614 5198 rerum
1642 5144 1952 5197 auctoribus
1984 5159 2081 5197 no-

389 5238 541 5304 stris,
572 5250 689 5289 cum
713 5239 888 5289 tamen
916 5239 963 5287 ei
994 5235 1306 5288 nonnullam
1334 5235 1594 5288 orationis
1624 5234 1966 5287 insolentiam
1991 5233 2083 5286 ob-

382 5327 598 5396 jecisset
643 5324 934 5389 Eschines,
969 5326 1187 5390 negavit
1235 5324 1325 5377 ille
1355 5325 1413 5375 in
1443 5337 1500 5376 eo
1544 5323 1753 5390 positas
1804 5335 1914 5374 esse
1963 5322 2086 5387 for-

399 5423 560 5472 tunas
589 5420 1036 5489 Greciaﬂllone,
1091 5434 1162 5472 an
1210 5419 1303 5472 illo
1352 5416 1510 5470 verbo
1536 5430 1664 5468 usus
1705 5416 1877 5481 fuerit
1919 5417 1969 5466 et
2016 5429 2087 5467 an

393 5508 514 5572 huc,
542 5523 614 5562 an
655 5509 784 5562 illuc
822 5522 1015 5562 manus
1038 5509 1377 5578 por-reseerit:
1411 5509 1612 5572 quanto
1657 5505 1836 5557 minus
1865 5517 1960 5555 nos
1999 5503 2087 5554 la-

2175 438 2394 508 quando
2423 440 2532 491 sive
2581 439 2695 505 hoc,
2753 442 2867 492 sive
2898 439 3042 493 illud
3067 438 3331 506 dicamus,
3377 443 3677 509 intelligitur
3719 451 3797 500 sint

2175 527 2529 594 ambiguitate
2553 528 2697 595 quod
2725 528 2974 593 dicimus,
3027 545 3256 596 quorum
3289 546 3390 584 non
3434 533 3490 584 in
3536 535 3799 601 empolitimu

2174 618 2452 683 sermonis,
2485 617 2578 670 sed
2603 619 2660 670 in
2690 616 3142 671 demonstratione
3170 620 3420 671 veritatis
3449 623 3520 672 est
3558 621 3718 688 major
3741 625 3801 675 in-

2177 706 2357 757 tentio.
2411 704 2646 757 Interim
2685 721 2754 758 ne
2790 721 2882 758 me
2920 704 3141 770 timeas,
3180 708 3270 758 cui
3317 707 3462 760 vides
3509 713 3801 763 necessariam

2175 807 2288 846 esse
2342 794 2784 858 grammaticam.
2841 792 2951 847 Sed
2999 809 3071 846 ne
3128 809 3219 846 me
3277 793 3623 864 tergiversari
3666 803 3804 866 putes,

2174 880 2677 950 grammaticorum
2708 881 2961 934 scholam
3019 881 3087 934 ab
3118 881 3326 936 Orbilio
3380 884 3724 952 castigandus,
3765 893 3804 940 ut

2174 969 2476 1037 minitaris,
2505 968 2818 1040 ingredior.
3211 1010 3216 1030 ι

2246 1058 2386 1112 Cum
2417 1058 2514 1112 lib.
2551 1074 2568 1111 ι
2608 1058 2746 1112 11151.
2781 1058 3124 1128 Pelagiana},
3165 1075 3293 1130 cap.
3341 1063 3426 1124 15,
3485 1060 3803 1130 expenderem

2172 1148 2604 1218 inscriptionem
2630 1148 2905 1201 librorum
2936 1149 2990 1202 S.
3032 1149 3344 1219 Augustini
3393 1149 3461 1203 de
3488 1150 3660 1203 Gratia
3682 1151 3805 1203 Chri-

2172 1238 2266 1308 sti,
2298 1237 2447 1291 etde
2488 1237 2720 1290 Peccato
2753 1235 3043 1306 originali,
3077 1253 3316 1308 nempe:
3350 1238 3690 1292 Sincerissimi
3714 1240 3808 1303 fra-

2173 1332 2302 1392 tres,
2338 1327 2522 1381 dilecti
2575 1342 2610 1378 a
2657 1329 2780 1393 Deo,
2835 1327 3054 1395 Albine,
3083 1328 3335 1390 Piniane,
3389 1331 3440 1379 et
3466 1328 3696 1393 Melania,
3728 1344 3809 1380 non

2171 1415 2376 1470 admisi
2403 1416 2814 1470 correctionem
2848 1415 3097 1482 Baronii,
3129 1415 3228 1486 qui
3263 1432 3358 1470 an.
3390 1417 3490 1469 409
3521 1431 3617 1484 pro
3664 1415 3812 1468 Albim

2175 1503 2389 1576 putavit
2420 1504 2626 1558 Albina
2652 1504 3072 1574 reponendum,
3104 1505 3237 1567 nisi,
3277 1502 3438 1556 addit
3467 1501 3679 1562 ibidem,
3700 1518 3807 1570 pra:-

2195 1599 2274 1648 ter
2293 1593 2549 1646 Albinam
2578 1597 2802 1646 matrem
2829 1594 2999 1660 fuerit
3029 1594 3139 1646 illic
3168 1592 3409 1646 Albinus
3444 1592 3604 1660 ﬁlius.
3649 1592 3812 1643 Etenim

2179 1700 2246 1736 ea
2275 1687 2438 1736 astate
2495 1682 2840 1736 feminarum
2897 1681 3132 1735 nomina
3162 1697 3283 1734 non
3328 1696 3550 1750 semper
3601 1677 3812 1732 feminina

2176 1771 2581 1826 terminatione
2627 1771 3028 1824 efferebantur.
3062 1771 3254 1823 Paula:
3287 1770 3409 1823 tilia
3439 1773 3642 1822 neutra:
3665 1767 3811 1821 termi-

2177 1859 2423 1914 nationis
2453 1875 2772 1930 cognomen
2806 1859 3024 1924 habuit,
3057 1862 3280 1929 inempe
3331 1857 3694 1911 Eustochium.
3729 1856 3812 1909 lmo

2177 1949 2486 2003 mulierum
2510 1948 2744 2002 nomina
2761 1964 2794 2001 a
2814 1948 3018 2002 sanctis
3040 1948 3303 2001 Patribus
3331 1945 3813 2017 cumlterminatione

2179 2038 2496 2092 masculina
2529 2037 2585 2092 id
2620 2037 2894 2107 temporis
2945 2036 3188 2107 exprimi
3239 2035 3412 2089 solita
3442 2034 3711 2088 afﬁrmavi.
3758 2034 3813 2085 lla

2177 2127 2438 2182 Albinam
2455 2125 2705 2197 junioris
2737 2125 2992 2180 Melaniae
3023 2130 3270 2179 matrem
3299 2124 3515 2194 passim
3549 2123 3745 2177 Albinus
3772 2122 3810 2173 in

2177 2219 2331 2268 recto
2364 2231 2498 2268 casu
2539 2218 2797 2268 vocatam
2832 2213 3094 2267 iudicavi.
3130 2213 3487 2283 Augustinus
3532 2216 3715 2282 praeter
3754 2209 3812 2261 in-

2181 2304 2549 2374 scriptionem
2577 2302 2706 2357 libri
2737 2303 2805 2358 de
2836 2302 3026 2356 Gratia
3057 2301 3268 2356 Christi
3300 2301 3454 2355 hunc
3493 2299 3703 2354 titulum
3724 2298 3810 2367 epi-

2185 2394 2344 2447 stolae
2401 2397 2498 2447 127
2561 2393 2745 2446 dedit:
2798 2392 3023 2457 Albino,
3083 2393 3316 2445 Pin-iano
3371 2396 3420 2444 et
3471 2389 3699 2445 Meliano.
3744 2387 3811 2438 Ubi

2182 2486 2400 2536 certum
2449 2486 2532 2535 est
2576 2481 2885 2551 legendum
2963 2496 3083 2534 esse
3151 2480 3422 2533 Melania.
3510 2475 3811 2542 Hieronymus

2183 2571 2348 2641 epist.
2381 2576 2411 2624 7
2421 2575 2450 2624 9
2479 2571 2862 2637 aitzAlbinus,
2884 2572 3169 2633 Pinianus,
3196 2569 3437 2623 Melania
3473 2566 3692 2619 salutant
3736 2575 3810 2612 vos.

2186 2659 2473 2714 Possidius
2504 2659 2852 2714 Calamensis
2902 2659 2962 2712 in
2994 2657 3177 2712 indice
3238 2657 3519 2710 librorum
3548 2653 3598 2707 S.
3627 2648 3812 2706 doctoris

2186 2747 2570 2821 Hipponensis
2597 2748 2792 2802 scribit
2821 2748 3001 2802 libros
3015 2747 3085 2801 de
3107 2746 3302 2800 Gratia
3333 2745 3532 2799 Christi
3562 2745 3614 2795 et
3642 2741 3810 2794 Peccato

2185 2837 2451 2909 originali
2481 2836 2680 2891 missos
2711 2837 2784 2890 ad
2807 2839 3117 2903 Pinianum,
3173 2835 3445 2889 Albinum
3472 2843 3521 2886 et
3568 2829 3809 2885 Melanium.

2105 2923 2144 2979 C
2185 2927 2238 2982 S.
2264 2926 2536 2980 Paulinus
2588 2925 2751 2996 epist.
2802 2927 2894 2993 44,
2946 2941 3075 2996 quae
3115 2924 3268 2978 inter
3313 2920 3724 2992 Augustinianas
3759 2919 3812 2966 est

2185 3018 2310 3082 249,
2341 3016 2584 3069 Melanio
2605 3030 2711 3084 pro
2744 3014 2985 3069 Melania
3004 3013 3212 3084 posuit.
3240 3015 3327 3066 Ita
3360 3014 3568 3074 Patres,
3598 3006 3683 3078 qui
3707 3016 3811 3056 anno

2186 3106 2291 3158 400
2346 3103 2649 3170 ﬂorebant,
2701 3103 2924 3158 Albinae
2976 3101 3353 3156 nobilissimae
3402 3097 3618 3153 feminae
3656 3105 3811 3147 nomen
3892 3121 3893 3132 ι

2184 3209 2479 3262 scripsere.

2257 3281 2434 3349 Mira,
2466 3279 2656 3350 inquis
2696 3280 2851 3348 (pag.
2905 3280 3013 3347 52),
3047 3284 3185 3333 certe
3223 3279 3370 3332 ratio
3393 3271 3689 3345 exponendi,
3712 3282 3807 3322 nova

2185 3374 2235 3424 et
2264 3373 2541 3436 incognita
2571 3371 2816 3438 antiquis
2853 3371 3175 3435 Priscianis,
3219 3372 3270 3421 et
3309 3368 3548 3431 Donatis,
3579 3367 3623 3416 et
3645 3357 3808 3426 nuperis

2186 3461 2578 3528 Despauteriis,
2631 3463 2680 3510 et
2728 3457 3020 3523 Nebrissis,
3076 3471 3242 3526 quam
3300 3456 3452 3508 nulla
3481 3445 3806 3520 temporumte-

2184 3552 2334 3614 runt,
2379 3551 2441 3601 ut
2485 3547 2656 3600 libera
2700 3551 2834 3600 esset
2885 3548 3163 3599 nominum
3192 3545 3434 3612 inﬂexio,
3481 3547 3527 3596 ct
3575 3538 3808 3609 promiscue

2185 3637 2489 3690 masculina
2507 3641 2556 3689 et
2583 3636 2851 3701 feminina
2869 3634 3302 3688 destinarentur:
3339 3638 3498 3700 atque
3519 3629 3638 3684 adeo
3660 3623 3807 3680 Albim

2183 3741 2285 3795 pro
2314 3725 2536 3790 Albino,
2559 3729 2609 3779 et
2638 3725 2904 3778 Melanius
2931 3738 3032 3792 pro
3065 3724 3301 3776 Melania
3315 3725 3613 3794 poneretur.

2259 3813 2489 3868 Rectius
2515 3812 2774 3880 dixisses,
2813 3813 3053 3866 Albinus
3097 3827 3200 3880 pro
3251 3811 3476 3874 Albino,
3523 3814 3570 3861 et
3605 3801 3806 3860 Melanius

2187 3918 2288 3972 pro
2309 3904 2556 3956 Melania
2578 3905 2886 3970 poneretur.
2924 3900 3033 3955 Sed
3063 3901 3170 3954 hoc
3195 3900 3426 3954 omisso.
3458 3898 3525 3952 ad
3553 3891 3736 3952 Donati,
3760 3884 3804 3938 ad

2191 3992 2342 4064 quod
2370 3991 2685 4062 provocasti
2715 3990 2962 4043 tribunal
2994 3973 3188 4044 vador.
3219 3989 3426 4044 Scribit
3454 3987 3548 4040 lib.
3579 4001 3606 4035 v
3649 3981 3704 4035 de
3739 3989 3803 4045 ge-

2189 4081 2452 4135 neribus:
2495 4081 2633 4136 Sunt
2658 4084 2920 4148 praeterea
2964 4080 3080 4132 alia
3122 4093 3248 4132 sono
3302 4075 3610 4137 masculina,
3658 4065 3802 4121 intelle-

2188 4175 2276 4224 ctu
2305 4170 2590 4237 feminina,
2623 4173 2683 4222 ut
2713 4168 3005 4222 Eunuchus
3035 4165 3313 4232 comoedia,
3352 4166 3550 4219 Orestes
3585 4152 3804 4221 tragoedia.

2191 4261 2491 4316 Centaurus
2520 4260 2695 4311 navis.
2720 4259 2858 4310 Alia
2886 4271 3012 4310 sono
3040 4261 3254 4315 neut-ra,
3286 4254 3551 4308 intellectu
3583 4244 3800 4315 funium“.

2192 4354 2254 4402 ut
2281 4349 2649 4411 Phronesium,
2688 4346 3013 4413 Glycerium,
3069 4344 3449 4413 Sophronium,
3488 4354 3596 4410 quae
3618 4333 3801 4388 mulieres

2192 4441 2336 4492 sunt.
2370 4437 2566 4505 Itaque
2621 4436 2839 4488 Donato
2883 4433 3095 4504 judice,
3127 4448 3342 4486 nomen
3397 4429 3638 4484 desinens
3677 4421 3798 4475 inus,

2193 4519 2334 4573 alias
2364 4521 2693 4575 masculina:
2719 4521 3156 4586 terminationis,
3191 4523 3239 4574 si
3268 4520 3350 4574 rei
3377 4516 3644 4573 feminine
3668 4510 3800 4575 impo'

2193 4614 2384 4676 natur,
2415 4613 2634 4664 retenta
2676 4610 3080 4664 terminatione
3129 4610 3460 4673 masculina,
3508 4594 3800 4684 signiﬁcatio:

2195 4714 2328 4752 nem
2357 4698 2694 4753 femininam
2733 4699 2936 4753 induit.
2970 4701 3054 4753 Ita
3083 4700 3375 4753 Eunuchus
3404 4709 3598 4749 nomen
3642 4689 3710 4741 est
3730 4681 3801 4732 viri

2195 4787 2403 4841 exsecti
2434 4788 2762 4841 masculinie
2800 4787 3217 4842 terminationis
3246 4791 3302 4840 et
3328 4775 3725 4856 signiﬁcationis,
3762 4772 3799 4818 δῖ

2194 4875 2242 4928 si
2268 4874 2601 4945 imponatur
2633 4876 2739 4930 uni
2795 4893 2861 4931 ex
2891 4877 3178 4931 comaadiis
3207 4873 3472 4937 Terentii,
3502 4884 3604 4924 non
3643 4863 3799 4951 mutata

2195 4964 2657 5031 terminnatione,
2678 4965 2898 5019 variata
2911 4969 3108 5019 tamen
3127 4963 3544 5035 signiﬁcatione,
3565 4957 3620 5010 ﬁt
3636 4957 3798 5035 39391:”

2194 5052 2476 5118 feminini,
2516 5059 2571 5108 et
2599 5055 2842 5109 dicimus
2871 5055 3107 5124 lepidam
3135 5033 3450 5109 Eunuchum
3488 5038 3708 5130 Terentii.
3733 5033 3794 5130 ἵε·

2195 5149 2403 5215 gyptus
2433 5144 2726 5198 feminina).
2748 5142 3182 5214 signiﬁcationis
3207 5158 3415 5197 nomen
3453 5141 3554 5200 est;
3583 5136 3631 5186 at
3654 5127 3691 5180 si
3711 5127 3794 5211 viro

2195 5233 2444 5303 Cllipiam
2488 5233 2545 5287 id
2595 5233 2844 5287 nominis
2895 5232 3250 5302 imponatur,
3305 5221 3582 5284 masculini
3628 5219 3792 5303 generi?

2197 5321 2403 5377 evadit.
2457 5324 2672 5376 Horum
2721 5321 2866 5376 ratio
2895 5325 2996 5388 est,
3058 5320 3194 5391 quia
3239 5312 3548 5373 terminatio
3587 5308 3636 5360 in
3669 5295 3793 5353 "395‘

2196 5414 2422 5465 tantum
2451 5411 2692 5464 materia
2738 5415 2792 5463 et
2835 5410 3182 5462 substratum
3214 5403 3481 5464 nominis;
3521 5396 3622 5451 sola
3651 5391 3788 5442 autem

2198 5498 2559 5568 signiﬁcatio,
2595 5500 2812 5552 Donato
2842 5497 3135 5568 magistro,
3195 5495 3423 5549 sortitur
3448 5487 3682 5544 rationem
3705 5471 3789 5525 {or—
