3884 6178
122 242 187 292 5i!

825 217 1183 274 VARIOBUM
1226 216 1825 275 EXEBCITATIONES
1864 217 1933 270 IN
1974 217 2028 270 S.
2069 217 2436 274 AUGUSTINI
2476 218 2728 273 OPERA.

3420 219 3523 271 542

122 374 216 412 me.
244 349 433 422 Appello
461 348 660 398 testem
711 341 872 396 omni
917 340 1251 412 exceptione
1280 341 1559 411 majorem
1584 342 1721 394 Vos-
1753 341 1794 393 A
1829 356 1951 394 rum
1979 345 2091 394 tum
2116 343 2448 408 feminarum
2494 344 2726 412 propria
2777 346 2930 396 erant
2956 358 2969 396 :
3014 347 3156 410 puta
3187 342 3521 411 Dynacium,

124 449 252 508 sium,
283 438 360 510 qui
402 435 486 490 lib.
523 450 579 487 in
613 435 949 498 Grammat.,
981 431 1081 486 lib.
1116 448 1132 483 1
1167 431 1234 484 de
1266 431 1548 500 analogia,
1592 447 1714 501 cap.

127 536 186 598 25,
209 528 380 582 laudato
420 521 569 592 prius
621 518 960 584 Quintiliani
991 517 1344 584 testimonio,
1376 518 1494 571 ait:
1537 519 1719 572 Voluit

124 624 243 687 igitur
261 615 426 669 Fabius
464 625 651 679 parem
696 623 805 661 esse
850 610 1113 661 rationem
1144 610 1203 660 in
1236 608 1476 660 Muraena
1502 611 1551 660 et
1579 608 1718 675 Gly-

130 710 279 770 cerium,
321 714 463 768 eoque
487 703 545 751 ut
572 697 730 750 virile
759 699 837 749 est
861 695 1105 748 Muraena
1150 710 1386 747 paorren
1427 709 1718 746 SIGNIFICA»

123 808 277 857 nexu,
316 791 402 842 etsi
456 787 762 840 terminatio
813 783 968 837 aliud
1015 784 1287 850 requirere
1315 781 1608 835 videatur:
1642 783 1723 834 ita

121 880 344 949 Glycerium
383 890 480 928 esse
535 871 810 938 muliebre,
840 872 963 925 licet
993 872 1065 924 sit
1093 871 1359 923 neutralis
1393 872 1719 923 terminatio.

121 973 249 1034 Quare
272 965 383 1018 licet
429 964 530 1016 hoc
574 977 892 1031 cognomen
923 960 1157 1013 Albinus
1203 958 1274 1011 sit
1301 957 1724 1012 terminationis

120 1055 384 1116 masculinze,
414 1068 474 1105 eo
529 1051 654 1120 ipso
703 1049 853 1120 quod
896 1049 1128 1102 femina:
1183 1047 1532 1117 imponatur,
1589 1062 1727 1117 quo-

121 1145 238 1200 modo
259 1158 428 1212 reapse
469 1157 499 1193 a
530 1143 615 1193 tot
664 1138 922 1192 Patribus
970 1137 1301 1208 impositum
1335 1137 1461 1204 fuit,
1507 1136 1725 1206 signiti—

121 1234 330 1287 cationem
371 1227 696 1282 femininam
749 1226 925 1292 subit,
971 1241 1099 1294 qua:
1124 1224 1339 1294 optime
1367 1239 1495 1277 cum
1527 1222 1726 1277 termi-

121 1321 288 1375 natione
324 1316 623 1371 masculina
660 1316 928 1368 cohaeret.
953 1313 1254 1384 Equidem,
1288 1313 1368 1366 mi
1400 1311 1725 1366 dulcissime

119 1408 300 1473 llacedo,
349 1404 666 1458 lleribertus
714 1400 1057 1471 Rosweydus
1105 1399 1257 1454 hisce
1296 1399 1408 1453 tuis
1448 1398 1728 1468 scrupulis

119 1512 194 1549 non
214 1492 532 1563 tangebatur,
561 1507 690 1543 cum
721 1489 783 1542 in
811 1490 1146 1560 praefatione
1183 1490 1252 1543 ad
1285 1489 1384 1544 lib.
1414 1506 1509 1543 vui
1539 1490 1607 1543 de
1635 1488 1728 1542 Vi-

117 1585 163 1637 tis
201 1585 414 1647 Patrum,
470 1595 630 1633 num.
689 1580 741 1644 6,
798 1579 922 1631 haec
974 1579 1226 1632 notavit:
1284 1578 1461 1633 Proba
1508 1580 1734 1632 Baronii

116 1671 348 1735 divinatio;
386 1668 472 1722 sed
509 1683 616 1722 non
662 1683 866 1722 necesse
907 1667 1166 1721 Albinam
1203 1682 1302 1735 pro
1332 1667 1536 1720 Albino
1564 1669 1730 1720 resti—

115 1764 227 1812 tuere.
267 1758 484 1811 Coxsmr
532 1759 671 1810 enim
720 1757 811 1809 illo
863 1757 1052 1809 saeculo
1118 1758 1448 1821 feminarum
1511 1757 1731 1808 nomina

116 1849 227 1900 etiam
250 1849 539 1901 masculinis
571 1845 1040 1899 terminationibus
1071 1843 1394 1912 quandoque
1434 1843 1601 1896 elata.
1643 1843 1731 1897 Sic

114 1938 156 1988 ile
175 1939 341 2001 femina
384 1951 520 1989 nunc
572 1934 867 1999 Melanius,
918 1949 1059 1986 nunc
1090 1932 1394 1987 Melanium
1424 1931 1574 2000 apud
1598 1935 1732 1984 vete-

114 2040 168 2077 res
198 2027 412 2079 occurrit.
467 2025 582 2077 Hoc
629 2023 820 2093 ipsum
852 2027 1048 2091 postea
1078 2021 1250 2074 etiam
1283 2019 1645 2074 conﬁrmavit
1672 2019 1732 2073 in

112 2112 215 2165 nolis
239 2112 297 2166 ad
325 2111 619 2182 epistolam
667 2113 735 2164 44
765 2110 821 2164 S.
873 2108 1118 2174 Paulini,
1169 2108 1266 2162 ubi
1296 2108 1404 2161 ait:
1443 2109 1690 2162 MELANIO
1716 2123 1727 2159 :

114 2200 302 2265 intelligit
336 2202 506 2268 ipsam
569 2199 882 2261 Mela-niam,
938 2212 1065 2266 quae
1108 2211 1261 2248 nunc
1301 2194 1560 2261 Melania,
1592 2209 1734 2247 nunc

113 2288 339 2354 Melanius,
368 2305 504 2342 nunc
542 2286 843 2341 Melanium
871 2285 1038 2339 dicta.
1073 2287 1158 2338 Ita
1194 2285 1410 2338 videtur
1442 2283 1736 2352 capiendus

113 2379 382 2444 Augustinus
411 2377 643 2446 epistola
667 2377 801 2428 227:
845 2372 1164 2427 Carissimis
1203 2371 1474 2425 fratribus
1502 2369 1734 2434 Albino,

114 2466 290 2518 Piniano
328 2471 380 2520 et
421 2465 707 2520 Melania:
753 2465 841 2518 Ila
885 2463 997 2530 lego
1035 2477 1136 2531 pro
1182 2462 1432 2514 Metione.
1470 2459 1739 2525 Intelligit

113 2555 307 2608 Albinam
349 2559 393 2608 et
433 2554 751 2617 Melania-in,
803 2566 922 2604 cum
970 2549 1120 2618 apud
1146 2549 1407 2617 Alypium
1436 2550 1739 2615 episcopum

113 2644 299 2708 Tagastae
331 2647 384 2696 in
429 2644 639 2708 Africa
667 2643 1027 2694 versarentur.
1059 2637 1253 2690 Viden’
1305 2640 1366 2688 ut
1399 2640 1551 2688 totus
1577 2651 1740 2688 meus

109 2736 166 2782 est
188 2732 499 2802 Rosweydus
521 2730 554 2783 ἰ)
584 2744 755 2799 quem
809 2744 942 2780 sane
994 2729 1121 2778 ante
1154 2724 1345 2778 oculos
1375 2721 1570 2783 habui,
1612 2737 1743 2774 cum

111 2815 177 2867 illa
195 2817 487 2876 scriberem,
517 2821 581 2870 et
613 2814 841 2869 Baronii
872 2812 1283 2867 correctionem
1316 2827 1433 2864 non
1475 2809 1740 2863 admitte-

1828 431 2087 495 Pegnium
2117 434 2391 494 virorum;
2425 433 2793 494 Eustochium,
2827 431 3132 498 Glycerium
3169 433 3529 496 feminarum.

1828 520 1943 573 Non
1986 524 2102 573 erat
2146 522 2320 587 igitur
2365 520 2536 573 libera
2589 535 2681 573 nec
2720 521 3032 588 promiscua
3071 520 3167 572 illa
3215 519 3518 573 declinatio.

1828 608 1923 662 sed
1959 611 2261 662 necessaria
2293 610 2672 676 grammatices
2701 611 3046 662 constructio.

1901 698 2181 750 Memento
2226 700 2280 750 te
2329 697 2389 749 in
2429 696 2938 767 grammaticorum
2997 695 3190 749 schola
3235 695 3445 749 versari
3494 711 3526 748 a

1831 783 2042 855 quibus
2083 785 2422 854 vapularent
2478 784 2744 854 discipuli
2793 784 2892 853 qui
2941 783 3307 838 Eustochium
3338 799 3526 837 nomen

1831 873 2130 943 proprium
2161 872 2396 941 virginis
2419 873 2690 937 dicerent,
2719 877 2840 924 erat
2861 871 3014 924 enim
3033 887 3368 941 cognomem
3393 871 3525 923 filim

1832 961 2053 1016 Toxotii
2077 966 2132 1014 et
2150 962 2341 1015 Paulae
2373 982 2387 1029 ;
2411 961 2562 1014 illius
2585 965 2776 1014 autem
2806 977 3017 1014 nomen
3039 960 3182 1014 Julia
3213 965 3352 1014 erat.
3378 959 3524 1013 Scri-

1833 1050 1916 1104 bit
1970 1051 2346 1121 Hieronymus
2403 1051 2471 1104 de
2531 1052 2595 1104 D.
2653 1051 2827 1104 Paula
2881 1050 3045 1120 epist.
3070 1053 3172 1103 27:
3223 1053 3418 1104 Juncta
3451 1053 3528 1103 est

1839 1140 2082 1205 Toxotio,
2124 1143 2219 1206 qui
2267 1141 2442 1192 zE-nem
2483 1143 2532 1192 et
2560 1141 2826 1193 Juliorum
2857 1141 3182 1192 altissimum
3209 1141 3528 1205 sanguinem

1835 1227 2030 1294 trahit,
2077 1228 2219 1280 unde
2259 1231 2420 1280 etiam
2467 1229 2586 1295 ﬁlia
2645 1228 2760 1295 ejus
2805 1230 2960 1294 virgo
3003 1229 3352 1281 Eustochium
3379 1228 3529 1280 Julia

1835 1321 2202 1384 nuncupatur.
2270 1317 2346 1369 Ex
2395 1316 2602 1386 quibus
2677 1316 2899 1386 corrigo
2949 1315 3366 1384 Glandorpium,
3431 1316 3531 1384 qui

1836 1405 2099 1459 Toxotios
2159 1405 2343 1459 Juniis
2424 1405 2709 1458 accensuit
2779 1405 2838 1458 in
2917 1403 3294 1459 Onomastico.
3373 1403 3532 1466 Quod

1839 1494 2010 1548 etiam
2060 1511 2125 1547 ex
2170 1493 2489 1564 Capitolino
2547 1493 2606 1546 in
2639 1493 2858 1563 juniori
2891 1492 3194 1547 Maximino
3228 1496 3401 1562 patet.
3431 1495 3533 1545 De-

1839 1587 2117 1652 sponsata,
2151 1581 2358 1652 inquit,
2392 1583 2478 1636 illi
2497 1587 2614 1635 erat
2637 1583 2792 1637 Julia
2830 1581 3048 1635 Fadilla
3091 1581 3372 1649 proneptis
3411 1580 3536 1633 An-

1840 1672 2030 1734 tonini,
2066 1686 2229 1739 quam
2258 1673 2444 1739 postea
2474 1672 2679 1738 accepit
2717 1671 2972 1722 Toxotius
3021 1668 3260 1736 ejusdem
3303 1668 3535 1733 familiae

1839 1765 2073 1815 senator.
2131 1759 2293 1812 Errat
2324 1762 2511 1811 autem
2555 1760 2846 1823 Gruterus,
2878 1756 3229 1827 quiJuniam
3261 1755 3536 1808 Fadillam

1841 1848 1996 1918 legit.
2045 1847 2154 1901 Sed
2201 1847 2269 1901 de
2324 1847 2413 1900 his
2463 1845 2633 1911 alias;
2671 1862 2858 1916 neque
2894 1845 3047 1898 enim
3083 1849 3156 1908 te,
3194 1843 3294 1914 qui
3324 1859 3536 1896 nomen

1839 1935 2078 2005 virginis
2108 1952 2210 2005 pro
2241 1935 2581 2006 cognomine
2621 1934 2881 2004 posuisti,
2913 1933 3115 1988 Orbilii
3167 1933 3365 1986 ferula}
3399 1931 3538 1985 sub-

1836 2024 2029 2095 jiciam
2055 2041 2068 2091 ;
2102 2039 2218 2077 non
2249 2040 2376 2076 sum
2400 2039 2533 2093 erga
2564 2022 2813 2076 amicum
2850 2027 2968 2075 tam
2999 2022 3219 2092 rigidus
3251 2021 3309 2074 in
3341 2036 3539 2090 gram—

1843 2112 2050 2167 matica
2088 2129 2286 2166 censor
2329 2112 2559 2183 qualem
2605 2115 2660 2164 te
2709 2128 2843 2182 erga
2894 2127 2983 2164 me
3031 2109 3337 2181 profiteris.
3373 2111 3543 2163 Notat

1845 2201 2160 2257 Chiftletius
2190 2217 2330 2272 pag.
2365 2203 2430 2255 45
2462 2205 2728 2254 notarum
2760 2200 2818 2253 in
2850 2199 3116 2270 epistolas
3162 2197 3386 2252 Paulini
3435 2198 3543 2251 No-

1845 2291 1962 2345 lani
1991 2291 2050 2344 in
2081 2289 2246 2344 editis
2279 2289 2661 2342 voluminibus
2692 2289 2752 2342 in
2779 2290 2927 2342 calce
2977 2287 3232 2358 epistolae.
3272 2286 3343 2340 ad
3376 2288 3542 2339 Pam-

1846 2380 2134 2435 machium
2164 2380 2512 2434 Eustochium
2541 2377 2675 2448 legi,
2708 2394 2822 2431 cum
2872 2378 3132 2445 alioquin,
3183 2375 3391 2446 inquit,
3434 2377 3544 2428 Eu-

1847 2471 2053 2526 stochia
2073 2470 2343 2523 scribatur
2364 2471 2419 2521 in
2439 2484 2564 2522 mss.
2598 2470 2830 2521 l’uteano
2860 2472 2909 2520 et
2937 2468 3246 2521 Viennensi.
3283 2464 3545 2519 Codicem

1849 2572 1981 2608 vero
2031 2556 2348 2608 Puteannm
2399 2556 2561 2606 vocat
2603 2568 2734 2622 pag.
2787 2555 2835 2614 8,
2886 2566 3150 2620 perquam
3180 2552 3467 2618 antiquum
3497 2553 3546 2601 et

1851 2646 2063 2712 optimae
2091 2646 2245 2695 notae.
2295 2643 2542 2694 Transeo
2591 2641 2656 2693 ad
2711 2640 3028 2709 Glycerium
3057 2638 3305 2692 Terentii
3335 2656 3348 2701 ;
3383 2637 3546 2689 video

1853 2731 2006 2786 enim
2037 2735 2091 2784 te
2123 2746 2326 2800 parum
2365 2734 2621 2782 veterum
2667 2729 3027 2782 monimenta
3058 2728 3282 2793 callere,
3315 2730 3372 2779 et
3405 2740 3547 2794 prm-

1853 2820 2049 2875 sertim
2104 2817 2394 2884 Prisciani,
2456 2833 2628 2887 quem
2659 2818 2900 2870 alterum
2929 2820 3126 2870 contra
3156 2830 3247 2868 me
3270 2813 3546 2884 judicemi.

109 2919 208 2956 rem.
251 2905 323 2958 Tu
374 2921 504 2958 vero
554 2902 746 2973 inquis
773 2904 928 2971 (pag.
963 2899 1054 2970 35)
1085 2917 1097 2952 :
1129 2901 1180 2952 Α
1217 2899 1609 2953 Grammaticis
1636 2899 1725 2953 No-

1881 2925 1952 2963 eu
1978 2911 2179 2961 testem
2210 2903 2481 2974 appellas.
2519 2903 2682 2955 Nota't
2730 2900 3055 2954 Priscianus
3104 2899 3337 2953 nomina
3376 2896 3545 2951 femi-

108 2991 389 3045 risdissentit
414 2992 480 3044 ab
513 2991 726 3045 Orbilio
757 2987 1129 3056 castigandus,
1163 3002 1256 3040 nec
1286 2985 1526 3039 Baronio
1553 2987 1742 3038 timen-

108 3077 191 3144 dus,
217 3097 352 3149 quem
381 3081 558 3135 obiter
574 3094 814 3148 pungere
839 3077 1033 3143 voluit,
1063 3080 1111 3129 et
1128 3089 1220 3141 ego
1250 3073 1547 3127 vindicare.
1579 3072 1742 3137 Quid,

107 3168 255 3233 amice,
284 3186 403 3224 cum
444 3168 759 3238 Rosweydo
815 3165 985 3236 ages?
1038 3165 1318 3218 Memento
1369 3163 1524 3216 hunc
1580 3161 1745 3214 illum

107 3270 191 3308 esse
232 3272 386 3327 quem
425 3274 564 3328 pag.
631 3259 730 3310 150
782 3260 1052 3308 auctorem
1099 3251 1528 3306 eruditissimum
1568 3253 1619 3303 et
1656 3251 1749 3303 ele-

108 3347 399 3408 gantissmum
444 3343 834 3414 nuncupasti;
885 3343 947 3396 in
977 3341 1160 3396 indice
1207 3339 1448 3393 scribis:
1490 3342 1748 3408 Roswey-

109 3431 179 3484 dus
218 3440 385 3488 auctor
426 3436 884 3502 elegantissimus.
934 3434 1021 3484 An
1069 3430 1236 3495 forte,
1271 3445 1342 3482 ne
1377 3428 1517 3481 mihi
1546 3428 1744 3497 plagas

109 3522 352 3591 condones,
383 3541 499 3579 una
553 3539 779 3578 mecum
825 3519 1202 3591 Rosweydum
1233 3519 1306 3572 ab
1331 3517 1545 3573 Orbilio
1577 3515 1750 3568 casti-

111 3611 302 3674 gandum
358 3613 566 3668 dices?
614 3613 757 3667 Cave
811 3611 916 3664 tibi
955 3625 987 3662 a
1033 3613 1120 3662 tot
1167 3607 1365 3660 ferulis
1409 3622 1549 3676 quas
1601 3604 1750 3659 docti

110 3696 347 3771 Rosweydi
392 3703 618 3756 sodales
665 3701 728 3755 in
762 3699 968 3753 scholis
999 3697 1304 3768 stringunt.
1335 3697 1431 3748 Vel
1458 3696 1749 3762 elegantis-

111 3788 199 3838 simi
221 3789 434 3844 titulum
465 3805 754 3860 expunge,
785 3788 831 3840 si
856 3787 916 3841 in
944 3785 1178 3840 homine
1210 3799 1440 3854 quoque
1468 3782 1751 3853 quemad-

112 3876 368 3933 modumin
399 3896 514 3945 me,
561 3876 994 3949 grammaticam
1035 3873 1342 3928 desideras.
1376 3872 1472 3925 Vel
1500 3873 1548 3924 si
1572 3874 1751 3925 teme—

112 3962 220 4017 ritati
259 3967 309 4020 id
360 3968 693 4038 proximum
736 3963 978 4035 judicas,
1032 3978 1123 4014 me
1172 3975 1425 4030 quoque,
1470 3958 1570 4028 qui
1601 3960 1750 4013 Bos-

111 4053 242 4120 πεῖν-ἀί
269 4057 442 4110 verbis
472 4057 702 4110 locutus
733 4069 880 4119 sum,
914 4050 1114 4107 Orbilii
1151 4048 1352 4103 ferulis
1399 4048 1602 4101 exime.
1639 4047 1753 4100 Hoc

114 4137 294 4196 interim
339 4145 478 4198 scias
523 4143 672 4198 mihi
721 4143 1015 4196 decretum
1064 4155 1204 4206 esse,
1247 4138 1417 4192 malle
1448 4153 1577 4190 cum
1608 4137 1754 4190 Ros-

112 4231 254 4298 πεξᾰο
297 4233 584 4303 vapulare,
634 4247 808 4303 quam
857 4227 1257 4300 grammaticas
1307 4225 1626 4280 Macedonis
1657 4241 1753 4279 re-

113 4319 232 4382 gulas
259 4321 491 4378 discere.
533 4319 767 4376 Falleris
798 4325 1011 4383 tamen,
1045 4317 1091 4370 si
1127 4331 1307 4370 unum
1340 4333 1372 4368 a
1394 4330 1483 4367 me
1514 4313 1616 4367 tibi
1652 4314 1757 4367 He-

112 4401 335 4463 ribertum
387 4410 606 4481 opponi
654 4412 840 4479 putas.
892 4405 1082 4460 Habeo
1125 4405 1319 4475 plures
1367 4407 1488 4456 tum
1520 4407 1752 4467 veteres,

112 4495 200 4546 tum
239 4505 502 4566 recentes,
556 4503 680 4552 tum
729 4497 972 4560 Graecos,
1012 4499 1136 4547 tum
1170 4491 1394 4547 Latinos
1432 4490 1753 4560 scriptores,

116 4580 274 4646 quibus
299 4602 400 4656 pro
419 4603 515 4640 me
538 4584 931 4656 loquentibus,
966 4587 1026 4636 tu
1059 4598 1128 4635 ne
1162 4580 1378 4634 hiscere
1411 4579 1642 4650 quidem
1669 4594 1761 4632 au-

113 4667 240 4737 deas;
265 4676 356 4728 sed
387 4675 601 4729 mirere
632 4677 875 4739 tantum,
908 4676 963 4725 et
1018 4669 1256 4724 forsitan
1300 4669 1531 4733 doleas;
1574 4682 1760 4737 neque

116 4769 230 4811 enim

156 4881 255 4932 Ilaec
271 4885 377 4934 rixa
404 4890 504 4946 est,
537 4885 624 4934 ubi
652 4887 711 4932 tu
739 4883 936 4947 pulsas,
961 4894 1058 4943 ego
1092 4878 1286 4942 vapulo
1318 4882 1544 4928 tantum.

995 4961 1172 5010 JUVE‘N.
1202 4960 1312 5009 sat.
1344 4960 1390 5017 3,
1426 4959 1542 5007 228.

160 5079 478 5149 Exemplum,
537 5079 730 5150 inquis
779 5078 932 5147 (pag.
991 5077 1103 5145 52),
1160 5075 1440 5130 Eustochii
1481 5073 1549 5127 ab
1585 5087 1645 5125 re
1665 5076 1763 5136 est,

113 5177 198 5218 cum
224 5167 580 5224 Eustochium
607 5169 776 5235 fuerit
804 5181 992 5220 nomen
1017 5167 1307 5233 proprium
1343 5163 1575 5228 virginis
1616 5161 1765 5214 Pau-

114 5252 156 5303 la!
191 5258 323 5322 ﬁliae,
364 5274 486 5327 quae
535 5257 834 5312 Eustochia
884 5255 996 5308 dici
1021 5269 1130 5307 non
1161 5253 1360 5321 potu-it,
1395 5265 1513 5304 cum
1568 5251 1769 5302 Eusto—

117 5340 252 5396 chium
297 5345 532 5410 deberet,
585 5342 1032 5413 quemadmodum
1092 5357 1185 5394 nec
1248 5341 1563 5409 Glycerium
1620 5334 1770 5403 apud

117 5427 375 5486 Terentium
430 5436 493 5487 in
533 5434 754 5487 Andria
810 5432 1060 5494 Glyceria
1101 5431 1284 5483 vocari
1349 5428 1566 5496 potuit:
1616 5428 1771 5477 erant

117 5521 270 5588 ίίιιὶρρρ
287 5527 429 5578 certa
457 5524 677 5576 nomina
711 5522 1000 5576 terminata
1039 5521 1098 5572 in
1149 5534 1269 5584 um,
1320 5531 1440 5585 qua:
1480 5519 1592 5568 tum
1617 5514 1770 5566 viro-

1852 3011 2058 3051 narum
2101 2990 2418 3047 desinentia
2470 2990 2532 3043 in
2577 3005 2669 3042 um
2706 2988 2968 3058 ﬁgurate,
3006 3005 3123 3041 non
3155 3003 3288 3040 vero
3319 2984 3551 3055 prOprie

1856 3088 1933 3141 sic
1958 3085 2124 3140 elata.
2173 3084 2254 3136 Do
2302 3080 2559 3151 ejusdem
2609 3078 2780 3132 verba
2822 3094 2888 3131 ex
2917 3078 3017 3131 lib.
3059 3094 3146 3131 v1:
3203 3077 3554 3130 Inveniuntur

1857 3181 2052 3236 tamen,
2100 3170 2305 3241 inquit,
2353 3168 2504 3238 apud
2548 3170 2769 3222 comicos
2799 3167 2970 3220 multa
3001 3163 3375 3234 huiuscemodi
3403 3164 3551 3220 Grae-

1857 3279 2036 3319 corum
2083 3262 2304 3315 nomina
2353 3258 2547 3326 quibus
2575 3257 2829 3310 articulos
2860 3256 3114 3321 feminini
3143 3256 3352 3321 generis
3378 3267 3554 3306 neces-

1856 3355 2002 3408 sario
2037 3349 2450 3416 signiﬁcationis
2495 3348 2680 3413 gratia
2721 3359 3030 3414 praeponere
3063 3344 3250 3410 solent,
3291 3340 3325 3399 ή
3359 3340 3557 3404 Δόρκιον

1857 3442 1964 3494 haec
2023 3439 2318 3497 Dorcium,
2364 3436 2398 3492 ’ὴ
2441 3433 2701 3496 Γλυκέριον
2753 3433 2859 3485 haec
2918 3431 3254 3498 Glycerium;
3313 3431 3408 3483 hoc
3463 3445 3557 3482 au-

1859 3535 1959 3584 tem
1982 3528 2112 3582 solet
2135 3528 2256 3594 ﬁeri
2284 3523 2616 3576 adulationis
2647 3535 2830 3586 causa,
2859 3521 2970 3573 sive
3017 3519 3390 3572 diminutionis
3425 3523 3556 3571 aeta-

1860 3599 1948 3674 tis.
1983 3618 2140 3672 Idem
2170 3614 2268 3668 lib.
2303 3631 2332 3665 ν
2357 3611 2551 3666 scribit
2573 3609 2811 3663 nomina
2836 3608 3182 3675 feminarum
3211 3607 3468 3661 desinere
3499 3605 3559 3659 in

1859 3725 1932 3762 [7M
1963 3709 2214 3776 ﬁgurate,
2238 3707 2297 3755 ut
2328 3701 2639 3768 Glycerium
2687 3714 2824 3763 mea,
2876 3699 3122 3751 Dorcium
3164 3701 3211 3749 et
3245 3696 3554 3752 Philotium.

1859 3799 2041 3862 Quare
2072 3793 2118 3847 si
2151 3790 2401 3862 Clyceria
2430 3805 2533 3859 per
2563 3787 2942 3841 imitationem
2971 3787 3190 3837 tantum
3234 3784 3556 3837 Graecorum

1860 3905 1892 3941 a
1923 3885 2132 3940 Latinis
2177 3880 2498 3952 Glycerium
2529 3877 2639 3931 dici
2669 3875 2854 3947 potuit
2881 3873 3115 3945 proprie
3157 3877 3214 3926 et
3242 3876 3410 3936 recte,
3452 3871 3560 3924 hoc

1861 3981 1945 4030 est
1976 3975 2170 4030 Latine
2220 3969 2526 4042 loquendo,
2584 3964 2859 4036 Glyceria,
2923 3980 3042 4017 non
3084 3961 3409 4031 Glycerium
3449 3959 3561 4013 dici

1861 4063 2080 4118 debuit.
2119 4059 2263 4124 Quid
2293 4073 2428 4126 ergo
2460 4055 2539 4108 ais
2566 4070 2578 4110 :
2613 4055 2719 4108 Nec
2750 4053 3061 4119 Glycerium
3095 4051 3353 4118 Glyceria
3378 4051 3562 4102 vocari

1863 4153 2088 4226 potuit?
2113 4150 2234 4203 Imo
2259 4143 2472 4216 passim
2503 4142 2652 4212 apud
2685 4139 2914 4226 Latinos
2944 4138 3097 4192 illius
3119 4135 3561 4226 nominis-temi-

1868 4222 2002 4297 nam
2053 4239 2335 4307 Glyceram
2381 4231 2727 4302 appellatam
2787 4225 2970 4280 video.
3035 4223 3305 4279 Martialis
3353 4222 3451 4275 lib.
3501 4235 3559 4283 ιι,

1863 4331 2043 4402 epigr.
2077 4329 2168 4394 41,
2201 4323 2281 4378 ait
2311 4338 2324 4376 :

2053 4439 2343 4504 Respondit
2372 4437 2604 4499 Glycerae
2625 4432 2801 4482 dolere
2832 4431 3034 4480 dentes.

1869 4532 2114 4583 Horatius
2147 4529 2238 4578 lib.
2271 4542 2304 4586 ι,
2340 4525 2439 4575 ode
2463 4527 2549 4572 t9:

2057 4617 2171 4666 Urit
2196 4628 2280 4677 me
2302 4613 2534 4677 Glycerae
2563 4610 2722 4661 nitor.
2986 4667 2996 4677 .

2058 4673 2391 4741 Splendentis
2415 4673 2563 4721 Pario
2593 4682 2854 4719 marmore
2878 4673 3083 4732 purior,

1874 4769 1982 4819 (ΜΘ
2011 4770 2101 4894 306
2126 4844 2322 4899 Venus,
2346 4839 2529 4902 regina
2556 4836 2729 4902 Gnidi,
2757 4835 3042 4902 Paphique,

2060 4908 2256 4962 Sperne
2281 4896 2522 4952 dilectam
2546 4900 2768 4962 Cypron,
2799 4896 2850 4962 et
2878 4896 3116 4944 vocantis

2060 4922 2094 4956 δ
2133 4922 2256 4954 erne
2281 4922 2522 4952 (lliBCLuLu
2546 4922 2768 4962 uypl'uu,
2799 4922 2850 4945 Cl.
2884 4922 3028 4943 vuucu

2060 4922 2231 5017 Tﬁure
2251 4971 2303 5015 te
2337 4963 2505 5013 multo
2529 4961 2759 5024 Glycerm
2785 4958 3028 5006 decoram

2059 5027 2303 5079 Transfer
2338 5027 2392 5075 in
2423 5024 2613 5074 aedem.

1948 5113 2200 5183 Idipsum
2231 5125 2300 5162 ex
2324 5104 2584 5178 pluribus
2604 5099 3074 5171 inscriptionibus
3105 5099 3362 5167 apparet.
3388 5095 3569 5148 Unam

1879 5210 1934 5260 et
1961 5204 2199 5259 alteram
2230 5194 2553 5267 subjiciam.
2586 5193 2779 5246 Roma:
2800 5190 2868 5244 ad
2897 5190 2961 5243 D.
2990 5185 3296 5242 Clementis
3324 5201 3337 5239 :

1883 5327 2152 5385 FLAVIA.
2182 5319 2575 5392 DOMITILLA.
2609 5316 2810 5370 FlLlA.
2843 5312 3134 5367 FLAVle.
3177 5305 3573 5364 DOMITILL/E

1880 5420 2021 5474 IMP.
2045 5411 2424 5471 CAESARIS...
2441 5450 2454 5464 .
2475 5408 2613 5464 ΑΝΙ.
2631 5402 2890 5458 NEPTIS.
2917 5400 3136 5455 FECIT.
3156 5398 3508 5454 GLYCERAS.
3526 5397 3568 5451 Ι.

1884 5509 1993 5563 ET.
2033 5501 2366 5559 LIBERTIS.
2392 5490 2887 5554 LIBERTABVSQ.
2913 5488 3308 5546 POSTERISO.
3339 5485 3571 5542 EORVM
