3884 6178
381 243 487 297 543

449 366 639 420 Altera
669 366 817 437 apud
850 368 1157 422 Gruterum
1185 383 1315 438 pag.
1373 369 1561 424 MVllI.
1598 372 1649 425 6.

1140 474 1203 527 D.
1254 474 1322 526 M.

945 562 1211 616 FLAVIO.
1244 561 1509 637 sevaao

931 649 1133 703 FILIO.
1178 649 1548 705 KARISSIMO

777 736 917 801 QUI.
954 738 1154 792 VIXIT.
1188 740 1357 793 ΑΝΝ.
1394 740 1483 793 VI.
1519 741 1587 794 Μ.
1627 740 1683 794 V.

739 824 1045 880 FLAVIUS.
1085 827 1372 881 VITALIS.
1410 827 1610 882 EVOK.
1640 828 1723 882 ET

862 913 1200 967 GLYCERA.
1243 914 1599 969 PARENTES

980 1001 1476 1057 INFELICISSIMI.

456 1104 531 1157 Ex
561 1102 650 1157 his
680 1103 955 1177 intelligis
981 1122 1192 1161 nomen
1247 1108 1482 1175 Glycerae
1537 1107 1816 1163 familiare
1865 1108 2075 1163 Latinis

382 1190 576 1245 fuisse.
610 1192 766 1246 Unde
797 1198 853 1247 et
900 1193 960 1248 in
1012 1194 1168 1248 fastis
1212 1196 1482 1250 Romanas
1516 1196 1774 1250 Ecclesiae
1814 1196 1883 1250 ad
1921 1196 2072 1250 diem

382 1282 445 1334 13
483 1280 610 1334 Maii
669 1281 862 1351 leges:
917 1285 1181 1337 Heracleae
1239 1285 1296 1340 S.
1344 1286 1610 1355 Glycerae
1631 1288 1916 1353 martyris.
1953 1286 2073 1339 Imo

376 1378 497 1425 non
528 1367 696 1421 modo
728 1368 879 1436 apud
912 1370 1158 1435 Latinos,
1196 1387 1392 1424 verum
1443 1371 1614 1425 etiam
1661 1372 1813 1443 apud
1854 1373 2074 1427 Graecos

379 1455 715 1525 Glycerium,
766 1474 866 1511 seu
915 1459 1209 1529 Glyceram
1257 1459 1516 1530 legimus.
1571 1461 1853 1515 Laudatur
1905 1478 1940 1514 a
1982 1461 2074 1515 Si-

378 1547 625 1597 mocatta
668 1544 763 1598 lib.
799 1562 815 1598 ι
866 1549 923 1600 et
965 1563 1063 1600 vui
1116 1547 1183 1602 de
1230 1548 1401 1602 rebus
1428 1548 1681 1603 Mauricii
1711 1549 2073 1620 imperatoris

376 1632 560 1685 cultus
636 1630 896 1696 Γλυκερίας
948 1636 1033 1693 τῆς
1100 1636 1368 1699 μάρτυρος,
1456 1635 1704 1708 3lyceriw
1785 1640 2067 1707 martyris.

373 1718 679 1773 Athenaeus
733 1722 832 1775 lib.
876 1738 973 1776 xm
1007 1723 1156 1777 inter
1201 1725 1448 1779 famosas
1503 1725 1773 1780 mulieres
1816 1730 2075 1781 recenset

372 1809 466 1865 τὴν
512 1805 782 1871 Γλυκέραν,
836 1811 1133 1878 Glyceram,
1185 1828 1360 1883 quam
1417 1812 1487 1867 ab
1534 1813 1778 1883 Harpalo
1825 1815 2075 1869 Athenas

373 1894 610 1949 accitam
642 1896 856 1951 scribit.
890 1899 1170 1953 Lucianus
1200 1901 1269 1954 de
1300 1899 1615 1955 Rhetorum
1644 1906 1915 1973 praecept.
1944 1919 2074 1957 cum

372 1983 607 2049 Thaide,
658 1988 714 2038 et
761 1986 1031 2041 Malthace
1080 1986 1351 2051 Γλυκέραν,
1401 1990 1726 2057 Glyceram,
1793 1989 2071 2045 nominat.

376 2072 618 2127 Notabat
646 2078 837 2128 autem
887 2076 1151 2131 laudatus
1196 2076 1516 2131 Priscianus
1541 2078 1647 2134 lib.
1694 2095 1747 2131 τι
1780 2079 2073 2149 Glyceram

372 2159 644 2215 feminam
700 2178 806 2232 per
847 2165 1157 2234 quamdam
1208 2166 1598 2220 adulationem
1644 2166 1785 2236 (ipse
1824 2167 2072 2222 dicerem

372 2249 759 2322 festivitatem)
806 2253 1054 2306 neutrali
1100 2254 1353 2309 nominis
1395 2254 1802 2309 terminatione
1842 2272 2073 2326 expres-

374 2353 516 2392 sam.
568 2339 651 2393 Ita
697 2339 1001 2395 Athenaeus
1039 2342 1251 2397 ibidem
1297 2358 1363 2396 ex
1410 2343 1678 2397 Machone
1738 2348 1908 2414 poeta
1950 2344 2071 2398 haec

373 2427 628 2481 carmina
661 2428 859 2483 recitat
886 2446 899 2484 :

493 2532 808 2601 Glycerium,
836 2548 994 2601 quam
1018 2536 1083 2587 ab
1113 2539 1345 2585 amatore
1378 2541 1646 2601 acceperat

497 2594 787 2654 corinthio,
822 2594 1060 2647 aestivam
1084 2602 1282 2648 vestem
1308 2600 1482 2648 statim

500 2657 708 2706 Fulloni
727 2658 962 2708 tradidit.

443 2755 721 2810 Lucianus
770 2757 941 2812 etiam
988 2756 1049 2811 in
1107 2757 1348 2831 dialogis
1390 2759 1756 2814 meretricum
1804 2758 2069 2824 Γλυκεριον

372 2845 686 2913 Glycerium
716 2846 993 2900 nominat.
1029 2846 1094 2901 Et
1122 2848 1355 2918 quidem
1379 2848 1706 2902 meretrices
1728 2866 1759 2902 a
1782 2848 1983 2902 Plauto
2008 2848 2069 2902 in

1392 247 1950 304 SUPPLEMENTUM
1991 251 2082 305 AD
2119 251 2348 309 OPERA
2386 252 2441 307 S.
2483 250 2870 308 AUGUSTINI.

3701 275 3779 329 5H

2114 373 2161 426 Α
2191 374 2495 430 Menander
2551 373 2824 429 amasiam
2867 373 3074 429 fabulas
3096 374 3347 448 inseruit,
3371 388 3781 451 quemadmodum

2190 467 2383 517 noster
2412 463 2562 518 Maro
2595 480 2763 518 suum
2792 462 2994 517 Alexin
3025 462 3083 517 in
3116 466 3350 521 secunda
3376 472 3548 542 ecloga
3570 483 3779 537 cantavit.

2192 552 2255 605 Et
2292 552 2550 622 quamvis
2574 553 2722 607 malo
2754 554 2959 607 Graecae
2988 553 3169 622 poesis
3194 553 3299 609 fato
3327 557 3588 616 Menandri
3624 580 3783 620 comm-

2187 640 2293 694 diae
2319 640 2657 707 interierint,
2711 642 2901 711 palam
2943 640 3007 695 ﬁt
3038 658 3104 695 ex
3130 641 3561 714 interpretatione
3586 653 3779 709 Terentii

2190 730 2492 797 Glycerium
2538 730 2596 783 in
2641 731 2833 785 Graeca
2873 731 3064 785 fabula
3108 731 3435 800 appellatam
3460 752 3614 806 quam
3648 742 3777 795 Athe-

2189 833 2345 871 naeus
2391 819 2676 885 Glyceram
2731 818 3063 873 nominavit.
3110 818 3251 883 Quid
3298 836 3421 891 ergo
3464 825 3669 880 scribis:
3711 832 3785 884 Nec

2188 905 2496 973 Glycerium
2525 906 2675 976 apud
2706 909 3008 962 Terentium
3052 909 3111 961 in
3143 907 3352 962 Andria
3401 912 3627 978 Glycerio
3650 923 3787 970 vocari

2182 994 2408 1061 potuit?
2455 994 2691 1049 Claudat
2721 1011 2930 1066 agmen
2956 995 3043 1049 vir
3074 996 3361 1066 utriusque
3400 998 3655 1055 idiomatis
3686 1008 3791 1073 peri-

2186 1082 2439 1137 tissimus
2472 1083 2781 1138 Gentianus
2815 1086 3107 1150 Ilervetus,
3137 1084 3297 1155 cujus
3320 1087 3548 1141 eruditas
3569 1088 3789 1161 interpre-

2184 1170 2428 1225 tationes
2451 1172 2665 1243 poteris
2724 1188 2829 1242 per
2859 1172 3044 1227 otium
3072 1173 3261 1242 legere
3306 1174 3446 1244 apud
3475 1177 3791 1233 Possevinum.

2188 1259 2286 1312 llic
2324 1259 2548 1329 primus
2596 1260 2925 1316 Lausiacam
2980 1261 3278 1316 historiam
3342 1263 3559 1317 Palladii
3599 1266 3792 1336 episcopi

2187 1346 2648 1417 Helenopolitani
2682 1348 2893 1403 Latinis
2924 1350 3156 1403 auribus
3185 1350 3427 1404 donavit.
3460 1352 3613 1405 Porro
3649 1355 3798 1407 scribit

2185 1452 2306 1507 cap.
2354 1438 2465 1490 86:
2517 1436 2649 1493 Illic
2701 1437 2969 1508 Evagrius
3020 1440 3295 1507 excipitur
3338 1454 3369 1492 α
3416 1439 3559 1492 beata
3601 1443 3799 1495 Melania.

2185 1524 2417 1577 Postea:
2460 1524 2614 1579 Dicit
2659 1527 2708 1578 ei
2739 1525 2894 1579 beata
2918 1526 3231 1580 Melanium.
3265 1525 3414 1579 Idem
3441 1541 3553 1597 cap.
3582 1530 3636 1581 97
3660 1544 3671 1580 :
3698 1531 3798 1581 Huic

2184 1611 2481 1681 aliquando
2521 1613 2823 1666 Melanium
2859 1612 3053 1683 junior
3079 1628 3289 1680 magna
3316 1615 3549 1669 Melaniae
3575 1618 3734 1683 neptis,
3754 1619 3801 1669 de

2184 1715 2294 1770 qua
2341 1699 2522 1754 dicam
2560 1705 2765 1769 postea,
2799 1703 2952 1755 misit
2980 1703 3298 1769 quingentos
3325 1716 3571 1757 nummos.
3603 1703 3801 1774 Denique

2184 1805 2307 1859 cap.
2360 1790 2503 1843 “8:
2559 1789 2689 1844 Cum
2736 1794 2931 1854 autem,
2979 1790 3184 1857 inquit,
3234 1804 3386 1843 suam
3432 1805 3622 1858 quoque
3642 1796 3801 1858 neptem

2185 1877 2495 1942 Melanium,
2549 1881 2655 1933 etc.
2713 1876 2877 1942 Quod
2937 1880 2998 1931 tu
3055 1892 3162 1932 non
3216 1878 3371 1932 licere
3420 1880 3657 1947 usurpari
3680 1877 3799 1938 dicis,

2115 1664 2153 1718 Β

2185 1963 2458 2017 Hervetus
2512 1980 2630 2018 non
2674 1968 2898 2019 tantum
2943 1967 3141 2034 semel,
3190 1965 3288 2020 sed
3333 1966 3552 2030 iterum,
3602 1981 3656 2019 ac
3682 1967 3803 2019 tertio

2182 2052 2496 2121 usurpavit,
2524 2053 2787 2107 eamdem
2818 2052 3093 2109 feminam
3128 2054 3450 2117 Melanium,
3481 2059 3534 2109 et
3568 2054 3801 2108 Melaniam

2181 2138 2504 2209 promiscue
2552 2155 2910 2211 nuncupans,
2954 2156 3084 2195 cum
3134 2147 3329 2195 tamen
3377 2141 3434 2195 in
3477 2146 3624 2195 textu
3660 2140 3803 2193 Graeco

2184 2226 2415 2281 Palladii
2448 2243 2744 2299 nunquam
2775 2229 3078 2284 Melanium
3109 2230 3451 2296 inveniatur,
3473 2230 3565 2283 sed
3591 2229 3804 2283 feminina

2180 2315 2580 2369 terminatione
2608 2315 2765 2371 idem
2797 2316 3054 2371 mulieris
3078 2334 3297 2373 nomen
3334 2334 3551 2388 semper
3577 2318 3804 2372 etferatur.

2178 2405 2251 2456 At
2274 2406 2338 2457 tu
2366 2404 2605 2458 Ilerveto
2632 2404 2911 2458 eruditior
2966 2406 3165 2460 scribis
3188 2424 3201 2461 :
3256 2409 3373 2462 Non
3421 2412 3532 2461 erat
3552 2406 3715 2468 libera,
3740 2419 3806 2455 nec

2174 2493 2486 2561 promiscua
2530 2493 2630 2546 illa
2684 2493 2993 2561 declinatio,
3043 2495 3138 2550 sed
3166 2498 3470 2550 necessaria
3496 2495 3807 2562 grammatias

2179 2582 2520 2635 constructio.
2551 2581 2876 2637 Audebisne
2929 2583 3105 2637 tantis
3135 2584 3503 2654 scriptoribus
3538 2582 3808 2653 oppedere?

2179 2666 2336 2721 Itane
2385 2668 2717 2734 Martialem,
2775 2670 3093 2737 Horatium,
3149 2672 3481 2740 Lucianum,
3512 2672 3808 2731 Athenaeum,

2178 2759 2235 2809 et
2280 2755 2623 2827 interpretes
2676 2758 2983 2829 Micyllum,
3034 2765 3092 2814 et
3121 2760 3515 2829 Benedictum,
3546 2762 3811 2822 Ilervetum,

2179 2844 2575 2916 Rosweydum,
2608 2849 2663 2898 et
2692 2844 2738 2899 si
2769 2846 2990 2918 superis
3019 2847 3229 2917 placet,
3264 2863 3533 2919 magnum
3561 2845 3811 2900 Baronium

373 2931 564 2985 Graeca
589 2932 993 2988 terminatione
1030 2935 1364 2999 efferuntur,
1400 2938 1480 2991 Ita
1527 2938 1890 3008 appellantur
1923 2938 2059 2992 Sile-
2100 2945 2141 3001 ς,
2179 2933 2247 2987 ab
2278 2934 2482 2988 Orbilio
2508 2932 2853 3000 castigandos
2876 2928 3300 3004 pronimtiabis,
3320 2941 3376 2988 et
3396 2936 3664 3004 imperitiae
3680 2946 3814 2999 gram-

370 3022 524 3073 nium
566 3025 633 3074 'et
679 3021 1034 3090 Gymnasium
1092 3023 1150 3077 in
1207 3024 1567 3091 Cistellaria;
1619 3026 2069 3081 Philocomasium

373 3112 430 3160 et
458 3108 880 3164 Acroteleutium
910 3110 970 3164 in
1005 3112 1222 3179 Milite;
1279 3113 1622 3168 Phoenicium
1660 3114 1719 3168 in
1770 3115 2066 3180 Pseudolo,

374 3196 487 3247 etc.
522 3195 604 3249 Ita
631 3194 806 3249 etiam
838 3200 1151 3250 scortorum
1174 3199 1411 3251 nomina
1438 3198 1670 3253 exhibet
1704 3200 2072 3255 Aristaenetus

371 3281 470 3336 lib.
503 3298 540 3350 ι,
574 3282 737 3352 epist.
774 3285 836 3337 14
865 3288 921 3338 et
946 3287 1016 3339 24
1048 3301 1062 3351 ;
1094 3285 1193 3341 lib.
1224 3302 1283 3352 ιι,
1316 3286 1481 3357 epist.
1538 3290 1619 3342 l3.
1653 3288 1809 3355 Vide,
1847 3288 1927 3341 mi
1957 3289 2072 3343 Ma-

372 3370 532 3435 cedo,
567 3370 765 3441 quales
793 3370 969 3425 libros
998 3376 1098 3426 tua
1126 3373 1225 3426 illa
1255 3390 1495 3428 censura
1523 3375 1776 3430 historias
1815 3376 2070 3431 ecclesia-

375 3457 526 3511 sticae
557 3457 937 3528 professorem
969 3460 1257 3531 appellare
1287 3466 1477 3531 cogat!

446 3545 577 3610 Sed,
611 3545 693 3599 uti
723 3562 782 3600 es
813 3552 977 3602 acuto
1009 3553 1065 3602 et
1108 3548 1302 3603 subtili
1350 3550 1605 3619 ingenio,
1652 3568 1895 3623 repones
1950 3569 2073 3608 mu-

373 3634 576 3689 lierem
606 3650 734 3705 quas
764 3637 916 3706 apud
946 3637 1273 3692 Terentium
1310 3640 1621 3708 Glycerium
1648 3640 1875 3705 dicitur.
1921 3659 2072 3697 nun-

377 3736 551 3791 quam
602 3722 894 3793 Glyceram
942 3725 1197 3794 potuisse
1242 3726 1579 3797 nuncupari,
1611 3727 1776 3782 sicuti
1805 3744 1908 3782 nec
1937 3745 2067 3800 quae

377 3809 612 3879 Glycera
653 3809 1079 3877 nominabatur,
1129 3813 1451 3883 Glycerium
1499 3814 1560 3868 in
1613 3820 1764 3869 recto
1794 3832 1926 3870 casu
1960 3817 2073 3872 dici

372 3894 651 3965 potuisse.
686 3895 794 3951 Sed
825 3912 1029 3967 parum
1060 3898 1231 3953 hocce
1269 3904 1325 3954 te
1355 3900 1630 3971 effugium
1655 3902 1833 3972 juvat.
1866 3904 2073 3975 Relege

372 3987 717 4037 memoratos
747 3984 1005 4057 dialogos
1030 3986 1260 4042 Luciani
1289 4008 1300 4043 :
1337 3988 1552 4043 videbis
1602 3991 1706 4044 uni
1735 3991 1962 4046 illorum
1999 3993 2070 4047 ab

372 4075 604 4125 auctore
651 4072 884 4127 titulum
933 4074 1057 4128 dari
1097 4079 1361 4123 ΓΛΥΚΕΡΑ
1401 4080 1501 4124 ΚΑΙ
1547 4080 1707 4138 ΘΑΙΣ,
1739 4080 1970 4145 Glycera
2023 4083 2074 4133 et

374 4161 576 4226 Thais;
626 4165 684 4215 at
724 4161 783 4215 in
831 4162 1061 4231 dialogo
1104 4165 1369 4219 scribitur
1408 4164 1688 4229 Γλυκέριον.
1734 4169 2064 4236 Glycerium.

2178 3024 2390 3076 maticze
2418 3021 2752 3075 accusabis?
2775 3022 3046 3092 Expunge
3094 3023 3290 3092 potius
3321 3021 3656 3094 prmcipitem
3696 3025 3815 3073 tuam

2180 3110 2336 3164 illam
2383 3126 2703 3176 censuram,
2755 3126 2788 3164 a
2835 3126 2968 3182 qua,
3018 3110 3066 3164 si
3111 3112 3322 3165 melius
3374 3116 3617 3165 veterum
3659 3107 3818 3170 scripta

2181 3200 2497 3261 Iustrasses,
2531 3215 2642 3252 non
2673 3198 2870 3253 dubito
2898 3199 3038 3270 quin
3069 3200 3465 3267 abstinuisses,
3514 3215 3581 3252 ne
3626 3196 3818 3251 insulsus

2179 3287 2382 3341 alienae
2439 3287 2827 3358 grammatica;
2875 3288 3183 3357 castigator
3236 3289 3531 3343 haberere.
3578 3287 3632 3342 Si
3674 3291 3819 3337 tamen

2177 3390 2344 3445 roges
2391 3390 2493 3428 cur
2540 3375 2739 3428 Patres
2787 3390 2928 3445 quos
2976 3375 3142 3428 initio
3181 3374 3433 3443 laudavi,
3458 3377 3557 3445 pro
3586 3372 3757 3427 Albim:
3781 3372 3820 3419 et

2179 3462 2416 3515 Melania
2461 3459 2755 3530 posuerint
2806 3460 3068 3514 Albinum
3113 3465 3173 3515 et
3205 3460 3544 3515 Melanium?
3572 3455 3762 3513 docebit
3782 3458 3822 3505 te

2180 3548 2523 3619 Rosweydus
2553 3548 2614 3602 in
2646 3547 2794 3602 notis
2824 3549 2892 3602 ad
2916 3549 3223 3619 epistolam
3254 3552 3325 3605 44
3354 3550 3410 3605 S.
3442 3546 3670 3614 Paulini,
3696 3544 3820 3612 cujus

2180 3637 2349 3692 verba
2394 3653 2510 3691 non
2558 3637 2749 3703 laudo,
2798 3637 2955 3707 quod
3008 3637 3182 3691 velim
3237 3638 3400 3692 bibas
3441 3652 3507 3690 ex
3548 3634 3704 3688 fonte.
3729 3629 3821 3682 lam

2180 3726 2491 3796 vides,jam
2512 3725 2707 3787 sentis,
2740 3726 2939 3792 amice,
2972 3730 3130 3780 tuam
3152 3726 3318 3780 illam
3362 3738 3667 3783 censuram.
3690 3729 3822 3789 quam

2181 3815 2357 3870 veluti
2403 3814 2626 3885 insigne
2667 3814 2753 3868 tui
2801 3815 2990 3885 operis
3044 3815 3468 3869 documentum
3509 3813 3567 3866 in
3592 3809 3750 3864 indice
3767 3804 3823 3856 sic

2182 3901 2463 3957 exarasti:
2515 3902 2683 3957 Neris
2730 3903 3015 3971 imperitia:
3060 3904 3440 3966 grammatica:
3480 3900 3727 3967 arguitur,
3766 3894 3826 3944 tot

2181 3989 2641 4044 testimoniorum
2671 3990 2926 4061 pondere
2957 3990 3154 4044 elisam
3198 3991 3413 4061 jacere.
3466 3989 3544 4042 Ne
3573 3991 3737 4040 tamen
3760 3981 3825 4032 in-

2182 4077 2467 4132 humanus
2520 4094 2767 4144 censear,
2821 4079 3133 4149 sepulcrale
3178 4079 3374 4133 eidem
3400 4093 3592 4132 saxum
3621 4075 3826 4143 imponO.

2180 4165 2371 4220 addito
2401 4165 2701 4237 epitaphio
2741 4182 2855 4235 quo
2881 4166 3039 4236 justa
3066 4165 3223 4220 illius
3255 4165 3550 4237 oppressio
3570 4158 3829 4218 uncialibus

371 4249 455 4302 Ita
503 4248 715 4319 legitur
759 4249 819 4303 in
867 4228 1033 4305 editis
1081 4252 1390 4319 codicibus,
1442 4260 1498 4309 et
1542 4228 1603 4308 in
1650 4228 1875 4310 duobus
1914 4273 2055 4313 mss.
2095 4228 2146 4283 υ
2175 4228 2593 4310 characteribus
2656 4228 3026 4326 exprimatur.
3102 4256 3178 4309 Ex
3255 4228 3609 4311 Gruterianis
3660 4244 3830 4303 acervis

372 4336 723 4390 serenissimi
764 4338 953 4408 Magni
992 4339 1159 4393 Ducis
1195 4341 1254 4394 in
1285 4341 1483 4410 pluteo
1511 4346 1598 4396 57.
1632 4346 1813 4415 Atque
1841 4344 1921 4398 ita
1950 4360 2067 4399 om-

372 4424 512 4481 nino
540 4423 989 4495 interpretantur
1016 4427 1123 4480 viri
1155 4428 1469 4483 doctissimi
1499 4430 1741 4484 Iacobus
1794 4431 2068 4502 Micyllus,

372 4517 431 4565 et
453 4511 697 4565 Joannes
733 4513 1084 4582 Benedictus,
1118 4514 1177 4569 in
1206 4515 1373 4570 titulo
1402 4533 1414 4571 :
1444 4518 1671 4586 Glycera
1698 4523 1749 4573 et
1791 4521 1977 4588 Thais,
2008 4521 2070 4576 in

372 4601 558 4652 textus
588 4598 896 4669 Glycerium
924 4605 1227 4669 vertentes,
1252 4603 1487 4673 Magnus
1519 4604 1797 4659 Baronius
1826 4606 1883 4659 in
1917 4608 2069 4662 notis

372 4684 445 4739 ad
499 4685 653 4739 diem
701 4688 762 4740 l3
815 4686 964 4742 Maii.
1022 4688 1106 4742 lit.
1159 4689 1199 4743 C
1228 4689 1308 4743 ait
1344 4691 1624 4759 Gylceriz,
1659 4695 1772 4746 sive
1799 4694 2062 4761 Glycerii.

372 4770 527 4825 Idem
559 4770 615 4824 in
647 4772 981 4838 Annalibus,
1017 4791 1109 4828 an.
1148 4778 1270 4843 t75,
1295 4778 1605 4845 Glycerium
1623 4782 1932 4851 martyrem
1952 4780 2070 4834 lau-

369 4859 484 4927 dat,
527 4875 658 4931 quas
706 4859 765 4914 in
812 4861 1070 4932 ejusdem
1101 4863 1244 4917 tomi
1273 4864 1465 4920 indice
1501 4867 1807 4935 Glycerium
1835 4867 2065 4922 dicitur.

370 4949 560 5004 Redeo
590 4949 660 5004 ad
693 4949 1014 5020 Glycerium
1044 4953 1311 5007 Terentii.
1346 4954 1465 5009 Scis
1496 4955 1771 5010 Andriam
1814 4954 2065 5010 Terentii

371 5054 491 5092 esse
523 5038 816 5094 Menandri
842 5041 1201 5107 commdiam,
1229 5057 1401 5112 quam
1444 5043 1537 5097 ille
1566 5044 1722 5098 Latio
1754 5060 1813 5098 se
1835 5044 2073 5098 donasse

368 5127 609 5180 testatur
639 5126 699 5179 in
732 5127 991 5197 prologo.

495 5231 779 5281 Menander
810 5232 933 5282 fecit
958 5233 1210 5283 Andriam
1245 5238 1296 5284 et
1331 5237 1669 5287 Perinthiam.

442 5328 516 5379 At
555 5327 847 5398 Glyceram
924 5331 1281 5386 meretricem
1355 5334 1631 5390 dilectam
1680 5351 1714 5389 a
1778 5336 2075 5392 Menandro

368 5415 675 5469 Athenaeus
719 5417 822 5474 lib.
887 5437 985 5475 xm
1034 5425 1309 5477 testatur:
1360 5423 1644 5492 Glyceram
1673 5429 1913 5479 amatam
1954 5428 2071 5481 Me-

368 5501 583 5557 nandro
624 5509 824 5559 norunt
868 5522 1064 5563 omnes.
1115 5510 1305 5563 Graece
1359 5508 1610 5573 Γλυκέραν
1652 5510 1829 5581 leges.
1891 5512 2076 5576 Quare

2180 4342 2321 4398 illud
2353 4347 2589 4414 exporto
2619 4359 2632 4397 :

2841 4465 3282 4523 SATVRNINVS

2713 4554 2981 4610 SEVERI.
3016 4556 3079 4609 V.
3112 4556 3171 4610 ιτ.
3205 4556 3346 4611 SIBI

2686 4643 2771 4697 ET
2809 4642 3026 4698 RAMO.
3070 4643 3395 4699 VRSVLAE

2721 4732 2877 4788 CON.
2925 4732 3349 4788 KARISSIMAE

2640 4821 2950 4877 ACCEPTO
2982 4821 3041 4876 F.
3073 4821 3241 4876 ANN.
3280 4820 3430 4876 VIII.

2626 4907 2941 4964 MASCVLO
2983 4909 3039 4963 F.
3082 4909 3252 4964 ANN.
3298 4908 3444 4964 XIII.

2256 5072 2471 5141 Legent
2498 5069 2712 5141 posteri
2736 5072 2868 5140 post
2911 5070 3223 5140 Josephum
3270 5068 3626 5140 Scaligerum
3650 5078 3756 5132 cap.
3790 5060 3839 5110 l9

2182 5159 2389 5214 indicis
2453 5158 2796 5225 Gruteriani,
2852 5159 3083 5213 RAMVS
3153 5159 3453 5214 VRSVLA.
3487 5158 3687 5210 Verum
3728 5148 3840 5201 sit“

2183 5263 2315 5302 saxo
2344 5246 2541 5302 durior
2570 5246 2629 5300 in
2659 5247 2835 5301 semel
2857 5252 3131 5317 concepta
3160 5246 3295 5300 crisi
3325 5246 3620 5317 perduras,
3660 5238 3839 5308 δωροῖο

2184 5337 2422 5402 calamo,
2467 5335 2806 5390 excisorium
2852 5337 3138 5406 scalprum
3185 5340 3244 5390 et
3275 5335 3604 5389 malleolum
3640 5327 3838 5393 stringe.

2184 5441 2250 5479 ac
2278 5440 2383 5496 pro
2441 5425 2637 5479 RAMO
2684 5424 2899 5478 incidas
2947 5424 3207 5489 RAMAE,
3261 5427 3328 5477 ut
3355 5423 3442 5476 vel
3472 5421 3691 5475 silentes
3719 5425 3839 5507 mor-

2182 5518 2415 5568 tuorum
2447 5528 2644 5567 manes
2673 5527 2702 5566 e
2724 5512 3025 5584 sepulcrali
3044 5511 3234 5583 lapide
3255 5516 3418 5565 tuam
3441 5511 3497 5563 in
3515 5504 3840 5579 grammatica
