3920 6180
61 322 145 374 545
818 315 1178 371 VARIORUM
1223 315 1831 375 EXEBCITATIONES
1870 317 1935 370 IN
1976 317 2032 372 S.
2074 317 2444 372 AUGUSTINI
2485 317 2741 374 OPERA.

3427 323 3529 377 546

60 437 415 495 excellentiam
472 437 802 506 loquantur,
837 439 895 490 et
923 451 994 489 ne
1023 451 1263 506 usquam
1295 436 1555 507 gentium
1585 453 1712 491 mu-
1753 435 1801 490 A
1836 437 2108 490 Hervetus
2160 436 2590 506 interpretatur,
2633 437 2752 490 noli
2795 437 2862 489 de
2893 437 3127 490 nomine
3171 438 3533 508 profligatam

61 531 192 585 lieris
219 542 417 582 nomen
468 526 784 579 masculina
827 525 1234 580 terminatione
1284 528 1497 581 elatum
1545 527 1718 582 fuisse

61 619 303 672 videatur.

121 703 287 759 Sentio
333 707 526 754 tamen
575 700 782 753 iterum
827 716 918 754 me
947 701 1008 753 in
1039 716 1272 754 arenam
1316 702 1416 755 abs
1439 707 1494 756 te
1523 720 1722 773 provo-

59 793 172 848 cari.
201 791 294 846 Sed
336 791 637 853 mittamus,
691 789 880 859 iuquis
912 790 1061 859 (pag.
1106 790 1180 860 5),
1210 791 1317 845 haec
1337 793 1508 845 exilia
1534 808 1721 860 quam-

58 896 194 950 quam
238 893 337 931 non
387 877 791 943 contemnenda,
859 894 924 932 ne
979 877 1262 930 videamur
1319 881 1374 931 in
1452 882 1721 936 titivititio

58 967 319 1022 immorari.
355 965 582 1018 Utinam
610 981 739 1035 quae
767 981 884 1035 prce
913 963 1165 1018 exilitate
1201 965 1377 1019 mittis
1411 968 1718 1037 omisisses,

55 1055 274 1125 profecto
305 1052 561 1106 securius
612 1051 1048 1124 encyclopaadiaa
1093 1057 1226 1118 tuae,
1278 1053 1439 1122 cujus
1487 1061 1542 1108 te
1604 1074 1721 1111 non

57 1141 197 1196 semel
246 1141 538 1210 specimen
583 1140 828 1194 edidisse
878 1141 940 1194 in
993 1139 1329 1210 praefatione
1372 1143 1719 1214 subindicas,

55 1227 414 1284 consuluisses.
473 1227 653 1281 Exilia
697 1245 858 1282 vocas
885 1247 1015 1300 quae
1047 1232 1188 1285 nihil
1219 1231 1426 1285 rectius
1461 1231 1714 1288 dixisses.

55 1320 187 1371 Certe
239 1313 376 1367 mihi
427 1315 672 1384 gaudeo,
709 1317 930 1370 utinam
969 1323 1024 1372 et
1054 1318 1158 1371 tibi
1189 1319 1464 1389 gratulari
1493 1335 1719 1389 possem

60 1407 204 1457 linem
231 1402 605 1472 logomachias
645 1403 874 1458 tandem
905 1404 1260 1476 impositum.
1301 1406 1496 1476 Pergis
1525 1423 1538 1460 :
1567 1411 1718 1462 Ema-

54 1495 275 1545 minemus
303 1506 568 1560 personas
612 1492 812 1558 quibus
841 1508 972 1561 opus
1006 1493 1148 1547 illud
1179 1509 1336 1548 suum
1375 1496 1718 1562 Augustinus

56 1581 310 1641 dedicavit,
357 1584 408 1632 et
456 1583 579 1631 uter
622 1584 866 1632 nostrum
892 1582 1082 1634 melius
1131 1583 1330 1634 sentiat
1367 1585 1718 1650 experiamur

56 1668 306 1736 inscriptio
334 1671 412 1720 est
445 1683 457 1720 :
523 1666 746 1735 Albine,
804 1667 1036 1721 Piniane
1079 1673 1129 1721 et
1169 1669 1427 1722 Melania.
1460 1670 1658 1740 Itaque
1687 1687 1720 1724 a

58 1752 390 1823 grammatica
421 1752 490 1806 ad
545 1751 844 1806 historiam
891 1770 1190 1824 provocas.
1239 1757 1381 1809 Cave
1411 1761 1603 1811 tamen
1624 1775 1716 1824 ne,

58 1841 135 1894 ubi
161 1841 212 1892 in
241 1837 621 1909 grammatica
650 1855 766 1893 non
800 1840 986 1894 bonus
1010 1846 1296 1895 corrector
1326 1841 1503 1908 fuisti,
1537 1845 1720 1898 malus

59 1929 104 1982 in
141 1927 359 1981 historia
409 1927 660 1997 scriptor
708 1927 990 1982 babearis.
1055 1929 1332 1999 Equidem
1365 1930 1635 1985 libentius
1662 1932 1722 1984 in

58 2017 385 2071 historiarum
407 2033 615 2088 campo
649 2033 823 2087 quam
848 2017 997 2071 intra
1028 2018 1425 2087 grammatices
1445 2021 1725 2073 cancellos

59 2113 211 2159 tecum
239 2107 464 2160 certabo
491 2123 508 2172 ;
545 2122 678 2159 nam
709 2105 810 2159 ubi
843 2110 902 2159 tu
941 2107 1296 2175 phaleratam
1324 2108 1598 2161 orationis
1629 2125 1720 2164 co-

60 2192 200 2261 piam,
228 2199 277 2245 et
307 2191 574 2246 Tulliano
607 2209 704 2246 ore
737 2197 1034 2262 crepantes
1064 2192 1332 2264 periodos
1361 2196 1721 2263 consectaris,

60 2285 108 2331 ut
130 2285 381 2349 tympano
411 2279 611 2350 potius
651 2295 824 2348 quam
856 2279 1046 2348 gladio
1091 2296 1354 2350 pugnes;
1401 2297 1506 2351 ego
1555 2283 1724 2338 rebus

62 2367 293 2428 addictus,
351 2367 542 2419 servio
591 2367 772 2432 factis,
829 2382 1022 2420 rerum
1058 2371 1347 2436 gestarum
1377 2369 1640 2424 notitiam
1667 2371 1726 2425 in

61 2453 361 2523 antiquioris
391 2453 583 2506 aetatis
642 2452 943 2507 ruderibus
991 2455 1271 2524 sepultam
1322 2454 1557 2525 indago,
1586 2464 1648 2512 ut
1678 2459 1726 2512 si

65 2557 152 2592 nou
179 2541 467 2607 sermonis,
507 2541 761 2595 veritatis
784 2547 976 2596 tamen
997 2559 1194 2596 curam
1217 2559 1388 2614 quam
1416 2546 1725 2600 maximam

61 2645 237 2695 geram.
270 2629 555 2698 Agedum,
590 2629 725 2700 quid
759 2631 970 2684 sentias
1021 2632 1090 2685 de
1129 2633 1388 2702 personis
1419 2634 1625 2704 quibus
1657 2637 1725 2690 li-

61 2715 192 2768 brum
213 2716 276 2769 de
307 2717 505 2770 Cratia
536 2716 745 2770 Christi
776 2718 829 2771 S.
865 2718 1063 2771 doctor
1091 2719 1463 2789 nuncupavit,
1487 2738 1722 2792 expone.

3 2873 12 2876 _
113 2803 368 2870 Equidem,
422 2802 624 2872 inquis
674 2803 822 2872 (pag.
871 2805 980 2873 52),
1022 2807 1180 2859 initio
1235 2807 1384 2860 haud
1430 2807 1728 2877 probabam

60 2893 230 2944 nomine
256 2891 456 2945 Albine
495 2892 808 2961 significari
848 2895 1024 2962 filium
1077 2896 1323 2964 Piniani,
1355 2911 1419 2950 ne
1437 2913 1726 2968 przepone-

58 2983 177 3029 retur
194 2980 328 3046 ﬁlius
347 2979 696 3048 perennibus.

113 3063 161 3117 Si
197 3064 416 3119 Palladii
472 3065 772 3120 historiam
824 3068 1078 3139 legisses,
1133 3086 1435 3140 nunquam
1479 3073 1548 3127 de
1606 3075 1725 3131 filio

63 3150 246 3205 Piniani
274 3153 584 3222 cogitasses
615 3169 628 3218 ;
661 3169 794 3206 nam
818 3154 971 3208 idem
1028 3173 1151 3226 cap.
1205 3161 1302 3212 119
1326 3157 1448 3212 haec
1491 3162 1721 3217 scribit:

61 3242 162 3292 Cum
188 3242 413 3294 Melania
441 3244 770 3310 suscepisset
796 3245 935 3311 ﬁlios
967 3243 1123 3307 duos,
1155 3250 1206 3300 et
1233 3249 1454 3316 utrique
1479 3249 1726 3316 defuncti

63 3334 218 3395 essent,
249 3334 387 3384 emit
416 3331 500 3384 ad
522 3336 730 3384 tantum
763 3348 865 3400 pro
902 3334 1108 3388 Christi
1137 3338 1350 3391 nomine
1371 3337 1554 3390 odium
1578 3355 1724 3408 nup-

64 3417 244 3480 tiarum,
275 3424 331 3471 ut
356 3419 448 3472 hoc
489 3420 717 3472 Piniano
742 3423 938 3474 marito
962 3436 1056 3475 suo
1078 3424 1261 3478 Severi
1279 3427 1596 3493 ewpraefecti
1613 3430 1726 3496 ﬁlio

63 3502 242 3569 citaret,
269 3512 370 3559 etc.
407 3507 612 3576 Itaque
649 3508 922 3562 Pinianus
937 3509 1087 3563 filios
1111 3511 1380 3566 amiserat
1415 3519 1724 3585 antequam

64 3606 113 3641 ex
135 3592 273 3644 Italia
302 3593 645 3660 discederet,
679 3600 734 3649 ct
763 3596 1036 3650 castitatis
1067 3600 1427 3668 propositum
1459 3617 1571 3654 una
1595 3619 1725 3656 cum

66 3693 204 3732 uxore
243 3681 484 3734 Melania
531 3681 814 3737 induerat.
875 3683 1130 3753 Scriptor
1172 3689 1300 3740 vitae
1353 3687 1408 3742 S.
1472 3689 1727 3744 Melaniae

17 3841 20 3843 _
65 3767 185 3832 apud
232 3769 450 3822 Surium
517 3768 607 3822 die
661 3772 717 3822 31
780 3771 1126 3838 Decembris,
1172 3781 1370 3828 narrat
1425 3776 1726 3830 Melaniam

65 3853 190 3920 prius
232 3856 503 3910 feminam
547 3858 856 3926 peperisse,
909 3866 1103 3929 postea
1151 3862 1360 3918 lilium.
1403 3866 1601 3933 Atque,
1626 3865 1724 3930 ait,

2 3937 5 3941 ’
64 3942 179 4007 quod
208 3951 383 3999 natum
433 3947 657 4015 quidem
701 3949 904 4014 fuerat,
947 3956 1063 4003 erat
1120 3952 1501 4020 masculinum,
1567 3956 1729 4007 simul

65 4033 194 4095 atque
229 4038 398 4086 autem
451 4039 667 4098 malum,
709 4040 757 4088 et
797 4043 980 4092 sancto
1003 4039 1268 4106 baptismo
1296 4041 1408 4104 fuit
1439 4055 1726 4105 rege-nera-

67 4120 171 4177 tum,
223 4119 285 4171 ab
341 4121 434 4174 hoc
476 4120 675 4174 mundo
735 4121 1030 4190 discedens,
1080 4126 1154 4178 ad
1205 4143 1322 4180 eum
1375 4131 1471 4196 qui
1497 4129 1608 4182 illic
1649 4134 1726 4182 est

67 4206 436 4261 transmittitur.
480 4208 841 4277 Progrederis
876 4211 1098 4280 (Ibid):

121 4289 360 4346 Placebat
401 4299 503 4346 aut
548 4297 758 4348 mutari
802 4311 990 4350 nomen
1041 4296 1242 4352 Albine
1291 4301 1348 4352 in
1393 4300 1615 4368 Albina,
1650 4306 1730 4355 uti
1770 4281 1814 4336 D

69 4378 159 4428 vult
196 4381 471 4446 Baronius,
519 4387 578 4434 ut
630 4384 704 4435 sit
731 4383 942 4438 Albina
981 4399 1182 4452 socrus,
1217 4391 1313 4439 aut
1343 4391 1566 4442 retineri
1590 4389 1734 4444 Albi-

70 4476 183 4517 num
216 4483 315 4534 pro
337 4484 512 4522 socero
536 4474 632 4522 aut
661 4486 760 4523 aro
791 4474 951 4524 unius
986 4473 1212 4526 duorum
1245 4476 1464 4528 Piniani
1487 4480 1535 4530 et
1567 4478 1730 4531 Mela-

70 4551 151 4604 nia
178 4569 188 4605 :
220 4561 264 4608 et
297 4557 389 4610 hoc
414 4556 697 4612 arridebat
724 4562 920 4626 magis.

125 4638 178 4690 Id
224 4648 592 4711 postremum,
643 4646 795 4714 quod
862 4646 1170 4703 ridiculum
1231 4655 1400 4718 esset,
1449 4651 1735 4707 arridebat

74 4729 242 4796 magis.
277 4733 387 4786 Hoc
415 4739 478 4786 ut
507 4735 715 4786 clarius
746 4735 1055 4808 intelligas,
1107 4742 1164 4792 et
1193 4743 1320 4792 tuas
1365 4739 1530 4794 hasce
1559 4741 1733 4811 phan-

70 4814 210 4869 tasias
265 4835 352 4873 me
404 4821 678 4891 magistro
735 4839 924 4889 exuas,
994 4825 1130 4878 scito
1185 4826 1440 4880 Melania:
1493 4827 1736 4882 senioris

71 4901 225 4958 lilium
269 4908 531 4964 Albinam
598 4910 1011 4965 nobilissimam
1041 4913 1315 4967 feminam
1341 4914 1731 4986 desponsasse,

71 5006 120 5042 ex
165 5010 264 5063 qua
306 4999 602 5052 Melaniam
627 4999 921 5068 juniorem
944 5000 1170 5054 Piniani
1201 5008 1398 5071 postea
1432 5005 1735 5074 conjugem

73 5082 306 5150 suscepit.
361 5088 486 5139 llaec
525 5087 701 5140 tradit
740 5086 1026 5140 Palladius
1058 5088 1312 5142 Melaniae
1337 5089 1574 5143 senioris
1596 5091 1736 5143 ami-

73 5180 150 5218 cus
179 5186 236 5222 ex
278 5190 398 5243 cap.
441 5177 504 5228 10
545 5174 847 5242 Lausiacze,
897 5180 953 5228 et
994 5175 1266 5243 Melaniae,
1314 5193 1378 5230 ac
1421 5179 1644 5232 Piniani
1676 5179 1734 5232 in

76 5251 204 5336 italia
231 5258 452 5330 hospes,
503 5279 631 5316 cum
680 5264 740 5316 in
790 5280 958 5317 causa
987 5265 1040 5319 S.
1075 5265 1310 5318 Joannis
1345 5266 1735 5336 Chrysostomi

76 5335 264 5408 legatus
295 5347 530 5403 Romam
564 5350 735 5416 venit,
757 5356 820 5404 ut
838 5350 991 5403 idem
1017 5356 1263 5405 testatur
1290 5368 1414 5422 cap.
1450 5335 1568 5407 l2l.
1606 5355 1733 5407 Haec

76 5424 296 5497 loquitur
355 5437 614 5491 laudatus
674 5439 914 5509 scriptor
968 5455 1091 5510 cap.
1169 5442 1308 5494 “8:
1367 5442 1508 5494 Cum
1555 5448 1733 5496 autem

78 5511 282 5575 Melania
315 5525 499 5578 senior
552 5541 707 5580 suam
752 5542 960 5594 quoque
1022 5532 1232 5596 neptem
1290 5529 1583 5584 Melanium
1635 5530 1736 5599 (ita

1824 523 1985 578 litem
2033 526 2372 594 restaurare)
2432 541 2541 578 una
2593 541 2712 578 cum
2761 525 2878 593 ejus
2933 529 3130 579 marito
3190 528 3438 592 Piniano,
3481 534 3529 580 et

1825 613 2087 664 catechesi
2116 613 2439 665 instituisset
2468 613 2724 666 Albinam
2753 629 2952 666 nurum
2983 630 3156 680 suam,
3186 631 3407 669 uxorem
3433 631 3532 668 au-

1827 704 1928 752 tem
1948 698 2056 768 ﬁlii
2099 701 2206 763 sui,
2253 704 2301 752 et
2332 702 2685 766 persuasisset
2733 702 2816 754 his
2866 703 3112 756 omnibus
3151 704 3376 757 vendere
3416 719 3534 773 quae

1827 786 2114 852 habebant,
2140 789 2308 841 Roma
2339 802 2423 840 eos
2464 788 2672 842 eduxit.
2719 790 2916 859 Itaque
2975 807 3112 844 avus
3137 791 3384 860 junioris
3424 793 3535 845 Me-

1827 872 1993 926 laniae
2042 879 2163 926 erat
2215 873 2453 952 maritus
2503 873 2756 928 Melaniae
2796 876 3056 930 senioris.
3086 882 3156 930 At
3185 884 3406 931 certum
3446 883 3531 931 est

1825 961 2128 1030 conjugem
2182 961 2438 1014 Melaniae
2482 961 2722 1015 senioris
2771 979 2885 1016 non
2922 964 3095 1018 fuisse
3125 965 3186 1018 in
3215 966 3349 1019 vivis
3374 983 3527 1019 anno

1827 1053 1952 1105 375.
2013 1049 2160 1104 Audi
2213 1049 2622 1120 Hieronymum
2679 1051 2841 1122 epist.
2898 1054 3003 1106 24:
3060 1055 3262 1108 Sancta
3295 1056 3533 1108 Melania

1827 1137 2024 1190 calenti
2077 1136 2253 1190 adhuc
2305 1139 2497 1192 mariti
2539 1139 2859 1206 corpusculo
2926 1144 2974 1192 et
3043 1141 3238 1194 nedum
3291 1143 3530 1207 humata,

1827 1223 1959 1276 duos
2009 1225 2169 1277 simul
2219 1223 2459 1292 perdidit
2497 1223 2659 1294 ﬁlios.
2715 1227 2952 1278 Postea:
2983 1226 3233 1290 Quinimo
3273 1244 3382 1296 qua
3411 1230 3530 1282 illos

1825 1314 1998 1364 mente
2046 1313 2442 1380 contempserit,
2482 1313 2540 1365 in
2592 1313 2748 1365 unico
2796 1317 2981 1380 postea
3023 1315 3134 1380 ﬁlio
3179 1315 3394 1382 probat,
3443 1317 3529 1368 cui

1825 1400 1970 1452 omni
2020 1415 2184 1467 quam
2236 1399 2464 1452 habebat
2505 1402 2838 1467 possessione
2903 1415 3166 1464 concessa,
3241 1405 3522 1468 ingruente

1820 1487 1941 1555 jam
1975 1489 2160 1554 hieme,
2210 1488 2591 1554 Jerosolymam
2642 1492 2948 1555 navigavit.
2981 1489 3138 1542 Idem
3169 1506 3302 1544 vero
3334 1491 3528 1545 Hiero-

1828 1590 2033 1645 nymus
2059 1575 2118 1626 in
2149 1573 2424 1628 Chronico
2460 1574 2526 1627 ad
2561 1592 2777 1629 annum
2827 1575 3113 1630 decimum
3142 1578 3390 1632 Valentis
3417 1579 3530 1632 im-

1831 1661 2108 1731 peratoris
2153 1661 2392 1716 scribit:
2440 1663 2678 1717 Melania
2711 1664 3048 1717 nobilissima
3099 1666 3387 1720 mulierum
3431 1669 3532 1721 Ito-

1830 1765 2116 1803 manarum
2175 1755 2224 1804 et
2258 1751 2563 1805 Marcellini
2619 1750 2891 1820 quondam
2941 1753 3172 1806 consulis
3199 1755 3340 1822 filia,
3375 1757 3533 1808 unico

1829 1838 2052 1904 praetori
2091 1841 2214 1891 tunc
2262 1837 2469 1890 urbano
2497 1839 2609 1905 ﬁlio
2635 1838 2906 1904 derelicto,
2939 1841 3320 1908 Jcrosolymam
3368 1844 3530 1895 navi-

1830 1927 2002 1990 gavit.
2062 1928 2227 1978 Auno
2273 1925 2501 1996 epochaa
2543 1925 2877 1980 Christianae
2925 1930 3028 1982 373
3062 1945 3091 1981 a
3137 1931 3203 1982 28
3240 1929 3421 1982 Martii
3465 1945 3533 1982 ex

1831 2012 2134 2065 Ammiano
2163 2012 2484 2066 Marcellino
2517 2012 2615 2066 lib.
2655 2029 2802 2075 xxw,
2838 2031 2974 2085 pag.
3007 2019 3130 2081 315,
3160 2015 3292 2070 edit.
3329 2016 3532 2071 Valesii

1834 2101 1890 2152 V.
1939 2101 2027 2165 D.,
2079 2099 2334 2153 decimus
2375 2100 2618 2154 Valentis
2663 2117 2848 2156 annus
2898 2103 3213 2158 labebatur.
3263 2106 3346 2159 Tu
3374 2121 3526 2171 vero,

1836 2188 1914 2240 mi
1959 2188 2204 2254 Macedo,
2256 2188 2526 2242 maritum
2573 2190 2828 2243 Melaniae
2873 2191 3135 2258 senioris,
3198 2197 3252 2244 et
3299 2193 3534 2247 alterius

1836 2293 2005 2330 avum
2033 2278 2400 2346 superstitem
2431 2277 2566 2331 facis
2601 2295 2749 2331 anno
2781 2281 2908 2336 418,
2942 2297 3054 2349 quo
3094 2280 3147 2333 S.
3181 2280 3536 2351 Augustinus

1835 2365 2059 2436 scripsit
2085 2367 2294 2419 librum
2317 2366 2383 2420 de
2411 2366 2600 2420 Gratia
2639 2366 2874 2433 Christi;
2910 2384 3042 2420 nam
3072 2368 3343 2422 Albinum
3368 2385 3534 2423 avum

1836 2453 2086 2509 Melanim
2130 2454 2378 2524 junioris
2414 2455 2765 2524 imaginaris,
2799 2455 2888 2508 cui
2920 2455 2974 2510 S.
3013 2456 3209 2509 doctor
3239 2454 3536 2510 laudatum

1837 2544 2104 2597 volumen
2170 2543 2537 2613 nuncupavit.
2596 2544 2880 2597 Palladius
2934 2561 3057 2614 cap.
3123 2548 3216 2598 H7
3259 2544 3378 2598 hmo
3417 2544 3526 2598 ait:

1839 2634 1982 2686 Inter
2003 2646 2139 2700 quas
2159 2635 2276 2684 erat
2319 2633 2481 2684 etiam
2530 2631 2840 2684 beatissima
2863 2633 3110 2684 Melania
3137 2633 3393 2698 Romana,
3419 2646 3536 2699 quae

1837 2721 1947 2786 fuit
1996 2720 2213 2787 quidem
2246 2719 2374 2785 [ilia
2410 2720 2655 2772 Marcelli
2692 2721 3009 2784 consularis,
3061 2735 3202 2772 uror
3251 2719 3538 2785 cujusdam

1838 2807 1950 2857 viri
1970 2807 2067 2874 qui
2095 2809 2213 2858 erat
2259 2807 2317 2856 in
2365 2820 2564 2870 magna
2606 2807 2948 2872 auctoritate,
2985 2805 3137 2872 cujus
3160 2807 3393 2858 nominis
3428 2819 3536 2857 non

1838 2898 1977 2946 recte
1996 2893 2231 2946 memini.
2269 2891 2524 2945 Profecto
2556 2891 2818 2962 prodigio
2847 2891 3086 2961 propius
3113 2897 3197 2944 est
3218 2891 3533 2945 Palladium

1760 2998 1798 3053 ο
1838 2979 2138 3048 utriusque
2179 2978 2431 3032 Melaniae
2479 2978 2916 3046 amicissimum,
2949 2995 3013 3033 ac
3060 2979 3428 3034 nobilissimze
3460 2979 3540 3032 fa-

1838 3066 2012 3120 miliae
2033 3067 2297 3120 clientem
2320 3066 2558 3120 oblitum
2583 3067 2754 3121 fuisse
2772 3067 3023 3121 nominis
3044 3067 3236 3121 mariti
3258 3067 3536 3135 Melaniae,

1837 3157 1976 3212 illud
2007 3172 2140 3209 vero
2169 3161 2266 3209 ate
2284 3155 2724 3225 postduodecim
2757 3161 2814 3210 et
2834 3156 3079 3227 amplius
3105 3157 3308 3210 saecula
3328 3157 3492 3228 prodi
3521 3178 3536 3222 ;

1837 3244 2009 3316 quod,
2043 3261 2272 3315 nempe,
2305 3244 2548 3298 Albinus
2575 3244 2876 3300 diceretur.
2911 3245 3022 3299 Sed
3049 3261 3152 3298 nec
3183 3250 3331 3299 recte
3362 3245 3536 3298 asseri

1838 3338 2025 3406 potest
2060 3331 2298 3386 Albinus
2329 3349 2464 3386 avus
2524 3332 2780 3398 Piniani;
2823 3350 2956 3387 nam
2987 3334 3136 3387 circa
3166 3350 3381 3387 annum
3410 3337 3536 3398 400,

1836 3427 1901 3473 ut
1929 3420 2244 3486 ostendam,
2283 3420 2555 3475 Pinianus
2595 3426 2652 3476 et
2683 3422 2921 3476 Melania
2959 3421 3231 3476 castitatis
3275 3423 3540 3492 proposi-

1837 3514 1959 3562 tum
2033 3515 2427 3579 susceperunt,
2479 3527 2748 3579 magnam
2815 3514 3184 3580 paternorum
3255 3510 3537 3564 bonorum

1837 3602 2060 3667 partem
2110 3598 2168 3650 in
2218 3615 2495 3667 pauperes
2545 3603 2868 3668 erogantes.
2914 3599 3076 3662 Quod
3119 3615 3248 3651 cum
3302 3599 3539 3653 Severus

1840 3683 2063 3738 Piniani
2107 3684 2283 3737 frater
2331 3684 2720 3754 intellexisset,
2769 3703 2832 3739 ac
2872 3686 3320 3755 locupletissimo
3359 3685 3554 3756 patri—t

1841 3773 2036 3826 monio
2089 3771 2364 3825 familiam
2421 3772 2643 3826 Piniani
2700 3774 2909 3844 pietate
2962 3774 3242 3842 privatam
3299 3773 3537 3839 doleret,

1839 3863 2028 3913 insano
2065 3860 2321 3914 dwmonis
2357 3863 2636 3930 instinctu,
2686 3862 2875 3932 inquit
2930 3866 3126 3914 auctor
3177 3860 3303 3914 vitae
3344 3862 3398 3914 S.
3432 3863 3537 3915 Mc-

1838 3945 2027 4011 laniaa,
2054 3949 2378 4014 inspiratus,
2427 3963 2710 4014 aggressus
2758 3953 2835 4002 est
2870 3951 3104 4014 fratrem
3133 3949 3375 4001 molestia
3407 3952 3538 4015 afﬁ-

1837 4048 1971 4101 cere,
2027 4050 2186 4100 agros
2236 4036 2488 4104 avellens,
2516 4041 2730 4102 fructus
2757 4037 3052 4105 abripiens,
3089 4036 3331 4089 omnibus
3365 4037 3541 4090 modis

1837 4121 2128 4186 insultans,
2155 4126 2204 4173 et
2226 4124 2336 4174 vim
2386 4123 2636 4190 a/ferms.
2693 4123 2851 4176 Idem
2895 4122 3258 4192 aequissimis
3306 4123 3533 4176 Piniani

1837 4208 2007 4259 servis
2058 4211 2355 4276 persuasit,
2399 4215 2457 4262 ut
2495 4225 2598 4262 non
2629 4212 2801 4264 solum
2849 4213 3070 4278 seipsos,
3094 4210 3187 4264 sed
3216 4225 3300 4264 eos
3327 4226 3535 4279 quoque

1841 4309 2001 4360 agros
2053 4296 2109 4346 in
2141 4296 2336 4362 quibus
2359 4296 2703 4362 habitabant,
2747 4298 2926 4352 Severi
2959 4312 3068 4349 esse
3097 4297 3356 4365 dicerent,
3377 4302 3427 4350 et
3456 4313 3541 4352 eos

1842 4385 1959 4450 ejus
2009 4387 2366 4438 nominarent.
2405 4387 2475 4439 Ex
2508 4386 2712 4456 quibus
2762 4390 2918 4454 patet
2949 4403 3063 4438 non
3123 4385 3292 4440 modo
3350 4403 3539 4454 avum,

1843 4485 2040 4523 verum
2067 4471 2238 4525 etiam
2268 4477 2492 4542 patrem
2521 4473 2745 4526 Piniani
2774 4472 2832 4526 id
2862 4472 3140 4542 temporis
3172 4489 3285 4527 non
3317 4471 3542 4541 vixisse,

1843 4574 1971 4612 cum
2030 4559 2268 4613 Severus
2324 4561 2551 4615 Piniani
2578 4562 2768 4615 fratris
2806 4561 2960 4614 bona
2992 4579 3093 4631 per
3117 4561 3232 4616 vim
3262 4578 3543 4632 occupare

1846 4652 2114 4715 tentaret,
2149 4653 2204 4702 et
2233 4649 2505 4702 Pinianus
2539 4666 2706 4720 agros
2737 4655 2793 4704 et
2823 4667 3014 4704 servos
3045 4650 3405 4716 distraheret,
3451 4667 3546 4704 an-

1842 4740 2075 4805 tequam
2128 4736 2187 4789 in
2232 4737 2479 4791 Africam
2525 4738 2838 4808 navigaret.
2874 4742 2959 4792 An
2989 4738 3140 4793 bona
3161 4740 3425 4810 quaedam
3452 4756 3542 4792 ea-

1843 4821 2089 4875 strensia
2116 4823 2214 4876 uni
2241 4823 2344 4878 tibi
2376 4829 2511 4878 nota
2545 4825 2819 4880 obtrudes
2840 4825 2866 4877 ?
2924 4896 2931 4903 _

1913 4912 2078 4975 Quod
2106 4917 2296 4967 autem
2341 4913 2632 4968 existimas
2682 4914 2954 4968 Albinum
3000 4915 3168 4969 fuisse
3217 4916 3413 4969 saltem
3458 4930 3542 4969 so-

1842 5017 2020 5054 cerum
2083 5005 2245 5056 unius
2302 5002 2555 5069 duorum,
2625 5003 2822 5055 eadem
2891 5003 3159 5057 facilitate
3238 5003 3540 5057 refellitur.

1844 5090 2064 5142 Etenim
2090 5106 2252 5144 socer
2300 5091 2555 5145 Melaniae
2601 5090 2910 5144 vocabatur
2959 5091 3218 5144 Severus.
3243 5090 3300 5143 Id
3331 5090 3540 5145 diserte

1843 5176 2079 5246 legisses
2129 5178 2189 5232 in
2231 5179 2376 5234 libro
2425 5187 2742 5233 memorato
2802 5179 3040 5233 Palladii
3084 5179 3542 5249 Helenopolitani

1843 5265 2096 5336 episcopi
2154 5285 2276 5338 cap.
2328 5272 2448 5333 119,
2496 5269 2596 5322 ubi
2645 5268 2766 5322 ait:
2799 5269 2930 5324 Cum
2960 5269 3197 5322 Melania
3227 5271 3544 5338 suscepisset

1841 5359 1981 5426 ﬁlios
2013 5358 2166 5422 duos,
2212 5363 2262 5411 et
2301 5359 2520 5426 utrique
2565 5358 2810 5423 defuncti
2839 5362 3029 5423 essent,
3057 5359 3202 5410 venit
3230 5357 3305 5410 ad
3331 5362 3542 5412 tantum

1840 5462 1941 5515 pro
1983 5447 2185 5501 Christi
2229 5447 2440 5499 nomine
2492 5447 2677 5499 odium
2723 5447 3071 5514 nuptiarum,
3105 5449 3165 5499 ut
3197 5445 3290 5499 hoc
3315 5447 3544 5499 Piniano

1842 5534 2040 5586 marito
2095 5546 2190 5586 suo
2240 5533 2423 5588 Severi
2468 5534 2782 5601 exprec/’ecti
2826 5533 2940 5600 ﬁlio
2997 5531 3217 5586 diceret.
3271 5531 3546 5586 Audin'ut
