3920 6180
360 290 457 345 547
1378 286 1937 342 SUPPLEMENTUM
1976 286 2066 339 AD
2103 286 2338 343 OPERA
2374 288 2430 342 S.
2470 290 2856 345 AUGUSTINI.
3702 299 3778 351 5&8

358 411 597 467 Severus
642 409 814 464 fuerit
858 424 1017 462 socer
1052 405 1326 472 Melania,
1377 422 1491 459 non
1517 422 1650 460 vero
1676 410 1808 461 tuus
1833 405 1927 460 ille
1956 407 2046 460 ΑΙ·
2076 410 2124 462 Α
2160 410 2433 475 fratribus
2461 411 2700 466 Paulino
2730 415 2781 465 et
2805 410 3099 465 Therasiae.
3129 410 3194 463 Et
3219 410 3280 464 in
3310 411 3489 465 medio
3538 414 3779 484 epistolae:

358 500 530 555 binus
551 499 580 552 ‘l
605 499 715 554 Sed
743 513 846 553 nec
878 496 987 551 dici
1019 499 1207 566 potest
1236 510 1396 548 socer
1424 493 1669 563 Piniani,
1703 511 1838 549 nam
1884 497 2049 565 pater

361 589 616 644 Melania
655 585 900 657 junioris
953 583 1240 638 Publicola
1287 583 1602 649 dicebatur,
1638 584 1787 654 quod
1837 582 2052 637 discere

358 681 587 748 poteras
616 691 682 729 ex
727 672 875 727 notis
921 672 1029 725 viri
1085 670 1457 726 eruditissimi
1488 671 1642 726 Petri
1672 674 1762 725 Fr.
1785 671 2051 726 Chifﬂetii

361 766 421 820 in
451 762 673 819 Paulini
701 760 968 831 epistolas
1000 764 1145 832 part.
1183 764 1232 827 1,
1266 777 1389 831 cap.
1410 763 1501 827 24,
1534 764 1588 815 et
1608 777 1804 815 rursus
1824 766 1971 832 part.
1996 765 2050 828 2,

362 871 484 924 cap.
514 854 581 906 26
608 855 664 905 et
696 852 782 906 34.
834 848 1023 905 Mirari
1058 850 1217 904 lubet
1246 850 1537 904 undenam
1567 854 1795 916 tantam,
1829 855 1894 903 ut
1922 849 2053 903 Hio-

360 939 589 1008 ronymi
659 938 845 994 verbis
896 943 1047 1007 utar,
1105 939 1302 993 habeas
1355 938 1737 994 mutandarum
1772 941 2050 993 nominum

354 1031 693 1100 potestatem,
725 1030 785 1080 ut
812 1026 1018 1080 Severo
1044 1029 1101 1080 et
1131 1025 1436 1080 Publicola
1464 1024 1657 1080 Albini
1687 1040 1901 1079 nomen
1940 1024 2052 1078 im-

362 1115 589 1185 ponas?
634 1116 767 1182 Hoc,
795 1112 1012 1183 inquis,
1053 1113 1332 1166 arridebat
1385 1117 1582 1182 magis.
1650 1112 1939 1176 Querebar
1985 1112 2054 1166 de

362 1207 418 1257 te
449 1202 601 1274 quod
657 1216 781 1270 cap.
836 1203 890 1268 2,
924 1215 1054 1270 pag.
1089 1201 1177 1266 64,
1206 1203 1320 1253 tua
1348 1199 1629 1270 apologia
1656 1215 1748 1252 me
1778 1200 2055 1268 Pyrgopo-

364 1293 574 1360 lynicen
620 1288 897 1354 dixisses;
951 1288 1047 1341 sed
1087 1286 1146 1341 in
1194 1291 1487 1359 posterum
1518 1287 1779 1359 querelas
1798 1302 2056 1356 compos-

364 1396 508 1447 cam,
533 1394 665 1433 cum
694 1382 752 1432 te
780 1376 1003 1431 videam
1049 1380 1168 1430 tam
1217 1376 1506 1431 eruditum
1548 1377 2053 1430 nomenclatorem.

365 1467 628 1522 Nondum
655 1471 848 1519 tamen
872 1464 1025 1519 illud
1046 1480 1332 1534 agnomen
1361 1464 1642 1532 demerui,
1663 1464 1772 1519 scis
1803 1464 1957 1519 enim
1989 1479 2059 1517 ex

364 1557 565 1611 Plauto
614 1552 1050 1624 Pyrgopolynici
1097 1552 1347 1607 dictum:
1397 1555 1687 1620 sexaginta
1734 1552 2059 1607 Macedones

364 1659 477 1698 una
504 1642 592 1697 die
620 1640 883 1696 occidisti.
916 1640 1059 1694 Cum
1088 1639 1377 1710 integrum
1421 1644 1587 1694 tuum
1627 1638 1897 1694 volumen
1917 1654 2057 1692 con-

362 1725 638 1793 futavero,
693 1742 758 1780 ac
812 1731 867 1781 te
923 1742 1102 1780 unum
1160 1727 1520 1782 Macedonem
1573 1728 1855 1798 dejecero,
1900 1732 2058 1795 tunc,

364 1818 428 1868 ut
466 1814 627 1881 libet,
679 1821 744 1869 ut
797 1816 975 1883 lubet,
1031 1832 1124 1871 me
1171 1817 1681 1888 Pyrgopolynicem
1710 1821 2060 1888 nuncupato.

361 1904 535 1959 Addis
564 1904 717 1975 (pah.
747 1908 830 1974 53)
862 1922 875 1960 :

436 1995 702 2048 Baronius
731 1998 907 2048 mutat
926 1994 1127 2049 Albino
1156 1997 1216 2049 in
1242 1994 1466 2062 Albina,
1507 2001 1556 2050 et
1589 1995 1845 2051 mendum
1872 1998 2062 2065 putat;

365 2096 472 2136 non
524 2087 702 2136 tamen
739 2083 1013 2152 improbat
1066 2082 1270 2138 Albino
1307 2099 1405 2154 pro
1441 2084 1559 2154 ﬁlio
1611 2084 1845 2151 Albinae,
1880 2088 1942 2137 ut
1991 2085 2065 2138 sit

366 2183 552 2224 sensus
574 2169 780 2223 Albino
799 2171 905 2223 vir.
960 2171 1122 2226 Neris
1171 2172 1250 2225 ait
1277 2170 1481 2225 Albino
1511 2171 1869 2239 retinendum,
1903 2186 2064 2241 eoque

368 2259 581 2311 nomine
603 2258 908 2326 signiﬁcari
924 2258 1187 2324 feminam
1205 2274 1309 2328 pro
1332 2259 1481 2312 illius
1523 2260 1701 2313 atatis
1748 2260 1970 2313 licentia
2000 2258 2062 2312 ob

368 2346 633 2398 rationem
661 2346 909 2415 proxime
940 2343 1255 2399 adductam.
1288 2348 1400 2411 Ego
1440 2350 1628 2400 contra
1658 2347 1825 2400 sentio
1850 2346 2063 2399 omnino

368 2433 650 2501 legendum
694 2432 899 2487 Albino
956 2435 1247 2488 masculini
1290 2436 1518 2501 generis.
1548 2433 1673 2500 Ubi,
1708 2433 1825 2500 ubi,
1861 2433 2059 2500 amice,

372 2521 601 2575 Baronii
637 2521 915 2587 defensio,
966 2537 1141 2592 quam
1196 2522 1257 2575 in
1301 2521 1467 2575 titulo
1497 2520 1696 2592 capitis
1721 2521 2065 2592 promiseras

370 2611 516 2679 (pag.
548 2610 634 2679 47)
652 2610 680 2665 ?
707 2610 1032 2666 Vindicatur
1060 2611 1128 2664 ab
1158 2621 1275 2682 ejus
1303 2615 1433 2664 nota
1456 2610 1757 2667 Baronius.
1803 2611 2061 2676 Peream,

371 2699 418 2752 si
448 2700 622 2754 semel
665 2699 1007 2770 promissam
1053 2699 1219 2754 toties
1257 2699 1322 2753 in
1365 2700 1472 2754 hoc
1525 2705 1625 2753 tuo
1674 2715 1848 2769 opere
1882 2700 2062 2752 Baro-

368 2787 464 2842 nio
496 2787 886 2842 defensionem
908 2786 1299 2842 commodasti.
1324 2788 1484 2853 Toto,
1520 2792 1583 2841 ut
1610 2786 1793 2851 aiunt,
1819 2786 1964 2841 ostio
1993 2786 2062 2841 ab

368 2892 434 2931 eo
465 2876 711 2945 aberras,
742 2892 873 2931 cum
902 2881 959 2931 te
990 2876 1246 2946 ejusdem
1265 2882 1597 2931 sectatorem
1625 2875 1901 2947 publicas.
1937 2877 2064 2930 Hac

371 2965 443 3020 ad
498 2966 728 3020 oculum
776 2966 1106 3020 demonstro
1155 2965 1214 3019 in
1249 2965 1512 3037 apologia
1560 2982 1736 3036 quam
1785 2965 2060 3036 procudo.
2088 2983 2127 3039 ρ

370 3053 648 3107 Baronius
682 3053 878 3107 scribit
902 3055 1179 3108 mendum
1207 3052 1269 3107 in
1288 3069 1483 3107 vocem
1520 3054 1717 3108 Albino
1745 3052 2061 3125 irrepsisse,

369 3157 502 3196 cum
557 3141 758 3196 Albina
798 3141 1054 3196 Melania
1105 3146 1288 3195 mater
1334 3141 1574 3196 dicenda
1600 3141 1690 3196 sit.
1745 3144 1860 3213 Ego
1910 3143 2066 3214 quod

368 3245 671 3299 personam
718 3229 920 3283 attinet
967 3229 1208 3283 Baronio
1277 3229 1594 3296 consentio,
1668 3246 1817 3301 nego
1871 3236 2064 3285 tamen

368 3317 645 3371 mendum
674 3316 991 3387 irrepsisse,
1024 3332 1156 3371 cum
1173 3321 1479 3389 utramque
1500 3317 1752 3373 nominis
1796 3318 2065 3373 termina-

366 3404 587 3460 tionem
615 3405 822 3459 Albina
849 3405 1040 3460 subire
1068 3406 1340 3475 potuerit.
1372 3410 1443 3460 At
1469 3409 1529 3461 tu
1557 3407 1850 3461 contendis
1869 3408 2066 3462 Albino

368 3494 702 3564 legendum,
733 3494 959 3548 ethunc
988 3493 1173 3548 virum
1194 3499 1385 3565 putas,
1418 3494 1519 3566 qui
1539 3494 1714 3549 fuerit
1760 3500 1859 3549 aut
1888 3512 2064 3550 avun-

369 3583 548 3649 culus,
606 3587 704 3637 aut
755 3586 936 3653 pater,
997 3587 1096 3637 aut
1150 3599 1326 3651 socer,
1388 3589 1487 3637 aut
1538 3589 1774 3654 patruus
1818 3584 2060 3639 Piniani.

370 3670 617 3725 Hoccine
673 3674 757 3725 est
808 3671 1110 3725 Baronium
1160 3687 1193 3725 a
1247 3673 1405 3729 Noris
1454 3677 1589 3726 nota
1615 3672 1954 3727 vindicare?
1985 3674 2064 3727 De

370 3760 537 3815 unica
565 3764 789 3814 tantum
818 3759 1009 3814 littera
1028 3775 1158 3813 cum
1183 3760 1425 3814 Baronio
1449 3760 1824 3831 quaestionem
1856 3760 2060 3829 habeo,

301 3906 304 3910 Α
368 3864 576 3919 nempe
607 3848 761 3920 quod
792 3847 1000 3903 Albina
1032 3852 1215 3902 mater
1246 3848 1501 3904 Melania
1533 3850 1593 3902 in
1642 3866 1775 3904 casu
1811 3850 2063 3906 vocativo

370 3938 569 3993 Albino
594 3938 665 3992 ob
696 3937 852 3991 illius
878 3936 1060 3991 atatis
1098 3936 1387 3992 licentiam
1420 3938 1705 4008 appellata
1738 3938 1927 3992 fuerit.
1981 3940 2063 3993 Tu

369 4042 568 4081 sexum
626 4027 861 4081 omnino
916 4031 1127 4095 mutas,
1181 4031 1238 4081 et
1273 4042 1449 4098 quam
1484 4026 1762 4080 Baronius
1787 4026 2061 4081 feminam

366 4120 519 4170 recte
553 4115 714 4183 dixit,
771 4120 834 4170 tu
884 4115 1204 4170 masculum
1231 4114 1404 4182 facis;
1428 4114 1546 4169 imo
1595 4114 1695 4168 ubi
1725 4114 1820 4169 ille
1852 4114 1920 4169 de
1944 4114 2061 4169 ﬁlio

368 4202 588 4258 Albina
610 4204 952 4275 suspicatur,
983 4209 1048 4259 tu
1071 4203 1341 4258 Albinum
1373 4220 1487 4257 non
1508 4207 1816 4273 cognatum
1834 4202 2059 4258 Piniani

2162 499 2351 553 Sancti
2390 502 2614 565 fratres,
2664 504 2714 553 et
2758 498 2946 553 dilecti
2996 500 3127 553 Deo.
3176 500 3241 553 In
3269 500 3411 553 calce
3430 516 3552 554 vero
3581 517 3593 554 :
3619 503 3784 556 Domini

2162 586 2521 651 dilectissimi,
2561 589 2933 654 sincerissimi,
2980 602 3102 641 vere
3152 586 3367 653 benigni
3408 594 3455 641 et
3483 588 3783 644 abundantis-

2161 676 2301 729 sima
2330 678 2546 730 Domini
2590 678 2774 744 gratia
2801 677 3247 745 prastantissimi
3286 677 3498 741 fratres.
3542 675 3638 728 Ubi
3670 675 3787 731 vides

2162 763 2391 817 titulum
2440 768 2751 835 utrumque
2802 763 3107 834 conjugem
3156 763 3457 833 appellare,
3497 762 3615 817 licet
3648 780 3786 834 genus

2163 850 2467 905 nominum
2517 869 2551 905 a
2594 851 2840 923 digniori
2872 852 3231 906 desumatur.
3273 852 3355 905 Ita
3382 867 3523 905 unus
3544 850 3782 921 Pinianus,

2165 940 2319 1009 quod
2347 956 2530 1011 genus
2552 940 2774 1007 attinet,
2804 939 2903 993 illa
2930 939 3187 1009 epitheta
3215 939 3382 1009 regit,
3404 939 3526 993 licet
3550 957 3648 994 una
3662 941 3790 995 simul

2164 1045 2377 1091 socrus,
2398 1033 2455 1083 et
2486 1044 2625 1082 uxor
2652 1028 3045 1099 designentur.
3076 1027 3250 1082 Addis
3285 1028 3421 1097 (Ibid
3432 1029 3472 1100 .)
3501 1045 3513 1082 :

2236 1116 2372 1181 Quis
2400 1120 2579 1170 autem
2608 1120 2739 1170 esset
2768 1116 3113 1181 illeAlbinus,
3151 1116 3301 1169 latet.
3338 1115 3433 1169 Hic
3484 1114 3701 1183 Rhodus,
3726 1116 3792 1170 hic

2167 1205 2373 1271 saltus;
2427 1205 2534 1258 hoc
2588 1220 2758 1275 opus,
2805 1204 2898 1259 hic
2944 1205 3107 1258 labor
3139 1208 3243 1271 est,
3295 1221 3327 1258 ο
3355 1204 3588 1258 Macedo.
3616 1204 3793 1259 Dixeras

2165 1292 2226 1346 in
2254 1292 2421 1347 titulo
2452 1293 2688 1364 hujusce
2716 1293 2800 1347 tui
2828 1292 3029 1364 capitis
3058 1292 3288 1363 septimi
3320 1309 3334 1346 :
3368 1292 3474 1358 Qui
3496 1293 3648 1359 fuerit
3676 1294 3793 1347 Albi-

2166 1396 2287 1445 nus,
2338 1384 2621 1450 Pinianus,
2666 1387 2715 1436 et
2768 1384 3039 1451 Melania,
3088 1384 3397 1451 exponitur.
3431 1383 3505 1435 De
3534 1381 3733 1435 Piniano
3755 1388 3795 1436 et

2168 1470 2408 1526 Melania
2436 1471 2545 1525 hoc
2587 1475 2813 1525 tantum
2858 1470 3018 1536 dicis,
3070 1469 3245 1524 fuisse
3276 1471 3561 1541 conjuges,
3606 1485 3659 1523 ac
3683 1487 3795 1541 pra:-

2169 1562 2325 1612 terea
2353 1557 2518 1611 nihil.
2546 1557 2738 1611 Albini
2765 1572 2979 1611 nomen
3009 1561 3316 1627 utramque
3344 1556 3599 1626 paginam
3624 1556 3793 1627 implet.

2169 1646 2495 1701 Adesdum:
2530 1662 2749 1717 expone
2784 1645 2912 1717 quis
2940 1645 3136 1700 fuerit.
3195 1645 3556 1716 Respondes:
3596 1646 3715 1700 latet.
3737 1645 3794 1699 Ad

2166 1737 2263 1807 jus
2291 1736 2445 1790 tituli
2474 1740 2550 1802 te,
2574 1735 2713 1790 velis
2743 1735 2911 1801 nolis,
2936 1751 3099 1789 voco.
3133 1734 3455 1805 Obligatam
3475 1735 3629 1790 ﬁdem
3648 1735 3794 1805 imple,

2172 1841 2245 1880 no
2295 1824 2493 1896 magni
2534 1824 2747 1893 hiatus,
2791 1829 2854 1878 ut
2895 1824 2975 1877 ait
3007 1824 3295 1893 Horatius,
3319 1823 3617 1893 promissor
3639 1823 3795 1878 dicare.

2174 1916 2455 1969 Memento
2486 1918 2540 1968 te
2570 1912 2779 1967 dixisse
2805 1929 2817 1966 :
2861 1914 2967 1979 Qui
2991 1914 3165 1980 fuerit
3218 1912 3444 1967 albinus
3472 1914 3738 1982 exponitur.
3759 1911 3797 1965 Si

2171 2000 2329 2067 latet,
2353 2016 2407 2054 te
2431 1998 2643 2070 judice,
2674 2014 2792 2052 non
2839 1998 3165 2068 exponitur.
3200 1998 3428 2053 Nihilne
3456 1998 3553 2053 tibi
3582 1998 3797 2069 suggerit,
3886 2052 3887 2067 η

2172 2104 2345 2160 quam
2376 2089 2438 2142 in
2466 2087 2804 2159 prafatione
2826 2087 3029 2159 jactas,
3061 2086 3538 2159 Encyclopadia?
3577 2087 3732 2142 Liceat
3753 2103 3797 2140 ex
3886 2088 3887 2160 l

2171 2176 2507 2232 Trinummo
2537 2176 2724 2231 Plauti
2756 2192 3037 2247 reponere
3063 2192 3077 2230 :

2294 2264 2427 2313 Vide
2453 2264 2612 2313 homo
2637 2269 2694 2313 ut
2712 2263 2983 2313 hominem
3009 2263 3251 2313 noveris!

2241 2348 2356 2415 Ego
2398 2350 2596 2412 tamen,
2627 2344 2840 2416 inquis,
2887 2347 3134 2399 existimo
3174 2345 3351 2412 fuisse
3382 2338 3475 2398 aut
3510 2346 3708 2412 patrem,
3732 2343 3798 2393 aut

2171 2449 2429 2502 socerum,
2463 2439 2559 2489 aut
2582 2439 2866 2505 patruum,
2917 2437 3014 2488 aut
3051 2434 3379 2487 avunculum
3425 2430 3644 2495 Piniani,
3666 2433 3714 2481 ut
3749 2428 3798 2480 sit

2170 2524 2346 2593 major
2373 2528 2530 2590 natu,
2559 2528 2608 2578 et
2635 2527 2856 2593 propter
2884 2526 3095 2577 atatem
3118 2523 3335 2591 primas
3367 2519 3607 2574 vindicet.
3638 2518 3706 2571 Ita
3729 2532 3796 2584 pu-
3886 2518 3887 2587 1

2171 2612 2301 2666 tasii
2331 2611 2575 2682 repetito
2631 2616 2834 2682 quater
2882 2615 3000 2675 aut,
3050 2614 3167 2679 aut,
3220 2608 3549 2681 compendio
3585 2606 3794 2660 Albinum

2172 2704 2336 2755 tuum
2367 2700 2529 2754 illum
2556 2699 2744 2754 virum
2776 2699 3103 2771 exposuisse
3128 2716 3141 2767 ;
3171 2699 3273 2753 illa
3299 2698 3451 2753 enim
3489 2695 3795 2766 disjunctione

2173 2793 2448 2862 tanquam
2503 2788 2790 2843 Ariadneo
2842 2789 2941 2843 ﬁlo
2973 2804 3109 2842 usus
3156 2803 3226 2841 ex
3260 2785 3516 2840 intricato
3542 2781 3793 2837 Albiniaue

2172 2877 2524 2949 genealogia
2567 2877 2893 2949 labyrintho
2955 2874 3201 2931 evasisti.
3250 2878 3374 2930 Heu
3397 2872 3629 2946 quantis,
3649 2868 3795 2932 amice,

2173 2966 2463 3021 erroribus
2490 2965 2828 3037 implicarisl
2865 2967 2992 3021 Non
3023 2964 3133 3020 fuit
3161 2964 3400 3020 Albinus
3431 2960 3636 3017 Piniani
3660 2966 3794 3029 pater,

2175 3070 2311 3108 nam
2342 3070 2407 3109 ex
2441 3053 2710 3109 Lausiaca
2736 3053 2993 3121 historia,
3029 3051 3191 3123 cujus
3230 3050 3403 3106 verba
3444 3048 3679 3121 superius
3706 3041 3799 3099 dedi

2175 3159 2242 3197 ex
2275 3158 2405 3213 cap.
2451 3146 2571 3211 119,
2598 3146 2760 3213 pater
2788 3141 3015 3196 Piniani
3070 3140 3370 3195 dicebatur
3405 3140 3613 3195 Severus
3644 3147 3797 3202 expret-

2173 3234 2368 3299 fectus.
2403 3232 2632 3286 Exstant
2659 3230 2935 3302 rescripta
2965 3228 3142 3284 trium
3168 3231 3557 3299 Augustorum
3582 3223 3645 3279 ad
3670 3222 3791 3276 Sese.

2174 3335 2305 3373 rum
2333 3319 2666 3390 prafectum
2698 3318 2837 3374 Urbi
2863 3317 2923 3371 in
2951 3317 3077 3373 cod.
3109 3316 3326 3372 Theod.
3361 3316 3483 3386 lege
3501 3330 3596 3368 un.
3626 3311 3797 3364 demen-

2174 3408 2505 3468 dicantibus,
2540 3411 2595 3462 et
2623 3407 2748 3478 lege
2777 3406 2810 3462 ‘2
2841 3406 2906 3461 de
2934 3408 3096 3461 lucris
3121 3408 3429 3474 ofﬁciorum
3458 3403 3580 3458 data
3607 3393 3796 3454 Antonio

2174 3502 2233 3552 et
2256 3497 2492 3567 Syagrio
2542 3512 2718 3559 cons.,
2766 3510 2976 3567 nempe
3017 3510 3167 3549 anno
3221 3497 3347 3550 382.
3380 3491 3631 3548 Pinianus
3655 3491 3796 3541 autem

2172 3583 2361 3640 Severi
2396 3584 2545 3639 illius
2583 3601 2734 3638 anno
2774 3587 2895 3652 397,
2931 3600 3044 3655 quo
3091 3583 3333 3637 Melania
3376 3582 3496 3636 avia
3535 3575 3695 3634 uxoris
3728 3570 3796 3625 Pi-

2173 3673 2332 3727 niani
2382 3673 2577 3728 Siricio
2617 3672 2907 3744 pontiﬁce,
2960 3689 3024 3726 ex
3068 3672 3415 3743 Hieronymo
3460 3670 3519 3723 in
3544 3661 3797 3738 apologia?

2172 3768 2365 3816 contra
2413 3762 2708 3828 Ruﬁnum,
2740 3778 2870 3815 cum
2921 3761 3031 3815 hoc
3060 3760 3183 3832 ipso
3214 3777 3282 3815 ex
3311 3758 3597 3814 Palastina
3618 3755 3795 3807 Romam

2170 3849 2348 3912 venit,
2401 3849 2636 3920 junctus
2684 3853 2807 3904 erat
2852 3848 3106 3904 Melania
3153 3847 3398 3919 juniori,
3437 3848 3569 3901 teste
3607 3832 3795 3895 Palladio

2183 3953 2304 4007 cap.
2335 3939 2453 3991 118.

2242 4025 2350 4079 Sed
2407 4041 2511 4079 nec
2548 4040 2787 4079 socerum
2833 4021 3058 4078 Piniani
3108 4022 3287 4078 fuisse
3318 4020 3591 4077 evidenter
3607 4015 3784 4069 demon-

2172 4117 2308 4166 stro.
2367 4113 2422 4167 S.
2468 4111 2822 4183 Augustinus
2869 4112 2970 4167 lib.
3020 4130 3058 4165 ιι
3104 4113 3377 4175 Retract.,
3434 4124 3550 4178 cap.
3593 4106 3666 4166 50.
3702 4100 3788 4153 Μία
3886 4100 3887 4169 Ῐ

2174 4200 2404 4255 scribit:
2464 4202 2834 4269 Posteaquam
2883 4201 3181 4267 Pelagiana
3215 4200 3430 4255 haeresis
3459 4211 3569 4251 cum
3593 4192 3687 4248 suis
3723 4201 3790 4239 αυο
3886 4236 3887 4241 η

368 4309 498 4347 cum
527 4293 791 4361 Baronio,
822 4292 921 4347 sed
951 4308 1144 4361 avum,
1172 4295 1273 4345 aut
1299 4296 1544 4362 patrem,
1577 4296 1678 4344 aut
1719 4293 2065 4347 avunculum
2092 4269 2135 4324 D
2173 4290 2407 4344 ctoribus
2439 4289 2507 4343 ab
2547 4292 2812 4359 episcopis
2858 4290 3108 4344 Ecclesia
3149 4291 3402 4344 Romanae
3434 4287 3582 4355 prius
3606 4283 3791 4335 Innoccn-
3886 4298 3887 4362 ξ

371 4381 628 4451 ejusdem
656 4379 1009 4451 imaginaris.
1042 4379 1067 4433 Ι
1097 4395 1271 4447 nunc,
1303 4383 1359 4433 et
1379 4382 1554 4431 temet
1579 4378 1805 4432 Baronii
1842 4380 2070 4436 advoca-

371 4472 496 4522 tum
527 4468 780 4535 vendita,
839 4483 969 4521 cum
1009 4465 1195 4520 eidem
1244 4481 1419 4536 quam
1452 4465 1695 4519 maxime
1752 4467 2063 4523 adversere.

369 4554 516 4619 Quid
559 4554 620 4608 in
672 4559 864 4609 mente
921 4553 1171 4609 habebas
1224 4569 1353 4607 cum
1412 4553 1560 4607 hanc
1591 4554 1881 4625 egregiam
1909 4560 2067 4611 tuam

370 4642 596 4698 Baronii
661 4643 1050 4698 defensionem
1116 4641 1319 4697 litteris
1393 4642 1747 4699 mandabas?
1807 4645 2070 4700 Procedis

372 4737 522 4803 (pag.
545 4732 636 4803 54)
672 4747 685 4786 :
1314 4772 1319 4776 .

442 4821 516 4876 Id
536 4822 689 4876 elicio
736 4836 804 4875 ea:
831 4818 1009 4873 verbis
1051 4820 1387 4886 Augustini;
1421 4822 1621 4890 quippe
1662 4823 1774 4875 ait:
1805 4820 2071 4875 Sinceris-

373 4911 502 4967 simi
549 4911 776 4977 fratres,
825 4907 1016 4962 dilecti
1068 4908 1236 4962 aDeo
1266 4907 1490 4974 Albino,
1526 4909 1783 4975 Piniano,
1839 4914 1895 4962 et
1950 4911 2069 4964 Me-

374 4999 547 5065 lania,
598 4996 743 5067 quod
796 5010 987 5049 nomen
1032 4994 1235 5050 fratres
1266 4997 1540 5065 signiﬁcat
1570 4996 1830 5064 majorem
1857 5000 2070 5065 partem

372 5086 635 5142 masculos
687 5097 821 5153 esse,
879 5087 931 5137 et
986 5083 1224 5153 epitheta
1287 5085 1624 5153 conﬁrmant,
1678 5082 2065 5152 sincerissimi,

376 5174 586 5230 dilecti.

443 5266 655 5319 Vereor
703 5279 774 5318 ne
831 5263 1161 5318 Therasiam
1207 5280 1437 5335 quoque
1484 5264 1538 5317 S.
1575 5262 1801 5317 Paulini
1834 5279 2069 5317 uxorem

373 5353 436 5408 in
464 5352 650 5407 virum
682 5357 900 5420 mutes;
946 5369 1083 5408 nam
1129 5353 1191 5406 in
1220 5352 1387 5406 titulo
1419 5350 1674 5421 epistola
1706 5354 1772 5406 34
1800 5351 1855 5405 S.
1880 5354 2069 5421 Augu-

373 5439 508 5494 stini
537 5438 659 5493 hac
692 5437 963 5510 leguntur
989 5454 1002 5493 :
1054 5440 1299 5494 Dominis
1352 5438 1717 5492 dilectissimis
1744 5442 1795 5492 et
1819 5439 2069 5493 sinceris-

373 5530 547 5597 simis,
585 5542 705 5585 vere
747 5526 1072 5582 beatissimis
1092 5531 1254 5596 atque
1282 5522 1754 5580 abundantissime
1772 5523 1871 5580 Dei
1886 5527 2073 5592 gratia

2180 4380 2275 4446 tio,
2309 4377 2503 4432 deinde
2532 4380 2761 4447 Zosimo,
2791 4377 3200 4447 cooperantibus
3252 4375 3590 4432 conciliorum
3621 4365 3789 4432 Africa-

2178 4482 2369 4521 norum
2398 4468 2622 4532 litteris,
2654 4469 2894 4521 convicta
2922 4471 3085 4535 atque
3113 4467 3375 4520 damnata
3396 4468 3488 4529 est,
3511 4456 3680 4526 scripsi
3699 4451 3791 4504 duos
3886 4492 3887 4497 η

2179 4554 2342 4609 libros
2372 4555 2629 4609 adversus
2659 4569 2763 4620 eos,
2796 4570 2963 4609 unum
2988 4534 3054 4608 de
3081 4555 3278 4611 Gratia
3304 4551 3515 4614 Christi,
3545 4534 3791 4601 alterumde
3850 4584 3859 4591 ρ
3886 4608 3887 4615 γ

2177 4646 2395 4699 Peccato
2426 4644 2716 4712 Originali.
2746 4645 2923 4697 Porro
2944 4642 3300 4713 Augustinus
3327 4642 3486 4695 hosce
3516 4635 3665 4691 libros
3689 4640 3787 4681 nun.
3886 4642 3887 4695 ς

2179 4731 2405 4803 cupavit
2434 4731 2662 4795 Albino,
2697 4731 2935 4786 Piniano
2965 4735 3020 4785 et
3052 4730 3329 4795 Melania,
3362 4733 3416 4782 et
3445 4722 3609 4795 capite
3646 4715 3782 4807 primo

2179 4800 2368 4874 statim
2400 4824 2658 4892 apparet.
2682 4819 3049 4874 Innocentius
3076 4818 3323 4873 haresin
3343 4812 3546 4886 Pelagii
3567 4800 3788 4864 damnavit
3886 4814 3887 4865 ς

2178 4924 2328 4962 anno
2356 4909 2481 4974 416,
2504 4912 2569 4962 ut
2595 4911 2754 4978 patet
2782 4924 2847 4962 ex
2877 4907 3134 4978 ejusdem
3165 4905 3368 4961 litteris
3395 4901 3531 4959 datis
3553 4896 3614 4952 ad
3647 4893 3787 4948 Patres

2179 4996 2382 5067 synodi
2413 4996 2751 5052 Milevitana
2780 5014 2834 5051 v1
2862 4997 2982 5052 kal.
3029 4995 3381 5064 Februarias,
3426 4984 3645 5047 Honorio
3679 4980 3781 5067 ᾼυς·

2179 5065 2237 5141 et
2266 5085 2593 5140 Constantio
2624 5087 2687 5141 V.
2739 5086 2800 5141 C.
2845 5102 3026 5141 conss.
3054 5084 3306 5140 Zosimus
3328 5096 3471 5137 anno
3498 5076 3590 5132 418
3615 5065 3784 5124 eosdem

2180 5172 2476 5228 harcticos
2505 5173 2747 5244 repetita
2785 5173 3069 5228 sententia
3120 5167 3466 5244 prescripsit.
3521 5162 3673 5244 Qua“?
3704 5147 3783 5244 (Ψ

2178 5258 2263 5313 illi
2292 5260 2425 5314 libri
2456 5238 2599 5331 quos
2622 5259 2845 5325 Albino,
2897 5238 3139 5314 Piniani;
3172 5274 3236 5314 ac
3296 5238 3533 5311 Melania
3558 5246 3606 5300 s.
3642 5238 3783 5331 άοτίξοτ

2179 5319 2494 5419 inscripsit;
2535 5364 2684 5403 anno
2744 5319 2949 5402 eodem
2985 5349 3089 5402 418
3135 5346 3274 5402 editi
3304 5353 3447 5399 sunt.
3472 5341 3536 5393 At
3558 5330 3681 5423 filia?

2179 5437 2347 5492 lania
2397 5436 2637 5492 senioris
2680 5452 2838 5492 socer
2896 5435 3121 5492 Piniani
3169 5433 3371 5490 abhinc
3401 5440 3559 5483 annos
3585 5414 3779 5503 νὶείῇίξξ

2180 5524 2297 5580 vita
2327 5491 2680 5581 discesserat.
2706 5491 2832 5582 Scio
2888 5491 3199 5580 Baronium
3231 5523 3299 5578 ad
3342 5528 3538 5576 annum
3554 5508 3638 5565 409
3667 5491 3776 5554 CW
