  <div class='ocr_page' id='page_1' title='image "/cluster/home/n/w/nwhite01/storage/ocr_20150623/47/hvd.32044096580683/280.png"; bbox 0 0 3920 6180; ppageno 0'>
   <div class='ocr_carea' id='block_1_1' title="bbox 67 301 2727 368">
    <p class='ocr_par' dir='ltr' id='par_1_1' title="bbox 67 301 2727 368">
     <span class='ocr_line' id='line_1_1' title="bbox 67 301 2727 368; baseline 0.005 -12"><span class='ocrx_word' id='word_1_1' title='bbox 67 304 157 357; x_wconf 78' lang='grc'>549</span> <span class='ocrx_word' id='word_1_2' title='bbox 828 301 1184 356; x_wconf 72' lang='lat' dir='ltr'>VARIORUM</span> <span class='ocrx_word' id='word_1_3' title='bbox 1226 303 1826 364; x_wconf 79' lang='lat' dir='ltr'>EXERCITATIONES</span> <span class='ocrx_word' id='word_1_4' title='bbox 1864 308 1930 362; x_wconf 86' lang='lat' dir='ltr'>IN</span> <span class='ocrx_word' id='word_1_5' title='bbox 1971 310 2026 363; x_wconf 93' lang='lat' dir='ltr'>S.</span> <span class='ocrx_word' id='word_1_6' title='bbox 2069 311 2433 367; x_wconf 84' lang='lat' dir='ltr'>AUGUSTINI</span> <span class='ocrx_word' id='word_1_7' title='bbox 2470 312 2727 368; x_wconf 81' lang='lat' dir='ltr'>OPEBA.</span> 
     </span>
    </p>
   </div>
   <div class='ocr_carea' id='block_1_2' title="bbox 3428 328 3530 378">
    <p class='ocr_par' dir='ltr' id='par_1_2' title="bbox 3428 328 3530 378">
     <span class='ocr_line' id='line_1_2' title="bbox 3428 328 3530 378; baseline 0 0"><span class='ocrx_word' id='word_1_8' title='bbox 3428 328 3530 378; x_wconf 80' lang='grc'>550</span> 
     </span>
    </p>
   </div>
   <div class='ocr_carea' id='block_1_3' title="bbox 64 421 3541 510">
    <p class='ocr_par' dir='ltr' id='par_1_3' title="bbox 64 421 3541 510">
     <span class='ocr_line' id='line_1_3' title="bbox 64 421 3541 510; baseline 0.008 -35"><span class='ocrx_word' id='word_1_9' title='bbox 64 421 262 475; x_wconf 87' lang='lat' dir='ltr'>lletium</span> <span class='ocrx_word' id='word_1_10' title='bbox 291 436 416 472; x_wconf 90' lang='lat' dir='ltr'>vero</span> <span class='ocrx_word' id='word_1_11' title='bbox 443 422 585 510; x_wconf 80' lang='lat' dir='ltr'>part.</span> <span class='ocrx_word' id='word_1_12' title='bbox 619 423 675 487; x_wconf 93' lang='lat'><strong>2,</strong></span> <span class='ocrx_word' id='word_1_13' title='bbox 718 425 835 475; x_wconf 89' lang='lat' dir='ltr'>not.</span> <span class='ocrx_word' id='word_1_14' title='bbox 851 421 927 510; x_wconf 70' lang='lat' dir='ltr'>in</span> <span class='ocrx_word' id='word_1_15' title='bbox 963 422 1127 493; x_wconf 85' lang='lat' dir='ltr'>epist.</span> <span class='ocrx_word' id='word_1_16' title='bbox 1160 425 1388 479; x_wconf 87' lang='lat' dir='ltr'>Paulini</span> <span class='ocrx_word' id='word_1_17' title='bbox 1418 443 1540 498; x_wconf 87' lang='lat' dir='ltr'>cap.</span> <span class='ocrx_word' id='word_1_18' title='bbox 1577 430 1643 483; x_wconf 86' lang='lat'>34</span> <span class='ocrx_word' id='word_1_19' title='bbox 1675 432 1730 482; x_wconf 86' lang='lat' dir='ltr'>et</span> <span class='ocrx_word' id='word_1_20' title='bbox 1761 432 1806 486; x_wconf 85' lang='lat' dir='ltr'>A</span> <span class='ocrx_word' id='word_1_21' title='bbox 1846 431 1988 485; x_wconf 87' lang='lat' dir='ltr'>festa</span> <span class='ocrx_word' id='word_1_22' title='bbox 2024 437 2384 502; x_wconf 82' lang='lat' dir='ltr'>peragerent.</span> <span class='ocrx_word' id='word_1_23' title='bbox 2421 436 2669 506; x_wconf 88' lang='lat' dir='ltr'>Tempus</span> <span class='ocrx_word' id='word_1_24' title='bbox 2705 454 2836 492; x_wconf 90' lang='lat' dir='ltr'>vero</span> <span class='ocrx_word' id='word_1_25' title='bbox 2867 440 3249 510; x_wconf 77' lang='lat' dir='ltr'>navigationis</span> <span class='ocrx_word' id='word_1_26' title='bbox 3303 447 3541 502; x_wconf 89' lang='lat' dir='ltr'>Possidii</span> 
     </span>
    </p>
   </div>
   <div class='ocr_carea' id='block_1_4' title="bbox 68 505 1735 574">
    <p class='ocr_par' dir='ltr' id='par_1_4' title="bbox 68 505 1735 574">
     <span class='ocr_line' id='line_1_4' title="bbox 68 505 1735 574; baseline 0.002 -11"><span class='ocrx_word' id='word_1_27' title='bbox 68 512 142 573; x_wconf 79' lang='grc'>35,</span> <span class='ocrx_word' id='word_1_28' title='bbox 191 522 328 560; x_wconf 87' lang='lat' dir='ltr'>anno</span> <span class='ocrx_word' id='word_1_29' title='bbox 365 508 468 561; x_wconf 85' lang='grc'>416</span> <span class='ocrx_word' id='word_1_30' title='bbox 507 505 767 574; x_wconf 84' lang='lat' dir='ltr'>ejusdem</span> <span class='ocrx_word' id='word_1_31' title='bbox 815 508 1036 563; x_wconf 91' lang='lat' dir='ltr'>obitum</span> <span class='ocrx_word' id='word_1_32' title='bbox 1081 511 1339 566; x_wconf 75' lang='lat' dir='ltr'>recitare.</span> <span class='ocrx_word' id='word_1_33' title='bbox 1376 514 1585 568; x_wconf 87' lang='lat' dir='ltr'>Verum</span> <span class='ocrx_word' id='word_1_34' title='bbox 1616 514 1735 568; x_wconf 85' lang='lat' dir='ltr'>evi-</span> 
     </span>
    </p>
   </div>
   <div class='ocr_carea' id='block_1_5' title="bbox 69 595 1739 673">
    <p class='ocr_par' dir='ltr' id='par_1_5' title="bbox 69 595 1739 673">
     <span class='ocr_line' id='line_1_5' title="bbox 69 595 1739 673; baseline 0.004 -23"><span class='ocrx_word' id='word_1_35' title='bbox 69 598 247 650; x_wconf 82' lang='lat' dir='ltr'>denter</span> <span class='ocrx_word' id='word_1_36' title='bbox 295 595 590 665; x_wconf 85' lang='lat' dir='ltr'>utriusque</span> <span class='ocrx_word' id='word_1_37' title='bbox 646 597 1156 653; x_wconf 88' lang='lat' dir='ltr'>metachronismos</span> <span class='ocrx_word' id='word_1_38' title='bbox 1211 601 1430 656; x_wconf 82' lang='lat' dir='ltr'>refello.</span> <span class='ocrx_word' id='word_1_39' title='bbox 1483 603 1739 673; x_wconf 81' lang='lat' dir='ltr'>Scriptor</span> 
     </span>
    </p>
   </div>
   <div class='ocr_carea' id='block_1_6' title="bbox 69 683 1737 746">
    <p class='ocr_par' dir='ltr' id='par_1_6' title="bbox 69 683 1737 746">
     <span class='ocr_line' id='line_1_6' title="bbox 69 683 1737 746; baseline 0.005 -8"><span class='ocrx_word' id='word_1_40' title='bbox 69 685 183 739; x_wconf 65' lang='lat' dir='ltr'>vitae</span> <span class='ocrx_word' id='word_1_41' title='bbox 208 684 253 737; x_wconf 92' lang='lat' dir='ltr'>S.</span> <span class='ocrx_word' id='word_1_42' title='bbox 278 683 529 737; x_wconf 81' lang='lat' dir='ltr'>Melaniae</span> <span class='ocrx_word' id='word_1_43' title='bbox 569 691 765 740; x_wconf 91' lang='lat' dir='ltr'>narrat</span> <span class='ocrx_word' id='word_1_44' title='bbox 795 689 1054 742; x_wconf 87' lang='lat' dir='ltr'>eamdem</span> <span class='ocrx_word' id='word_1_45' title='bbox 1104 706 1254 743; x_wconf 90' lang='lat' dir='ltr'>anno</span> <span class='ocrx_word' id='word_1_46' title='bbox 1301 691 1484 745; x_wconf 67' lang='lat' dir='ltr'>aetatis</span> <span class='ocrx_word' id='word_1_47' title='bbox 1519 691 1737 746; x_wconf 88' lang='lat' dir='ltr'>decimo</span> 
     </span>
    </p>
   </div>
   <div class='ocr_carea' id='block_1_7' title="bbox 67 772 1738 844">
    <p class='ocr_par' dir='ltr' id='par_1_7' title="bbox 67 772 1738 844">
     <span class='ocr_line' id='line_1_7' title="bbox 67 772 1738 844; baseline 0.007 -20"><span class='ocrx_word' id='word_1_48' title='bbox 67 777 242 844; x_wconf 87' lang='lat' dir='ltr'>quarto</span> <span class='ocrx_word' id='word_1_49' title='bbox 285 772 539 842; x_wconf 81' lang='lat' dir='ltr'>junctam</span> <span class='ocrx_word' id='word_1_50' title='bbox 581 773 754 829; x_wconf 88' lang='lat' dir='ltr'>fuisse</span> <span class='ocrx_word' id='word_1_51' title='bbox 797 775 1056 842; x_wconf 88' lang='lat' dir='ltr'>Piniano,</span> <span class='ocrx_word' id='word_1_52' title='bbox 1122 783 1178 832; x_wconf 92' lang='lat' dir='ltr'>et</span> <span class='ocrx_word' id='word_1_53' title='bbox 1214 794 1343 833; x_wconf 92' lang='lat' dir='ltr'>cum</span> <span class='ocrx_word' id='word_1_54' title='bbox 1374 780 1517 834; x_wconf 91' lang='lat' dir='ltr'>duos</span> <span class='ocrx_word' id='word_1_55' title='bbox 1588 781 1738 835; x_wconf 88' lang='lat' dir='ltr'>ﬁlios</span> 
     </span>
    </p>
   </div>
   <div class='ocr_carea' id='block_1_8' title="bbox 64 860 1736 932">
    <p class='ocr_par' dir='ltr' id='par_1_8' title="bbox 64 860 1736 932">
     <span class='ocr_line' id='line_1_8' title="bbox 64 860 1736 932; baseline 0.007 -20"><span class='ocrx_word' id='word_1_56' title='bbox 64 860 363 932; x_wconf 73' lang='lat' dir='ltr'>peperisset,</span> <span class='ocrx_word' id='word_1_57' title='bbox 413 861 700 932; x_wconf 87' lang='lat' dir='ltr'>simulque</span> <span class='ocrx_word' id='word_1_58' title='bbox 758 863 1058 931; x_wconf 88' lang='lat' dir='ltr'>amisisset,</span> <span class='ocrx_word' id='word_1_59' title='bbox 1093 865 1162 920; x_wconf 89' lang='lat' dir='ltr'>de</span> <span class='ocrx_word' id='word_1_60' title='bbox 1194 868 1309 921; x_wconf 86' lang='lat' dir='ltr'>vita</span> <span class='ocrx_word' id='word_1_61' title='bbox 1347 869 1542 922; x_wconf 59' lang='lat' dir='ltr'>caelibe</span> <span class='ocrx_word' id='word_1_62' title='bbox 1587 871 1736 926; x_wconf 89' lang='lat' dir='ltr'>serio</span> 
     </span>
    </p>
   </div>
   <div class='ocr_carea' id='block_1_9' title="bbox 65 949 1736 1024">
    <p class='ocr_par' dir='ltr' id='par_1_9' title="bbox 65 949 1736 1024">
     <span class='ocr_line' id='line_1_9' title="bbox 65 949 1736 1024; baseline 0.005 -22"><span class='ocrx_word' id='word_1_63' title='bbox 65 949 344 1019; x_wconf 82' lang='lat' dir='ltr'>cogitasse;</span> <span class='ocrx_word' id='word_1_64' title='bbox 395 965 594 1002; x_wconf 90' lang='lat' dir='ltr'>verum</span> <span class='ocrx_word' id='word_1_65' title='bbox 645 966 677 1002; x_wconf 91' lang='lat' dir='ltr'>a</span> <span class='ocrx_word' id='word_1_66' title='bbox 706 961 864 1020; x_wconf 80' lang='lat' dir='ltr'>patre</span> <span class='ocrx_word' id='word_1_67' title='bbox 915 951 1267 1020; x_wconf 82' lang='lat' dir='ltr'>prohibitam</span> <span class='ocrx_word' id='word_1_68' title='bbox 1310 971 1381 1008; x_wconf 92' lang='lat' dir='ltr'>ne</span> <span class='ocrx_word' id='word_1_69' title='bbox 1403 955 1566 1024; x_wconf 89' lang='lat' dir='ltr'>pium</span> <span class='ocrx_word' id='word_1_70' title='bbox 1596 956 1736 1012; x_wconf 89' lang='lat' dir='ltr'>illud</span> 
     </span>
    </p>
   </div>
   <div class='ocr_carea' id='block_1_10' title="bbox 66 1037 1738 1112">
    <p class='ocr_par' dir='ltr' id='par_1_10' title="bbox 66 1037 1738 1112">
     <span class='ocr_line' id='line_1_10' title="bbox 66 1037 1738 1112; baseline 0.007 -23"><span class='ocrx_word' id='word_1_71' title='bbox 66 1037 388 1108; x_wconf 85' lang='lat' dir='ltr'>propositum</span> <span class='ocrx_word' id='word_1_72' title='bbox 450 1045 873 1109; x_wconf 84' lang='lat' dir='ltr'>exsequeretur.</span> <span class='ocrx_word' id='word_1_73' title='bbox 927 1041 1128 1094; x_wconf 85' lang='lat' dir='ltr'>Postea</span> <span class='ocrx_word' id='word_1_74' title='bbox 1179 1041 1416 1097; x_wconf 76' lang='lat' dir='ltr'>aitIEis</span> <span class='ocrx_word' id='word_1_75' title='bbox 1468 1045 1684 1112; x_wconf 79' lang='lat' dir='ltr'>quidem</span> <span class='ocrx_word' id='word_1_76' title='bbox 1713 1062 1738 1100; x_wconf 90' lang='lat' dir='ltr'>e</span> 
     </span>
    </p>
   </div>
   <div class='ocr_carea' id='block_1_11' title="bbox 64 1125 1733 1202">
    <p class='ocr_par' dir='ltr' id='par_1_11' title="bbox 64 1125 1733 1202">
     <span class='ocr_line' id='line_1_11' title="bbox 64 1125 1733 1202; baseline 0.006 -23"><span class='ocrx_word' id='word_1_77' title='bbox 64 1127 179 1179; x_wconf 74' lang='lat' dir='ltr'>rivis</span> <span class='ocrx_word' id='word_1_78' title='bbox 200 1125 402 1178; x_wconf 65' lang='lat' dir='ltr'>excedit</span> <span class='ocrx_word' id='word_1_79' title='bbox 451 1127 698 1181; x_wconf 55' lang='lat' dir='ltr'>Melania</span> <span class='ocrx_word' id='word_1_80' title='bbox 745 1134 926 1196; x_wconf 90' lang='lat' dir='ltr'>pater.</span> <span class='ocrx_word' id='word_1_81' title='bbox 967 1129 1089 1193; x_wconf 90' lang='lat' dir='ltr'>Quo</span> <span class='ocrx_word' id='word_1_82' title='bbox 1143 1130 1378 1201; x_wconf 89' lang='lat' dir='ltr'>quidem</span> <span class='ocrx_word' id='word_1_83' title='bbox 1441 1133 1733 1202; x_wconf 89' lang='lat' dir='ltr'>defuncto,</span> 
     </span>
    </p>
   </div>
   <div class='ocr_carea' id='block_1_12' title="bbox 67 1214 1737 1293">
    <p class='ocr_par' dir='ltr' id='par_1_12' title="bbox 67 1214 1737 1293">
     <span class='ocr_line' id='line_1_12' title="bbox 67 1214 1737 1293; baseline 0.007 -28"><span class='ocrx_word' id='word_1_84' title='bbox 67 1214 275 1266; x_wconf 75' lang='lat' dir='ltr'>Melania</span> <span class='ocrx_word' id='word_1_85' title='bbox 326 1229 444 1267; x_wconf 89' lang='lat' dir='ltr'>una</span> <span class='ocrx_word' id='word_1_86' title='bbox 498 1231 629 1268; x_wconf 90' lang='lat' dir='ltr'>cum</span> <span class='ocrx_word' id='word_1_87' title='bbox 681 1216 941 1282; x_wconf 85' lang='lat' dir='ltr'>Piniano,</span> <span class='ocrx_word' id='word_1_88' title='bbox 987 1218 1140 1270; x_wconf 89' lang='lat' dir='ltr'>thori</span> <span class='ocrx_word' id='word_1_89' title='bbox 1169 1218 1436 1273; x_wconf 84' lang='lat' dir='ltr'>societate</span> <span class='ocrx_word' id='word_1_90' title='bbox 1482 1220 1737 1293; x_wconf 85' lang='lat' dir='ltr'>dimissa,</span> 
     </span>
    </p>
   </div>
   <div class='ocr_carea' id='block_1_13' title="bbox 64 1301 1739 1376">
    <p class='ocr_par' dir='ltr' id='par_1_13' title="bbox 64 1301 1739 1376">
     <span class='ocr_line' id='line_1_13' title="bbox 64 1301 1739 1376; baseline 0.007 -23"><span class='ocrx_word' id='word_1_91' title='bbox 64 1304 368 1370; x_wconf 87' lang='lat' dir='ltr'>conceptum</span> <span class='ocrx_word' id='word_1_92' title='bbox 411 1301 630 1357; x_wconf 90' lang='lat' dir='ltr'>dudum</span> <span class='ocrx_word' id='word_1_93' title='bbox 670 1309 836 1358; x_wconf 63' lang='lat' dir='ltr'>castra</span> <span class='ocrx_word' id='word_1_94' title='bbox 885 1306 1016 1359; x_wconf 66' lang='lat' dir='ltr'>vitae</span> <span class='ocrx_word' id='word_1_95' title='bbox 1069 1307 1425 1376; x_wconf 90' lang='lat' dir='ltr'>propositum</span> <span class='ocrx_word' id='word_1_96' title='bbox 1475 1316 1739 1364; x_wconf 80' lang='lat' dir='ltr'>exsecuta</span> 
     </span>
    </p>
   </div>
   <div class='ocr_carea' id='block_1_14' title="bbox 64 1390 1738 1456">
    <p class='ocr_par' dir='ltr' id='par_1_14' title="bbox 64 1390 1738 1456">
     <span class='ocr_line' id='line_1_14' title="bbox 64 1390 1738 1456; baseline 0.007 -13"><span class='ocrx_word' id='word_1_97' title='bbox 64 1396 148 1443; x_wconf 79' lang='lat' dir='ltr'>est.</span> <span class='ocrx_word' id='word_1_98' title='bbox 177 1390 449 1444; x_wconf 85' lang='lat' dir='ltr'>Audiatur</span> <span class='ocrx_word' id='word_1_99' title='bbox 487 1392 752 1446; x_wconf 89' lang='lat' dir='ltr'>laudatus</span> <span class='ocrx_word' id='word_1_100' title='bbox 795 1399 1011 1448; x_wconf 83' lang='lat' dir='ltr'>auctor.</span> <span class='ocrx_word' id='word_1_101' title='bbox 1049 1397 1142 1450; x_wconf 94' lang='lat' dir='ltr'>Illi</span> <span class='ocrx_word' id='word_1_102' title='bbox 1170 1401 1348 1452; x_wconf 88' lang='lat' dir='ltr'>autem</span> <span class='ocrx_word' id='word_1_103' title='bbox 1383 1414 1504 1453; x_wconf 87' lang='lat' dir='ltr'>cum</span> <span class='ocrx_word' id='word_1_104' title='bbox 1530 1406 1738 1456; x_wconf 88' lang='lat' dir='ltr'>amotus</span> 
     </span>
    </p>
   </div>
   <div class='ocr_carea' id='block_1_15' title="bbox 63 1480 1740 1554">
    <p class='ocr_par' dir='ltr' id='par_1_15' title="bbox 63 1480 1740 1554">
     <span class='ocr_line' id='line_1_15' title="bbox 63 1480 1740 1554; baseline 0.005 -22"><span class='ocrx_word' id='word_1_105' title='bbox 63 1482 239 1534; x_wconf 72' lang='lat' dir='ltr'>essetis</span> <span class='ocrx_word' id='word_1_106' title='bbox 275 1481 370 1546; x_wconf 89' lang='lat' dir='ltr'>qui</span> <span class='ocrx_word' id='word_1_107' title='bbox 396 1480 743 1548; x_wconf 73' lang='lat' dir='ltr'>prohibebat,</span> <span class='ocrx_word' id='word_1_108' title='bbox 782 1483 1000 1552; x_wconf 83' lang='lat' dir='ltr'>quando</span> <span class='ocrx_word' id='word_1_109' title='bbox 1049 1485 1162 1538; x_wconf 89' lang='lat' dir='ltr'>Deo</span> <span class='ocrx_word' id='word_1_110' title='bbox 1199 1487 1374 1540; x_wconf 88' lang='lat' dir='ltr'>visum</span> <span class='ocrx_word' id='word_1_111' title='bbox 1413 1491 1510 1554; x_wconf 88' lang='lat' dir='ltr'>est,</span> <span class='ocrx_word' id='word_1_112' title='bbox 1535 1491 1584 1540; x_wconf 89' lang='lat' dir='ltr'>et</span> <span class='ocrx_word' id='word_1_113' title='bbox 1615 1491 1740 1540; x_wconf 86' lang='lat' dir='ltr'>tem-</span> 
     </span>
    </p>
   </div>
   <div class='ocr_carea' id='block_1_16' title="bbox 63 1569 1737 1643">
    <p class='ocr_par' dir='ltr' id='par_1_16' title="bbox 63 1569 1737 1643">
     <span class='ocr_line' id='line_1_16' title="bbox 63 1569 1737 1643; baseline 0.005 -23"><span class='ocrx_word' id='word_1_114' title='bbox 63 1585 144 1637; x_wconf 78' lang='lat' dir='ltr'>pus</span> <span class='ocrx_word' id='word_1_115' title='bbox 188 1569 426 1633; x_wconf 88' lang='lat' dir='ltr'>vocabat,</span> <span class='ocrx_word' id='word_1_116' title='bbox 460 1572 651 1624; x_wconf 82' lang='lat' dir='ltr'>statim</span> <span class='ocrx_word' id='word_1_117' title='bbox 701 1571 917 1638; x_wconf 87' lang='lat' dir='ltr'>quidem</span> <span class='ocrx_word' id='word_1_118' title='bbox 956 1577 1152 1626; x_wconf 70' lang='lat' dir='ltr'>exeunt</span> <span class='ocrx_word' id='word_1_119' title='bbox 1185 1590 1210 1627; x_wconf 93' lang='lat' dir='ltr'>e</span> <span class='ocrx_word' id='word_1_120' title='bbox 1237 1591 1450 1642; x_wconf 79' lang='lat' dir='ltr'>magna</span> <span class='ocrx_word' id='word_1_121' title='bbox 1497 1577 1737 1643; x_wconf 85' lang='lat' dir='ltr'>civitate,</span> 
     </span>
    </p>
   </div>
   <div class='ocr_carea' id='block_1_17' title="bbox 63 1657 1738 1732">
    <p class='ocr_par' dir='ltr' id='par_1_17' title="bbox 63 1657 1738 1732">
     <span class='ocr_line' id='line_1_17' title="bbox 63 1657 1738 1732; baseline 0.004 -23"><span class='ocrx_word' id='word_1_122' title='bbox 63 1657 294 1710; x_wconf 77' lang='lat' dir='ltr'>urbanam</span> <span class='ocrx_word' id='word_1_123' title='bbox 315 1659 721 1713; x_wconf 76' lang='lat' dir='ltr'>multitudinem</span> <span class='ocrx_word' id='word_1_124' title='bbox 745 1665 796 1713; x_wconf 89' lang='lat' dir='ltr'>et</span> <span class='ocrx_word' id='word_1_125' title='bbox 817 1661 1078 1715; x_wconf 78' lang='lat' dir='ltr'>tumultus</span> <span class='ocrx_word' id='word_1_126' title='bbox 1098 1663 1275 1716; x_wconf 88' lang='lat' dir='ltr'>valere</span> <span class='ocrx_word' id='word_1_127' title='bbox 1295 1663 1562 1732; x_wconf 88' lang='lat' dir='ltr'>jubentes.</span> <span class='ocrx_word' id='word_1_128' title='bbox 1598 1667 1738 1717; x_wconf 90' lang='lat' dir='ltr'>Erat</span> 
     </span>
    </p>
   </div>
   <div class='ocr_carea' id='block_1_18' title="bbox 63 1748 1735 1820">
    <p class='ocr_par' dir='ltr' id='par_1_18' title="bbox 63 1748 1735 1820">
     <span class='ocr_line' id='line_1_18' title="bbox 63 1748 1735 1820; baseline 0.004 -21"><span class='ocrx_word' id='word_1_129' title='bbox 63 1748 110 1800; x_wconf 82' lang='lat' dir='ltr'>id</span> <span class='ocrx_word' id='word_1_130' title='bbox 135 1748 368 1815; x_wconf 77' lang='lat' dir='ltr'>temporis</span> <span class='ocrx_word' id='word_1_131' title='bbox 398 1749 636 1802; x_wconf 83' lang='lat' dir='ltr'>Piniano</span> <span class='ocrx_word' id='word_1_132' title='bbox 667 1753 798 1803; x_wconf 78' lang='lat' dir='ltr'>zetas</span> <span class='ocrx_word' id='word_1_133' title='bbox 832 1752 1033 1817; x_wconf 84' lang='lat' dir='ltr'>viginti</span> <span class='ocrx_word' id='word_1_134' title='bbox 1058 1757 1290 1819; x_wconf 80' lang='lat' dir='ltr'>quatuor</span> <span class='ocrx_word' id='word_1_135' title='bbox 1315 1769 1598 1820; x_wconf 89' lang='lat' dir='ltr'>annorum,</span> <span class='ocrx_word' id='word_1_136' title='bbox 1626 1755 1735 1806; x_wconf 89' lang='lat' dir='ltr'>Me-</span> 
     </span>
    </p>
   </div>
   <div class='ocr_carea' id='block_1_19' title="bbox 65 1838 1736 1911">
    <p class='ocr_par' dir='ltr' id='par_1_19' title="bbox 65 1838 1736 1911">
     <span class='ocr_line' id='line_1_19' title="bbox 65 1838 1736 1911; baseline 0.005 -23"><span class='ocrx_word' id='word_1_137' title='bbox 65 1838 196 1889; x_wconf 69' lang='lat' dir='ltr'>laniae</span> <span class='ocrx_word' id='word_1_138' title='bbox 233 1840 408 1890; x_wconf 83' lang='lat' dir='ltr'>autem</span> <span class='ocrx_word' id='word_1_139' title='bbox 457 1839 679 1904; x_wconf 85' lang='lat' dir='ltr'>viginti.</span> <span class='ocrx_word' id='word_1_140' title='bbox 734 1839 1018 1892; x_wconf 87' lang='lat' dir='ltr'>Palladius</span> <span class='ocrx_word' id='word_1_141' title='bbox 1075 1841 1248 1894; x_wconf 87' lang='lat' dir='ltr'>etiam</span> <span class='ocrx_word' id='word_1_142' title='bbox 1302 1841 1483 1911; x_wconf 91' lang='lat' dir='ltr'>capite</span> <span class='ocrx_word' id='word_1_143' title='bbox 1538 1845 1637 1895; x_wconf 89' lang='grc'><strong>119</strong></span> <span class='ocrx_word' id='word_1_144' title='bbox 1666 1840 1736 1896; x_wconf 87' lang='lat' dir='ltr'>de</span> 
     </span>
    </p>
   </div>
   <div class='ocr_carea' id='block_1_20' title="bbox 66 1925 1737 1995">
    <p class='ocr_par' dir='ltr' id='par_1_20' title="bbox 66 1925 1737 1995">
     <span class='ocr_line' id='line_1_20' title="bbox 66 1925 1737 1995; baseline 0.005 -20"><span class='ocrx_word' id='word_1_145' title='bbox 66 1925 232 1978; x_wconf 74' lang='lat' dir='ltr'>eadem</span> <span class='ocrx_word' id='word_1_146' title='bbox 254 1925 448 1979; x_wconf 85' lang='lat' dir='ltr'>scribit</span> <span class='ocrx_word' id='word_1_147' title='bbox 481 1941 495 1978; x_wconf 74' lang='grc' dir='ltr'>ε</span> <span class='ocrx_word' id='word_1_148' title='bbox 537 1927 836 1980; x_wconf 87' lang='lat' dir='ltr'>Vincesimo</span> <span class='ocrx_word' id='word_1_149' title='bbox 861 1943 986 1995; x_wconf 86' lang='lat' dir='ltr'>ergo</span> <span class='ocrx_word' id='word_1_150' title='bbox 1012 1943 1121 1982; x_wconf 69' lang='lat' dir='ltr'>sua:</span> <span class='ocrx_word' id='word_1_151' title='bbox 1147 1932 1324 1983; x_wconf 80' lang='lat' dir='ltr'>aetatis</span> <span class='ocrx_word' id='word_1_152' title='bbox 1355 1946 1496 1984; x_wconf 87' lang='lat' dir='ltr'>anno</span> <span class='ocrx_word' id='word_1_153' title='bbox 1537 1930 1737 1985; x_wconf 85' lang='lat' dir='ltr'>mundo</span> 
     </span>
    </p>
   </div>
   <div class='ocr_carea' id='block_1_21' title="bbox 66 2013 1738 2086">
    <p class='ocr_par' dir='ltr' id='par_1_21' title="bbox 66 2013 1738 2086">
     <span class='ocr_line' id='line_1_21' title="bbox 66 2013 1738 2086; baseline 0.004 -20"><span class='ocrx_word' id='word_1_154' title='bbox 66 2015 320 2067; x_wconf 70' lang='lat' dir='ltr'>renuntiat.</span> <span class='ocrx_word' id='word_1_155' title='bbox 373 2013 564 2078; x_wconf 87' lang='lat' dir='ltr'>Quare</span> <span class='ocrx_word' id='word_1_156' title='bbox 595 2013 870 2069; x_wconf 86' lang='lat' dir='ltr'>Pinianus</span> <span class='ocrx_word' id='word_1_157' title='bbox 917 2017 1218 2086; x_wconf 86' lang='lat' dir='ltr'>superstite</span> <span class='ocrx_word' id='word_1_158' title='bbox 1247 2033 1440 2071; x_wconf 88' lang='lat' dir='ltr'>socero</span> <span class='ocrx_word' id='word_1_159' title='bbox 1472 2034 1567 2072; x_wconf 83' lang='lat' dir='ltr'>sex</span> <span class='ocrx_word' id='word_1_160' title='bbox 1611 2023 1738 2072; x_wconf 90' lang='lat' dir='ltr'>tan-</span> 
     </span>
    </p>
   </div>
   <div class='ocr_carea' id='block_1_22' title="bbox 66 2101 1737 2161">
    <p class='ocr_par' dir='ltr' id='par_1_22' title="bbox 66 2101 1737 2161">
     <span class='ocr_line' id='line_1_22' title="bbox 66 2101 1737 2161; baseline 0.004 -7"><span class='ocrx_word' id='word_1_161' title='bbox 66 2107 164 2154; x_wconf 86' lang='lat' dir='ltr'>tum</span> <span class='ocrx_word' id='word_1_162' title='bbox 191 2101 344 2155; x_wconf 87' lang='lat' dir='ltr'>annis</span> <span class='ocrx_word' id='word_1_163' title='bbox 375 2119 512 2156; x_wconf 89' lang='lat' dir='ltr'>cum</span> <span class='ocrx_word' id='word_1_164' title='bbox 563 2119 738 2157; x_wconf 82' lang='lat' dir='ltr'>uxore</span> <span class='ocrx_word' id='word_1_165' title='bbox 793 2104 1032 2158; x_wconf 86' lang='lat' dir='ltr'>Melania</span> <span class='ocrx_word' id='word_1_166' title='bbox 1066 2105 1220 2159; x_wconf 80' lang='lat' dir='ltr'>vixit.</span> <span class='ocrx_word' id='word_1_167' title='bbox 1253 2107 1411 2161; x_wconf 88' lang='lat' dir='ltr'>Idem</span> <span class='ocrx_word' id='word_1_168' title='bbox 1441 2122 1572 2160; x_wconf 86' lang='lat' dir='ltr'>vero</span> <span class='ocrx_word' id='word_1_169' title='bbox 1603 2107 1737 2161; x_wconf 90' lang='lat' dir='ltr'>Pal—</span> 
     </span>
    </p>
   </div>
   <div class='ocr_carea' id='block_1_23' title="bbox 69 2190 1734 2264">
    <p class='ocr_par' dir='ltr' id='par_1_23' title="bbox 69 2190 1734 2264">
     <span class='ocr_line' id='line_1_23' title="bbox 69 2190 1734 2264; baseline 0.004 -23"><span class='ocrx_word' id='word_1_170' title='bbox 69 2190 218 2243; x_wconf 87' lang='lat' dir='ltr'>ladius</span> <span class='ocrx_word' id='word_1_171' title='bbox 261 2190 328 2244; x_wconf 91' lang='lat' dir='ltr'>de</span> <span class='ocrx_word' id='word_1_172' title='bbox 378 2190 624 2246; x_wconf 86' lang='lat' dir='ltr'>Melania</span> <span class='ocrx_word' id='word_1_173' title='bbox 677 2191 885 2245; x_wconf 86' lang='lat' dir='ltr'>seniori</span> <span class='ocrx_word' id='word_1_174' title='bbox 953 2193 1206 2247; x_wconf 90' lang='lat' dir='ltr'>scribens</span> <span class='ocrx_word' id='word_1_175' title='bbox 1249 2210 1372 2264; x_wconf 88' lang='lat' dir='ltr'>cap.</span> <span class='ocrx_word' id='word_1_176' title='bbox 1443 2196 1563 2262; x_wconf 87' lang='grc'><strong>118,</strong></span> <span class='ocrx_word' id='word_1_177' title='bbox 1612 2194 1734 2249; x_wconf 90' lang='lat' dir='ltr'>ait:</span> 
     </span>
    </p>
   </div>
   <div class='ocr_carea' id='block_1_24' title="bbox 69 2280 1735 2352">
    <p class='ocr_par' dir='ltr' id='par_1_24' title="bbox 69 2280 1735 2352">
     <span class='ocr_line' id='line_1_24' title="bbox 69 2280 1735 2352; baseline 0.004 -21"><span class='ocrx_word' id='word_1_178' title='bbox 69 2280 224 2333; x_wconf 77' lang='lat' dir='ltr'>Multis</span> <span class='ocrx_word' id='word_1_179' title='bbox 239 2281 426 2349; x_wconf 85' lang='lat' dir='ltr'>itaque</span> <span class='ocrx_word' id='word_1_180' title='bbox 449 2285 582 2350; x_wconf 84' lang='lat' dir='ltr'>post</span> <span class='ocrx_word' id='word_1_181' title='bbox 620 2283 800 2350; x_wconf 85' lang='lat' dir='ltr'>annis,</span> <span class='ocrx_word' id='word_1_182' title='bbox 830 2297 950 2335; x_wconf 90' lang='lat' dir='ltr'>cum</span> <span class='ocrx_word' id='word_1_183' title='bbox 988 2283 1053 2335; x_wconf 89' lang='lat' dir='ltr'>de</span> <span class='ocrx_word' id='word_1_184' title='bbox 1083 2286 1258 2352; x_wconf 83' lang='lat' dir='ltr'>neptis</span> <span class='ocrx_word' id='word_1_185' title='bbox 1289 2287 1438 2337; x_wconf 89' lang='lat' dir='ltr'>statu</span> <span class='ocrx_word' id='word_1_186' title='bbox 1468 2283 1735 2351; x_wconf 85' lang='lat' dir='ltr'>audisset,</span> 
     </span>
    </p>
   </div>
   <div class='ocr_carea' id='block_1_25' title="bbox 70 2369 1737 2435">
    <p class='ocr_par' dir='ltr' id='par_1_25' title="bbox 70 2369 1737 2435">
     <span class='ocr_line' id='line_1_25' title="bbox 70 2369 1737 2435; baseline 0.004 -18"><span class='ocrx_word' id='word_1_187' title='bbox 70 2369 108 2418; x_wconf 83' lang='lat' dir='ltr'>el</span> <span class='ocrx_word' id='word_1_188' title='bbox 131 2382 230 2420; x_wconf 85' lang='lat' dir='ltr'>eam</span> <span class='ocrx_word' id='word_1_189' title='bbox 264 2370 534 2435; x_wconf 84' lang='lat' dir='ltr'>nupsisse,</span> <span class='ocrx_word' id='word_1_190' title='bbox 563 2371 614 2420; x_wconf 90' lang='lat' dir='ltr'>et</span> <span class='ocrx_word' id='word_1_191' title='bbox 659 2369 792 2421; x_wconf 87' lang='lat' dir='ltr'>velle</span> <span class='ocrx_word' id='word_1_192' title='bbox 833 2370 1022 2422; x_wconf 65' lang='lat' dir='ltr'>swculo</span> <span class='ocrx_word' id='word_1_193' title='bbox 1067 2372 1384 2424; x_wconf 87' lang='lat' dir='ltr'>renuntiare</span> <span class='ocrx_word' id='word_1_194' title='bbox 1415 2390 1426 2423; x_wconf 89' lang='lat'>:</span> <span class='ocrx_word' id='word_1_195' title='bbox 1466 2373 1644 2425; x_wconf 84' lang='lat' dir='ltr'>verita</span> <span class='ocrx_word' id='word_1_196' title='bbox 1673 2385 1737 2424; x_wconf 90' lang='lat' dir='ltr'>ne</span> 
     </span>
    </p>
   </div>
   <div class='ocr_carea' id='block_1_26' title="bbox 66 2455 1735 2525">
    <p class='ocr_par' dir='ltr' id='par_1_26' title="bbox 66 2455 1735 2525">
     <span class='ocr_line' id='line_1_26' title="bbox 66 2455 1735 2525; baseline 0.004 -19"><span class='ocrx_word' id='word_1_197' title='bbox 66 2456 180 2517; x_wconf 81' lang='lat' dir='ltr'>forte</span> <span class='ocrx_word' id='word_1_198' title='bbox 197 2457 251 2508; x_wconf 88' lang='lat' dir='ltr'>in</span> <span class='ocrx_word' id='word_1_199' title='bbox 289 2457 539 2519; x_wconf 85' lang='lat' dir='ltr'>aliquam</span> <span class='ocrx_word' id='word_1_200' title='bbox 575 2455 955 2524; x_wconf 84' lang='lat' dir='ltr'>abriperentur</span> <span class='ocrx_word' id='word_1_201' title='bbox 983 2456 1306 2524; x_wconf 85' lang='lat' dir='ltr'>doctrinam,</span> <span class='ocrx_word' id='word_1_202' title='bbox 1353 2459 1440 2512; x_wconf 80' lang='lat' dir='ltr'>vel</span> <span class='ocrx_word' id='word_1_203' title='bbox 1471 2460 1735 2525; x_wconf 64' lang='lat' dir='ltr'>hwresim,</span> 
     </span>
    </p>
   </div>
   <div class='ocr_carea' id='block_1_27' title="bbox 67 2544 1733 2617">
    <p class='ocr_par' dir='ltr' id='par_1_27' title="bbox 67 2544 1733 2617">
     <span class='ocr_line' id='line_1_27' title="bbox 67 2544 1733 2617; baseline 0.004 -21"><span class='ocrx_word' id='word_1_204' title='bbox 67 2544 126 2596; x_wconf 77' lang='lat' dir='ltr'>rel</span> <span class='ocrx_word' id='word_1_205' title='bbox 149 2544 330 2598; x_wconf 87' lang='lat' dir='ltr'>malam</span> <span class='ocrx_word' id='word_1_206' title='bbox 355 2546 552 2610; x_wconf 86' lang='lat' dir='ltr'>vitam,</span> <span class='ocrx_word' id='word_1_207' title='bbox 583 2559 718 2598; x_wconf 88' lang='lat' dir='ltr'>anus</span> <span class='ocrx_word' id='word_1_208' title='bbox 743 2547 811 2598; x_wconf 88' lang='lat'>60</span> <span class='ocrx_word' id='word_1_209' title='bbox 869 2560 1038 2599; x_wconf 87' lang='lat' dir='ltr'>annos</span> <span class='ocrx_word' id='word_1_210' title='bbox 1067 2551 1201 2599; x_wconf 89' lang='lat' dir='ltr'>nata</span> <span class='ocrx_word' id='word_1_211' title='bbox 1241 2563 1432 2601; x_wconf 88' lang='lat' dir='ltr'>navem</span> <span class='ocrx_word' id='word_1_212' title='bbox 1465 2547 1733 2617; x_wconf 84' lang='lat' dir='ltr'>ascendit,</span> 
     </span>
    </p>
   </div>
   <div class='ocr_carea' id='block_1_28' title="bbox 67 2631 1734 2702">
    <p class='ocr_par' dir='ltr' id='par_1_28' title="bbox 67 2631 1734 2702">
     <span class='ocr_line' id='line_1_28' title="bbox 67 2631 1734 2702; baseline 0.004 -20"><span class='ocrx_word' id='word_1_213' title='bbox 67 2635 103 2682; x_wconf 78' lang='lat' dir='ltr'>et</span> <span class='ocrx_word' id='word_1_214' title='bbox 121 2631 346 2686; x_wconf 77' lang='lat' dir='ltr'>Caesarea</span> <span class='ocrx_word' id='word_1_215' title='bbox 364 2634 638 2699; x_wconf 90' lang='lat' dir='ltr'>navigans</span> <span class='ocrx_word' id='word_1_216' title='bbox 668 2634 870 2700; x_wconf 81' lang='lat' dir='ltr'>viginti</span> <span class='ocrx_word' id='word_1_217' title='bbox 892 2633 1102 2687; x_wconf 84' lang='lat' dir='ltr'>dierum</span> <span class='ocrx_word' id='word_1_218' title='bbox 1132 2636 1310 2702; x_wconf 87' lang='lat' dir='ltr'>spatio</span> <span class='ocrx_word' id='word_1_219' title='bbox 1331 2637 1552 2690; x_wconf 83' lang='lat' dir='ltr'>Romam</span> <span class='ocrx_word' id='word_1_220' title='bbox 1569 2637 1734 2689; x_wconf 86' lang='lat' dir='ltr'>venit.</span> 
     </span>
    </p>
   </div>
   <div class='ocr_carea' id='block_1_29' title="bbox 69 2719 1732 2793">
    <p class='ocr_par' dir='ltr' id='par_1_29' title="bbox 69 2719 1732 2793">
     <span class='ocr_line' id='line_1_29' title="bbox 69 2719 1732 2793; baseline 0.003 -22"><span class='ocrx_word' id='word_1_221' title='bbox 69 2719 297 2787; x_wconf 84' lang='lat' dir='ltr'>Ejusdem</span> <span class='ocrx_word' id='word_1_222' title='bbox 327 2721 385 2774; x_wconf 91' lang='lat' dir='ltr'>in</span> <span class='ocrx_word' id='word_1_223' title='bbox 417 2721 646 2774; x_wconf 86' lang='lat' dir='ltr'>Italiam</span> <span class='ocrx_word' id='word_1_224' title='bbox 671 2737 788 2775; x_wconf 88' lang='lat' dir='ltr'>una</span> <span class='ocrx_word' id='word_1_225' title='bbox 817 2737 942 2774; x_wconf 89' lang='lat' dir='ltr'>cum</span> <span class='ocrx_word' id='word_1_226' title='bbox 980 2722 1189 2775; x_wconf 78' lang='lat' dir='ltr'>Rufino</span> <span class='ocrx_word' id='word_1_227' title='bbox 1223 2722 1552 2789; x_wconf 84' lang='lat' dir='ltr'>adventum,</span> <span class='ocrx_word' id='word_1_228' title='bbox 1584 2724 1732 2793; x_wconf 84' lang='lat' dir='ltr'>ejus-</span> 
     </span>
    </p>
   </div>
   <div class='ocr_carea' id='block_1_30' title="bbox 64 2808 1733 2881">
    <p class='ocr_par' dir='ltr' id='par_1_30' title="bbox 64 2808 1733 2881">
     <span class='ocr_line' id='line_1_30' title="bbox 64 2808 1733 2881; baseline 0.002 -21"><span class='ocrx_word' id='word_1_229' title='bbox 64 2823 150 2876; x_wconf 86' lang='lat' dir='ltr'>que</span> <span class='ocrx_word' id='word_1_230' title='bbox 172 2809 400 2864; x_wconf 82' lang='lat' dir='ltr'>Romam</span> <span class='ocrx_word' id='word_1_231' title='bbox 425 2809 543 2864; x_wconf 81' lang='lat' dir='ltr'>iter</span> <span class='ocrx_word' id='word_1_232' title='bbox 563 2808 748 2863; x_wconf 90' lang='lat' dir='ltr'>fusius</span> <span class='ocrx_word' id='word_1_233' title='bbox 770 2809 1052 2864; x_wconf 82' lang='lat' dir='ltr'>describit</span> <span class='ocrx_word' id='word_1_234' title='bbox 1082 2810 1144 2863; x_wconf 92' lang='lat' dir='ltr'>in</span> <span class='ocrx_word' id='word_1_235' title='bbox 1179 2810 1418 2881; x_wconf 89' lang='lat' dir='ltr'>epistola</span> <span class='ocrx_word' id='word_1_236' title='bbox 1443 2813 1506 2865; x_wconf 90' lang='grc'><strong>10</strong></span> <span class='ocrx_word' id='word_1_237' title='bbox 1537 2811 1607 2864; x_wconf 92' lang='lat' dir='ltr'>ad</span> <span class='ocrx_word' id='word_1_238' title='bbox 1639 2812 1733 2864; x_wconf 88' lang='lat' dir='ltr'>Se-</span> 
     </span>
    </p>
   </div>
   <div class='ocr_carea' id='block_1_31' title="bbox 69 2897 1734 2968">
    <p class='ocr_par' dir='ltr' id='par_1_31' title="bbox 69 2897 1734 2968">
     <span class='ocr_line' id='line_1_31' title="bbox 69 2897 1734 2968; baseline 0.004 -22"><span class='ocrx_word' id='word_1_239' title='bbox 69 2911 231 2950; x_wconf 78' lang='lat' dir='ltr'>verum</span> <span class='ocrx_word' id='word_1_240' title='bbox 260 2897 312 2952; x_wconf 92' lang='lat' dir='ltr'>S.</span> <span class='ocrx_word' id='word_1_241' title='bbox 355 2897 658 2964; x_wconf 86' lang='lat' dir='ltr'>Paulinus,</span> <span class='ocrx_word' id='word_1_242' title='bbox 691 2898 840 2967; x_wconf 90' lang='lat' dir='ltr'>apud</span> <span class='ocrx_word' id='word_1_243' title='bbox 873 2913 1046 2967; x_wconf 87' lang='lat' dir='ltr'>quem</span> <span class='ocrx_word' id='word_1_244' title='bbox 1075 2897 1172 2951; x_wconf 87' lang='lat' dir='ltr'>illa</span> <span class='ocrx_word' id='word_1_245' title='bbox 1203 2897 1264 2951; x_wconf 90' lang='lat' dir='ltr'>in</span> <span class='ocrx_word' id='word_1_246' title='bbox 1298 2898 1610 2968; x_wconf 88' lang='lat' dir='ltr'>Campania</span> <span class='ocrx_word' id='word_1_247' title='bbox 1639 2901 1734 2952; x_wconf 88' lang='lat' dir='ltr'>ho-</span> 
     </span>
    </p>
   </div>
   <div class='ocr_carea' id='block_1_32' title="bbox 1847 521 3542 599">
    <p class='ocr_par' dir='ltr' id='par_1_32' title="bbox 1847 521 3542 599">
     <span class='ocr_line' id='line_1_32' title="bbox 1847 521 3542 599; baseline 0.009 -26"><span class='ocrx_word' id='word_1_248' title='bbox 1847 537 1913 573; x_wconf 85' lang='lat' dir='ltr'>ex</span> <span class='ocrx_word' id='word_1_249' title='bbox 1943 521 2122 575; x_wconf 86' lang='lat' dir='ltr'>altera</span> <span class='ocrx_word' id='word_1_250' title='bbox 2161 523 2466 591; x_wconf 86' lang='lat' dir='ltr'>Augustini</span> <span class='ocrx_word' id='word_1_251' title='bbox 2494 525 2560 578; x_wconf 90' lang='lat' dir='ltr'>ad</span> <span class='ocrx_word' id='word_1_252' title='bbox 2610 527 2932 580; x_wconf 86' lang='lat' dir='ltr'>Nectarium</span> <span class='ocrx_word' id='word_1_253' title='bbox 2959 530 3201 599; x_wconf 88' lang='lat' dir='ltr'>epistola</span> <span class='ocrx_word' id='word_1_254' title='bbox 3233 535 3336 586; x_wconf 72' lang='lat'>2334</span> <span class='ocrx_word' id='word_1_255' title='bbox 3384 537 3542 589; x_wconf 85' lang='lat' dir='ltr'>colli-</span> 
     </span>
    </p>
   </div>
   <div class='ocr_carea' id='block_1_33' title="bbox 1846 609 3544 686">
    <p class='ocr_par' dir='ltr' id='par_1_33' title="bbox 1846 609 3544 686">
     <span class='ocr_line' id='line_1_33' title="bbox 1846 609 3544 686; baseline 0.008 -24"><span class='ocrx_word' id='word_1_256' title='bbox 1846 609 2022 680; x_wconf 85' lang='lat' dir='ltr'>gitur,</span> <span class='ocrx_word' id='word_1_257' title='bbox 2044 611 2143 665; x_wconf 88' lang='lat' dir='ltr'>ubi</span> <span class='ocrx_word' id='word_1_258' title='bbox 2174 611 2252 665; x_wconf 89' lang='lat' dir='ltr'>ait</span> <span class='ocrx_word' id='word_1_259' title='bbox 2285 629 2298 665; x_wconf 89' lang='lat'><strong>:</strong></span> <span class='ocrx_word' id='word_1_260' title='bbox 2348 615 2484 668; x_wconf 83' lang='lat' dir='ltr'>Nam</span> <span class='ocrx_word' id='word_1_261' title='bbox 2514 629 2606 682; x_wconf 84' lang='lat' dir='ltr'>ego</span> <span class='ocrx_word' id='word_1_262' title='bbox 2660 619 3059 686; x_wconf 82' lang='lat' dir='ltr'>rescripseram,</span> <span class='ocrx_word' id='word_1_263' title='bbox 3109 635 3225 674; x_wconf 89' lang='lat' dir='ltr'>eum</span> <span class='ocrx_word' id='word_1_264' title='bbox 3249 622 3425 676; x_wconf 85' lang='lat' dir='ltr'>adhuc</span> <span class='ocrx_word' id='word_1_265' title='bbox 3442 638 3544 676; x_wconf 87' lang='lat' dir='ltr'>no-</span> 
     </span>
    </p>
   </div>
   <div class='ocr_carea' id='block_1_34' title="bbox 1849 699 3542 781">
    <p class='ocr_par' dir='ltr' id='par_1_34' title="bbox 1849 699 3542 781">
     <span class='ocr_line' id='line_1_34' title="bbox 1849 699 3542 781; baseline 0.008 -29"><span class='ocrx_word' id='word_1_266' title='bbox 1849 699 2052 754; x_wconf 88' lang='lat' dir='ltr'>biscum</span> <span class='ocrx_word' id='word_1_267' title='bbox 2082 706 2235 767; x_wconf 83' lang='lat' dir='ltr'>esset,</span> <span class='ocrx_word' id='word_1_268' title='bbox 2277 717 2446 770; x_wconf 87' lang='lat' dir='ltr'>neque</span> <span class='ocrx_word' id='word_1_269' title='bbox 2489 705 2802 770; x_wconf 84' lang='lat' dir='ltr'>navigasset</span> <span class='ocrx_word' id='word_1_270' title='bbox 2828 711 3046 761; x_wconf 88' lang='lat' dir='ltr'>sanctus</span> <span class='ocrx_word' id='word_1_271' title='bbox 3094 711 3273 774; x_wconf 80' lang='lat' dir='ltr'>frater</span> <span class='ocrx_word' id='word_1_272' title='bbox 3301 715 3542 781; x_wconf 85' lang='lat' dir='ltr'>etcoepi-</span> 
     </span>
    </p>
   </div>
   <div class='ocr_carea' id='block_1_35' title="bbox 1845 791 3547 863">
    <p class='ocr_par' dir='ltr' id='par_1_35' title="bbox 1845 791 3547 863">
     <span class='ocr_line' id='line_1_35' title="bbox 1845 791 3547 863; baseline 0.008 -23"><span class='ocrx_word' id='word_1_273' title='bbox 1845 802 2034 857; x_wconf 81' lang='lat' dir='ltr'>scopas</span> <span class='ocrx_word' id='word_1_274' title='bbox 2065 805 2209 842; x_wconf 88' lang='lat' dir='ltr'>meus</span> <span class='ocrx_word' id='word_1_275' title='bbox 2239 791 2535 844; x_wconf 88' lang='lat' dir='ltr'>Possidius.</span> <span class='ocrx_word' id='word_1_276' title='bbox 2561 794 2673 846; x_wconf 85' lang='lat' dir='ltr'>Has</span> <span class='ocrx_word' id='word_1_277' title='bbox 2721 799 2898 848; x_wconf 86' lang='lat' dir='ltr'>autem</span> <span class='ocrx_word' id='word_1_278' title='bbox 2928 811 3063 863; x_wconf 89' lang='lat' dir='ltr'>quas</span> <span class='ocrx_word' id='word_1_279' title='bbox 3094 800 3196 850; x_wconf 87' lang='lat' dir='ltr'>mei</span> <span class='ocrx_word' id='word_1_280' title='bbox 3247 813 3412 853; x_wconf 87' lang='lat' dir='ltr'>causa</span> <span class='ocrx_word' id='word_1_281' title='bbox 3461 801 3547 853; x_wconf 85' lang='lat' dir='ltr'>illi</span> 
     </span>
    </p>
   </div>
   <div class='ocr_carea' id='block_1_36' title="bbox 1847 875 3543 955">
    <p class='ocr_par' dir='ltr' id='par_1_36' title="bbox 1847 875 3543 955">
     <span class='ocr_line' id='line_1_36' title="bbox 1847 875 3543 955; baseline 0.008 -27"><span class='ocrx_word' id='word_1_282' title='bbox 1847 875 2105 942; x_wconf 86' lang='lat' dir='ltr'>dignatus</span> <span class='ocrx_word' id='word_1_283' title='bbox 2139 893 2191 931; x_wconf 89' lang='lat' dir='ltr'>cs</span> <span class='ocrx_word' id='word_1_284' title='bbox 2221 878 2462 946; x_wconf 82' lang='lat' dir='ltr'>reddere,</span> <span class='ocrx_word' id='word_1_285' title='bbox 2495 883 2676 949; x_wconf 82' lang='lat' dir='ltr'>accepi</span> <span class='ocrx_word' id='word_1_286' title='bbox 2706 898 2756 934; x_wconf 81' lang='lat' dir='ltr'>vi</span> <span class='ocrx_word' id='word_1_287' title='bbox 2796 884 2898 936; x_wconf 89' lang='lat' dir='ltr'>cal.</span> <span class='ocrx_word' id='word_1_288' title='bbox 2929 886 3148 953; x_wconf 81' lang='lat' dir='ltr'>Aprilis</span> <span class='ocrx_word' id='word_1_289' title='bbox 3174 893 3294 955; x_wconf 88' lang='lat' dir='ltr'>post</span> <span class='ocrx_word' id='word_1_290' title='bbox 3342 903 3543 942; x_wconf 85' lang='lat' dir='ltr'>menses</span> 
     </span>
    </p>
   </div>
   <div class='ocr_carea' id='block_1_37' title="bbox 1844 967 3541 1041">
    <p class='ocr_par' dir='ltr' id='par_1_37' title="bbox 1844 967 3541 1041">
     <span class='ocr_line' id='line_1_37' title="bbox 1844 967 3541 1041; baseline 0.007 -23"><span class='ocrx_word' id='word_1_291' title='bbox 1844 967 2014 1030; x_wconf 85' lang='lat' dir='ltr'>ferme</span> <span class='ocrx_word' id='word_1_292' title='bbox 2043 971 2153 1020; x_wconf 86' lang='lat' dir='ltr'>octo</span> <span class='ocrx_word' id='word_1_293' title='bbox 2194 983 2357 1035; x_wconf 90' lang='lat' dir='ltr'>quam</span> <span class='ocrx_word' id='word_1_294' title='bbox 2401 971 2746 1038; x_wconf 87' lang='lat' dir='ltr'>scripseram.</span> <span class='ocrx_word' id='word_1_295' title='bbox 2798 972 2994 1041; x_wconf 85' lang='lat' dir='ltr'>Itaque</span> <span class='ocrx_word' id='word_1_296' title='bbox 3050 974 3340 1028; x_wconf 89' lang='lat' dir='ltr'>Possidius</span> <span class='ocrx_word' id='word_1_297' title='bbox 3391 993 3541 1030; x_wconf 90' lang='lat' dir='ltr'>anno</span> 
     </span>
    </p>
   </div>
   <div class='ocr_carea' id='block_1_38' title="bbox 1848 1055 3536 1132">
    <p class='ocr_par' dir='ltr' id='par_1_38' title="bbox 1848 1055 3536 1132">
     <span class='ocr_line' id='line_1_38' title="bbox 1848 1055 3536 1132; baseline 0.006 -24"><span class='ocrx_word' id='word_1_298' title='bbox 1848 1056 1949 1109; x_wconf 87' lang='lat'>399</span> <span class='ocrx_word' id='word_1_299' title='bbox 1977 1055 2209 1110; x_wconf 88' lang='lat' dir='ltr'>ineunte</span> <span class='ocrx_word' id='word_1_300' title='bbox 2241 1059 2494 1127; x_wconf 83' lang='lat' dir='ltr'>Augusto</span> <span class='ocrx_word' id='word_1_301' title='bbox 2524 1058 2781 1112; x_wconf 92' lang='lat' dir='ltr'>nondum</span> <span class='ocrx_word' id='word_1_302' title='bbox 2802 1058 2859 1112; x_wconf 91' lang='lat' dir='ltr'>in</span> <span class='ocrx_word' id='word_1_303' title='bbox 2879 1060 3098 1113; x_wconf 86' lang='lat' dir='ltr'>Italiam</span> <span class='ocrx_word' id='word_1_304' title='bbox 3123 1064 3536 1132; x_wconf 86' lang='lat' dir='ltr'>transmiserat,</span> 
     </span>
    </p>
   </div>
   <div class='ocr_carea' id='block_1_39' title="bbox 1849 1145 3543 1219">
    <p class='ocr_par' dir='ltr' id='par_1_39' title="bbox 1849 1145 3543 1219">
     <span class='ocr_line' id='line_1_39' title="bbox 1849 1145 3543 1219; baseline 0.005 -21"><span class='ocrx_word' id='word_1_305' title='bbox 1849 1145 1946 1214; x_wconf 88' lang='lat' dir='ltr'>qui</span> <span class='ocrx_word' id='word_1_306' title='bbox 1966 1148 2159 1198; x_wconf 85' lang='lat' dir='ltr'>tamen</span> <span class='ocrx_word' id='word_1_307' title='bbox 2206 1161 2356 1199; x_wconf 87' lang='lat' dir='ltr'>anno</span> <span class='ocrx_word' id='word_1_308' title='bbox 2395 1147 2500 1202; x_wconf 87' lang='lat'>400</span> <span class='ocrx_word' id='word_1_309' title='bbox 2548 1152 2678 1201; x_wconf 88' lang='lat' dir='ltr'>ante</span> <span class='ocrx_word' id='word_1_310' title='bbox 2731 1165 2783 1200; x_wconf 76' lang='lat' dir='ltr'>v1</span> <span class='ocrx_word' id='word_1_311' title='bbox 2818 1149 2922 1202; x_wconf 89' lang='lat' dir='ltr'>cal.</span> <span class='ocrx_word' id='word_1_312' title='bbox 2958 1149 3167 1219; x_wconf 88' lang='lat' dir='ltr'>Aprilis</span> <span class='ocrx_word' id='word_1_313' title='bbox 3197 1151 3256 1204; x_wconf 91' lang='lat' dir='ltr'>in</span> <span class='ocrx_word' id='word_1_314' title='bbox 3295 1153 3543 1207; x_wconf 88' lang='lat' dir='ltr'>Africam</span> 
     </span>
    </p>
   </div>
   <div class='ocr_carea' id='block_1_40' title="bbox 1845 1231 3540 1306">
    <p class='ocr_par' dir='ltr' id='par_1_40' title="bbox 1845 1231 3540 1306">
     <span class='ocr_line' id='line_1_40' title="bbox 1845 1231 3540 1306; baseline 0.005 -20"><span class='ocrx_word' id='word_1_315' title='bbox 1845 1231 2112 1301; x_wconf 91' lang='lat' dir='ltr'>redierat,</span> <span class='ocrx_word' id='word_1_316' title='bbox 2144 1251 2272 1287; x_wconf 92' lang='lat' dir='ltr'>cum</span> <span class='ocrx_word' id='word_1_317' title='bbox 2305 1242 2436 1288; x_wconf 88' lang='lat' dir='ltr'>ante</span> <span class='ocrx_word' id='word_1_318' title='bbox 2458 1235 2600 1288; x_wconf 89' lang='lat' dir='ltr'>illud</span> <span class='ocrx_word' id='word_1_319' title='bbox 2649 1248 2873 1306; x_wconf 85' lang='lat' dir='ltr'>tempus</span> <span class='ocrx_word' id='word_1_320' title='bbox 2906 1238 3196 1292; x_wconf 81' lang='lat' dir='ltr'>Nectarius</span> <span class='ocrx_word' id='word_1_321' title='bbox 3244 1241 3540 1295; x_wconf 88' lang='lat' dir='ltr'>Calamen-</span> 
     </span>
    </p>
   </div>
   <div class='ocr_carea' id='block_1_41' title="bbox 1847 1321 3540 1394">
    <p class='ocr_par' dir='ltr' id='par_1_41' title="bbox 1847 1321 3540 1394">
     <span class='ocr_line' id='line_1_41' title="bbox 1847 1321 3540 1394; baseline 0.006 -20"><span class='ocrx_word' id='word_1_322' title='bbox 1847 1321 1920 1374; x_wconf 89' lang='lat' dir='ltr'>sis</span> <span class='ocrx_word' id='word_1_323' title='bbox 1942 1321 2130 1376; x_wconf 89' lang='lat' dir='ltr'>eidem</span> <span class='ocrx_word' id='word_1_324' title='bbox 2159 1323 2213 1377; x_wconf 91' lang='lat' dir='ltr'>S.</span> <span class='ocrx_word' id='word_1_325' title='bbox 2246 1324 2549 1394; x_wconf 87' lang='lat' dir='ltr'>Augustini</span> <span class='ocrx_word' id='word_1_326' title='bbox 2588 1323 2804 1378; x_wconf 89' lang='lat' dir='ltr'>litteras</span> <span class='ocrx_word' id='word_1_327' title='bbox 2838 1325 3152 1382; x_wconf 87' lang='lat' dir='ltr'>tradiderit.</span> <span class='ocrx_word' id='word_1_328' title='bbox 3186 1329 3302 1381; x_wconf 91' lang='lat' dir='ltr'>Imo</span> <span class='ocrx_word' id='word_1_329' title='bbox 3335 1329 3381 1382; x_wconf 89' lang='lat' dir='ltr'>si</span> <span class='ocrx_word' id='word_1_330' title='bbox 3411 1347 3540 1383; x_wconf 87' lang='lat' dir='ltr'>exa-</span> 
     </span>
    </p>
   </div>
   <div class='ocr_carea' id='block_1_42' title="bbox 1848 1409 3544 1485">
    <p class='ocr_par' dir='ltr' id='par_1_42' title="bbox 1848 1409 3544 1485">
     <span class='ocr_line' id='line_1_42' title="bbox 1848 1409 3544 1485; baseline 0.005 -23"><span class='ocrx_word' id='word_1_331' title='bbox 1848 1409 1991 1463; x_wconf 82' lang='lat' dir='ltr'>ctius</span> <span class='ocrx_word' id='word_1_332' title='bbox 2020 1426 2143 1464; x_wconf 89' lang='lat' dir='ltr'>rem</span> <span class='ocrx_word' id='word_1_333' title='bbox 2175 1411 2312 1464; x_wconf 89' lang='lat' dir='ltr'>velis</span> <span class='ocrx_word' id='word_1_334' title='bbox 2361 1412 2722 1482; x_wconf 85' lang='lat' dir='ltr'>investigare,</span> <span class='ocrx_word' id='word_1_335' title='bbox 2759 1419 2939 1480; x_wconf 86' lang='lat' dir='ltr'>notes,</span> <span class='ocrx_word' id='word_1_336' title='bbox 2981 1432 3200 1485; x_wconf 87' lang='lat' dir='ltr'>precor,</span> <span class='ocrx_word' id='word_1_337' title='bbox 3243 1417 3544 1472; x_wconf 85' lang='lat' dir='ltr'>Paulinum</span> 
     </span>
    </p>
   </div>
   <div class='ocr_carea' id='block_1_43' title="bbox 1846 1497 3546 1572">
    <p class='ocr_par' dir='ltr' id='par_1_43' title="bbox 1846 1497 3546 1572">
     <span class='ocr_line' id='line_1_43' title="bbox 1846 1497 3546 1572; baseline 0.005 -21"><span class='ocrx_word' id='word_1_338' title='bbox 1846 1497 1906 1552; x_wconf 88' lang='lat' dir='ltr'>in</span> <span class='ocrx_word' id='word_1_339' title='bbox 1936 1498 2165 1553; x_wconf 89' lang='lat' dir='ltr'>laudata</span> <span class='ocrx_word' id='word_1_340' title='bbox 2196 1500 2432 1569; x_wconf 88' lang='lat' dir='ltr'>epistola</span> <span class='ocrx_word' id='word_1_341' title='bbox 2469 1502 2557 1568; x_wconf 83' lang='lat'>44,</span> <span class='ocrx_word' id='word_1_342' title='bbox 2583 1501 2644 1555; x_wconf 91' lang='lat' dir='ltr'>in</span> <span class='ocrx_word' id='word_1_343' title='bbox 2674 1518 2787 1572; x_wconf 87' lang='lat' dir='ltr'>qua</span> <span class='ocrx_word' id='word_1_344' title='bbox 2809 1503 2878 1556; x_wconf 92' lang='lat' dir='ltr'>de</span> <span class='ocrx_word' id='word_1_345' title='bbox 2919 1503 3080 1557; x_wconf 90' lang='lat' dir='ltr'>obitu</span> <span class='ocrx_word' id='word_1_346' title='bbox 3112 1505 3293 1558; x_wconf 87' lang='lat' dir='ltr'>soceri</span> <span class='ocrx_word' id='word_1_347' title='bbox 3321 1505 3546 1560; x_wconf 90' lang='lat' dir='ltr'>Piniani</span> 
     </span>
    </p>
   </div>
   <div class='ocr_carea' id='block_1_44' title="bbox 1848 1589 3541 1665">
    <p class='ocr_par' dir='ltr' id='par_1_44' title="bbox 1848 1589 3541 1665">
     <span class='ocr_line' id='line_1_44' title="bbox 1848 1589 3541 1665; baseline 0.005 -25"><span class='ocrx_word' id='word_1_348' title='bbox 1848 1604 1910 1641; x_wconf 90' lang='lat' dir='ltr'>ac</span> <span class='ocrx_word' id='word_1_349' title='bbox 1941 1589 2262 1641; x_wconf 87' lang='lat' dir='ltr'>constantia</span> <span class='ocrx_word' id='word_1_350' title='bbox 2303 1589 2500 1642; x_wconf 89' lang='lat' dir='ltr'>matris</span> <span class='ocrx_word' id='word_1_351' title='bbox 2557 1590 2812 1644; x_wconf 83' lang='lat' dir='ltr'>Melaniae</span> <span class='ocrx_word' id='word_1_352' title='bbox 2865 1608 2995 1646; x_wconf 90' lang='lat' dir='ltr'>cum</span> <span class='ocrx_word' id='word_1_353' title='bbox 3046 1593 3215 1648; x_wconf 88' lang='lat' dir='ltr'>laude</span> <span class='ocrx_word' id='word_1_354' title='bbox 3266 1594 3541 1665; x_wconf 88' lang='lat' dir='ltr'>loquitur,</span> 
     </span>
    </p>
   </div>
   <div class='ocr_carea' id='block_1_45' title="bbox 1847 1673 3547 1748">
    <p class='ocr_par' dir='ltr' id='par_1_45' title="bbox 1847 1673 3547 1748">
     <span class='ocr_line' id='line_1_45' title="bbox 1847 1673 3547 1748; baseline 0.006 -21"><span class='ocrx_word' id='word_1_355' title='bbox 1847 1673 2091 1729; x_wconf 89' lang='lat' dir='ltr'>scribere</span> <span class='ocrx_word' id='word_1_356' title='bbox 2131 1692 2187 1729; x_wconf 91' lang='lat' dir='ltr'>se</span> <span class='ocrx_word' id='word_1_357' title='bbox 2237 1675 2384 1730; x_wconf 88' lang='lat' dir='ltr'>circa</span> <span class='ocrx_word' id='word_1_358' title='bbox 2426 1677 2578 1731; x_wconf 90' lang='lat' dir='ltr'>diem</span> <span class='ocrx_word' id='word_1_359' title='bbox 2636 1678 2843 1732; x_wconf 88' lang='lat' dir='ltr'>festum</span> <span class='ocrx_word' id='word_1_360' title='bbox 2885 1681 3271 1748; x_wconf 86' lang='lat' dir='ltr'>apostolorum</span> <span class='ocrx_word' id='word_1_361' title='bbox 3308 1683 3461 1737; x_wconf 89' lang='lat' dir='ltr'>Petri</span> <span class='ocrx_word' id='word_1_362' title='bbox 3492 1688 3547 1737; x_wconf 91' lang='lat' dir='ltr'>et</span> 
     </span>
    </p>
   </div>
   <div class='ocr_carea' id='block_1_46' title="bbox 1850 1763 3541 1838">
    <p class='ocr_par' dir='ltr' id='par_1_46' title="bbox 1850 1763 3541 1838">
     <span class='ocr_line' id='line_1_46' title="bbox 1850 1763 3541 1838; baseline 0.005 -20"><span class='ocrx_word' id='word_1_363' title='bbox 1850 1763 2010 1818; x_wconf 88' lang='lat' dir='ltr'>Pauli</span> <span class='ocrx_word' id='word_1_364' title='bbox 2044 1763 2264 1818; x_wconf 86' lang='lat' dir='ltr'>litteras</span> <span class='ocrx_word' id='word_1_365' title='bbox 2303 1766 2609 1835; x_wconf 85' lang='lat' dir='ltr'>Augustini</span> <span class='ocrx_word' id='word_1_366' title='bbox 2658 1768 2935 1838; x_wconf 85' lang='lat' dir='ltr'>accepisse</span> <span class='ocrx_word' id='word_1_367' title='bbox 2968 1785 2998 1821; x_wconf 90' lang='lat' dir='ltr'>a</span> <span class='ocrx_word' id='word_1_368' title='bbox 3032 1769 3250 1824; x_wconf 89' lang='lat' dir='ltr'>Victore</span> <span class='ocrx_word' id='word_1_369' title='bbox 3282 1771 3541 1832; x_wconf 90' lang='lat' dir='ltr'>diacono,</span> 
     </span>
    </p>
   </div>
   <div class='ocr_carea' id='block_1_47' title="bbox 1847 1853 3545 1926">
    <p class='ocr_par' dir='ltr' id='par_1_47' title="bbox 1847 1853 3545 1926">
     <span class='ocr_line' id='line_1_47' title="bbox 1847 1853 3545 1926; baseline 0.006 -21"><span class='ocrx_word' id='word_1_370' title='bbox 1847 1853 1946 1923; x_wconf 89' lang='lat' dir='ltr'>qui</span> <span class='ocrx_word' id='word_1_371' title='bbox 1986 1853 2315 1924; x_wconf 89' lang='lat' dir='ltr'>aliquandiu</span> <span class='ocrx_word' id='word_1_372' title='bbox 2357 1855 2554 1909; x_wconf 66' lang='lat' dir='ltr'>Romae</span> <span class='ocrx_word' id='word_1_373' title='bbox 2607 1860 2770 1909; x_wconf 86' lang='lat' dir='ltr'>antea</span> <span class='ocrx_word' id='word_1_374' title='bbox 2797 1862 3074 1926; x_wconf 90' lang='lat' dir='ltr'>moratus,</span> <span class='ocrx_word' id='word_1_375' title='bbox 3103 1875 3222 1912; x_wconf 91' lang='lat' dir='ltr'>non</span> <span class='ocrx_word' id='word_1_376' title='bbox 3252 1865 3545 1915; x_wconf 84' lang='lat' dir='ltr'>curaverat</span> 
     </span>
    </p>
   </div>
   <div class='ocr_carea' id='block_1_48' title="bbox 1845 1929 3544 2013">
    <p class='ocr_par' dir='ltr' id='par_1_48' title="bbox 1845 1929 3544 2013">
     <span class='ocr_line' id='line_1_48' title="bbox 1845 1929 3544 2013; baseline 0.006 -22"><span class='ocrx_word' id='word_1_377' title='bbox 1845 1938 2010 1992; x_wconf 88' lang='lat' dir='ltr'>citius</span> <span class='ocrx_word' id='word_1_378' title='bbox 2040 1941 2263 1996; x_wconf 89' lang='lat' dir='ltr'>easdem</span> <span class='ocrx_word' id='word_1_379' title='bbox 2286 1941 2352 1994; x_wconf 89' lang='lat' dir='ltr'>ad</span> <span class='ocrx_word' id='word_1_380' title='bbox 2386 1959 2442 1995; x_wconf 90' lang='lat' dir='ltr'>se</span> <span class='ocrx_word' id='word_1_381' title='bbox 2474 1929 2533 1995; x_wconf 84' lang='lat' dir='ltr'>in</span> <span class='ocrx_word' id='word_1_382' title='bbox 2561 1943 2931 2013; x_wconf 80' lang='lat' dir='ltr'>Campaniam</span> <span class='ocrx_word' id='word_1_383' title='bbox 2960 1945 3365 2000; x_wconf 87' lang='lat' dir='ltr'>transmittere.</span> <span class='ocrx_word' id='word_1_384' title='bbox 3397 1947 3544 2011; x_wconf 86' lang='lat' dir='ltr'>Quid</span> 
     </span>
    </p>
   </div>
   <div class='ocr_carea' id='block_1_49' title="bbox 1843 2028 3540 2104">
    <p class='ocr_par' dir='ltr' id='par_1_49' title="bbox 1843 2028 3540 2104">
     <span class='ocr_line' id='line_1_49' title="bbox 1843 2028 3540 2104; baseline 0.005 -23"><span class='ocrx_word' id='word_1_385' title='bbox 1843 2044 1979 2082; x_wconf 90' lang='lat' dir='ltr'>vero</span> <span class='ocrx_word' id='word_1_386' title='bbox 2009 2028 2071 2082; x_wconf 92' lang='lat' dir='ltr'>in</span> <span class='ocrx_word' id='word_1_387' title='bbox 2124 2029 2222 2083; x_wconf 89' lang='lat' dir='ltr'>illa</span> <span class='ocrx_word' id='word_1_388' title='bbox 2268 2030 2511 2101; x_wconf 89' lang='lat' dir='ltr'>epistola</span> <span class='ocrx_word' id='word_1_389' title='bbox 2553 2033 2911 2101; x_wconf 83' lang='lat' dir='ltr'>Augustinus</span> <span class='ocrx_word' id='word_1_390' title='bbox 2951 2032 3256 2104; x_wconf 84' lang='lat' dir='ltr'>scripserit,</span> <span class='ocrx_word' id='word_1_391' title='bbox 3291 2037 3540 2090; x_wconf 90' lang='lat' dir='ltr'>attende.</span> 
     </span>
    </p>
   </div>
   <div class='ocr_carea' id='block_1_50' title="bbox 1845 2118 3543 2189">
    <p class='ocr_par' dir='ltr' id='par_1_50' title="bbox 1845 2118 3543 2189">
     <span class='ocr_line' id='line_1_50' title="bbox 1845 2118 3543 2189; baseline 0.004 -18"><span class='ocrx_word' id='word_1_392' title='bbox 1845 2120 2086 2172; x_wconf 89' lang='lat' dir='ltr'>Docuisti</span> <span class='ocrx_word' id='word_1_393' title='bbox 2127 2133 2228 2186; x_wconf 90' lang='lat' dir='ltr'>me,</span> <span class='ocrx_word' id='word_1_394' title='bbox 2262 2118 2466 2189; x_wconf 87' lang='lat' dir='ltr'>inquit,</span> <span class='ocrx_word' id='word_1_395' title='bbox 2513 2122 2572 2174; x_wconf 87' lang='lat' dir='ltr'>in</span> <span class='ocrx_word' id='word_1_396' title='bbox 2609 2123 2810 2189; x_wconf 84' lang='lat' dir='ltr'>spiritu</span> <span class='ocrx_word' id='word_1_397' title='bbox 2838 2123 3084 2175; x_wconf 86' lang='lat' dir='ltr'>veritatis</span> <span class='ocrx_word' id='word_1_398' title='bbox 3107 2124 3346 2178; x_wconf 89' lang='lat' dir='ltr'>salutare</span> <span class='ocrx_word' id='word_1_399' title='bbox 3365 2125 3543 2178; x_wconf 90' lang='lat' dir='ltr'>mode-</span> 
     </span>
    </p>
   </div>
   <div class='ocr_carea' id='block_1_51' title="bbox 1843 2207 3544 2281">
    <p class='ocr_par' dir='ltr' id='par_1_51' title="bbox 1843 2207 3544 2281">
     <span class='ocr_line' id='line_1_51' title="bbox 1843 2207 3544 2281; baseline 0.005 -22"><span class='ocrx_word' id='word_1_400' title='bbox 1843 2207 2012 2261; x_wconf 88' lang='lat' dir='ltr'>randi</span> <span class='ocrx_word' id='word_1_401' title='bbox 2028 2209 2086 2260; x_wconf 90' lang='lat' dir='ltr'>in</span> <span class='ocrx_word' id='word_1_402' title='bbox 2115 2207 2355 2263; x_wconf 87' lang='lat' dir='ltr'>occiduis</span> <span class='ocrx_word' id='word_1_403' title='bbox 2375 2209 2695 2262; x_wconf 89' lang='lat' dir='ltr'>mortalibus</span> <span class='ocrx_word' id='word_1_404' title='bbox 2718 2211 2892 2263; x_wconf 87' lang='lat' dir='ltr'>animi</span> <span class='ocrx_word' id='word_1_405' title='bbox 2917 2214 3406 2279; x_wconf 86' lang='lat' dir='ltr'>temperamentum,</span> <span class='ocrx_word' id='word_1_406' title='bbox 3441 2229 3544 2281; x_wconf 88' lang='lat' dir='ltr'>quo</span> 
     </span>
    </p>
   </div>
   <div class='ocr_carea' id='block_1_52' title="bbox 1844 2297 3547 2368">
    <p class='ocr_par' dir='ltr' id='par_1_52' title="bbox 1844 2297 3547 2368">
     <span class='ocr_line' id='line_1_52' title="bbox 1844 2297 3547 2368; baseline 0.004 -19"><span class='ocrx_word' id='word_1_407' title='bbox 1844 2300 1895 2349; x_wconf 89' lang='lat' dir='ltr'>et</span> <span class='ocrx_word' id='word_1_408' title='bbox 1947 2297 2099 2350; x_wconf 90' lang='lat' dir='ltr'>illam</span> <span class='ocrx_word' id='word_1_409' title='bbox 2133 2297 2344 2351; x_wconf 80' lang='lat' dir='ltr'>beatam</span> <span class='ocrx_word' id='word_1_410' title='bbox 2383 2302 2630 2365; x_wconf 88' lang='lat' dir='ltr'>matrem,</span> <span class='ocrx_word' id='word_1_411' title='bbox 2690 2302 2739 2351; x_wconf 88' lang='lat' dir='ltr'>et</span> <span class='ocrx_word' id='word_1_412' title='bbox 2796 2301 2978 2351; x_wconf 86' lang='lat' dir='ltr'>aviam</span> <span class='ocrx_word' id='word_1_413' title='bbox 3022 2301 3313 2354; x_wconf 79' lang='lat' dir='ltr'>Melanium</span> <span class='ocrx_word' id='word_1_414' title='bbox 3341 2304 3547 2368; x_wconf 86' lang='lat' dir='ltr'>ﬂevisse</span> 
     </span>
    </p>
   </div>
   <div class='ocr_carea' id='block_1_53' title="bbox 1845 2385 3547 2455">
    <p class='ocr_par' dir='ltr' id='par_1_53' title="bbox 1845 2385 3547 2455">
     <span class='ocr_line' id='line_1_53' title="bbox 1845 2385 3547 2455; baseline 0.002 -16"><span class='ocrx_word' id='word_1_415' title='bbox 1845 2385 2115 2439; x_wconf 85' lang='lat' dir='ltr'>carnalem</span> <span class='ocrx_word' id='word_1_416' title='bbox 2147 2385 2350 2439; x_wconf 88' lang='lat' dir='ltr'>obitum</span> <span class='ocrx_word' id='word_1_417' title='bbox 2371 2388 2524 2439; x_wconf 87' lang='lat' dir='ltr'>unici</span> <span class='ocrx_word' id='word_1_418' title='bbox 2547 2387 2668 2454; x_wconf 78' lang='lat' dir='ltr'>ﬁlii,</span> <span class='ocrx_word' id='word_1_419' title='bbox 2703 2389 2973 2440; x_wconf 87' lang='lat' dir='ltr'>taciturno</span> <span class='ocrx_word' id='word_1_420' title='bbox 3004 2387 3220 2454; x_wconf 83' lang='lat' dir='ltr'>quidem</span> <span class='ocrx_word' id='word_1_421' title='bbox 3246 2391 3390 2455; x_wconf 85' lang='lat' dir='ltr'>ﬂetu,</span> <span class='ocrx_word' id='word_1_422' title='bbox 3441 2405 3547 2443; x_wconf 85' lang='lat' dir='ltr'>non</span> 
     </span>
    </p>
   </div>
   <div class='ocr_carea' id='block_1_54' title="bbox 1847 2475 3548 2541">
    <p class='ocr_par' dir='ltr' id='par_1_54' title="bbox 1847 2475 3548 2541">
     <span class='ocr_line' id='line_1_54' title="bbox 1847 2475 3548 2541; baseline 0.002 -14"><span class='ocrx_word' id='word_1_423' title='bbox 1847 2477 2024 2528; x_wconf 88' lang='lat' dir='ltr'>tamen</span> <span class='ocrx_word' id='word_1_424' title='bbox 2053 2477 2189 2528; x_wconf 86' lang='lat' dir='ltr'>sicco</span> <span class='ocrx_word' id='word_1_425' title='bbox 2214 2491 2248 2527; x_wconf 93' lang='lat' dir='ltr'>a</span> <span class='ocrx_word' id='word_1_426' title='bbox 2284 2478 2545 2528; x_wconf 88' lang='lat' dir='ltr'>maternis</span> <span class='ocrx_word' id='word_1_427' title='bbox 2596 2476 2853 2541; x_wconf 54' lang='lat' dir='ltr'>(acri/mis</span> <span class='ocrx_word' id='word_1_428' title='bbox 2883 2475 3063 2529; x_wconf 90' lang='lat' dir='ltr'>dolore</span> <span class='ocrx_word' id='word_1_429' title='bbox 3115 2477 3324 2530; x_wconf 84' lang='lat' dir='ltr'>vidisti.</span> <span class='ocrx_word' id='word_1_430' title='bbox 3362 2479 3435 2531; x_wconf 83' lang='lat' dir='ltr'>Ex</span> <span class='ocrx_word' id='word_1_431' title='bbox 3458 2478 3548 2531; x_wconf 86' lang='lat' dir='ltr'>his</span> 
     </span>
    </p>
   </div>
   <div class='ocr_carea' id='block_1_55' title="bbox 1845 2561 3548 2632">
    <p class='ocr_par' dir='ltr' id='par_1_55' title="bbox 1845 2561 3548 2632">
     <span class='ocr_line' id='line_1_55' title="bbox 1845 2561 3548 2632; baseline 0.003 -17"><span class='ocrx_word' id='word_1_432' title='bbox 1845 2561 2076 2632; x_wconf 86' lang='lat' dir='ltr'>colligas</span> <span class='ocrx_word' id='word_1_433' title='bbox 2108 2579 2368 2616; x_wconf 87' lang='lat' dir='ltr'>socerum</span> <span class='ocrx_word' id='word_1_434' title='bbox 2389 2563 2634 2630; x_wconf 90' lang='lat' dir='ltr'>Piniani,</span> <span class='ocrx_word' id='word_1_435' title='bbox 2669 2562 2853 2616; x_wconf 85' lang='lat' dir='ltr'>tilium</span> <span class='ocrx_word' id='word_1_436' title='bbox 2905 2564 3157 2617; x_wconf 81' lang='lat' dir='ltr'>Melaniae</span> <span class='ocrx_word' id='word_1_437' title='bbox 3191 2565 3454 2630; x_wconf 87' lang='lat' dir='ltr'>senioris,</span> <span class='ocrx_word' id='word_1_438' title='bbox 3491 2571 3548 2621; x_wconf 89' lang='lat' dir='ltr'>et</span> 
     </span>
    </p>
   </div>
   <div class='ocr_carea' id='block_1_56' title="bbox 1842 2649 3545 2720">
    <p class='ocr_par' dir='ltr' id='par_1_56' title="bbox 1842 2649 3545 2720">
     <span class='ocr_line' id='line_1_56' title="bbox 1842 2649 3545 2720; baseline 0.003 -18"><span class='ocrx_word' id='word_1_439' title='bbox 1842 2649 2088 2719; x_wconf 90' lang='lat' dir='ltr'>junioris</span> <span class='ocrx_word' id='word_1_440' title='bbox 2145 2655 2384 2720; x_wconf 90' lang='lat' dir='ltr'>patrem,</span> <span class='ocrx_word' id='word_1_441' title='bbox 2451 2650 2655 2704; x_wconf 90' lang='lat' dir='ltr'>obiisse</span> <span class='ocrx_word' id='word_1_442' title='bbox 2701 2657 2832 2704; x_wconf 89' lang='lat' dir='ltr'>ante</span> <span class='ocrx_word' id='word_1_443' title='bbox 2882 2649 3084 2704; x_wconf 84' lang='lat' dir='ltr'>Maium</span> <span class='ocrx_word' id='word_1_444' title='bbox 3119 2670 3209 2706; x_wconf 91' lang='lat' dir='ltr'>an.</span> <span class='ocrx_word' id='word_1_445' title='bbox 3261 2657 3382 2718; x_wconf 84' lang='lat'>399,</span> <span class='ocrx_word' id='word_1_446' title='bbox 3417 2670 3545 2707; x_wconf 91' lang='lat' dir='ltr'>cum</span> 
     </span>
    </p>
   </div>
   <div class='ocr_carea' id='block_1_57' title="bbox 1847 2738 3548 2795">
    <p class='ocr_par' dir='ltr' id='par_1_57' title="bbox 1847 2738 3548 2795">
     <span class='ocr_line' id='line_1_57' title="bbox 1847 2738 3548 2795; baseline 0.002 -3"><span class='ocrx_word' id='word_1_447' title='bbox 1847 2738 2120 2792; x_wconf 89' lang='lat' dir='ltr'>Paulinus</span> <span class='ocrx_word' id='word_1_448' title='bbox 2150 2739 2526 2792; x_wconf 86' lang='lat' dir='ltr'>constantiam</span> <span class='ocrx_word' id='word_1_449' title='bbox 2557 2738 2759 2792; x_wconf 89' lang='lat' dir='ltr'>matris</span> <span class='ocrx_word' id='word_1_450' title='bbox 2802 2739 2860 2791; x_wconf 91' lang='lat' dir='ltr'>in</span> <span class='ocrx_word' id='word_1_451' title='bbox 2894 2745 3078 2792; x_wconf 89' lang='lat' dir='ltr'>morte</span> <span class='ocrx_word' id='word_1_452' title='bbox 3109 2740 3213 2793; x_wconf 82' lang='lat' dir='ltr'>lilii</span> <span class='ocrx_word' id='word_1_453' title='bbox 3247 2757 3310 2793; x_wconf 80' lang='lat' dir='ltr'>ex</span> <span class='ocrx_word' id='word_1_454' title='bbox 3345 2741 3548 2795; x_wconf 88' lang='lat' dir='ltr'>litteris</span> 
     </span>
    </p>
   </div>
   <div class='ocr_carea' id='block_1_58' title="bbox 1846 2825 3550 2897">
    <p class='ocr_par' dir='ltr' id='par_1_58' title="bbox 1846 2825 3550 2897">
     <span class='ocr_line' id='line_1_58' title="bbox 1846 2825 3550 2897; baseline 0.002 -19"><span class='ocrx_word' id='word_1_455' title='bbox 1846 2825 2152 2896; x_wconf 81' lang='lat' dir='ltr'>Augustini</span> <span class='ocrx_word' id='word_1_456' title='bbox 2198 2825 2551 2880; x_wconf 80' lang='lat' dir='ltr'>intellexerat</span> <span class='ocrx_word' id='word_1_457' title='bbox 2593 2826 2741 2878; x_wconf 90' lang='lat' dir='ltr'>circa</span> <span class='ocrx_word' id='word_1_458' title='bbox 2790 2826 2996 2878; x_wconf 89' lang='lat' dir='ltr'>festum</span> <span class='ocrx_word' id='word_1_459' title='bbox 3029 2828 3452 2897; x_wconf 82' lang='lat' dir='ltr'>Apostolorum,</span> <span class='ocrx_word' id='word_1_460' title='bbox 3488 2833 3550 2882; x_wconf 92' lang='lat' dir='ltr'>ut</span> 
     </span>
    </p>
   </div>
   <div class='ocr_carea' id='block_1_59' title="bbox 1847 2914 3546 2985">
    <p class='ocr_par' dir='ltr' id='par_1_59' title="bbox 1847 2914 3546 2985">
     <span class='ocr_line' id='line_1_59' title="bbox 1847 2914 3546 2985; baseline 0.002 -17"><span class='ocrx_word' id='word_1_461' title='bbox 1847 2918 2090 2968; x_wconf 85' lang='lat' dir='ltr'>testatur</span> <span class='ocrx_word' id='word_1_462' title='bbox 2113 2914 2175 2968; x_wconf 94' lang='lat' dir='ltr'>in</span> <span class='ocrx_word' id='word_1_463' title='bbox 2197 2915 2439 2984; x_wconf 90' lang='lat' dir='ltr'>epistola</span> <span class='ocrx_word' id='word_1_464' title='bbox 2484 2916 2574 2981; x_wconf 88' lang='lat'>44,</span> <span class='ocrx_word' id='word_1_465' title='bbox 2614 2914 2705 2968; x_wconf 92' lang='lat' dir='ltr'>cui</span> <span class='ocrx_word' id='word_1_466' title='bbox 2734 2915 2993 2980; x_wconf 87' lang='lat' dir='ltr'>alteram,</span> <span class='ocrx_word' id='word_1_467' title='bbox 3046 2931 3173 2984; x_wconf 61' lang='lat' dir='ltr'>quas</span> <span class='ocrx_word' id='word_1_468' title='bbox 3196 2920 3280 2968; x_wconf 88' lang='lat' dir='ltr'>est</span> <span class='ocrx_word' id='word_1_469' title='bbox 3300 2919 3426 2985; x_wconf 77' lang='lat'>250,</span> <span class='ocrx_word' id='word_1_470' title='bbox 3458 2933 3546 2971; x_wconf 91' lang='lat' dir='ltr'>re-</span> 
     </span>
    </p>
   </div>
   <div class='ocr_carea' id='block_1_60' title="bbox 71 2985 1619 3075">
    <p class='ocr_par' dir='ltr' id='par_1_60' title="bbox 71 2985 1619 3054">
     <span class='ocr_line' id='line_1_60' title="bbox 71 2985 1619 3054; baseline 0.003 -18"><span class='ocrx_word' id='word_1_471' title='bbox 71 2985 237 3054; x_wconf 76' lang='lat' dir='ltr'>spitata</span> <span class='ocrx_word' id='word_1_472' title='bbox 265 2991 360 3040; x_wconf 91' lang='lat' dir='ltr'>est.</span> <span class='ocrx_word' id='word_1_473' title='bbox 399 2989 549 3042; x_wconf 81' lang='lat' dir='ltr'>Cum</span> <span class='ocrx_word' id='word_1_474' title='bbox 575 3003 706 3041; x_wconf 84' lang='lat' dir='ltr'>vero</span> <span class='ocrx_word' id='word_1_475' title='bbox 735 2987 960 3040; x_wconf 86' lang='lat' dir='ltr'>vivente</span> <span class='ocrx_word' id='word_1_476' title='bbox 1002 2986 1202 3041; x_wconf 90' lang='lat' dir='ltr'>Siricio</span> <span class='ocrx_word' id='word_1_477' title='bbox 1235 2986 1472 3042; x_wconf 89' lang='lat' dir='ltr'>Melania</span> <span class='ocrx_word' id='word_1_478' title='bbox 1502 2991 1559 3041; x_wconf 90' lang='lat' dir='ltr'>et</span> <span class='ocrx_word' id='word_1_479' title='bbox 1580 2987 1619 3041; x_wconf 84' lang='lat' dir='ltr'>R</span> 
     </span>
    </p>
   </div>
   <div class='ocr_carea' id='block_1_61' title="bbox 2001 2985 3549 3075">
    <p class='ocr_par' dir='ltr' id='par_1_61' title="bbox 2001 3002 3549 3075">
     <span class='ocr_line' id='line_1_61' title="bbox 2001 3002 3549 3075; baseline 0.002 -19"><span class='ocrx_word' id='word_1_480' title='bbox 2001 3002 2041 3056; x_wconf 90' lang='lat' dir='ltr'>it</span> <span class='ocrx_word' id='word_1_481' title='bbox 2069 3002 2442 3072; x_wconf 85' lang='lat' dir='ltr'>Augustinus,</span> <span class='ocrx_word' id='word_1_482' title='bbox 2468 3003 2710 3073; x_wconf 88' lang='lat' dir='ltr'>degente</span> <span class='ocrx_word' id='word_1_483' title='bbox 2741 3002 2802 3056; x_wconf 90' lang='lat' dir='ltr'>in</span> <span class='ocrx_word' id='word_1_484' title='bbox 2827 3002 2988 3056; x_wconf 87' lang='lat' dir='ltr'>Italia</span> <span class='ocrx_word' id='word_1_485' title='bbox 3011 3004 3398 3075; x_wconf 89' lang='lat' dir='ltr'>Possidio,qui</span> <span class='ocrx_word' id='word_1_486' title='bbox 3420 3009 3549 3075; x_wconf 90' lang='lat' dir='ltr'>post</span> 
     </span>
    </p>
   </div>
   <div class='ocr_carea' id='block_1_62' title="bbox 72 3075 1735 3146">
    <p class='ocr_par' dir='ltr' id='par_1_62' title="bbox 72 3075 1735 3146">
     <span class='ocr_line' id='line_1_62' title="bbox 72 3075 1735 3146; baseline 0.003 -22"><span class='ocrx_word' id='word_1_487' title='bbox 72 3088 155 3126; x_wconf 88' lang='lat' dir='ltr'>nus</span> <span class='ocrx_word' id='word_1_488' title='bbox 181 3076 406 3129; x_wconf 80' lang='lat' dir='ltr'>Romam</span> <span class='ocrx_word' id='word_1_489' title='bbox 428 3075 788 3141; x_wconf 85' lang='lat' dir='ltr'>advenerint,</span> <span class='ocrx_word' id='word_1_490' title='bbox 821 3080 882 3129; x_wconf 92' lang='lat' dir='ltr'>ut</span> <span class='ocrx_word' id='word_1_491' title='bbox 926 3079 1168 3130; x_wconf 89' lang='lat' dir='ltr'>testatur</span> <span class='ocrx_word' id='word_1_492' title='bbox 1201 3075 1580 3146; x_wconf 83' lang='lat' dir='ltr'>Hieronymus</span> <span class='ocrx_word' id='word_1_493' title='bbox 1605 3091 1735 3129; x_wconf 91' lang='lat' dir='ltr'>cum</span> 
     </span>
    </p>
   </div>
   <div class='ocr_carea' id='block_1_63' title="bbox 74 3162 1734 3235">
    <p class='ocr_par' dir='ltr' id='par_1_63' title="bbox 74 3162 1734 3235">
     <span class='ocr_line' id='line_1_63' title="bbox 74 3162 1734 3235; baseline 0.003 -22"><span class='ocrx_word' id='word_1_494' title='bbox 74 3162 117 3214; x_wconf 90' lang='lat' dir='ltr'>in</span> <span class='ocrx_word' id='word_1_495' title='bbox 157 3164 400 3235; x_wconf 88' lang='lat' dir='ltr'>apologia</span> <span class='ocrx_word' id='word_1_496' title='bbox 431 3165 707 3231; x_wconf 88' lang='lat' dir='ltr'>secunda,</span> <span class='ocrx_word' id='word_1_497' title='bbox 739 3169 864 3218; x_wconf 89' lang='lat' dir='ltr'>tum</span> <span class='ocrx_word' id='word_1_498' title='bbox 893 3163 952 3218; x_wconf 92' lang='lat' dir='ltr'>in</span> <span class='ocrx_word' id='word_1_499' title='bbox 985 3163 1225 3234; x_wconf 86' lang='lat' dir='ltr'>epistola</span> <span class='ocrx_word' id='word_1_500' title='bbox 1259 3167 1342 3230; x_wconf 88' lang='grc'>16,</span> <span class='ocrx_word' id='word_1_501' title='bbox 1391 3180 1520 3234; x_wconf 78' lang='lat' dir='ltr'>quae</span> <span class='ocrx_word' id='word_1_502' title='bbox 1557 3165 1734 3235; x_wconf 76' lang='lat' dir='ltr'>epita-</span> 
     </span>
    </p>
   </div>
   <div class='ocr_carea' id='block_1_64' title="bbox 73 3249 1737 3323">
    <p class='ocr_par' dir='ltr' id='par_1_64' title="bbox 73 3249 1737 3323">
     <span class='ocr_line' id='line_1_64' title="bbox 73 3249 1737 3323; baseline 0.002 -23"><span class='ocrx_word' id='word_1_503' title='bbox 73 3249 237 3312; x_wconf 79' lang='lat' dir='ltr'>phium</span> <span class='ocrx_word' id='word_1_504' title='bbox 265 3251 914 3317; x_wconf 65' lang='lat' dir='ltr'>Marcellaainscribitur,</span> <span class='ocrx_word' id='word_1_505' title='bbox 956 3252 1146 3321; x_wconf 89' lang='lat' dir='ltr'>palam</span> <span class='ocrx_word' id='word_1_506' title='bbox 1177 3251 1241 3305; x_wconf 86' lang='lat' dir='ltr'>ﬁt</span> <span class='ocrx_word' id='word_1_507' title='bbox 1279 3267 1432 3305; x_wconf 91' lang='lat' dir='ltr'>anno</span> <span class='ocrx_word' id='word_1_508' title='bbox 1485 3254 1608 3318; x_wconf 85' lang='lat'>397,</span> <span class='ocrx_word' id='word_1_509' title='bbox 1637 3251 1737 3323; x_wconf 91' lang='lat' dir='ltr'>qui</span> 
     </span>
    </p>
   </div>
   <div class='ocr_carea' id='block_1_65' title="bbox 73 3339 1738 3409">
    <p class='ocr_par' dir='ltr' id='par_1_65' title="bbox 73 3339 1738 3409">
     <span class='ocr_line' id='line_1_65' title="bbox 73 3339 1738 3409; baseline 0.002 -19"><span class='ocrx_word' id='word_1_510' title='bbox 73 3343 352 3405; x_wconf 81' lang='lat' dir='ltr'>postremus</span> <span class='ocrx_word' id='word_1_511' title='bbox 379 3339 589 3395; x_wconf 85' lang='lat' dir='ltr'>Siricio</span> <span class='ocrx_word' id='word_1_512' title='bbox 617 3339 744 3406; x_wconf 89' lang='lat' dir='ltr'>fuit,</span> <span class='ocrx_word' id='word_1_513' title='bbox 786 3339 1096 3394; x_wconf 88' lang='lat' dir='ltr'>Pinianum</span> <span class='ocrx_word' id='word_1_514' title='bbox 1119 3340 1387 3409; x_wconf 91' lang='lat' dir='ltr'>junctum</span> <span class='ocrx_word' id='word_1_515' title='bbox 1430 3340 1600 3394; x_wconf 88' lang='lat' dir='ltr'>fuisse</span> <span class='ocrx_word' id='word_1_516' title='bbox 1630 3342 1738 3394; x_wconf 86' lang='lat' dir='ltr'>Me-</span> 
     </span>
    </p>
   </div>
   <div class='ocr_carea' id='block_1_66' title="bbox 74 3425 1739 3499">
    <p class='ocr_par' dir='ltr' id='par_1_66' title="bbox 74 3425 1739 3499">
     <span class='ocr_line' id='line_1_66' title="bbox 74 3425 1739 3499; baseline 0.005 -24"><span class='ocrx_word' id='word_1_517' title='bbox 74 3425 209 3481; x_wconf 65' lang='lat' dir='ltr'>lania}</span> <span class='ocrx_word' id='word_1_518' title='bbox 248 3429 490 3498; x_wconf 88' lang='lat' dir='ltr'>juniori,</span> <span class='ocrx_word' id='word_1_519' title='bbox 527 3445 714 3499; x_wconf 89' lang='lat' dir='ltr'>neque</span> <span class='ocrx_word' id='word_1_520' title='bbox 770 3443 934 3498; x_wconf 89' lang='lat' dir='ltr'>posse</span> <span class='ocrx_word' id='word_1_521' title='bbox 981 3429 1160 3498; x_wconf 86' lang='lat' dir='ltr'>patris</span> <span class='ocrx_word' id='word_1_522' title='bbox 1192 3429 1445 3498; x_wconf 84' lang='lat' dir='ltr'>ejusdem</span> <span class='ocrx_word' id='word_1_523' title='bbox 1474 3433 1530 3483; x_wconf 90' lang='lat' dir='ltr'>et</span> <span class='ocrx_word' id='word_1_524' title='bbox 1558 3429 1739 3483; x_wconf 89' lang='lat' dir='ltr'>soceri</span> 
     </span>
    </p>
   </div>
   <div class='ocr_carea' id='block_1_67' title="bbox 75 3513 1736 3587">
    <p class='ocr_par' dir='ltr' id='par_1_67' title="bbox 75 3513 1736 3587">
     <span class='ocr_line' id='line_1_67' title="bbox 75 3513 1736 3587; baseline 0.003 -21"><span class='ocrx_word' id='word_1_525' title='bbox 75 3513 260 3570; x_wconf 83' lang='lat' dir='ltr'>Piniani</span> <span class='ocrx_word' id='word_1_526' title='bbox 286 3517 510 3572; x_wconf 89' lang='lat' dir='ltr'>obitum</span> <span class='ocrx_word' id='word_1_527' title='bbox 559 3517 821 3587; x_wconf 88' lang='lat' dir='ltr'>protrahi</span> <span class='ocrx_word' id='word_1_528' title='bbox 850 3517 938 3570; x_wconf 89' lang='lat' dir='ltr'>vel</span> <span class='ocrx_word' id='word_1_529' title='bbox 970 3532 1098 3571; x_wconf 91' lang='lat' dir='ltr'>cum</span> <span class='ocrx_word' id='word_1_530' title='bbox 1148 3517 1392 3572; x_wconf 89' lang='lat' dir='ltr'>Baronio</span> <span class='ocrx_word' id='word_1_531' title='bbox 1422 3518 1490 3571; x_wconf 91' lang='lat' dir='ltr'>ad</span> <span class='ocrx_word' id='word_1_532' title='bbox 1522 3534 1736 3571; x_wconf 91' lang='lat' dir='ltr'>annum</span> 
     </span>
    </p>
   </div>
   <div class='ocr_carea' id='block_1_68' title="bbox 73 3603 1738 3678">
    <p class='ocr_par' dir='ltr' id='par_1_68' title="bbox 73 3603 1738 3678">
     <span class='ocr_line' id='line_1_68' title="bbox 73 3603 1738 3678; baseline 0.003 -23"><span class='ocrx_word' id='word_1_533' title='bbox 73 3603 171 3672; x_wconf 80' lang='grc'>409,</span> <span class='ocrx_word' id='word_1_534' title='bbox 199 3607 276 3659; x_wconf 90' lang='lat' dir='ltr'>vel</span> <span class='ocrx_word' id='word_1_535' title='bbox 305 3623 433 3660; x_wconf 91' lang='lat' dir='ltr'>cum</span> <span class='ocrx_word' id='word_1_536' title='bbox 471 3605 757 3660; x_wconf 71' lang='lat' dir='ltr'>Chifﬂetio</span> <span class='ocrx_word' id='word_1_537' title='bbox 783 3606 843 3659; x_wconf 91' lang='lat' dir='ltr'>in</span> <span class='ocrx_word' id='word_1_538' title='bbox 875 3621 1093 3659; x_wconf 89' lang='lat' dir='ltr'>annum</span> <span class='ocrx_word' id='word_1_539' title='bbox 1124 3607 1249 3672; x_wconf 85' lang='grc'>416,</span> <span class='ocrx_word' id='word_1_540' title='bbox 1274 3623 1404 3660; x_wconf 91' lang='lat' dir='ltr'>cum</span> <span class='ocrx_word' id='word_1_541' title='bbox 1437 3607 1738 3678; x_wconf 91' lang='lat' dir='ltr'>superstite</span> 
     </span>
    </p>
   </div>
   <div class='ocr_carea' id='block_1_69' title="bbox 74 3695 1734 3750">
    <p class='ocr_par' dir='ltr' id='par_1_69' title="bbox 74 3695 1734 3750">
     <span class='ocr_line' id='line_1_69' title="bbox 74 3695 1734 3750; baseline 0.004 -7"><span class='ocrx_word' id='word_1_542' title='bbox 74 3708 230 3747; x_wconf 83' lang='lat' dir='ltr'>socero</span> <span class='ocrx_word' id='word_1_543' title='bbox 255 3711 341 3748; x_wconf 87' lang='lat' dir='ltr'>sex</span> <span class='ocrx_word' id='word_1_544' title='bbox 383 3700 615 3749; x_wconf 87' lang='lat' dir='ltr'>tantum</span> <span class='ocrx_word' id='word_1_545' title='bbox 645 3711 823 3748; x_wconf 89' lang='lat' dir='ltr'>annos</span> <span class='ocrx_word' id='word_1_546' title='bbox 852 3711 983 3748; x_wconf 91' lang='lat' dir='ltr'>cum</span> <span class='ocrx_word' id='word_1_547' title='bbox 1006 3710 1180 3748; x_wconf 84' lang='lat' dir='ltr'>uxore</span> <span class='ocrx_word' id='word_1_548' title='bbox 1213 3695 1486 3749; x_wconf 89' lang='lat' dir='ltr'>Pinianus</span> <span class='ocrx_word' id='word_1_549' title='bbox 1513 3695 1734 3750; x_wconf 82' lang='lat' dir='ltr'>vixerit.</span> 
     </span>
    </p>
   </div>
   <div class='ocr_carea' id='block_1_70' title="bbox 75 3781 1734 3855">
    <p class='ocr_par' dir='ltr' id='par_1_70' title="bbox 75 3781 1734 3855">
     <span class='ocr_line' id='line_1_70' title="bbox 75 3781 1734 3855; baseline 0.005 -24"><span class='ocrx_word' id='word_1_550' title='bbox 75 3781 227 3836; x_wconf 70' lang='lat' dir='ltr'>Exstat</span> <span class='ocrx_word' id='word_1_551' title='bbox 253 3784 318 3838; x_wconf 89' lang='lat' dir='ltr'>de</span> <span class='ocrx_word' id='word_1_552' title='bbox 347 3785 517 3839; x_wconf 85' lang='lat' dir='ltr'>obitu</span> <span class='ocrx_word' id='word_1_553' title='bbox 546 3783 724 3837; x_wconf 84' lang='lat' dir='ltr'>soceri</span> <span class='ocrx_word' id='word_1_554' title='bbox 748 3783 1008 3853; x_wconf 88' lang='lat' dir='ltr'>ejusdem</span> <span class='ocrx_word' id='word_1_555' title='bbox 1031 3783 1275 3855; x_wconf 88' lang='lat' dir='ltr'>insignis</span> <span class='ocrx_word' id='word_1_556' title='bbox 1308 3784 1553 3854; x_wconf 89' lang='lat' dir='ltr'>epistola</span> <span class='ocrx_word' id='word_1_557' title='bbox 1583 3787 1652 3839; x_wconf 86' lang='lat'>44</span> <span class='ocrx_word' id='word_1_558' title='bbox 1680 3785 1734 3839; x_wconf 93' lang='lat' dir='ltr'>S.</span> 
     </span>
    </p>
   </div>
   <div class='ocr_carea' id='block_1_71' title="bbox 77 3869 1736 3944">
    <p class='ocr_par' dir='ltr' id='par_1_71' title="bbox 77 3869 1736 3944">
     <span class='ocr_line' id='line_1_71' title="bbox 77 3869 1736 3944; baseline 0.004 -23"><span class='ocrx_word' id='word_1_559' title='bbox 77 3869 276 3939; x_wconf 87' lang='lat' dir='ltr'>Paulini,</span> <span class='ocrx_word' id='word_1_560' title='bbox 325 3889 453 3944; x_wconf 71' lang='lat' dir='ltr'>quae</span> <span class='ocrx_word' id='word_1_561' title='bbox 502 3872 654 3926; x_wconf 91' lang='lat' dir='ltr'>inter</span> <span class='ocrx_word' id='word_1_562' title='bbox 682 3871 1131 3942; x_wconf 87' lang='lat' dir='ltr'>Augustinianas</span> <span class='ocrx_word' id='word_1_563' title='bbox 1177 3877 1262 3927; x_wconf 88' lang='lat' dir='ltr'>est</span> <span class='ocrx_word' id='word_1_564' title='bbox 1310 3876 1414 3927; x_wconf 84' lang='lat'>249</span> <span class='ocrx_word' id='word_1_565' title='bbox 1436 3873 1504 3927; x_wconf 89' lang='lat' dir='ltr'>ad</span> <span class='ocrx_word' id='word_1_566' title='bbox 1536 3873 1590 3928; x_wconf 92' lang='lat' dir='ltr'>S.</span> <span class='ocrx_word' id='word_1_567' title='bbox 1623 3877 1736 3928; x_wconf 91' lang='lat' dir='ltr'>Au-</span> 
     </span>
    </p>
   </div>
   <div class='ocr_carea' id='block_1_72' title="bbox 76 3959 1740 4032">
    <p class='ocr_par' dir='ltr' id='par_1_72' title="bbox 76 3959 1740 4032">
     <span class='ocr_line' id='line_1_72' title="bbox 76 3959 1740 4032; baseline 0.002 -22"><span class='ocrx_word' id='word_1_568' title='bbox 76 3961 344 4028; x_wconf 79' lang='lat' dir='ltr'>gustinum,</span> <span class='ocrx_word' id='word_1_569' title='bbox 380 3962 480 4016; x_wconf 90' lang='lat' dir='ltr'>cui</span> <span class='ocrx_word' id='word_1_570' title='bbox 508 3963 563 4017; x_wconf 91' lang='lat' dir='ltr'>S.</span> <span class='ocrx_word' id='word_1_571' title='bbox 599 3962 795 4016; x_wconf 90' lang='lat' dir='ltr'>doctor</span> <span class='ocrx_word' id='word_1_572' title='bbox 824 3961 886 4015; x_wconf 90' lang='lat' dir='ltr'>in</span> <span class='ocrx_word' id='word_1_573' title='bbox 919 3967 1256 4032; x_wconf 88' lang='lat' dir='ltr'>sequentem</span> <span class='ocrx_word' id='word_1_574' title='bbox 1294 3959 1597 4031; x_wconf 89' lang='lat' dir='ltr'>epistolam</span> <span class='ocrx_word' id='word_1_575' title='bbox 1637 3963 1740 4015; x_wconf 82' lang='lat'><strong>250</strong></span> 
     </span>
    </p>
   </div>
   <div class='ocr_carea' id='block_1_73' title="bbox 77 4049 1736 4120">
    <p class='ocr_par' dir='ltr' id='par_1_73' title="bbox 77 4049 1736 4120">
     <span class='ocr_line' id='line_1_73' title="bbox 77 4049 1736 4120; baseline 0.003 -23"><span class='ocrx_word' id='word_1_576' title='bbox 77 4050 306 4115; x_wconf 83' lang='lat' dir='ltr'>reposuit,</span> <span class='ocrx_word' id='word_1_577' title='bbox 339 4068 405 4104; x_wconf 84' lang='lat' dir='ltr'>ex</span> <span class='ocrx_word' id='word_1_578' title='bbox 462 4067 579 4120; x_wconf 86' lang='lat' dir='ltr'>qua</span> <span class='ocrx_word' id='word_1_579' title='bbox 609 4067 792 4104; x_wconf 88' lang='lat' dir='ltr'>annus</span> <span class='ocrx_word' id='word_1_580' title='bbox 840 4050 1027 4104; x_wconf 90' lang='lat' dir='ltr'>obitus</span> <span class='ocrx_word' id='word_1_581' title='bbox 1060 4049 1164 4104; x_wconf 78' lang='lat' dir='ltr'>filii</span> <span class='ocrx_word' id='word_1_582' title='bbox 1192 4050 1448 4104; x_wconf 72' lang='lat' dir='ltr'>Melaniae</span> <span class='ocrx_word' id='word_1_583' title='bbox 1480 4049 1736 4114; x_wconf 90' lang='lat' dir='ltr'>senioris,</span> 
     </span>
    </p>
   </div>
   <div class='ocr_carea' id='block_1_74' title="bbox 77 4135 1742 4212">
    <p class='ocr_par' dir='ltr' id='par_1_74' title="bbox 77 4135 1742 4212">
     <span class='ocr_line' id='line_1_74' title="bbox 77 4135 1742 4212; baseline 0.002 -26"><span class='ocrx_word' id='word_1_584' title='bbox 77 4135 154 4202; x_wconf 91' lang='lat' dir='ltr'>qui</span> <span class='ocrx_word' id='word_1_585' title='bbox 177 4137 384 4192; x_wconf 87' lang='lat' dir='ltr'>Piniani</span> <span class='ocrx_word' id='word_1_586' title='bbox 426 4155 593 4192; x_wconf 90' lang='lat' dir='ltr'>socer</span> <span class='ocrx_word' id='word_1_587' title='bbox 639 4138 763 4207; x_wconf 91' lang='lat' dir='ltr'>fuit,</span> <span class='ocrx_word' id='word_1_588' title='bbox 798 4139 947 4193; x_wconf 88' lang='lat' dir='ltr'>clare</span> <span class='ocrx_word' id='word_1_589' title='bbox 978 4138 1122 4192; x_wconf 88' lang='lat' dir='ltr'>mihi</span> <span class='ocrx_word' id='word_1_590' title='bbox 1155 4137 1470 4192; x_wconf 90' lang='lat' dir='ltr'>deducitur.</span> <span class='ocrx_word' id='word_1_591' title='bbox 1504 4139 1631 4212; x_wconf 81' lang='lat' dir='ltr'>Haec</span> <span class='ocrx_word' id='word_1_592' title='bbox 1661 4137 1742 4191; x_wconf 86' lang='lat' dir='ltr'>ibi</span> 
     </span>
    </p>
   </div>
   <div class='ocr_carea' id='block_1_75' title="bbox 77 4222 1741 4294">
    <p class='ocr_par' dir='ltr' id='par_1_75' title="bbox 77 4222 1741 4294">
     <span class='ocr_line' id='line_1_75' title="bbox 77 4222 1741 4294; baseline 0.002 -17"><span class='ocrx_word' id='word_1_593' title='bbox 77 4222 346 4292; x_wconf 85' lang='lat' dir='ltr'>leguntur:</span> <span class='ocrx_word' id='word_1_594' title='bbox 392 4228 632 4282; x_wconf 76' lang='lat' dir='ltr'>Proinde</span> <span class='ocrx_word' id='word_1_595' title='bbox 671 4227 744 4281; x_wconf 89' lang='lat' dir='ltr'>ad</span> <span class='ocrx_word' id='word_1_596' title='bbox 789 4230 953 4282; x_wconf 88' lang='lat' dir='ltr'>istam</span> <span class='ocrx_word' id='word_1_597' title='bbox 1000 4229 1264 4294; x_wconf 75' lang='lat' dir='ltr'>laetitiam,</span> <span class='ocrx_word' id='word_1_598' title='bbox 1318 4243 1436 4294; x_wconf 69' lang='lat' dir='ltr'>qua:</span> <span class='ocrx_word' id='word_1_599' title='bbox 1469 4227 1741 4281; x_wconf 86' lang='lat' dir='ltr'>vobiscum</span> 
     </span>
    </p>
   </div>
   <div class='ocr_carea' id='block_1_76' title="bbox 77 4315 1740 4385">
    <p class='ocr_par' dir='ltr' id='par_1_76' title="bbox 77 4315 1740 4385">
     <span class='ocr_line' id='line_1_76' title="bbox 77 4315 1740 4385; baseline 0.002 -22"><span class='ocrx_word' id='word_1_600' title='bbox 77 4317 136 4365; x_wconf 77' lang='lat' dir='ltr'>est</span> <span class='ocrx_word' id='word_1_601' title='bbox 158 4316 318 4377; x_wconf 82' lang='lat' dir='ltr'>frater</span> <span class='ocrx_word' id='word_1_602' title='bbox 367 4317 669 4382; x_wconf 86' lang='lat' dir='ltr'>Possidius,</span> <span class='ocrx_word' id='word_1_603' title='bbox 715 4332 834 4370; x_wconf 90' lang='lat' dir='ltr'>cum</span> <span class='ocrx_word' id='word_1_604' title='bbox 860 4332 928 4371; x_wconf 68' lang='lat' dir='ltr'>ea:</span> <span class='ocrx_word' id='word_1_605' title='bbox 958 4317 1075 4385; x_wconf 86' lang='lat' dir='ltr'>ipso</span> <span class='ocrx_word' id='word_1_606' title='bbox 1108 4315 1416 4383; x_wconf 86' lang='lat' dir='ltr'>audieritis,</span> <span class='ocrx_word' id='word_1_607' title='bbox 1450 4331 1614 4383; x_wconf 90' lang='lat' dir='ltr'>quam</span> <span class='ocrx_word' id='word_1_608' title='bbox 1644 4317 1740 4368; x_wconf 86' lang='lat' dir='ltr'>tri-</span> 
     </span>
    </p>
   </div>
   <div class='ocr_carea' id='block_1_77' title="bbox 78 4403 1738 4475">
    <p class='ocr_par' dir='ltr' id='par_1_77' title="bbox 78 4403 1738 4475">
     <span class='ocr_line' id='line_1_77' title="bbox 78 4403 1738 4475; baseline 0.005 -25"><span class='ocrx_word' id='word_1_609' title='bbox 78 4403 152 4454; x_wconf 82' lang='lat' dir='ltr'>stis</span> <span class='ocrx_word' id='word_1_610' title='bbox 170 4418 274 4457; x_wconf 85' lang='lat' dir='ltr'>eum</span> <span class='ocrx_word' id='word_1_611' title='bbox 290 4421 450 4460; x_wconf 89' lang='lat' dir='ltr'>causa</span> <span class='ocrx_word' id='word_1_612' title='bbox 483 4406 819 4475; x_wconf 83' lang='lat' dir='ltr'>compulerit,</span> <span class='ocrx_word' id='word_1_613' title='bbox 840 4406 934 4458; x_wconf 88' lang='lat' dir='ltr'>hoc</span> <span class='ocrx_word' id='word_1_614' title='bbox 964 4420 1045 4458; x_wconf 88' lang='lat' dir='ltr'>me</span> <span class='ocrx_word' id='word_1_615' title='bbox 1080 4406 1355 4458; x_wconf 87' lang='lat' dir='ltr'>verissime</span> <span class='ocrx_word' id='word_1_616' title='bbox 1395 4405 1738 4469; x_wconf 88' lang='lat' dir='ltr'>cognoscetis,</span> 
     </span>
    </p>
   </div>
   <div class='ocr_carea' id='block_1_78' title="bbox 81 4491 1740 4563">
    <p class='ocr_par' dir='ltr' id='par_1_78' title="bbox 81 4491 1740 4563">
     <span class='ocr_line' id='line_1_78' title="bbox 81 4491 1740 4563; baseline 0.003 -24"><span class='ocrx_word' id='word_1_617' title='bbox 81 4492 164 4542; x_wconf 81' lang='lat' dir='ltr'>etc.</span> <span class='ocrx_word' id='word_1_618' title='bbox 188 4491 374 4547; x_wconf 90' lang='lat' dir='ltr'>Tristis</span> <span class='ocrx_word' id='word_1_619' title='bbox 405 4510 539 4548; x_wconf 91' lang='lat' dir='ltr'>vero</span> <span class='ocrx_word' id='word_1_620' title='bbox 581 4510 750 4547; x_wconf 88' lang='lat' dir='ltr'>causa</span> <span class='ocrx_word' id='word_1_621' title='bbox 807 4509 936 4563; x_wconf 87' lang='lat' dir='ltr'>quae</span> <span class='ocrx_word' id='word_1_622' title='bbox 965 4493 1288 4546; x_wconf 90' lang='lat' dir='ltr'>Possidium</span> <span class='ocrx_word' id='word_1_623' title='bbox 1320 4491 1648 4562; x_wconf 89' lang='lat' dir='ltr'>episcopum</span> <span class='ocrx_word' id='word_1_624' title='bbox 1671 4491 1740 4545; x_wconf 88' lang='lat' dir='ltr'>ad</span> 
     </span>
    </p>
   </div>
   <div class='ocr_carea' id='block_1_79' title="bbox 82 4577 1740 4651">
    <p class='ocr_par' dir='ltr' id='par_1_79' title="bbox 82 4577 1740 4651">
     <span class='ocr_line' id='line_1_79' title="bbox 82 4577 1740 4651; baseline 0.004 -26"><span class='ocrx_word' id='word_1_625' title='bbox 82 4577 427 4647; x_wconf 86' lang='lat' dir='ltr'>navigandum</span> <span class='ocrx_word' id='word_1_626' title='bbox 455 4581 516 4635; x_wconf 92' lang='lat' dir='ltr'>in</span> <span class='ocrx_word' id='word_1_627' title='bbox 553 4581 775 4635; x_wconf 90' lang='lat' dir='ltr'>Italiam</span> <span class='ocrx_word' id='word_1_628' title='bbox 807 4580 1103 4651; x_wconf 88' lang='lat' dir='ltr'>compulit,</span> <span class='ocrx_word' id='word_1_629' title='bbox 1136 4580 1384 4634; x_wconf 88' lang='lat' dir='ltr'>traditur</span> <span class='ocrx_word' id='word_1_630' title='bbox 1427 4579 1498 4633; x_wconf 91' lang='lat' dir='ltr'>ab</span> <span class='ocrx_word' id='word_1_631' title='bbox 1537 4579 1740 4633; x_wconf 91' lang='lat' dir='ltr'>eodem</span> 
     </span>
    </p>
   </div>
   <div class='ocr_carea' id='block_1_80' title="bbox 81 4665 1742 4739">
    <p class='ocr_par' dir='ltr' id='par_1_80' title="bbox 81 4665 1742 4739">
     <span class='ocr_line' id='line_1_80' title="bbox 81 4665 1742 4739; baseline 0.004 -26"><span class='ocrx_word' id='word_1_632' title='bbox 81 4665 356 4735; x_wconf 72' lang='lat' dir='ltr'>Augustino</span> <span class='ocrx_word' id='word_1_633' title='bbox 391 4669 558 4739; x_wconf 89' lang='lat' dir='ltr'>epist.</span> <span class='ocrx_word' id='word_1_634' title='bbox 607 4673 713 4723; x_wconf 92' lang='lat'><strong>202</strong></span> <span class='ocrx_word' id='word_1_635' title='bbox 743 4669 814 4723; x_wconf 91' lang='lat' dir='ltr'>ad</span> <span class='ocrx_word' id='word_1_636' title='bbox 854 4668 1199 4723; x_wconf 86' lang='lat' dir='ltr'>Nectarium.</span> <span class='ocrx_word' id='word_1_637' title='bbox 1232 4667 1462 4722; x_wconf 90' lang='lat' dir='ltr'>Etenim</span> <span class='ocrx_word' id='word_1_638' title='bbox 1502 4667 1742 4738; x_wconf 86' lang='lat' dir='ltr'>gentiles</span> 
     </span>
    </p>
   </div>
   <div class='ocr_carea' id='block_1_81' title="bbox 81 4751 1740 4828">
    <p class='ocr_par' dir='ltr' id='par_1_81' title="bbox 81 4751 1740 4828">
     <span class='ocr_line' id='line_1_81' title="bbox 81 4751 1740 4828; baseline 0.003 -25"><span class='ocrx_word' id='word_1_639' title='bbox 81 4751 286 4809; x_wconf 59' lang='lat' dir='ltr'>Calamus</span> <span class='ocrx_word' id='word_1_640' title='bbox 309 4757 372 4811; x_wconf 86' lang='lat' dir='ltr'>in</span> <span class='ocrx_word' id='word_1_641' title='bbox 399 4758 693 4824; x_wconf 86' lang='lat' dir='ltr'>Numidia,</span> <span class='ocrx_word' id='word_1_642' title='bbox 722 4759 885 4828; x_wconf 86' lang='lat' dir='ltr'>cujus</span> <span class='ocrx_word' id='word_1_643' title='bbox 935 4757 1109 4810; x_wconf 89' lang='lat' dir='ltr'>sacris</span> <span class='ocrx_word' id='word_1_644' title='bbox 1141 4756 1430 4811; x_wconf 89' lang='lat' dir='ltr'>Possidius</span> <span class='ocrx_word' id='word_1_645' title='bbox 1476 4759 1740 4826; x_wconf 69' lang='lat' dir='ltr'>praeerat,</span> 
     </span>
    </p>
   </div>
   <div class='ocr_carea' id='block_1_82' title="bbox 80 4836 1741 4917">
    <p class='ocr_par' dir='ltr' id='par_1_82' title="bbox 80 4836 1741 4917">
     <span class='ocr_line' id='line_1_82' title="bbox 80 4836 1741 4917; baseline 0.005 -28"><span class='ocrx_word' id='word_1_646' title='bbox 80 4836 196 4895; x_wconf 73' lang='lat' dir='ltr'>facto</span> <span class='ocrx_word' id='word_1_647' title='bbox 223 4847 490 4915; x_wconf 87' lang='lat' dir='ltr'>tumultu,</span> <span class='ocrx_word' id='word_1_648' title='bbox 522 4846 808 4917; x_wconf 88' lang='lat' dir='ltr'>lapidibus</span> <span class='ocrx_word' id='word_1_649' title='bbox 840 4845 972 4900; x_wconf 91' lang='lat' dir='ltr'>dein</span> <span class='ocrx_word' id='word_1_650' title='bbox 1004 4845 1220 4899; x_wconf 84' lang='lat' dir='ltr'>facibus</span> <span class='ocrx_word' id='word_1_651' title='bbox 1248 4845 1545 4898; x_wconf 88' lang='lat' dir='ltr'>ecclesiam</span> <span class='ocrx_word' id='word_1_652' title='bbox 1575 4844 1741 4899; x_wconf 88' lang='lat' dir='ltr'>Chri-</span> 
     </span>
    </p>
   </div>
   <div class='ocr_carea' id='block_1_83' title="bbox 82 4928 1744 5005">
    <p class='ocr_par' dir='ltr' id='par_1_83' title="bbox 82 4928 1744 5005">
     <span class='ocr_line' id='line_1_83' title="bbox 82 4928 1744 5005; baseline 0.005 -27"><span class='ocrx_word' id='word_1_653' title='bbox 82 4928 360 4988; x_wconf 85' lang='lat' dir='ltr'>stianorum</span> <span class='ocrx_word' id='word_1_654' title='bbox 395 4940 647 4989; x_wconf 87' lang='lat' dir='ltr'>evertere</span> <span class='ocrx_word' id='word_1_655' title='bbox 692 4933 899 4997; x_wconf 86' lang='lat' dir='ltr'>conati,</span> <span class='ocrx_word' id='word_1_656' title='bbox 931 4934 1119 5005; x_wconf 91' lang='lat' dir='ltr'>ipsum</span> <span class='ocrx_word' id='word_1_657' title='bbox 1174 4933 1494 4987; x_wconf 88' lang='lat' dir='ltr'>Possidium</span> <span class='ocrx_word' id='word_1_658' title='bbox 1521 4933 1744 5004; x_wconf 91' lang='lat' dir='ltr'>episco-</span> 
     </span>
    </p>
   </div>
   <div class='ocr_carea' id='block_1_84' title="bbox 84 5019 1747 5093">
    <p class='ocr_par' dir='ltr' id='par_1_84' title="bbox 84 5019 1747 5093">
     <span class='ocr_line' id='line_1_84' title="bbox 84 5019 1747 5093; baseline 0.001 -22"><span class='ocrx_word' id='word_1_659' title='bbox 84 5029 193 5082; x_wconf 82' lang='lat' dir='ltr'>pum</span> <span class='ocrx_word' id='word_1_660' title='bbox 239 5021 307 5074; x_wconf 91' lang='lat' dir='ltr'>ad</span> <span class='ocrx_word' id='word_1_661' title='bbox 357 5038 555 5077; x_wconf 90' lang='lat' dir='ltr'>necem</span> <span class='ocrx_word' id='word_1_662' title='bbox 605 5022 1005 5093; x_wconf 64' lang='lat' dir='ltr'>quaesiverant.</span> <span class='ocrx_word' id='word_1_663' title='bbox 1058 5020 1223 5084; x_wconf 89' lang='lat' dir='ltr'>Quod</span> <span class='ocrx_word' id='word_1_664' title='bbox 1272 5019 1493 5074; x_wconf 88' lang='lat' dir='ltr'>facinus</span> <span class='ocrx_word' id='word_1_665' title='bbox 1550 5019 1747 5073; x_wconf 90' lang='lat' dir='ltr'>scribit</span> 
     </span>
    </p>
   </div>
   <div class='ocr_carea' id='block_1_85' title="bbox 82 5107 1744 5182">
    <p class='ocr_par' dir='ltr' id='par_1_85' title="bbox 82 5107 1744 5182">
     <span class='ocr_line' id='line_1_85' title="bbox 82 5107 1744 5182; baseline 0.004 -26"><span class='ocrx_word' id='word_1_666' title='bbox 82 5107 397 5175; x_wconf 74' lang='lat' dir='ltr'>Augustinus</span> <span class='ocrx_word' id='word_1_667' title='bbox 450 5114 837 5182; x_wconf 85' lang='lat' dir='ltr'>perpetratum</span> <span class='ocrx_word' id='word_1_668' title='bbox 869 5109 1136 5163; x_wconf 87' lang='lat' dir='ltr'>adversus</span> <span class='ocrx_word' id='word_1_669' title='bbox 1171 5109 1566 5162; x_wconf 87' lang='lat' dir='ltr'>recentissimas</span> <span class='ocrx_word' id='word_1_670' title='bbox 1605 5109 1744 5174; x_wconf 85' lang='lat' dir='ltr'>leges</span> 
     </span>
    </p>
   </div>
   <div class='ocr_carea' id='block_1_86' title="bbox 85 5195 1744 5269">
    <p class='ocr_par' dir='ltr' id='par_1_86' title="bbox 85 5195 1744 5269">
     <span class='ocr_line' id='line_1_86' title="bbox 85 5195 1744 5269; baseline 0.003 -27"><span class='ocrx_word' id='word_1_671' title='bbox 85 5199 250 5249; x_wconf 85' lang='lat' dir='ltr'>contra</span> <span class='ocrx_word' id='word_1_672' title='bbox 270 5213 522 5269; x_wconf 87' lang='lat' dir='ltr'>paganos</span> <span class='ocrx_word' id='word_1_673' title='bbox 542 5199 609 5252; x_wconf 85' lang='lat' dir='ltr'>ab</span> <span class='ocrx_word' id='word_1_674' title='bbox 638 5197 1080 5268; x_wconf 87' lang='lat' dir='ltr'>imperatoribus</span> <span class='ocrx_word' id='word_1_675' title='bbox 1109 5196 1352 5250; x_wconf 88' lang='lat' dir='ltr'>Arcadio</span> <span class='ocrx_word' id='word_1_676' title='bbox 1393 5200 1448 5249; x_wconf 90' lang='lat' dir='ltr'>et</span> <span class='ocrx_word' id='word_1_677' title='bbox 1493 5195 1744 5248; x_wconf 88' lang='lat' dir='ltr'>Honorio</span> 
     </span>
    </p>
   </div>
   <div class='ocr_carea' id='block_1_87' title="bbox 84 5277 1744 5357">
    <p class='ocr_par' dir='ltr' id='par_1_87' title="bbox 84 5277 1744 5357">
     <span class='ocr_line' id='line_1_87' title="bbox 84 5277 1744 5357; baseline 0.002 -23"><span class='ocrx_word' id='word_1_678' title='bbox 84 5277 198 5335; x_wconf 83' lang='lat' dir='ltr'>latas</span> <span class='ocrx_word' id='word_1_679' title='bbox 255 5285 312 5339; x_wconf 88' lang='lat' dir='ltr'>in</span> <span class='ocrx_word' id='word_1_680' title='bbox 360 5287 544 5342; x_wconf 81' lang='lat' dir='ltr'>Africa</span> <span class='ocrx_word' id='word_1_681' title='bbox 595 5304 685 5342; x_wconf 69' lang='lat' dir='ltr'>xxv</span> <span class='ocrx_word' id='word_1_682' title='bbox 742 5287 842 5340; x_wconf 90' lang='lat' dir='ltr'>cal.</span> <span class='ocrx_word' id='word_1_683' title='bbox 900 5286 1131 5357; x_wconf 88' lang='lat' dir='ltr'>Aprilis,</span> <span class='ocrx_word' id='word_1_684' title='bbox 1191 5285 1395 5339; x_wconf 86' lang='lat' dir='ltr'>Manlio</span> <span class='ocrx_word' id='word_1_685' title='bbox 1445 5283 1744 5338; x_wconf 90' lang='lat' dir='ltr'>Theodoro</span> 
     </span>
    </p>
   </div>
   <div class='ocr_carea' id='block_1_88' title="bbox 87 5372 1746 5445">
    <p class='ocr_par' dir='ltr' id='par_1_88' title="bbox 87 5372 1746 5445">
     <span class='ocr_line' id='line_1_88' title="bbox 87 5372 1746 5445; baseline 0.002 -22"><span class='ocrx_word' id='word_1_686' title='bbox 87 5382 208 5436; x_wconf 71' lang='lat'>603.,</span> <span class='ocrx_word' id='word_1_687' title='bbox 239 5390 440 5445; x_wconf 90' lang='lat' dir='ltr'>nempe</span> <span class='ocrx_word' id='word_1_688' title='bbox 472 5393 620 5430; x_wconf 90' lang='lat' dir='ltr'>anno</span> <span class='ocrx_word' id='word_1_689' title='bbox 650 5379 773 5442; x_wconf 85' lang='lat'>399,</span> <span class='ocrx_word' id='word_1_690' title='bbox 806 5379 871 5429; x_wconf 90' lang='lat' dir='ltr'>ut</span> <span class='ocrx_word' id='word_1_691' title='bbox 914 5375 1068 5429; x_wconf 88' lang='lat' dir='ltr'>idem</span> <span class='ocrx_word' id='word_1_692' title='bbox 1098 5377 1336 5428; x_wconf 89' lang='lat' dir='ltr'>testatur</span> <span class='ocrx_word' id='word_1_693' title='bbox 1375 5372 1474 5429; x_wconf 91' lang='lat' dir='ltr'>lib.</span> <span class='ocrx_word' id='word_1_694' title='bbox 1515 5387 1653 5428; x_wconf 79' lang='lat' dir='ltr'>xvm</span> <span class='ocrx_word' id='word_1_695' title='bbox 1675 5372 1746 5426; x_wconf 91' lang='lat' dir='ltr'>de</span> 
     </span>
    </p>
   </div>
   <div class='ocr_carea' id='block_1_89' title="bbox 89 5455 1745 5535">
    <p class='ocr_par' dir='ltr' id='par_1_89' title="bbox 89 5455 1745 5535">
     <span class='ocr_line' id='line_1_89' title="bbox 89 5455 1745 5535; baseline 0.004 -27"><span class='ocrx_word' id='word_1_696' title='bbox 89 5455 221 5514; x_wconf 79' lang='lat' dir='ltr'>Civil.</span> <span class='ocrx_word' id='word_1_697' title='bbox 252 5462 369 5528; x_wconf 91' lang='lat' dir='ltr'>Dei,</span> <span class='ocrx_word' id='word_1_698' title='bbox 402 5480 521 5535; x_wconf 89' lang='lat' dir='ltr'>cap.</span> <span class='ocrx_word' id='word_1_699' title='bbox 547 5468 629 5519; x_wconf 79' lang='lat'>54.</span> <span class='ocrx_word' id='word_1_700' title='bbox 664 5467 727 5519; x_wconf 91' lang='lat' dir='ltr'>In</span> <span class='ocrx_word' id='word_1_701' title='bbox 751 5465 951 5518; x_wconf 87' lang='lat' dir='ltr'>eadem</span> <span class='ocrx_word' id='word_1_702' title='bbox 982 5479 1113 5517; x_wconf 90' lang='lat' dir='ltr'>vero</span> <span class='ocrx_word' id='word_1_703' title='bbox 1137 5463 1378 5533; x_wconf 86' lang='lat' dir='ltr'>epistola</span> <span class='ocrx_word' id='word_1_704' title='bbox 1406 5462 1484 5515; x_wconf 90' lang='lat' dir='ltr'>ait</span> <span class='ocrx_word' id='word_1_705' title='bbox 1530 5461 1745 5515; x_wconf 85' lang='lat' dir='ltr'>tumul-</span> 
     </span>
    </p>
   </div>
   <div class='ocr_carea' id='block_1_90' title="bbox 89 5547 1747 5621">
    <p class='ocr_par' dir='ltr' id='par_1_90' title="bbox 89 5547 1747 5621">
     <span class='ocr_line' id='line_1_90' title="bbox 89 5547 1747 5621; baseline 0.006 -27"><span class='ocrx_word' id='word_1_706' title='bbox 89 5547 276 5603; x_wconf 89' lang='lat' dir='ltr'>tuatum</span> <span class='ocrx_word' id='word_1_707' title='bbox 306 5565 338 5604; x_wconf 89' lang='lat' dir='ltr'>a</span> <span class='ocrx_word' id='word_1_708' title='bbox 357 5552 665 5621; x_wconf 82' lang='lat' dir='ltr'>gentilibus</span> <span class='ocrx_word' id='word_1_709' title='bbox 705 5552 943 5607; x_wconf 84' lang='lat' dir='ltr'>catendis</span> <span class='ocrx_word' id='word_1_710' title='bbox 971 5553 1170 5619; x_wconf 75' lang='lat' dir='ltr'>Iuniis,</span> <span class='ocrx_word' id='word_1_711' title='bbox 1199 5551 1338 5606; x_wconf 91' lang='lat' dir='ltr'>dum</span> <span class='ocrx_word' id='word_1_712' title='bbox 1390 5549 1474 5604; x_wconf 88' lang='lat' dir='ltr'>illi</span> <span class='ocrx_word' id='word_1_713' title='bbox 1506 5548 1747 5604; x_wconf 83' lang='lat' dir='ltr'>Floralia</span> 
     </span>
    </p>
   </div>
   <div class='ocr_carea' id='block_1_91' title="bbox 1844 3090 3548 3162">
    <p class='ocr_par' dir='ltr' id='par_1_91' title="bbox 1844 3090 3548 3162">
     <span class='ocr_line' id='line_1_91' title="bbox 1844 3090 3548 3162; baseline 0.001 -17"><span class='ocrx_word' id='word_1_714' title='bbox 1844 3090 2059 3145; x_wconf 82' lang='lat' dir='ltr'>Julium</span> <span class='ocrx_word' id='word_1_715' title='bbox 2087 3090 2346 3160; x_wconf 86' lang='lat' dir='ltr'>ejusdem</span> <span class='ocrx_word' id='word_1_716' title='bbox 2368 3091 2524 3158; x_wconf 88' lang='lat' dir='ltr'>anni,</span> <span class='ocrx_word' id='word_1_717' title='bbox 2579 3107 2645 3145; x_wconf 80' lang='lat' dir='ltr'>ex</span> <span class='ocrx_word' id='word_1_718' title='bbox 2677 3090 2840 3162; x_wconf 91' lang='lat' dir='ltr'>epist.</span> <span class='ocrx_word' id='word_1_719' title='bbox 2872 3093 2997 3158; x_wconf 81' lang='lat'><strong>254,</strong></span> <span class='ocrx_word' id='word_1_720' title='bbox 3044 3109 3111 3146; x_wconf 87' lang='lat' dir='ltr'>ex</span> <span class='ocrx_word' id='word_1_721' title='bbox 3141 3092 3328 3146; x_wconf 86' lang='lat' dir='ltr'>Africa</span> <span class='ocrx_word' id='word_1_722' title='bbox 3351 3093 3420 3147; x_wconf 89' lang='lat' dir='ltr'>ad</span> <span class='ocrx_word' id='word_1_723' title='bbox 3452 3110 3548 3146; x_wconf 89' lang='lat' dir='ltr'>co-</span> 
     </span>
    </p>
   </div>
   <div class='ocr_carea' id='block_1_92' title="bbox 1845 3174 3550 3248">
    <p class='ocr_par' dir='ltr' id='par_1_92' title="bbox 1845 3174 3550 3248">
     <span class='ocr_line' id='line_1_92' title="bbox 1845 3174 3550 3248; baseline 0.003 -21"><span class='ocrx_word' id='word_1_724' title='bbox 1845 3174 2112 3228; x_wconf 87' lang='lat' dir='ltr'>mitatum</span> <span class='ocrx_word' id='word_1_725' title='bbox 2134 3174 2517 3246; x_wconf 88' lang='lat' dir='ltr'>navigaverat.</span> <span class='ocrx_word' id='word_1_726' title='bbox 2555 3177 2683 3229; x_wconf 68' lang='lat' dir='ltr'>Hinc</span> <span class='ocrx_word' id='word_1_727' title='bbox 2713 3175 2892 3229; x_wconf 83' lang='lat' dir='ltr'>fusius</span> <span class='ocrx_word' id='word_1_728' title='bbox 2913 3175 3047 3238; x_wconf 87' lang='lat' dir='ltr'>dixi,</span> <span class='ocrx_word' id='word_1_729' title='bbox 3075 3193 3191 3229; x_wconf 89' lang='lat' dir='ltr'>non</span> <span class='ocrx_word' id='word_1_730' title='bbox 3221 3178 3373 3248; x_wconf 90' lang='lat' dir='ltr'>quod</span> <span class='ocrx_word' id='word_1_731' title='bbox 3406 3177 3550 3232; x_wconf 91' lang='lat' dir='ltr'>tanti</span> 
     </span>
    </p>
   </div>
   <div class='ocr_carea' id='block_1_93' title="bbox 1844 3262 3550 3334">
    <p class='ocr_par' dir='ltr' id='par_1_93' title="bbox 1844 3262 3550 3334">
     <span class='ocr_line' id='line_1_93' title="bbox 1844 3262 3550 3334; baseline 0.002 -18"><span class='ocrx_word' id='word_1_732' title='bbox 1844 3262 2019 3316; x_wconf 89' lang='lat' dir='ltr'>fuerit</span> <span class='ocrx_word' id='word_1_733' title='bbox 2047 3267 2172 3317; x_wconf 89' lang='lat' dir='ltr'>tuas</span> <span class='ocrx_word' id='word_1_734' title='bbox 2196 3263 2265 3317; x_wconf 90' lang='lat' dir='ltr'>de</span> <span class='ocrx_word' id='word_1_735' title='bbox 2315 3263 2522 3317; x_wconf 88' lang='lat' dir='ltr'>Albino</span> <span class='ocrx_word' id='word_1_736' title='bbox 2573 3279 2770 3317; x_wconf 88' lang='lat' dir='ltr'>socero</span> <span class='ocrx_word' id='word_1_737' title='bbox 2832 3264 3056 3317; x_wconf 90' lang='lat' dir='ltr'>Piniani</span> <span class='ocrx_word' id='word_1_738' title='bbox 3105 3264 3550 3334; x_wconf 87' lang='lat' dir='ltr'>imaginationes</span> 
     </span>
    </p>
   </div>
   <div class='ocr_carea' id='block_1_94' title="bbox 1845 3351 3552 3423">
    <p class='ocr_par' dir='ltr' id='par_1_94' title="bbox 1845 3351 3552 3423">
     <span class='ocr_line' id='line_1_94' title="bbox 1845 3351 3552 3423; baseline 0.002 -18"><span class='ocrx_word' id='word_1_739' title='bbox 1845 3352 2126 3420; x_wconf 87' lang='lat' dir='ltr'>refellere,</span> <span class='ocrx_word' id='word_1_740' title='bbox 2159 3353 2254 3406; x_wconf 90' lang='lat' dir='ltr'>sed</span> <span class='ocrx_word' id='word_1_741' title='bbox 2316 3357 2380 3406; x_wconf 92' lang='lat' dir='ltr'>ut</span> <span class='ocrx_word' id='word_1_742' title='bbox 2419 3351 2797 3423; x_wconf 89' lang='lat' dir='ltr'>epistolarum</span> <span class='ocrx_word' id='word_1_743' title='bbox 2852 3356 3176 3407; x_wconf 88' lang='lat' dir='ltr'>sanctorum</span> <span class='ocrx_word' id='word_1_744' title='bbox 3226 3354 3456 3407; x_wconf 89' lang='lat' dir='ltr'>Paulini</span> <span class='ocrx_word' id='word_1_745' title='bbox 3495 3359 3552 3409; x_wconf 89' lang='lat' dir='ltr'>et</span> 
     </span>
    </p>
   </div>
   <div class='ocr_carea' id='block_1_95' title="bbox 1845 3439 3552 3511">
    <p class='ocr_par' dir='ltr' id='par_1_95' title="bbox 1845 3439 3552 3511">
     <span class='ocr_line' id='line_1_95' title="bbox 1845 3439 3552 3511; baseline 0.001 -17"><span class='ocrx_word' id='word_1_746' title='bbox 1845 3439 2148 3510; x_wconf 89' lang='lat' dir='ltr'>Augustini</span> <span class='ocrx_word' id='word_1_747' title='bbox 2176 3444 2405 3511; x_wconf 86' lang='lat' dir='ltr'>tempus</span> <span class='ocrx_word' id='word_1_748' title='bbox 2433 3439 2979 3507; x_wconf 86' lang='lat' dir='ltr'>innotesceret,cum</span> <span class='ocrx_word' id='word_1_749' title='bbox 3002 3440 3276 3494; x_wconf 84' lang='lat' dir='ltr'>Baronius</span> <span class='ocrx_word' id='word_1_750' title='bbox 3309 3446 3365 3495; x_wconf 91' lang='lat' dir='ltr'>et</span> <span class='ocrx_word' id='word_1_751' title='bbox 3390 3442 3552 3496; x_wconf 85' lang='lat' dir='ltr'>Chif-</span> 
     </span>
    </p>
   </div>
   <div class='ocr_carea' id='block_1_96' title="bbox 1845 3529 3551 3598">
    <p class='ocr_par' dir='ltr' id='par_1_96' title="bbox 1845 3529 3551 3598">
     <span class='ocr_line' id='line_1_96' title="bbox 1845 3529 3551 3598; baseline 0.002 -16"><span class='ocrx_word' id='word_1_752' title='bbox 1845 3529 2032 3582; x_wconf 79' lang='lat' dir='ltr'>ﬁelius</span> <span class='ocrx_word' id='word_1_753' title='bbox 2064 3529 2249 3582; x_wconf 88' lang='lat' dir='ltr'>alieno</span> <span class='ocrx_word' id='word_1_754' title='bbox 2281 3545 2516 3598; x_wconf 90' lang='lat' dir='ltr'>prorsus</span> <span class='ocrx_word' id='word_1_755' title='bbox 2557 3533 2818 3598; x_wconf 89' lang='lat' dir='ltr'>tempore</span> <span class='ocrx_word' id='word_1_756' title='bbox 2869 3529 3094 3582; x_wconf 81' lang='lat' dir='ltr'>easdem</span> <span class='ocrx_word' id='word_1_757' title='bbox 3129 3529 3382 3583; x_wconf 85' lang='lat' dir='ltr'>recitent.</span> <span class='ocrx_word' id='word_1_758' title='bbox 3416 3530 3551 3585; x_wconf 87' lang='lat' dir='ltr'>Vide</span> 
     </span>
    </p>
   </div>
   <div class='ocr_carea' id='block_1_97' title="bbox 1847 3616 3551 3688">
    <p class='ocr_par' dir='ltr' id='par_1_97' title="bbox 1847 3616 3551 3688">
     <span class='ocr_line' id='line_1_97' title="bbox 1847 3616 3551 3688; baseline 0.002 -19"><span class='ocrx_word' id='word_1_759' title='bbox 1847 3617 2046 3687; x_wconf 89' lang='lat' dir='ltr'>quanti</span> <span class='ocrx_word' id='word_1_760' title='bbox 2076 3616 2278 3670; x_wconf 86' lang='lat' dir='ltr'>faciam</span> <span class='ocrx_word' id='word_1_761' title='bbox 2308 3621 2466 3671; x_wconf 90' lang='lat' dir='ltr'>tuam</span> <span class='ocrx_word' id='word_1_762' title='bbox 2497 3617 2654 3671; x_wconf 89' lang='lat' dir='ltr'>illam</span> <span class='ocrx_word' id='word_1_763' title='bbox 2685 3618 2855 3687; x_wconf 91' lang='lat' dir='ltr'>plane</span> <span class='ocrx_word' id='word_1_764' title='bbox 2895 3617 3164 3688; x_wconf 85' lang='lat' dir='ltr'>frigidam</span> <span class='ocrx_word' id='word_1_765' title='bbox 3203 3619 3551 3673; x_wconf 90' lang='lat' dir='ltr'>admonitio-</span> 
     </span>
    </p>
   </div>
   <div class='ocr_carea' id='block_1_98' title="bbox 1847 3705 3553 3776">
    <p class='ocr_par' dir='ltr' id='par_1_98' title="bbox 1847 3705 3553 3776">
     <span class='ocr_line' id='line_1_98' title="bbox 1847 3705 3553 3776; baseline 0.002 -18"><span class='ocrx_word' id='word_1_766' title='bbox 1847 3721 1980 3759; x_wconf 89' lang='lat' dir='ltr'>nem</span> <span class='ocrx_word' id='word_1_767' title='bbox 2011 3721 2142 3776; x_wconf 90' lang='lat' dir='ltr'>pag.</span> <span class='ocrx_word' id='word_1_768' title='bbox 2175 3709 2303 3774; x_wconf 84' lang='lat'>287,</span> <span class='ocrx_word' id='word_1_769' title='bbox 2354 3706 2413 3759; x_wconf 93' lang='lat' dir='ltr'>in</span> <span class='ocrx_word' id='word_1_770' title='bbox 2456 3705 2570 3758; x_wconf 83' lang='lat' dir='ltr'>line</span> <span class='ocrx_word' id='word_1_771' title='bbox 2619 3705 2804 3776; x_wconf 91' lang='lat' dir='ltr'>operis</span> <span class='ocrx_word' id='word_1_772' title='bbox 2837 3710 3035 3759; x_wconf 86' lang='lat' dir='ltr'>contra</span> <span class='ocrx_word' id='word_1_773' title='bbox 3095 3706 3353 3776; x_wconf 88' lang='lat' dir='ltr'>Lupum:</span> <span class='ocrx_word' id='word_1_774' title='bbox 3397 3709 3553 3763; x_wconf 87' lang='lat' dir='ltr'>Norit</span> 
     </span>
    </p>
   </div>
   <div class='ocr_carea' id='block_1_99' title="bbox 1846 3794 3552 3863">
    <p class='ocr_par' dir='ltr' id='par_1_99' title="bbox 1846 3794 3552 3863">
     <span class='ocr_line' id='line_1_99' title="bbox 1846 3794 3552 3863; baseline 0.001 -15"><span class='ocrx_word' id='word_1_775' title='bbox 1846 3795 2025 3862; x_wconf 78' lang='lat' dir='ltr'>Neris,</span> <span class='ocrx_word' id='word_1_776' title='bbox 2060 3810 2178 3848; x_wconf 91' lang='lat' dir='ltr'>cum</span> <span class='ocrx_word' id='word_1_777' title='bbox 2215 3811 2249 3848; x_wconf 93' lang='lat' dir='ltr'>a</span> <span class='ocrx_word' id='word_1_778' title='bbox 2283 3796 2532 3863; x_wconf 85' lang='lat' dir='ltr'>principe</span> <span class='ocrx_word' id='word_1_779' title='bbox 2576 3795 2942 3847; x_wconf 55' lang='lat' dir='ltr'>ecclesiastica</span> <span class='ocrx_word' id='word_1_780' title='bbox 2990 3794 3228 3848; x_wconf 81' lang='lat' dir='ltr'>historice</span> <span class='ocrx_word' id='word_1_781' title='bbox 3265 3795 3486 3861; x_wconf 80' lang='lat' dir='ltr'>recedit,</span> <span class='ocrx_word' id='word_1_782' title='bbox 3517 3812 3552 3849; x_wconf 82' lang='grc' dir='ltr'><em>α</em></span> 
     </span>
    </p>
   </div>
   <div class='ocr_carea' id='block_1_100' title="bbox 1847 3882 3550 3946">
    <p class='ocr_par' dir='ltr' id='par_1_100' title="bbox 1847 3882 3550 3946">
     <span class='ocr_line' id='line_1_100' title="bbox 1847 3882 3550 3946; baseline 0 -11"><span class='ocrx_word' id='word_1_783' title='bbox 1847 3898 1969 3936; x_wconf 87' lang='lat' dir='ltr'>vero</span> <span class='ocrx_word' id='word_1_784' title='bbox 1998 3884 2257 3937; x_wconf 86' lang='lat' dir='ltr'>recedere.</span> <span class='ocrx_word' id='word_1_785' title='bbox 2290 3882 2598 3936; x_wconf 88' lang='lat' dir='ltr'>Baronium</span> <span class='ocrx_word' id='word_1_786' title='bbox 2632 3886 2688 3934; x_wconf 89' lang='lat' dir='ltr'>et</span> <span class='ocrx_word' id='word_1_787' title='bbox 2718 3897 2974 3946; x_wconf 84' lang='lat' dir='ltr'>veneror,</span> <span class='ocrx_word' id='word_1_788' title='bbox 3009 3885 3064 3933; x_wconf 89' lang='lat' dir='ltr'>et</span> <span class='ocrx_word' id='word_1_789' title='bbox 3085 3886 3364 3935; x_wconf 90' lang='lat' dir='ltr'>nocturna</span> <span class='ocrx_word' id='word_1_790' title='bbox 3393 3883 3550 3936; x_wconf 91' lang='lat' dir='ltr'>diur-</span> 
     </span>
    </p>
   </div>
   <div class='ocr_carea' id='block_1_101' title="bbox 1850 3969 3546 4040">
    <p class='ocr_par' dir='ltr' id='par_1_101' title="bbox 1850 3969 3546 4040">
     <span class='ocr_line' id='line_1_101' title="bbox 1850 3969 3546 4040; baseline 0.001 -17"><span class='ocrx_word' id='word_1_791' title='bbox 1850 3987 2036 4040; x_wconf 89' lang='lat' dir='ltr'>naque</span> <span class='ocrx_word' id='word_1_792' title='bbox 2069 3988 2240 4024; x_wconf 88' lang='lat' dir='ltr'>manu</span> <span class='ocrx_word' id='word_1_793' title='bbox 2271 3971 2422 4023; x_wconf 92' lang='lat' dir='ltr'>illius</span> <span class='ocrx_word' id='word_1_794' title='bbox 2453 3969 2816 4040; x_wconf 88' lang='lat' dir='ltr'>dignissimos</span> <span class='ocrx_word' id='word_1_795' title='bbox 2830 3969 2999 4023; x_wconf 90' lang='lat' dir='ltr'>cedro</span> <span class='ocrx_word' id='word_1_796' title='bbox 3022 3970 3270 4023; x_wconf 89' lang='lat' dir='ltr'>Annales</span> <span class='ocrx_word' id='word_1_797' title='bbox 3311 3970 3507 4024; x_wconf 87' lang='lat' dir='ltr'>evolvo</span> <span class='ocrx_word' id='word_1_798' title='bbox 3533 3989 3546 4036; x_wconf 90' lang='lat'><strong>;</strong></span> 
     </span>
    </p>
   </div>
   <div class='ocr_carea' id='block_1_102' title="bbox 1850 4057 3552 4124">
    <p class='ocr_par' dir='ltr' id='par_1_102' title="bbox 1850 4057 3552 4124">
     <span class='ocr_line' id='line_1_102' title="bbox 1850 4057 3552 4124; baseline 0 -12"><span class='ocrx_word' id='word_1_799' title='bbox 1850 4059 1998 4113; x_wconf 86' lang='lat' dir='ltr'>haud</span> <span class='ocrx_word' id='word_1_800' title='bbox 2032 4063 2223 4112; x_wconf 90' lang='lat' dir='ltr'>tamen</span> <span class='ocrx_word' id='word_1_801' title='bbox 2245 4058 2321 4111; x_wconf 89' lang='lat' dir='ltr'>ita</span> <span class='ocrx_word' id='word_1_802' title='bbox 2352 4058 2472 4111; x_wconf 91' lang='lat' dir='ltr'>viro</span> <span class='ocrx_word' id='word_1_803' title='bbox 2506 4058 2728 4112; x_wconf 89' lang='lat' dir='ltr'>deditus</span> <span class='ocrx_word' id='word_1_804' title='bbox 2758 4073 2904 4124; x_wconf 89' lang='lat' dir='ltr'>sum,</span> <span class='ocrx_word' id='word_1_805' title='bbox 2931 4061 2995 4110; x_wconf 92' lang='lat' dir='ltr'>ut</span> <span class='ocrx_word' id='word_1_806' title='bbox 3025 4057 3293 4111; x_wconf 87' lang='lat' dir='ltr'>eumdem</span> <span class='ocrx_word' id='word_1_807' title='bbox 3325 4058 3552 4112; x_wconf 85' lang='lat' dir='ltr'>veritati</span> 
     </span>
    </p>
   </div>
   <div class='ocr_carea' id='block_1_103' title="bbox 1850 4145 3550 4218">
    <p class='ocr_par' dir='ltr' id='par_1_103' title="bbox 1850 4145 3550 4218">
     <span class='ocr_line' id='line_1_103' title="bbox 1850 4145 3550 4218; baseline 0 -17"><span class='ocrx_word' id='word_1_808' title='bbox 1850 4147 2276 4218; x_wconf 62' lang='lat' dir='ltr'>praeferendum</span> <span class='ocrx_word' id='word_1_809' title='bbox 2323 4147 2549 4201; x_wconf 89' lang='lat' dir='ltr'>ducam.</span> <span class='ocrx_word' id='word_1_810' title='bbox 2607 4146 2712 4200; x_wconf 91' lang='lat' dir='ltr'>Sed</span> <span class='ocrx_word' id='word_1_811' title='bbox 2740 4146 2808 4199; x_wconf 90' lang='lat' dir='ltr'>de</span> <span class='ocrx_word' id='word_1_812' title='bbox 2849 4145 2935 4198; x_wconf 91' lang='lat' dir='ltr'>his</span> <span class='ocrx_word' id='word_1_813' title='bbox 2985 4147 3152 4216; x_wconf 88' lang='lat' dir='ltr'>plura</span> <span class='ocrx_word' id='word_1_814' title='bbox 3199 4146 3433 4199; x_wconf 85' lang='lat' dir='ltr'>habebis</span> <span class='ocrx_word' id='word_1_815' title='bbox 3491 4147 3550 4201; x_wconf 92' lang='lat' dir='ltr'>in</span> 
     </span>
    </p>
   </div>
   <div class='ocr_carea' id='block_1_104' title="bbox 1856 4233 3553 4307">
    <p class='ocr_par' dir='ltr' id='par_1_104' title="bbox 1856 4233 3553 4307">
     <span class='ocr_line' id='line_1_104' title="bbox 1856 4233 3553 4307; baseline -0.001 -17"><span class='ocrx_word' id='word_1_816' title='bbox 1856 4236 2136 4307; x_wconf 87' lang='lat' dir='ltr'>apologia.</span> <span class='ocrx_word' id='word_1_817' title='bbox 2178 4235 2404 4290; x_wconf 87' lang='lat' dir='ltr'>Utinam</span> <span class='ocrx_word' id='word_1_818' title='bbox 2448 4240 2532 4301; x_wconf 92' lang='lat' dir='ltr'>tu,</span> <span class='ocrx_word' id='word_1_819' title='bbox 2584 4233 2683 4305; x_wconf 90' lang='lat' dir='ltr'>qui</span> <span class='ocrx_word' id='word_1_820' title='bbox 2718 4233 2987 4304; x_wconf 87' lang='lat' dir='ltr'>antiquos</span> <span class='ocrx_word' id='word_1_821' title='bbox 3017 4233 3219 4300; x_wconf 87' lang='lat' dir='ltr'>fontes,</span> <span class='ocrx_word' id='word_1_822' title='bbox 3252 4234 3404 4287; x_wconf 91' lang='lat' dir='ltr'>unde</span> <span class='ocrx_word' id='word_1_823' title='bbox 3435 4235 3553 4303; x_wconf 91' lang='lat' dir='ltr'>plu-</span> 
     </span>
    </p>
   </div>
   <div class='ocr_carea' id='block_1_105' title="bbox 1855 4320 3550 4388">
    <p class='ocr_par' dir='ltr' id='par_1_105' title="bbox 1855 4320 3550 4388">
     <span class='ocr_line' id='line_1_105' title="bbox 1855 4320 3550 4388; baseline -0.001 -10"><span class='ocrx_word' id='word_1_824' title='bbox 1855 4325 2132 4378; x_wconf 89' lang='lat' dir='ltr'>rimarum</span> <span class='ocrx_word' id='word_1_825' title='bbox 2154 4340 2344 4376; x_wconf 90' lang='lat' dir='ltr'>rerum</span> <span class='ocrx_word' id='word_1_826' title='bbox 2373 4323 2445 4377; x_wconf 90' lang='lat' dir='ltr'>ad</span> <span class='ocrx_word' id='word_1_827' title='bbox 2470 4322 2762 4388; x_wconf 90' lang='lat' dir='ltr'>Albinum,</span> <span class='ocrx_word' id='word_1_828' title='bbox 2798 4320 3101 4376; x_wconf 88' lang='lat' dir='ltr'>Pinianum</span> <span class='ocrx_word' id='word_1_829' title='bbox 3139 4338 3202 4375; x_wconf 91' lang='lat' dir='ltr'>ac</span> <span class='ocrx_word' id='word_1_830' title='bbox 3251 4322 3550 4376; x_wconf 74' lang='lat' dir='ltr'>Melanium</span> 
     </span>
    </p>
   </div>
   <div class='ocr_carea' id='block_1_106' title="bbox 1851 4410 3551 4484">
    <p class='ocr_par' dir='ltr' id='par_1_106' title="bbox 1851 4410 3551 4484">
     <span class='ocr_line' id='line_1_106' title="bbox 1851 4410 3551 4484; baseline -0.001 -18"><span class='ocrx_word' id='word_1_831' title='bbox 1851 4413 2247 4484; x_wconf 87' lang='lat' dir='ltr'>spectantium,</span> <span class='ocrx_word' id='word_1_832' title='bbox 2282 4412 2548 4466; x_wconf 86' lang='lat' dir='ltr'>notitiam</span> <span class='ocrx_word' id='word_1_833' title='bbox 2575 4411 2810 4466; x_wconf 87' lang='lat' dir='ltr'>haurire</span> <span class='ocrx_word' id='word_1_834' title='bbox 2847 4414 3093 4480; x_wconf 89' lang='lat' dir='ltr'>poteras,</span> <span class='ocrx_word' id='word_1_835' title='bbox 3128 4410 3419 4481; x_wconf 89' lang='lat' dir='ltr'>inquirere</span> <span class='ocrx_word' id='word_1_836' title='bbox 3452 4427 3551 4465; x_wconf 91' lang='lat' dir='ltr'>ne-</span> 
     </span>
    </p>
   </div>
   <div class='ocr_carea' id='block_1_107' title="bbox 1851 4498 3551 4575">
    <p class='ocr_par' dir='ltr' id='par_1_107' title="bbox 1851 4498 3551 4575">
     <span class='ocr_line' id='line_1_107' title="bbox 1851 4498 3551 4575; baseline -0.002 -19"><span class='ocrx_word' id='word_1_837' title='bbox 1851 4502 2097 4573; x_wconf 86' lang='lat' dir='ltr'>glexisti,</span> <span class='ocrx_word' id='word_1_838' title='bbox 2129 4503 2404 4557; x_wconf 91' lang='lat' dir='ltr'>deductos</span> <span class='ocrx_word' id='word_1_839' title='bbox 2436 4503 2638 4555; x_wconf 88' lang='lat' dir='ltr'>saltem</span> <span class='ocrx_word' id='word_1_840' title='bbox 2681 4500 2814 4554; x_wconf 90' lang='lat' dir='ltr'>inde</span> <span class='ocrx_word' id='word_1_841' title='bbox 2841 4498 3068 4575; x_wconf 80' lang='lat' dir='ltr'>Baronii</span> <span class='ocrx_word' id='word_1_842' title='bbox 3093 4499 3242 4552; x_wconf 89' lang='lat' dir='ltr'>rivos</span> <span class='ocrx_word' id='word_1_843' title='bbox 3270 4499 3504 4553; x_wconf 87' lang='lat' dir='ltr'>adiisses</span> <span class='ocrx_word' id='word_1_844' title='bbox 3539 4501 3551 4552; x_wconf 90' lang='lat'><strong>!</strong></span> 
     </span>
    </p>
   </div>
   <div class='ocr_carea' id='block_1_108' title="bbox 1849 4587 3551 4654">
    <p class='ocr_par' dir='ltr' id='par_1_108' title="bbox 1849 4587 3551 4654">
     <span class='ocr_line' id='line_1_108' title="bbox 1849 4587 3551 4654; baseline -0.003 -7"><span class='ocrx_word' id='word_1_845' title='bbox 1849 4593 1993 4647; x_wconf 88' lang='lat' dir='ltr'>Sane</span> <span class='ocrx_word' id='word_1_846' title='bbox 2021 4592 2315 4648; x_wconf 88' lang='lat' dir='ltr'>didicisses</span> <span class='ocrx_word' id='word_1_847' title='bbox 2341 4608 2599 4645; x_wconf 87' lang='lat' dir='ltr'>socerum</span> <span class='ocrx_word' id='word_1_848' title='bbox 2638 4589 2865 4643; x_wconf 91' lang='lat' dir='ltr'>Piniani</span> <span class='ocrx_word' id='word_1_849' title='bbox 2898 4605 3047 4642; x_wconf 81' lang='lat' dir='ltr'>anno</span> <span class='ocrx_word' id='word_1_850' title='bbox 3071 4590 3174 4642; x_wconf 88' lang='lat'>409</span> <span class='ocrx_word' id='word_1_851' title='bbox 3206 4587 3433 4654; x_wconf 89' lang='lat' dir='ltr'>obiisse,</span> <span class='ocrx_word' id='word_1_852' title='bbox 3463 4590 3551 4642; x_wconf 89' lang='lat' dir='ltr'>vel</span> 
     </span>
    </p>
   </div>
   <div class='ocr_carea' id='block_1_109' title="bbox 1851 4676 3550 4748">
    <p class='ocr_par' dir='ltr' id='par_1_109' title="bbox 1851 4676 3550 4748">
     <span class='ocr_line' id='line_1_109' title="bbox 1851 4676 3550 4748; baseline -0.001 -18"><span class='ocrx_word' id='word_1_853' title='bbox 1851 4694 1916 4731; x_wconf 90' lang='lat' dir='ltr'>eo</span> <span class='ocrx_word' id='word_1_854' title='bbox 1963 4677 2086 4748; x_wconf 90' lang='lat' dir='ltr'>ipso</span> <span class='ocrx_word' id='word_1_855' title='bbox 2125 4695 2273 4732; x_wconf 88' lang='lat' dir='ltr'>anno</span> <span class='ocrx_word' id='word_1_856' title='bbox 2329 4679 2486 4731; x_wconf 92' lang='lat' dir='ltr'>illius</span> <span class='ocrx_word' id='word_1_857' title='bbox 2531 4677 2751 4731; x_wconf 88' lang='lat' dir='ltr'>obitum</span> <span class='ocrx_word' id='word_1_858' title='bbox 2782 4695 3046 4747; x_wconf 87' lang='lat' dir='ltr'>amagno</span> <span class='ocrx_word' id='word_1_859' title='bbox 3095 4677 3376 4730; x_wconf 83' lang='lat' dir='ltr'>annalista</span> <span class='ocrx_word' id='word_1_860' title='bbox 3406 4676 3550 4730; x_wconf 86' lang='lat' dir='ltr'>rcci-</span> 
     </span>
    </p>
   </div>
   <div class='ocr_carea' id='block_1_110' title="bbox 1853 4763 3546 4836">
    <p class='ocr_par' dir='ltr' id='par_1_110' title="bbox 1853 4763 3546 4836">
     <span class='ocr_line' id='line_1_110' title="bbox 1853 4763 3546 4836; baseline -0.002 -18"><span class='ocrx_word' id='word_1_861' title='bbox 1853 4764 1981 4834; x_wconf 90' lang='lat' dir='ltr'>tari,</span> <span class='ocrx_word' id='word_1_862' title='bbox 2013 4781 2199 4836; x_wconf 88' lang='lat' dir='ltr'>neque</span> <span class='ocrx_word' id='word_1_863' title='bbox 2221 4764 2485 4818; x_wconf 91' lang='lat' dir='ltr'>eumdem</span> <span class='ocrx_word' id='word_1_864' title='bbox 2519 4780 2668 4817; x_wconf 89' lang='lat' dir='ltr'>anno</span> <span class='ocrx_word' id='word_1_865' title='bbox 2695 4765 2799 4818; x_wconf 83' lang='grc'>4-18</span> <span class='ocrx_word' id='word_1_866' title='bbox 2821 4764 3188 4835; x_wconf 87' lang='lat' dir='ltr'>superstitem</span> <span class='ocrx_word' id='word_1_867' title='bbox 3221 4763 3546 4833; x_wconf 86' lang='lat' dir='ltr'>cogitasses.</span> 
     </span>
    </p>
   </div>
   <div class='ocr_carea' id='block_1_111' title="bbox 1853 4849 3550 4922">
    <p class='ocr_par' dir='ltr' id='par_1_111' title="bbox 1853 4849 3550 4922">
     <span class='ocr_line' id='line_1_111' title="bbox 1853 4849 3550 4922; baseline -0.003 -17"><span class='ocrx_word' id='word_1_868' title='bbox 1853 4853 2049 4922; x_wconf 84' lang='lat' dir='ltr'>Itaque</span> <span class='ocrx_word' id='word_1_869' title='bbox 2082 4851 2253 4904; x_wconf 89' lang='lat' dir='ltr'>errati</span> <span class='ocrx_word' id='word_1_870' title='bbox 2307 4849 2550 4920; x_wconf 87' lang='lat' dir='ltr'>duplicis</span> <span class='ocrx_word' id='word_1_871' title='bbox 2593 4849 2881 4903; x_wconf 87' lang='lat' dir='ltr'>convictus</span> <span class='ocrx_word' id='word_1_872' title='bbox 2908 4867 2986 4916; x_wconf 90' lang='lat' dir='ltr'>es,</span> <span class='ocrx_word' id='word_1_873' title='bbox 3013 4850 3112 4921; x_wconf 88' lang='lat' dir='ltr'>qui</span> <span class='ocrx_word' id='word_1_874' title='bbox 3139 4850 3411 4904; x_wconf 89' lang='lat' dir='ltr'>Albinum</span> <span class='ocrx_word' id='word_1_875' title='bbox 3446 4866 3550 4919; x_wconf 88' lang='lat' dir='ltr'>pu-</span> 
     </span>
    </p>
   </div>
   <div class='ocr_carea' id='block_1_112' title="bbox 1850 4937 3547 5007">
    <p class='ocr_par' dir='ltr' id='par_1_112' title="bbox 1850 4937 3547 5007">
     <span class='ocr_line' id='line_1_112' title="bbox 1850 4937 3547 5007; baseline -0.002 -15"><span class='ocrx_word' id='word_1_876' title='bbox 1850 4939 1984 4993; x_wconf 90' lang='lat' dir='ltr'>tasti</span> <span class='ocrx_word' id='word_1_877' title='bbox 2014 4937 2238 4992; x_wconf 90' lang='lat' dir='ltr'>Piniani</span> <span class='ocrx_word' id='word_1_878' title='bbox 2266 4942 2509 5007; x_wconf 87' lang='lat' dir='ltr'>patrem,</span> <span class='ocrx_word' id='word_1_879' title='bbox 2545 4941 2641 4989; x_wconf 90' lang='lat' dir='ltr'>aut</span> <span class='ocrx_word' id='word_1_880' title='bbox 2661 4952 2937 4990; x_wconf 89' lang='lat' dir='ltr'>socerum.</span> <span class='ocrx_word' id='word_1_881' title='bbox 2959 4937 3133 4990; x_wconf 87' lang='lat' dir='ltr'>Addis</span> <span class='ocrx_word' id='word_1_882' title='bbox 3155 4942 3250 4991; x_wconf 87' lang='lat' dir='ltr'>aut</span> <span class='ocrx_word' id='word_1_883' title='bbox 3267 4941 3547 5004; x_wconf 86' lang='lat' dir='ltr'>patruum.</span> 
     </span>
    </p>
   </div>
   <div class='ocr_carea' id='block_1_113' title="bbox 1855 5022 3551 5081">
    <p class='ocr_par' dir='ltr' id='par_1_113' title="bbox 1855 5022 3551 5081">
     <span class='ocr_line' id='line_1_113' title="bbox 1855 5022 3551 5081; baseline -0.004 0"><span class='ocrx_word' id='word_1_884' title='bbox 1855 5027 1953 5081; x_wconf 85' lang='lat' dir='ltr'>Hic</span> <span class='ocrx_word' id='word_1_885' title='bbox 2008 5041 2099 5080; x_wconf 85' lang='lat' dir='ltr'>me</span> <span class='ocrx_word' id='word_1_886' title='bbox 2147 5029 2403 5080; x_wconf 89' lang='lat' dir='ltr'>veterum</span> <span class='ocrx_word' id='word_1_887' title='bbox 2445 5022 2799 5077; x_wconf 87' lang='lat' dir='ltr'>monimenta</span> <span class='ocrx_word' id='word_1_888' title='bbox 2854 5023 3142 5078; x_wconf 82' lang='lat' dir='ltr'>deﬁciunt.</span> <span class='ocrx_word' id='word_1_889' title='bbox 3202 5023 3436 5077; x_wconf 91' lang='lat' dir='ltr'>Interim</span> <span class='ocrx_word' id='word_1_890' title='bbox 3483 5039 3551 5076; x_wconf 80' lang='lat' dir='ltr'>ex</span> 
     </span>
    </p>
   </div>
   <div class='ocr_carea' id='block_1_114' title="bbox 1851 5110 3016 5182">
    <p class='ocr_par' dir='ltr' id='par_1_114' title="bbox 1851 5110 3016 5182">
     <span class='ocr_line' id='line_1_114' title="bbox 1851 5110 3016 5182; baseline -0.004 -13"><span class='ocrx_word' id='word_1_891' title='bbox 1851 5115 2187 5170; x_wconf 90' lang='lat' dir='ltr'>Trinummo</span> <span class='ocrx_word' id='word_1_892' title='bbox 2219 5112 2405 5168; x_wconf 87' lang='lat' dir='ltr'>Plauti</span> <span class='ocrx_word' id='word_1_893' title='bbox 2436 5127 2774 5182; x_wconf 88' lang='lat' dir='ltr'>responsum</span> <span class='ocrx_word' id='word_1_894' title='bbox 2804 5110 3016 5181; x_wconf 88' lang='lat' dir='ltr'>accipe.</span> 
     </span>
    </p>
   </div>
   <div class='ocr_carea' id='block_1_115' title="bbox 1914 5197 3549 5266">
    <p class='ocr_par' dir='ltr' id='par_1_115' title="bbox 1914 5197 3549 5266">
     <span class='ocr_line' id='line_1_115' title="bbox 1914 5197 3549 5266; baseline -0.004 -14"><span class='ocrx_word' id='word_1_895' title='bbox 1914 5204 2092 5266; x_wconf 89' lang='lat' dir='ltr'>Neque</span> <span class='ocrx_word' id='word_1_896' title='bbox 2114 5202 2235 5251; x_wconf 88' lang='lat' dir='ltr'>novi</span> <span class='ocrx_word' id='word_1_897' title='bbox 2270 5216 2282 5261; x_wconf 92' lang='lat'>;</span> <span class='ocrx_word' id='word_1_898' title='bbox 2315 5214 2482 5264; x_wconf 89' lang='lat' dir='ltr'>neque</span> <span class='ocrx_word' id='word_1_899' title='bbox 2513 5203 2669 5249; x_wconf 87' lang='lat' dir='ltr'>natus</span> <span class='ocrx_word' id='word_1_900' title='bbox 2690 5199 2915 5248; x_wconf 87' lang='lat' dir='ltr'>necneis</span> <span class='ocrx_word' id='word_1_901' title='bbox 2945 5199 3119 5254; x_wconf 83' lang='lat' dir='ltr'>fuerit,</span> <span class='ocrx_word' id='word_1_902' title='bbox 3146 5197 3196 5245; x_wconf 87' lang='lat' dir='ltr'>id</span> <span class='ocrx_word' id='word_1_903' title='bbox 3229 5197 3393 5246; x_wconf 89' lang='lat' dir='ltr'>solide</span> <span class='ocrx_word' id='word_1_904' title='bbox 3424 5199 3549 5247; x_wconf 89' lang='lat' dir='ltr'>scio.</span> 
     </span>
    </p>
   </div>
   <div class='ocr_carea' id='block_1_116' title="bbox 1926 5277 3552 5354">
    <p class='ocr_par' dir='ltr' id='par_1_116' title="bbox 1926 5277 3552 5354">
     <span class='ocr_line' id='line_1_116' title="bbox 1926 5277 3552 5354; baseline -0.004 -17"><span class='ocrx_word' id='word_1_905' title='bbox 1926 5283 2187 5354; x_wconf 89' lang='lat' dir='ltr'>Denique</span> <span class='ocrx_word' id='word_1_906' title='bbox 2236 5281 2530 5336; x_wconf 89' lang='lat' dir='ltr'>conclndis</span> <span class='ocrx_word' id='word_1_907' title='bbox 2566 5297 2577 5334; x_wconf 91' lang='lat'>:</span> <span class='ocrx_word' id='word_1_908' title='bbox 2611 5285 2704 5334; x_wconf 89' lang='lat' dir='ltr'>aut</span> <span class='ocrx_word' id='word_1_909' title='bbox 2736 5280 3080 5333; x_wconf 85' lang='lat' dir='ltr'>avunculum.</span> <span class='ocrx_word' id='word_1_910' title='bbox 3115 5277 3386 5348; x_wconf 90' lang='lat' dir='ltr'>Superius</span> <span class='ocrx_word' id='word_1_911' title='bbox 3417 5279 3552 5332; x_wconf 91' lang='lat' dir='ltr'>scri-</span> 
     </span>
    </p>
   </div>
   <div class='ocr_carea' id='block_1_117' title="bbox 1856 5367 3554 5443">
    <p class='ocr_par' dir='ltr' id='par_1_117' title="bbox 1856 5367 3554 5443">
     <span class='ocr_line' id='line_1_117' title="bbox 1856 5367 3554 5443; baseline -0.004 -17"><span class='ocrx_word' id='word_1_912' title='bbox 1856 5388 2048 5443; x_wconf 86' lang='lat' dir='ltr'>pseras</span> <span class='ocrx_word' id='word_1_913' title='bbox 2087 5389 2217 5442; x_wconf 88' lang='lat' dir='ltr'>pag.</span> <span class='ocrx_word' id='word_1_914' title='bbox 2253 5375 2340 5434; x_wconf 79' lang='lat'><strong>52,</strong></span> <span class='ocrx_word' id='word_1_915' title='bbox 2390 5385 2560 5440; x_wconf 86' lang='lat' dir='ltr'>posse</span> <span class='ocrx_word' id='word_1_916' title='bbox 2590 5371 2814 5423; x_wconf 84' lang='lat' dir='ltr'>retineri</span> <span class='ocrx_word' id='word_1_917' title='bbox 2845 5367 3105 5421; x_wconf 83' lang='lat' dir='ltr'>Albinum</span> <span class='ocrx_word' id='word_1_918' title='bbox 3136 5383 3234 5436; x_wconf 84' lang='lat' dir='ltr'>pro</span> <span class='ocrx_word' id='word_1_919' title='bbox 3266 5382 3443 5421; x_wconf 88' lang='lat' dir='ltr'>socero</span> <span class='ocrx_word' id='word_1_920' title='bbox 3471 5369 3554 5421; x_wconf 90' lang='lat' dir='ltr'>vel</span> 
     </span>
    </p>
   </div>
   <div class='ocr_carea' id='block_1_118' title="bbox 1855 5454 3554 5514">
    <p class='ocr_par' dir='ltr' id='par_1_118' title="bbox 1855 5454 3554 5514">
     <span class='ocr_line' id='line_1_118' title="bbox 1855 5454 3554 5514; baseline -0.004 0"><span class='ocrx_word' id='word_1_921' title='bbox 1855 5476 1954 5514; x_wconf 85' lang='lat' dir='ltr'>avo</span> <span class='ocrx_word' id='word_1_922' title='bbox 1988 5461 2149 5514; x_wconf 88' lang='lat' dir='ltr'>unius</span> <span class='ocrx_word' id='word_1_923' title='bbox 2170 5459 2399 5513; x_wconf 88' lang='lat' dir='ltr'>duorum</span> <span class='ocrx_word' id='word_1_924' title='bbox 2419 5458 2643 5511; x_wconf 86' lang='lat' dir='ltr'>Piniani</span> <span class='ocrx_word' id='word_1_925' title='bbox 2671 5460 2722 5509; x_wconf 89' lang='lat' dir='ltr'>et</span> <span class='ocrx_word' id='word_1_926' title='bbox 2741 5455 2998 5508; x_wconf 77' lang='lat' dir='ltr'>Melaniae</span> <span class='ocrx_word' id='word_1_927' title='bbox 3027 5471 3043 5508; x_wconf 90' lang='lat'><strong><em>:</em></strong></span> <span class='ocrx_word' id='word_1_928' title='bbox 3076 5454 3240 5510; x_wconf 82' lang='lat' dir='ltr'>ethoc</span> <span class='ocrx_word' id='word_1_929' title='bbox 3270 5455 3554 5509; x_wconf 85' lang='lat' dir='ltr'>arridebat</span> 
     </span>
    </p>
   </div>
   <div class='ocr_carea' id='block_1_119' title="bbox 1856 5542 3552 5616">
    <p class='ocr_par' dir='ltr' id='par_1_119' title="bbox 1856 5542 3552 5616">
     <span class='ocr_line' id='line_1_119' title="bbox 1856 5542 3552 5616; baseline -0.005 -11"><span class='ocrx_word' id='word_1_930' title='bbox 1856 5551 2050 5616; x_wconf 86' lang='lat' dir='ltr'>magis.</span> <span class='ocrx_word' id='word_1_931' title='bbox 2086 5549 2306 5615; x_wconf 87' lang='lat' dir='ltr'>Risum,</span> <span class='ocrx_word' id='word_1_932' title='bbox 2329 5546 2529 5616; x_wconf 88' lang='lat' dir='ltr'>amice,</span> <span class='ocrx_word' id='word_1_933' title='bbox 2561 5550 2773 5610; x_wconf 87' lang='lat' dir='ltr'>teneas,</span> <span class='ocrx_word' id='word_1_934' title='bbox 2797 5542 2897 5615; x_wconf 91' lang='lat' dir='ltr'>qui</span> <span class='ocrx_word' id='word_1_935' title='bbox 2928 5543 3097 5599; x_wconf 91' lang='lat' dir='ltr'>modo</span> <span class='ocrx_word' id='word_1_936' title='bbox 3127 5542 3400 5599; x_wconf 90' lang='lat' dir='ltr'>Albinum</span> <span class='ocrx_word' id='word_1_937' title='bbox 3435 5558 3552 5596; x_wconf 89' lang='lat' dir='ltr'>non</span> 
     </span>
    </p>
   </div>
  </div>
