3884 6178
336 250 428 300 ὅ51
1326 207 1883 299 SUI’PLEMENTUM
1923 247 2012 300 AD
2049 246 2281 302 OPERA
2320 249 2374 302 S.
2417 246 2802 303 AUGUSTINI.
3668 266 3746 317 55g

335 388 526 440 avum,
556 371 654 426 sed
675 372 997 426 avunculum
1045 367 1267 422 Piniani
1299 367 1608 422 existimas.
1645 367 1862 422 Videris
1891 371 2034 424 velle
2061 372 2108 427 A
2147 371 2417 425 Albinum
2471 369 2663 425 virum
2721 383 2947 422 socrum
3007 367 3154 438 apud
3223 369 3446 426 Africam
3496 380 3751 444 posuisses.

334 462 660 516 universam
710 457 933 513 Piniani
979 453 1372 524 cognationem
1422 460 1478 507 et
1511 455 1844 509 afﬁnitatem
1875 473 2027 510 com-

331 550 712 619 prehendere,
746 547 880 599 dum
907 543 1104 597 scribis
1141 541 1412 597 Albinum
1445 541 1620 596 fuisse
1649 543 1905 612 ejusdem
1935 550 2030 599 aut

332 646 567 709 patrem,
618 641 714 690 aut
771 648 1026 699 socerum,
1078 635 1174 684 aut
1209 635 1493 702 patruum,
1541 636 1637 685 aut
1683 635 2026 687 avunculum.

331 726 532 790 Qumso
590 728 665 786 te,
699 736 799 774 cur
842 736 1006 772 avum
1044 719 1305 785 omisisti,
1348 719 1418 774 de
1464 737 1577 790 quo
1618 725 1811 774 tamen
1860 722 2030 775 modo

329 809 720 884 cogitaveras?
759 810 871 862 Cur
921 813 1038 862 tam
1067 807 1178 861 cito
1211 824 1347 861 avus
1370 808 1429 861 in
1472 810 1816 862 avunculum
1846 814 2026 863 trans-

330 899 640 972 migravit?
689 897 869 951 Pudet
899 913 989 950 me
1033 897 1216 951 bonas
1243 897 1413 950 horas
1442 896 1555 950 tuis
1601 897 1757 952 hisce
1786 899 2029 969 phanta-

331 991 427 1044 siis
461 986 786 1042 refellendis
817 987 1132 1040 insumere.

402 1079 618 1132 Horum
653 1079 846 1128 autem
905 1074 1164 1127 oumium
1231 1073 1513 1128 rationem
1583 1073 1789 1128 reddis.
1845 1076 1912 1128 Ut
1956 1077 2030 1129 sit

330 1168 508 1236 major
549 1169 704 1229 natu,
755 1169 802 1216 et
848 1168 1072 1232 propter
1113 1167 1322 1217 aetatem
1351 1164 1559 1231 primas
1587 1163 1851 1218 vindicet.
1887 1164 2027 1216 Rem

328 1272 446 1311 non
467 1251 759 1322 intelligis.
777 1251 907 1305 Ideo
929 1251 1286 1322 Augustinus
1308 1251 1370 1304 in
1402 1251 1634 1304 laudata
1657 1250 2027 1322 inscriptione

321 1343 595 1397 Albinum
643 1340 819 1412 priori
867 1340 990 1394 loco
1049 1339 1385 1406 nominavit,
1436 1355 1555 1392 non
1602 1339 1758 1409 quod
1796 1339 1883 1392 vir
1930 1339 2026 1394 ille

325 1436 474 1484 esset
503 1429 685 1499 major
709 1434 845 1482 natu
881 1428 1005 1482 aliis
1044 1428 1287 1494 duobus,
1321 1427 1416 1482 sed
1469 1427 1604 1498 quia
1636 1443 1764 1480 cum
1796 1427 1892 1480 ille
1912 1433 2026 1481 tres

325 1519 541 1573 litteras
571 1533 903 1571 communes
934 1533 1038 1586 pro
1076 1515 1328 1588 Pelagio,
1363 1531 1613 1586 quocum
1643 1519 1807 1569 erant
1835 1515 1895 1568 in
1927 1516 2027 1568 Pa-

321 1608 562 1672 laastina,
595 1607 668 1661 ad
690 1605 1077 1676 Augustinum
1109 1605 1168 1658 in
1189 1605 1436 1658 Africam
1461 1608 1804 1671 exarassent,
1840 1603 2025 1659 Pinia-

324 1713 432 1750 nus
462 1695 648 1749 socrui
679 1694 899 1748 Albinae
930 1694 1000 1748 ob
1040 1693 1224 1747 mtatis
1271 1692 1728 1764 praerogativam,
1761 1697 1819 1746 et
1868 1693 2017 1762 quod

325 1783 431 1838 tilii
463 1784 587 1838 loco
617 1783 687 1837 ab
715 1783 915 1837 eadem
959 1781 1278 1845 amabatur,
1319 1781 1473 1835 unde
1522 1780 1576 1835 8.
1619 1780 1814 1835 doctor
1843 1781 2013 1851 epist.

322 1876 424 1927 225
446 1873 706 1927 eamdem
743 1872 965 1926 Albium
1019 1873 1193 1940 ﬁlium
1219 1869 1376 1939 dicit,
1406 1869 1657 1940 priorem
1688 1869 1748 1923 iu
1776 1869 2020 1924 subscri-

321 1959 516 2030 ptione
536 1959 853 2013 litterarum
884 1959 1072 2012 locum
1103 1957 1343 2012 honoris
1386 1961 1442 2011 et
1471 1956 1806 2011 reverentiae
1838 1957 2022 2026 gratia

319 2048 541 2103 detulit.
578 2048 719 2102 Hinc
749 2047 861 2100 illis
894 2046 1245 2116 respondens
1275 2046 1326 2100 8.
1347 2045 1719 2114 Augustinus,
1750 2045 2015 2100 eumdem

320 2135 378 2189 in
410 2134 783 2204 inscriptione
805 2133 1062 2187 ordinem
1091 2137 1376 2187 servatum
1409 2132 1590 2187 voluit
1639 2150 1812 2202 quem
1842 2133 1902 2186 in
1931 2134 2019 2187 in-

319 2222 626 2294 scriptione
679 2221 1012 2276 eorumdem
1053 2224 1364 2275 notaverat.
1408 2223 1511 2287 Ita,
1556 2225 1696 2275 teste
1729 2219 1797 2276 S.‘
1827 2221 2020 2276 Passi-

323 2310 441 2377 dio,
492 2310 552 2363 in
599 2309 853 2363 indiculo
905 2308 1278 2378 epistolarum
1327 2309 1388 2362 8.
1436 2307 1637 2374 Patris,
1684 2308 1831 2362 hanc
1869 2308 2021 2362 inter

329 2403 562 2452 caeteras
619 2397 1062 2467 inscriptionem
1133 2396 1342 2467 ponit:
1387 2397 1620 2461 Albinae,
1692 2398 1920 2450 Piniano
1971 2401 2020 2450 et

319 2488 594 2549 Melaniae;
631 2485 731 2539 ubi
777 2501 971 2538 socrus
1000 2489 1130 2538 ante
1173 2499 1452 2554 generum
1494 2484 1843 2538 nominatur.
1880 2485 2020 2538 Hinc

321 2575 582 2629 observes
609 2573 992 2644 Augustinum
1023 2573 1257 2643 ejusque
1285 2578 1602 2626 comtaneos
1631 2574 1844 2638 Patres,
1880 2575 2015 2626 Pos-

318 2663 529 2718 sidium
556 2679 620 2716 ac
659 2665 1023 2732 Prosperum,
1066 2661 1289 2732 quoties
1327 2665 1670 2715 memoratos
1700 2661 1874 2715 libros
1911 2678 2016 2730 ap-

313 2753 528 2823 pellare
568 2767 714 2820 opus
751 2751 876 2816 fuit,
914 2752 998 2803 vel
1047 2749 1284 2804 nomina
1311 2748 1655 2803 feminarum
1699 2748 1916 2803 Albium
1961 2753 2017 2802 et

316 2839 570 2895 Melaniaa
597 2838 876 2906 omisisse,
909 2837 994 2891 vel
1027 2837 1330 2890 Pinianum
1361 2837 1589 2890 feminis
1618 2837 2012 2908 praeposuisse.

2142 460 2396 528 Cumque,
2442 456 2651 527 inquit,
2711 457 2953 510 Melaniae
2986 455 3068 508 ita
3115 456 3283 509 visum
3309 466 3446 528 esset,
3488 479 3618 519 mare
3664 485 3754 525 eam

2140 549 2392 616 suscepit,
2423 562 2540 601 cum
2579 547 2741 599 simul
2789 544 2997 598 adesset
3036 548 3228 607 mater,
3285 562 3470 618 nempe
3519 554 3697 608 Albim
3721 568 3756 611 ei

2140 635 2423 688 Pinianus.
2463 636 2628 686 Anno
2688 635 2810 700 410,
2871 630 3074 685 Albina
3100 647 3288 684 socrus
3336 651 3453 688 cum
3483 638 3587 692 tilia
3611 647 3660 695 et
3683 659 3759 712 ge-

2138 738 2278 775 nero
2305 721 2544 775 erantin
2574 720 2783 788 Sicilia,
2827 736 2941 790 quo
2973 723 3232 790 tempore
3276 722 3506 777 Alaricus
3533 727 3760 784 Calabros

2140 810 2408 864 vastabat.
2435 809 2674 864 Ruﬁnus
2697 809 2760 862 in
2796 808 3130 878 praefatione
3162 808 3231 862 ad
3267 810 3516 865 Homilias
3543 815 3764 886 Origenis

2140 913 2313 968 super
2345 899 2644 964 Numeros,
2678 913 2849 967 quem
2880 913 2981 950 suo
3020 895 3238 950 auctori
3282 899 3512 954 restituit
3536 902 3613 955 vir
3637 910 3762 960 omni

2140 985 2426 1057 praeconio
2469 985 2655 1056 major
2695 984 2982 1039 Emericus
3039 985 3304 1055 Bigotius,
3332 1003 3390 1039 ac
3440 989 3651 1045 Henrico
3681 995 3766 1047 Va-

2139 1075 2276 1128 lesio
2307 1076 2370 1128 V.
2420 1076 2478 1134 C.
2520 1072 2980 1139 communicavit,
3031 1074 3153 1127 haec
3190 1073 3267 1127 ait
3311 1075 3573 1140 :Quamvis
3611 1096 3765 1135 aman-

2140 1167 2380 1218 tissimus
2403 1165 2550 1233 ﬁlius
2583 1167 2763 1217 noster
2792 1164 3076 1228 Pinianus,
3123 1163 3276 1231 cujus
3304 1165 3591 1229 religiosum
3620 1177 3771 1223 ccetum

2137 1268 2234 1320 pro
2265 1267 2443 1306 amare
2467 1251 2751 1320 pudicitia
2787 1254 3083 1320 profugum
3113 1253 3443 1317 comitamur,
3473 1255 3697 1322 injungat
3733 1265 3770 1312 cl

2137 1339 2269 1392 alia.
2303 1338 2518 1392 Ibidem
2554 1353 2684 1391 vero
2728 1336 2965 1407 injectas
2995 1336 3216 1406 Rhegio
3257 1338 3457 1408 oppido
3479 1339 3614 1394 faces
3639 1359 3772 1411 angu-

2136 1428 2373 1481 stissima
2402 1429 2593 1491 fretae
2639 1424 2846 1480 Siciliae
2892 1425 3080 1478 littore
3116 1441 3173 1478 se
3223 1432 3594 1496 prospectasse
3634 1434 3770 1484 testa-

2139 1519 2250 1568 tur.
2276 1517 2346 1568 At
2376 1518 2601 1567 mortuo
2631 1513 2803 1582 paulo
2833 1518 2962 1583 post
3003 1513 3232 1578 Ruﬁno,
3265 1514 3485 1584 Albina,
3523 1515 3771 1581 Pinianus,

2137 1607 2194 1656 et
2218 1602 2477 1668 Melania,
2505 1618 2563 1655 se
2591 1601 2658 1655 ad
2689 1600 2959 1672 Alypium
3003 1603 3304 1671 Tagastam
3330 1604 3639 1671 contulere;
3667 1622 3777 1675 quo-

2132 1707 2264 1745 rum
2295 1691 2540 1768 adventu
2583 1690 2893 1760 intellecto,
2938 1690 3164 1760 scripsit
3206 1691 3272 1744 ad
3301 1691 3522 1745 eosdem
3549 1694 3774 1763 Augusti-

2133 1796 2241 1834 nus
2265 1795 2380 1833 non
2404 1795 2567 1850 posse
2595 1795 2653 1832 se
2681 1779 2946 1849 Hippone
2977 1778 3289 1846 discedere,
3340 1780 3540 1833 hiemis
3569 1781 3779 1851 rigorem

2131 1873 2411 1921 causatus.
2444 1867 2584 1921 Cum
2615 1883 2746 1922 vero
2767 1872 2985 1937 septem
3012 1866 3073 1921 in
3102 1867 3292 1921 Africa
3316 1884 3494 1922 annos
3515 1869 3779 1939 degissent,

2130 1956 2191 2010 in
2221 1955 2581 2010 Palaestinam
2611 1955 3072 2021 transmiserunt,
3118 1960 3182 2010 ut
3221 1961 3438 2010 constat
3483 1973 3547 2010 ex
3583 1957 3702 2010 actis
3738 1959 3779 2013 S.

2131 2044 2385 2099 Melaniae
2409 2061 2422 2111 ;
2446 2044 2578 2098 inde
2607 2043 2824 2098 litteras
2852 2060 2954 2114 pro
2987 2044 3218 2115 Pelagio
3254 2061 3404 2099 anno
3447 2046 3545 2099 418
3589 2045 3653 2098 ad
3686 2049 3779 2099 Au-

2131 2133 2424 2204 gustinum
2459 2132 2825 2202 scripserunt,
2861 2133 3070 2203 quibus
3096 2133 3243 2187 duos
3273 2133 3620 2188 doctissimos
3647 2133 3783 2186 libros

2131 2221 2522 2276 sanctissimus
2550 2223 2716 2274 Pater
2744 2220 3020 2291 reposuit.

2201 2309 2585 2364 Laudaveram
2633 2309 2686 2364 S.
2722 2309 2946 2363 Paulini
3003 2308 3310 2379 epistolam
3357 2310 3506 2363 inter
3560 2311 3783 2380 Augusti-

2127 2397 2327 2451 niauas
2356 2398 2480 2462 249,
2523 2397 2580 2451 ἱη
2611 2414 2724 2468 qua
2738 2399 2964 2452 Melania
2991 2414 3095 2469 pro
3119 2399 3363 2452 Melania
3384 2399 3654 2452 scribitur.
3685 2400 3786 2466 Ejus

2126 2487 2297 2541 verba
2321 2491 2494 2539 sunt:
2537 2486 2643 2542 Sed
2681 2502 2822 2540 cessa
2867 2488 3031 2555 plura
3080 2487 3145 2540 de
3177 2489 3440 2540 memoria
3490 2493 3596 2541 tam
3637 2486 3786 2540 dilecti

2127 2574 2263 2626 mihi
2289 2589 2452 2641 quam
2481 2573 2659 2626 devoti
2679 2575 2900 2627 Christo
2932 2575 3162 2627 hominis
3190 2590 3472 2640 enarrare,
3496 2589 3606 2627 cum
3633 2578 3677 2626 et
3695 2574 3787 2640 pri-

2126 2663 2284 2716 stinis
2323 2662 2516 2714 litteris
2553 2677 2658 2714 non
2686 2676 2863 2729 pauca
2886 2676 3047 2729 super
3079 2677 3135 2714 eo
3173 2677 3434 2716 narrasse
3469 2677 3547 2715 me
3571 2666 3787 2730 repetam,

2127 2756 2176 2804 et
2204 2751 2346 2804 nihil
2363 2751 2566 2818 possim
2595 2750 2661 2804 de
2696 2750 2850 2803 beata
2894 2751 3059 2818 hujus
3095 2751 3207 2818 ﬁlii
3233 2756 3428 2817 matre,
3461 2756 3509 2804 et
3532 2754 3792 2803 sanctarum

2123 2844 2284 2908 putre
2311 2839 2496 2893 radice
2515 2853 2789 2892 ramorum
2825 2839 3056 2893 Melania
3077 2841 3274 2892 melius
3301 2845 3398 2892 aut
3429 2840 3657 2892 sanctius
3674 2851 3789 2905 pra:-

313 2928 462 2983 Audi
493 2933 752 2982 nostrum
802 2928 857 2981 8.
891 2927 1184 2980 doctorem
1214 2927 1272 2979 in
1324 2941 1427 2993 quo
1454 2925 1720 2996 gloriaris
1750 2942 1881 2996 pag.
1913 2929 2014 2980 287
2055 2943 2095 2997 c
2131 2927 2334 2992 dicare,
2376 2943 2538 2994 quam
2561 2928 2822 2980 sanctitas
2857 2931 2951 2979 tua
2974 2928 3031 2979 in
3068 2942 3187 2980 eam
3213 2928 3445 2996 profari
3475 2931 3524 2979 et
3554 2926 3795 2994 disputare

315 3018 581 3084 habitare,
638 3016 734 3070 lib.
787 3032 837 3068 1v
885 3020 1084 3068 contra
1131 3014 1241 3068 Jul.
1299 3030 1421 3084 cap.
1476 3017 1551 3068 8:
1603 3016 1668 3069 1n
1710 3016 2015 3069 novissimis

313 3107 453 3159 enim
472 3104 722 3173 partibus
749 3104 923 3172 primi
951 3101 1082 3156 libri
1107 3103 1212 3154 mei
1240 3101 1314 3154 ad
1343 3103 1398 3156 S.
1432 3103 1743 3169 Pinianum,
1770 3103 1924 3170 cujus
1938 3109 2016 3156 est

315 3194 503 3248 titulus
550 3193 613 3246 de
645 3191 845 3245 Gratia
891 3193 986 3245 Dei
1033 3195 1222 3244 contra
1269 3191 1567 3258 Pelagium.
1611 3190 1664 3244 S.
1721 3190 2014 3244 Possidius

314 3281 611 3352 episcopus
641 3278 1096 3347 Ca1amensis,in
1120 3278 1374 3348 catalogo
1416 3277 1691 3332 librorum
1744 3279 2011 3348 Augusti-

317 3368 579 3422 nensium
611 3368 691 3422 ait
727 3385 740 3421 :
769 3369 965 3423 Contra
993 3368 1274 3434 Pelagium
1297 3369 1346 3425 et
1377 3366 1695 3420 Ccelestium
1717 3366 1781 3419 de
1812 3367 2012 3420 Gratia

313 3458 518 3512 Christi
544 3461 593 3509 et
623 3458 842 3510 Peccata
871 3455 1134 3522 originali
1159 3453 1289 3507 libri
1311 3454 1416 3507 duo
1437 3455 1510 3506 ad
1534 3456 1844 3519 Pinianum,
1862 3455 2014 3508 Albi-

309 3558 438 3596 num
485 3548 534 3595 et
581 3543 900 3595 Melanium.
956 3540 1195 3593 Videsne
1258 3539 1349 3592 hic
1411 3539 1717 3593 Pinianum
1782 3539 2012 3594 femina:

311 3630 533 3685 Albinae
564 3628 856 3700 anteponi,
893 3645 1010 3682 non
1043 3628 1115 3682 ob
1146 3627 1329 3681 aetatis
1374 3626 1760 3698 privilegium,
1811 3628 1910 3682 sed
1939 3629 2010 3682 ob

312 3718 650 3788 dignitatem
671 3733 837 3770 sexus
854 3719 882 3770 ?
911 3717 1082 3769 Vocat
1101 3715 1258 3769 illam
1281 3715 1566 3782 Albi-num,
1591 3731 1708 3768 non
1727 3715 2007 3781 Albinam,

311 3812 375 3861 ut
407 3807 527 3877 jam
569 3806 703 3860 satis
759 3820 1044 3875 superque
1084 3803 1370 3873 intelligas
1425 3804 1585 3857 nullo
1625 3804 1754 3874 jure
1785 3809 2006 3858 tantum

310 3895 818 3966 grammaticorum
858 3894 1156 3962 pulverem
1188 3892 1288 3945 abs
1337 3897 1389 3944 te
1424 3891 1484 3944 in
1515 3891 1701 3945 virum
1733 3891 2003 3945 amicissi-

310 4000 470 4038 mum
500 3982 832 4038 excitatum.
863 3981 920 4035 8.
950 3982 1191 4049 Prosper
1212 3979 1270 4033 in
1294 3981 1406 4033 line
1436 3980 1624 4051 operis
1655 3985 1852 4033 contra
1881 3981 2008 4034 Col-

310 4072 548 4126 latorem
598 4085 901 4124 recensens
934 4068 1237 4138 plerosque
1285 4068 1462 4122 libros
1501 4067 1824 4138 Augustini,
1858 4068 2010 4121 inter

308 4160 542 4214 eosdem
572 4157 836 4213 nominat
869 4157 943 4210 ad
982 4157 1038 4212 S.
1072 4158 1377 4210 Pinianum
1411 4159 1562 4211 duos.
1603 4158 1799 4210 Fatere
1821 4156 1880 4209 in
1910 4156 2006 4209 illa

2125 3014 2356 3082 dignata
2376 3019 2478 3068 est.
2506 3015 2633 3068 Hmc
2657 3014 2832 3067 verba
2863 3013 3053 3066 minus
3089 3013 3239 3067 mihi
3287 3014 3576 3068 intellecta
3610 3011 3789 3065 scribis.

2122 3104 2353 3169 Fefellit,
2379 3103 2589 3173 inquit,
2609 3103 2763 3155 illum
2785 3101 2928 3170 quod
2945 3105 3165 3170 putavit
3185 3103 3331 3156 illud
3347 3102 3582 3156 Melania
3593 3101 3797 3155 Melania

2123 3207 2233 3245 esse
2257 3191 2682 3257 atlribuendum,
2709 3195 2758 3244 et
2783 3205 2948 3243 unam
2970 3191 3055 3244 hic
3069 3194 3289 3245 tantum
3308 3207 3594 3261 personam
3615 3187 3793 3255 signi/i-

2123 3279 2258 3330 cari.
2279 3279 2505 3330 Postea:
2538 3279 2733 3333 Verum
2751 3293 2869 3346 qum
2890 3279 2974 3332 hic
2990 3295 3237 3348 personae
3255 3283 3624 3334 nominantur.
3659 3285 3796 3331 mater

2117 3371 2166 3418 et
2192 3365 2342 3436 ﬁlius
2372 3382 2384 3419 :
2434 3367 2672 3421 Melania
2697 3371 2746 3419 et
2778 3368 3059 3421 Melanius.
3101 3369 3182 3421 De
3225 3369 3420 3435 beata,
3472 3369 3667 3438 inquit,
3700 3381 3793 3417 ma-

2118 3457 2202 3506 tre
2232 3469 2342 3507 ecce
2384 3469 2530 3507 una:
2564 3458 2619 3506 et
2678 3459 3005 3508 sanctorum
3053 3462 3218 3523 patre
3265 3455 3460 3510 radice
3491 3466 3793 3507 ramorum:

2119 3557 2228 3595 ecce
2249 3543 2441 3606 altera,
2475 3542 2536 3595 id
2582 3547 2659 3596 est
2709 3544 2993 3597 Mela-nius.
3027 3543 3085 3597 Si
3138 3543 3449 3614 Rosweydi
3477 3540 3798 3596 eruditissimi

2119 3636 2168 3684 et
2197 3630 2590 3698 elegantissimi
2627 3636 2786 3684 notas
2825 3631 2885 3684 in
2918 3631 3210 3685 laudatam
3244 3632 3552 3701 epistolam
3575 3630 3794 3700 legisses,

2118 3723 2303 3772 textus
2358 3719 2650 3786 mendum,
2695 3720 2846 3789 quod
2880 3725 2933 3773 te
2974 3720 3198 3786 fefellit,
3246 3721 3597 3774 adnotasses.
3629 3715 3800 3772 Scribit

2117 3806 2202 3859 vir
2245 3805 2488 3876 insignis
2544 3823 2676 3878 pag.
2722 3810 2820 3861 887
2859 3823 2871 3860 :
2924 3808 3324 3862 Antecedentia
3356 3813 3408 3862 et
3461 3805 3797 3875 consequentia

2116 3895 2303 3949 docent
2352 3896 2648 3961 legendum,
2695 3901 3002 3950 sanctorum
3045 3912 3286 3950 manus
3335 3898 3528 3951 radice
3561 3909 3800 3950 ramorum

2116 3982 2401 4044 Melania;
2432 3997 2706 4050 nusquam
2734 3984 2875 4035 enim
2898 3982 3034 4036 alibi
3063 3986 3268 4036 mentio
3295 3985 3525 4037 Melanii
3539 3984 3721 4051 patris.
3742 3979 3800 4030 At

2117 4071 2182 4123 de
2225 4072 2478 4135 Melania,
2511 4075 2561 4123 et
2604 4075 2727 4123 ante
2757 4071 2962 4123 locutus
3009 4075 3148 4137 erat,
3198 4077 3253 4124 et
3302 4074 3558 4125 continua
3587 4067 3798 4135 subjicit,

2123 4155 2428 4209 Videndum
2457 4172 2528 4208 an
2557 4158 2699 4222 forte
2728 4155 2930 4209 dictum
2957 4158 3027 4210 sit
3052 4157 3392 4223 Melanium,
3424 4163 3486 4211 ut
3507 4157 3797 4227 Glycerium.

309 4249 680 4319 inscriptione
711 4263 826 4300 non
879 4245 1068 4298 virum
1109 4244 1398 4308 Albinum,
1453 4261 1624 4314 quem
1675 4243 1863 4315 ﬁngis,
1913 4245 2012 4299 sed
2048 4228 2090 4282 Ῑ)
2123 4245 2187 4298 Et
2212 4249 2382 4298 recte.
2422 4245 2564 4298 Nam
2591 4243 2638 4297 si
2670 4249 2910 4298 matrem
2943 4244 3276 4311 Melanium,
3318 4253 3375 4300 et
3415 4251 3634 4316 patrem
3664 4241 3801 4298 Mela-

312 4335 572 4389 Albinam
603 4350 827 4387 socrum
853 4333 925 4386 ob
963 4331 1144 4385 mtatis
1171 4331 1536 4400 privilegium
1572 4329 1789 4401 priores
1818 4336 2008 4402 partes

310 4422 528 4490 tulisse,
570 4438 699 4476 cum
740 4423 879 4474 alias
908 4421 980 4475 ob
1019 4436 1183 4474 sexus
1225 4419 1566 4490 dignitatem
1602 4421 1687 4472 vel
1717 4436 1887 4485 unus,
1922 4413 2009 4474 vel

306 4510 489 4582 priori
519 4512 718 4564 saltem
749 4511 868 4564 loco
903 4508 1174 4563 Pinianus
1201 4523 1378 4578 gener
1403 4507 1791 4561 collocaretur.

378 4599 559 4666 Addo,
611 4597 803 4668 inquis
857 4600 1001 4666 (pag.
1061 4598 1169 4665 Si),
1225 4599 1599 4665 Augustinum
1621 4597 1874 4663 .epistola
1903 4599 2002 4650 227

305 4687 539 4743 scribere
589 4686 808 4751 Albino,
855 4686 1112 4747 Piniano,
1155 4686 1406 4750 Meliuno,
1460 4687 1556 4753 qui
1604 4684 1858 4738 videntur
1899 4700 2009 4739 esse

306 4777 473 4832 iidem
512 4790 644 4844 quos
674 4776 1092 4839 nominavimus,
1134 4775 1244 4827 nisi
1277 4775 1336 4826 in
1362 4771 1601 4827 Melania
1634 4772 1886 4828 mendum
1913 4776 2002 4837 sit,

307 4882 370 4921 ac
401 4863 681 4934 legendum
712 4865 785 4916 sit
823 4861 1098 4916 Melanim.
1129 4864 1320 4929 Itaque
1348 4863 1487 4914 mihi
1527 4877 1662 4930 pene
1689 4876 2009 4929 persuasum

305 4958 383 5007 est
425 4953 688 5007 Albinum
731 4965 842 5004 esse
879 4949 1239 5014 retinendum,
1285 4955 1344 5003 ut
1389 4951 1569 5003 virum
1621 4949 1910 5019 significet.
1951 4949 2009 5004 Si

309 5039 547 5094 Possidii
586 5039 905 5093 indiculum
958 5036 1212 5106 legisses,
1244 5035 1392 5088 hanc
1434 5041 1590 5089 tuam
1644 5037 1713 5091 de
1757 5036 2006 5090 masculo

307 5128 512 5181 Albino
537 5127 872 5197 opinionem
912 5123 1294 5194 deposuisses.
1333 5125 1414 5177 Ita
1444 5124 1596 5177 illius
1653 5124 1907 5194 epistola:
1939 5124 2002 5180 ti.

306 5215 494 5268 tulum
529 5215 760 5280 ,ibidem
819 5213 1022 5268 recitat
1062 5228 1074 5266 :
1122 5212 1353 5277 Albinw,
1383 5214 1612 5266 Piniano
1659 5219 1708 5266 et
1737 5215 2007 5267 Melania-

315 5302 585 5355 Eamdem
613 5303 914 5356 mulierem
945 5300 1212 5354 Albinum
1245 5303 1409 5352 vocat
1445 5299 1816 5370 Augustinus,
1851 5301 2004 5354 Albi-

308 5405 443 5443 nam
472 5390 727 5460 ejusdem
754 5391 970 5460 collega
998 5387 1288 5443 Possidius
1319 5392 1631 5457 nuncupat.
1667 5387 1725 5442 Si
1747 5388 2001 5442 audivis-

309 5494 399 5532 ses
451 5475 793 5547 Scriptorem
837 5477 964 5531 vitae
1003 5477 1058 5532 8.
1112 5475 1385 5542 Melaniae;
1459 5491 1756 5546 nunquam
1818 5476 2002 5531 eidem

2118 4331 2280 4385 nium
2331 4330 2660 4385 immediate
2712 4331 3010 4402 posuisset,
3039 4333 3286 4388 dixisset
3325 4351 3446 4387 non
3487 4339 3545 4388 in
3574 4350 3696 4397 eam,
3723 4329 3798 4382 sed

2117 4423 2173 4475 in
2204 4436 2288 4475 eos
2303 4424 2524 4490 profari
2546 4422 2779 4492 dignata
2808 4427 2903 4476 est.
2933 4422 3090 4476 Adde
3133 4423 3331 4478 ﬁlium
3361 4423 3616 4479 Melaniae
3642 4418 3802 4491 appel-

2116 4509 2295 4563 latum
2325 4525 2441 4563 non
2471 4509 2793 4576 Melanium,
2825 4510 2922 4564 sed
2972 4510 3360 4578 Publicolam,
3413 4518 3479 4566 ut
3508 4513 3567 4565 in
3598 4512 3727 4564 notis
3748 4507 3800 4559 ad

2117 4598 2345 4651 easdem
2394 4597 2662 4667 epistolas
2712 4597 2937 4652 Paulini
2971 4615 3086 4652 non
3136 4617 3258 4654 uno
3295 4602 3424 4655 loco
3460 4602 3564 4655 tibi
3587 4599 3801 4654 indicare.

2115 4691 2300 4756 potest
2331 4685 2666 4741 Cbiftletius.
2729 4686 2940 4739 Verum
2974 4686 3202 4741 duobus
3233 4689 3399 4743 hisce
3448 4683 3803 4742 celeberrimis

2117 4791 2147 4829 e
2178 4775 2444 4829 societate
2478 4776 2611 4828 Jesu
2659 4773 3033 4844 scriptoribus
3063 4793 3237 4831 aures
3271 4776 3613 4849 denegasti;
3649 4791 3736 4829 cur
3759 4777 3803 4823 te

2115 4863 2307 4932 ipsum
2353 4863 2552 4917 saltem
2597 4879 2709 4916 non
2761 4863 3015 4918 audisti?
3047 4866 3257 4920 Nonne
3304 4868 3536 4921 dixeras
3575 4875 3802 4918 socerum

2118 4949 2340 5004 Piniani
2359 4949 2627 5004 Albinum
2651 4951 3008 5005 nominatum
3027 4953 3054 5005 ?
3072 4969 3189 5022 quo
3218 4954 3358 5022 jure
3381 4955 3625 5008 alterum
3646 4949 3802 5004 eidem

2113 5038 2348 5092 fratrem
2379 5038 2681 5091 Melanium
2737 5037 2942 5092 addis?
2979 5043 3065 5094 An
3094 5039 3249 5094 forte
3299 5041 3563 5095 dicturus
3593 5055 3647 5092 es
3685 5036 3804 5088 duas

2112 5125 2286 5179 fuisse
2345 5124 2600 5180 Melania:
2631 5124 2802 5194 ﬁlios,
2836 5142 3084 5196 quorum
3125 5143 3285 5181 unus
3334 5128 3629 5189 Melanius,
3669 5124 3803 5190 cujus

2115 5215 2287 5268 morti
2319 5214 2585 5268 Paulinus
2615 5214 2900 5282 indoluit;
2938 5216 3082 5269 alter
3119 5232 3261 5269 vero
3304 5217 3553 5271 Albinus
3583 5209 3805 5268 Melanizc

2107 5302 2354 5372 junioris
2385 5308 2547 5372 pater
2593 5307 2647 5356 et
2694 5319 2852 5357 socer
2904 5303 3180 5358 Piniani?
3209 5306 3255 5359 Ο
3291 5306 3387 5359 te!
3423 5305 3506 5358 Ab
3549 5316 3690 5355 anno
3721 5299 3804 5350 373

2116 5390 2265 5444 unici
2305 5389 2410 5444 ﬁlii
2463 5394 2645 5444 mater
2689 5397 3040 5447 remanserat
3087 5392 3270 5447 vidua
3301 5392 3567 5448 Melania.
3627 5385 3806 5444 Scribit

2113 5478 2398 5533 Palladius
2426 5495 2548 5549 cap.
2588 5481 2687 5533 H8
2712 5494 2725 5532 :
2759 5481 2878 5536 Non
2907 5484 2984 5534 est
3009 5480 3299 5536 abstracta
3317 5499 3352 5534 a
3375 5480 3675 5550 cupiditate
3693 5476 3800 5542 ﬁlii,
