3920 6180
109 260 195 308 553

866 260 1224 316 VARIORUM
1267 264 1862 322 EXEHCITATIONES
1903 269 1968 322 lN
2009 273 2062 324 S.
2107 272 2471 327 AUGUSTlNl
2511 276 2759 331 OPERA.

101 394 192 431 non
216 392 322 430 eam
349 378 533 432 divisit
562 395 596 431 a
625 383 856 435 caritate
888 383 1094 437 Christi
1120 388 1393 453 unigeniti
1417 389 1524 454 ﬁlii
1548 390 1756 444 deside-
1798 390 1840 442 A
1870 389 2101 457 ingenio,
2130 411 2164 447 a
2193 395 2350 449 dorso
2380 400 2628 459 multum.
2661 416 2780 454 cum
2820 404 2929 456 alio
2977 414 3312 475 comportant
3344 426 3462 478 qua:
3481 416 3566 468 in-

104 469 241 519 rium.
274 466 470 520 Scribit
492 467 880 539 Hieronymus
909 473 1072 542 epist.
1095 476 1192 528 24:
1220 477 1473 541 Quinimo
1503 493 1612 546 qua
1641 481 1763 533 illos

103 559 250 608 mente
276 560 640 624 contempserit
673 559 900 629 (nempe
950 567 1238 617 mortuum
1275 565 1543 620 maritum
1574 583 1635 620 ac
1674 568 1759 621 bi-

104 661 200 697 nos
222 644 369 710 ﬁlios)
401 647 460 699 in
492 650 644 701 unico
668 654 856 717 postea
875 650 992 720 ﬁlio
1018 655 1233 721 probat.
1254 655 1460 710 Scribit
1486 657 1759 711 Paulinus

101 733 242 802 epist.
270 735 329 786 44
361 736 649 790 Melanium
678 740 882 804 ﬂevisse
917 744 1185 797 carnalem
1228 745 1430 799 obitum
1466 749 1617 802 unici
1655 747 1762 816 ﬁlii

97 825 186 875 sui.
235 823 307 874 'l'u
347 838 478 876 vero
521 832 716 878 contra
748 828 1105 884 oculatorum
1151 833 1385 888 testium
1424 834 1572 889 dicta
1614 838 1758 890 duos

98 909 322 963 Melaniae
362 909 512 965 ﬁlios
554 915 836 984 obtrudis,
886 919 1152 974 Albinum
1184 926 1237 974 et
1271 923 1599 992 Melanium,
1626 941 1756 980 cum

99 996 265 1049 unicus
281 997 360 1051 illi
383 999 534 1052 ﬁlius
561 1002 851 1058 Publicola
879 1005 1074 1062 fuerit.
1124 1009 1181 1063 Si
1204 1010 1441 1068 vidisses
1479 1013 1601 1067 haec
1622 1015 1754 1068 Hie-

93 1085 289 1153 ronymi
317 1088 487 1141 verba
519 1089 575 1142 in
599 1091 763 1160 epist.
793 1095 850 1147 41
892 1096 959 1148 ad
993 1097 1292 1153 Ruﬁnum:
1333 1102 1753 1156 Eratnobiscum

90 1177 130 1223 et
153 1172 306 1225 Hilas
337 1179 519 1228 sancti
551 1179 775 1231 Melanii
797 1181 1058 1248 famulus,
1091 1185 1344 1253 profecto
1375 1187 1595 1242 tibimet
1650 1206 1752 1259 pro

90 1259 298 1313 Melanio
326 1261 446 1315 viro
473 1264 833 1336 triumphum
863 1270 1179 1326 cecinisses.
1229 1275 1337 1328 Sed
1367 1279 1550 1330 textus
1590 1294 1752 1330 men-

87 1347 200 1400 dum
228 1351 626 1422 corrigendum
655 1360 829 1410 estex
855 1359 1073 1428 optimo
1120 1377 1225 1416 ms.
1272 1363 1634 1420 bibliotheca;
1663 1382 1748 1420 se-

88 1436 335 1490 renissimi
379 1440 569 1510 Magni
610 1444 773 1497 Ducis
824 1445 884 1498 in
921 1449 1118 1517 pluteo
1150 1453 1233 1516 l9,
1264 1451 1363 1505 ubi
1409 1459 1608 1508 sanctae
1635 1457 1746 1509 Me-

86 1527 218 1578 lania:
239 1525 461 1595 legitur.
509 1529 673 1582 Forte
722 1539 921 1587 sancta:
958 1537 1184 1590 Melanii
1211 1539 1481 1609 scriptum
1521 1541 1631 1595 fuit
1677 1543 1747 1596 ab

1870 486 2144 535 venerunt.
2180 483 2262 536 Ita
2290 489 2392 550 est,
2417 485 2496 538 mi
2541 488 2788 556 Macedo,
2841 491 3166 548 dossuarius
3209 497 3384 552 homo
3415 516 3564 567 sum,

1871 571 1926 620 et
1980 567 2237 639 bajulum
2267 589 2396 642 ago,
2432 579 2488 627 et
2532 577 2868 648 plerumque
2917 581 3019 634 sub
3064 583 3344 640 librorum
3397 605 3569 644 onere

1869 655 2089 710 deﬁcio.
2129 659 2210 712 Tu
2257 675 2412 725 vero,
2455 662 2553 731 qui
2603 663 2930 734 dedignaris
2981 669 3134 724 hisce
3169 673 3400 742 baiulis,
3425 694 3489 731 ac
3518 679 3566 732 si

1833 767 1835 770 -
1869 750 2056 798 essent
2084 746 2287 801 ultima
2326 749 2394 802 de
2433 750 2566 804 fasce
2611 754 2880 823 saburrae,
2929 760 3232 828 accenseri,
3269 765 3464 819 omnia
3493 769 3562 821 ab

1868 833 2085 900 ingenio
2137 835 2326 905 affers,
2357 854 2390 891 a
2420 839 2577 892 dorso
2607 841 2772 907 nihil,
2832 849 3122 913 auctorem,
3175 866 3287 903 non
3317 852 3564 921 bajulum

1864 919 2005 988 agis.
2043 921 2188 974 Vah!
2225 939 2399 992 quam
2444 926 2718 984 feliciter!
2747 933 2967 985 Etenim
2993 937 3059 988 ab
3101 923 3315 1006 ingenio
3347 919 3443 994 tuo
3476 949 3561 997 est

1862 1007 2016 1062 ﬁlius
2065 1010 2289 1065 Piniani
2321 1017 2378 1066 et
2419 1015 2672 1070 Melaniae
2700 1034 2850 1073 anno
2895 1023 2999 1075 418
3056 1031 3359 1094 superstes.
3403 1032 3559 1085 Hunc

1863 1095 2143 1151 dossuarii
2167 1115 2232 1152 ex
2264 1100 2508 1155 lectione
2538 1103 2668 1157 libri
2702 1107 2770 1160 de
2807 1108 2927 1162 Vita
2959 1109 3012 1162 S.
3055 1113 3308 1167 Melaniae
3335 1115 3388 1168 id
3415 1122 3558 1172 tem-

1856 1183 2013 1251 poris
2045 1185 2244 1240 vixisse
2264 1204 2334 1240 ne
2363 1190 2690 1259 cogitarunt
2712 1195 2966 1264 quidem.
2997 1199 3310 1267 Abingenio
3342 1208 3439 1258 tuo
3469 1212 3555 1260 est

1861 1287 1997 1324 avus
2030 1274 2285 1328 Melania:
2311 1276 2578 1345 junioris,
2610 1296 2760 1334 anno
2801 1284 3004 1338 eodem
3036 1286 3095 1339 in
3128 1290 3426 1346 Palaestina
3459 1295 3554 1347 de-

1858 1373 2018 1428 gens.
2076 1363 2359 1416 Dossuarii
2389 1381 2454 1419 ex
2495 1368 2774 1423 Chronico
2823 1371 2880 1425 D.
2926 1373 3258 1446 Hieronymi
3289 1381 3556 1434 eumdem

1857 1463 2010 1502 anno
2043 1451 2143 1503 373
2166 1451 2499 1507 defunctum
2523 1459 2745 1524 putant.
2768 1460 2859 1512 Ab
2881 1463 3092 1528 ingenio
3112 1469 3205 1516 tuo
3229 1471 3313 1519 est
3333 1468 3560 1523 Piniani

1853 1540 2020 1605 pater
2072 1539 2326 1593 Albinus.
2380 1543 2540 1596 Hunc
2591 1544 2871 1600 dossuarii
2917 1565 2981 1602 ex
3041 1552 3276 1607 Palladii
3306 1556 3554 1612 Piniani.

86 1611 416 1683 Hieronymo,
456 1633 589 1688 quae
615 1621 986 1691 exscriptores
1016 1625 1170 1679 haud
1225 1627 1626 1698 percipientes,
1659 1632 1744 1684 vel
1781 1669 1822 1722 Β
1861 1625 2118 1694 ejusdem
2166 1626 2406 1722 hospitis
2439 1631 2723 1722 ALausiaca
2756 1634 3024 1690 Severum
3049 1647 3250 1694 vocant
3281 1644 3368 1696 Ab
3399 1647 3559 1715 inge-

83 1705 272 1756 textum
317 1714 721 1777 corruperunt,
760 1715 938 1766 sancti
977 1714 1300 1778 reddentes,
1332 1717 1420 1770 vel
1475 1717 1596 1772 sine
1644 1735 1747 1773 ne-

85 1789 304 1845 cessitate
346 1797 755 1858 emendarunt,
812 1802 1060 1856 Melaniae
1103 1804 1503 1873 exprimentes.
1557 1808 1746 1862 Corri-

83 1877 528 1950 genduslinsuper
549 1885 983 1953 estscholiastes
1014 1890 1258 1959 Baronii,
1283 1892 1380 1962 qui
1406 1894 1477 1947 ad
1504 1910 1595 1947 an.
1618 1897 1745 1964 409,

81 1963 160 2016 ubi
186 1967 600 2024 eruditissimus
630 1974 936 2028 cardinalis
957 1977 1158 2032 recitat
1189 1979 1489 2049 epistolam
1522 1981 1746 2035 Paulini

81 2050 134 2103 ad
175 2056 574 2125 Augustinum,
617 2061 782 2129 ponit
830 2063 889 2115 in
934 2065 1195 2135 margine
1231 2083 1243 2120 :
1285 2070 1551 2124 Melanius
1588 2075 1746 2138 pater

79 2141 326 2208 Melaniae;
372 2147 592 2201 etenim
643 2149 711 2202 de
766 2151 1006 2205 Melania
1045 2153 1244 2207 scribit
1297 2156 1584 2210 Palladius
1614 2175 1740 2228 cap.

82 2229 176 2294 H7,
237 2232 357 2284 Fuit
397 2234 623 2301 quidem
667 2237 782 2303 ﬁlia
839 2240 1085 2292 Marcelli
1129 2243 1454 2297 consularis.
1502 2244 1626 2298 Scio
1680 2247 1742 2300 in

79 2315 319 2372 Chronico
346 2321 405 2374 D.
457 2321 793 2392 Hieronymi
832 2325 899 2378 ad
934 2342 1148 2381 annum
1179 2329 1464 2385 decimum
1492 2329 1740 2387 Valentis

75 2402 161 2455 dici
191 2405 487 2461 Melaniam
527 2412 832 2464 Marcellini
861 2416 1093 2468 consulis
1120 2417 1312 2484 ﬁliam.
1365 2418 1471 2472 Sed
1501 2419 1740 2474 Ruﬁnus

74 2491 149 2544 lib.
181 2511 211 2546 ιι
238 2495 436 2550 lnvect.
477 2497 539 2550 in
595 2498 1002 2570 Hieronymum
1053 2505 1301 2558 referens
1339 2507 1509 2560 verba
1566 2508 1736 2562 Chro-

75 2579 162 2632 nici
187 2581 610 2654 Hieronymiani
641 2587 868 2642 scribit:
911 2592 1214 2646 Marcellini
1243 2596 1473 2648 consulis
1504 2602 1732 2665 neptem.

75 2669 221 2724 Gessit
267 2679 454 2728 autem
515 2676 735 2729 Flavius
793 2679 1150 2733 Marcellinus
1179 2683 1537 2736 consulatum
1604 2701 1734 2739 cum

73 2757 284 2813 Probino
305 2763 528 2832 collega
561 2780 709 2818 anno
741 2767 862 2820 341.

128 2846 363 2916 Putabas,
409 2851 621 2919 amice,
681 2853 873 2907 Albini
910 2855 994 2908 tui
1047 2857 1439 2927 genealogiam
1475 2861 1733 2929 repetitis

1858 1714 1949 1766 nio
1982 1717 2080 1767 tuo
2115 1720 2199 1768 est
2229 1716 2453 1770 Piniani
2493 1735 2649 1772 socer
2686 1723 2923 1776 Albinus
2964 1742 3114 1779 anno
3145 1729 3246 1783 418
3276 1729 3426 1784 inter
3451 1714 3554 1786 bo-

1856 1800 2040 1854 mines
2093 1803 2411 1859 ambulans.
2463 1808 2618 1861 Hunc
2665 1809 2939 1864 dossuarii
3022 1829 3088 1868 ex
3140 1818 3444 1886 Augustini
3497 1826 3554 1874 et

1857 1888 2080 1942 Paulini
2111 1891 2316 1945 litteris
2345 1897 2476 1948 ante
2517 1911 2734 1950 annum
2774 1899 2879 1953 400
2918 1900 3068 1955 diem
3105 1903 3308 1962 obiiSSe
3340 1910 3550 1962 testan-

1853 1979 1964 2030 tur.
2003 1977 2087 2032 Ab
2117 1979 2333 2046 ingenio
2361 1985 2459 2034 tuo
2480 1988 2612 2036 sunt
2629 1989 2864 2054 patruus
2893 1989 3281 2057 etiavunculus
3302 1993 3551 2063 Piniani,

1853 2064 1965 2117 Hos
1994 2065 2185 2119 miseri
2217 2068 2496 2122 dossuarii
2519 2070 2580 2124 in
2638 2073 2810 2128 nullis
2859 2082 3116 2132 veterum
3165 2085 3551 2138 monumentis

1849 2151 2170 2208 inveniunt.
2215 2157 2302 2209 Ab
2348 2159 2561 2224 ingenio
2611 2163 2730 2228 tuo,
2778 2161 2836 2215 in
2874 2164 3122 2220 Landata
3177 2168 3548 2241 inscriptione
3601 2193 3603 2200 π

1850 2241 1980 2294 libri
2017 2242 2085 2295 de
2118 2243 2308 2298 Gratia
2358 2246 2588 2314 Christi,
2612 2249 2827 2318 primas
2867 2251 2974 2306 sibi
3022 2255 3268 2311 vindicat
3288 2260 3544 2316 Albinus.

1848 2328 2138 2382 Dossuarii
2206 2347 2272 2384 ex
2321 2334 2661 2402 Augustino,
2713 2343 2768 2391 et
2833 2339 3110 2405 Possidio,
3168 2350 3217 2398 et
3277 2348 3549 2419 Prospero

1845 2416 2100 2485 priorem
2144 2418 2384 2473 Piniano
2417 2426 2691 2492 tanquam
2726 2425 2846 2478 viro
2877 2427 3064 2482 locum
3097 2434 3432 2489 concedunt.
3461 2437 3547 2491 Ab

1842 2506 2058 2570 ingenio
2083 2510 2181 2560 tuo
2211 2507 2452 2562 Albinus
2497 2511 2583 2563 vir
2614 2513 2838 2566 Piniani
2869 2520 2927 2569 et
2981 2517 3236 2573 Melaniae
3272 2523 3454 2576 socius
3487 2525 3546 2578 in

1843 2593 2031 2647 Africa
2053 2594 2397 2664 publicatur.
2436 2598 2722 2652 Dossuarii
2763 2617 2828 2654 ex
2855 2603 3002 2655 libro
3033 2604 3102 2657 de
3134 2606 3257 2660 Vita
3288 2610 3542 2664 Melaniae

1840 2679 2049 2733 horum
2081 2680 2292 2734 sociam
2321 2684 2584 2737 Albinam
2617 2686 2891 2741 feminam
2932 2690 3168 2745 faciunt.
3203 2695 3288 2748 Ab
3320 2699 3536 2763 ingenio

1844 2772 1942 2822 tuo
1965 2772 2098 2822 sunt
2129 2769 2241 2823 duo
2271 2770 2511 2824 senioris
2564 2774 2819 2827 Melaniae
2851 2776 2974 2840 lilii,
3030 2779 3266 2833 Albinus
3293 2788 3349 2835 et
3379 2785 3542 2839 Mela-

1841 2855 1989 2909 nius.
2030 2857 2318 2910 Dossuarii
2375 2874 2439 2911 ex
2507 2859 2872 2930 Hieronymo,
2911 2865 3152 2918 Paulino
3203 2872 3259 2921 et
3287 2871 3536 2926 Palladio

73 2932 161 2986 illis
198 2941 300 3001 aut,
360 2945 484 3004 aut,
539 2944 812 3011 tanquam
861 2942 1073 2996 facibus
1130 2943 1433 3012 illustrare,
1467 2948 1565 3000 sed
1614 2966 1728 3003 non

1898 2943 2072 2997 licum
2115 2944 2301 2998 eidem
2333 2945 2515 2999 ﬁlium
2557 2947 2730 3001 fuisse
2774 2952 3172 3018 pronuntiant.
3206 2957 3292 3009 Ab
3324 2960 3537 3022 ingenio

71 3022 210 3076 modo
263 3026 414 3081 illam
473 3028 824 3082 densissimis
871 3032 1121 3085 tenebris
1177 3033 1482 3102 involvisti,
1532 3052 1731 3092 verum

73 3112 211 3166 etiam
240 3117 422 3184 palam
445 3117 630 3171 fecisti
653 3124 926 3188 quantam
957 3121 1096 3174 lucis
1127 3122 1186 3175 in
1229 3123 1606 3178 ecclesiastica
1637 3127 1726 3180 hi-

70 3201 210 3253 storia
245 3205 529 3273 jacturam
579 3207 831 3275 patiaris.
866 3210 1068 3272 Quaeso
1134 3216 1208 3276 te,
1270 3226 1340 3264 ne
1385 3213 1622 3267 moleste
1673 3219 1730 3268 et

69 3290 231 3343 acerbe
280 3293 424 3346 feras
480 3295 781 3365 Augustini
820 3297 1006 3350 verbis
1059 3298 1127 3350 ab
1164 3300 1344 3352 amico
1391 3301 1723 3357 admoneri:

67 3375 112 3427 Si
126 3392 232 3445 ergo
255 3385 478 3448 penitus
498 3385 794 3439 instructus
821 3401 925 3440 non
954 3401 1028 3453 es,
1063 3403 1157 3440 cur
1185 3403 1289 3441 non
1317 3391 1530 3456 penitus
1563 3394 1723 3458 taces,

64 3471 136 3517 aut
155 3468 222 3520 ita
253 3470 511 3538 loqueris,
545 3478 605 3526 ut
649 3476 870 3528 institui
904 3479 951 3528 te
989 3475 1296 3530 desideres?
1331 3477 1448 3531 Lib.
1487 3495 1502 3529 ι
1535 3493 1729 3532 contra

66 3554 401 3626 Cresconium,
435 3576 570 3629 cap.
605 3565 655 3615 3.
682 3563 821 3615 Cum
853 3567 1010 3616 tuam
1027 3565 1490 3633 provocationem
1516 3566 1576 3619 in
1607 3566 1726 3620 haec

63 3641 197 3707 plane
231 3647 394 3700 verba
425 3650 788 3719 concepisses
820 3667 831 3703 :
878 3655 1263 3706 Emaminemus
1306 3669 1565 3722 personas
1597 3657 1722 3723 qui-

65 3728 138 3783 bus
162 3748 280 3801 opus
308 3738 453 3791 illud
485 3753 640 3791 suum
687 3740 1028 3807 Augustinus
1060 3742 1353 3807 dedicavit,
1395 3747 1445 3795 et
1488 3748 1606 3796 uter
1630 3759 1725 3797 no-

62 3822 200 3874 strum
230 3826 412 3879 melius
481 3829 679 3880 sentiat
716 3832 1084 3897 escperiamur,
1118 3831 1414 3884 consulere
1446 3830 1723 3884 debueras

62 3911 276 3964 veterum
304 3915 651 3984 scriptorum
702 3917 1013 3984 volumina,
1059 3922 1122 3971 ut
1165 3917 1296 3972 inde
1347 3935 1721 3989 personarum

61 3992 112 4046 de
138 3998 324 4066 quibus
363 4002 514 4055 mihi
561 4004 719 4057 litem
767 4005 1099 4059 intendebas
1146 4006 1407 4060 notitiam
1437 4008 1717 4062 haurires.

61 4081 346 4141 Laudautur
396 4095 519 4143 tres
558 4090 670 4144 illm
714 4109 977 4162 personae
1033 4111 1348 4166 earumque
1397 4097 1591 4166 agnati
1649 4097 1718 4151 ab

57 4170 350 4242 Augustino,
407 4178 779 4249 Hieronymo,
857 4183 1116 4248 Paulino,
1170 4185 1442 4251 Palladio,
1487 4185 1713 4249 Ruﬁno,

57 4258 286 4331 Possidio,
347 4268 457 4338 qui
507 4269 678 4322 modo
747 4271 959 4324 eisdem
1028 4273 1347 4340 convixere,
1398 4274 1496 4327 sed
1546 4274 1715 4327 etiam

57 4348 244 4405 easdem
265 4370 332 4407 ne
363 4355 509 4410 facie
532 4363 832 4424 noverunt,
874 4359 1215 4431 illarumque
1257 4361 1415 4415 fuere
1447 4361 1714 4431 hospites,

56 4437 99 4484 et
135 4437 373 4507 clientes,
424 4445 514 4496 vel
557 4446 938 4500 encomiastre.
1001 4448 1148 4500 Dicis
1177 4465 1299 4519 cap.
1361 4453 1411 4512 3,
1446 4466 1558 4519 pag
1601 4453 1667 4502 25
1702 4467 1714 4503 :

58 4522 352 4584 .V'ovitNoris
381 4548 533 4587 meus
566 4535 868 4598 familiaris
911 4551 1030 4588 eum
1077 4552 1158 4589 me
1210 4551 1320 4590 esse
1363 4539 1460 4605 qui
1509 4551 1719 4591 summa

57 4624 161 4665 cura
187 4622 232 4669 et
261 4620 552 4674 intentione
580 4627 822 4676 auctores
871 4623 1002 4689 lego,
1044 4639 1106 4677 ac
1154 4627 1221 4678 iis
1252 4639 1333 4677 me
1393 4626 1618 4689 inferre,
1655 4642 1718 4679 ac

53 4705 234 4764 penitus
263 4710 561 4778 introdare,
607 4727 670 4765 ac
698 4728 878 4766 eorum
930 4727 1142 4766 sensum
1192 4714 1481 4780 diligenter
1502 4716 1718 4768 investi-

54 4801 174 4850 gare.
199 4794 339 4850 Sane
363 4798 409 4850 si
459 4799 526 4852 ad
557 4799 804 4854 tribunal
863 4817 1046 4867 vocer,
1080 4817 1196 4853 non
1259 4801 1440 4855 ausim
1471 4803 1582 4855 tale
1614 4819 1715 4873 pro

53 4879 96 4928 te
118 4884 496 4941 testimonium
553 4887 740 4942 dicere
770 4905 783 4955 ;
828 4888 1114 4959 siquidem
1146 4891 1426 4960 suspicor,
1459 4909 1587 4946 cum
1620 4893 1714 4945 illa

55 4967 318 5042 scribebas,
359 4981 414 5029 te
471 4993 541 5029 ne
569 4977 745 5031 semel
795 4977 1028 5047 quidem
1071 4984 1416 5032 memoratos
1459 4983 1718 5034 auctores

55 5052 249 5126 vidisse,
283 5063 497 5117 nedum
543 5069 728 5118 totum
777 5071 825 5118 te
871 5065 1065 5119 iisdem
1096 5068 1356 5133 intulisse,
1396 5083 1457 5120 ac
1503 5070 1717 5135 penitus

55 5140 397 5205 introdedisse.
435 5153 495 5205 ln
527 5153 864 5223 praefatione
903 5154 987 5207 tui
1031 5154 1218 5225 operis
1245 5155 1509 5208 adversus
1538 5156 1716 5209 eccle-

57 5229 258 5289 siastica:
293 5239 550 5295 historia:
604 5243 973 5312 professores,
1009 5242 1207 5296 laxatis
1237 5243 1580 5312 eloquentiae
1603 5248 1716 5297 tua:

58 5313 281 5389 habenis,
313 5327 518 5394 grandi
549 5329 854 5384 verborum
895 5331 1135 5401 strepitu
1171 5330 1514 5394 declamans,
1548 5331 1714 5399 Baja-

60 5402 132 5472 ιοε,
154 5407 353 5479 inquis,
387 5421 575 5482 agunt,
605 5433 711 5471 non
740 5422 982 5472 auctores
1011 5439 1030 5482 ;
1053 5421 1109 5472 in
1138 5419 1296 5473 dorso
1317 5418 1577 5483 studium,
1611 5433 1715 5472 non

61 5483 103 5534 in
129 5491 340 5546 cerebro.
377 5494 442 5547 Et
486 5511 679 5550 rursus
711 5512 724 5550 :
775 5499 847 5550 Et
875 5497 1094 5567 quidem
1139 5499 1184 5552 ii
1221 5497 1363 5552 nihil
1391 5498 1715 5567 a/feruntab

384 5598 654 5668 Parnm“
706 5602 954 5670 XLVII.

1839 3032 2086 3103 denique
2115 3036 2214 3086 tuo
2258 3039 2344 3087 est
2391 3035 2670 3105 quidquid
2720 3039 2954 3108 cogitas,
3010 3040 3171 3108 dicis,
3230 3045 3448 3100 scribis.
3485 3051 3530 3101 A

1838 3121 1994 3174 dorso
2025 3137 2153 3174 meo
2197 3125 2302 3188 est,
2337 3122 2614 3193 quidquid
2661 3125 2731 3178 ad
2761 3131 2815 3179 te
2862 3129 3271 3185 confutandam
3321 3133 3533 3202 inveni,

1837 3211 2142 3262 Poetarum
2159 3214 2262 3276 est,
2289 3210 2364 3263 mi
2392 3211 2634 3277 Macedo,
2667 3213 2862 3266 omnia
2904 3214 3103 3268 afferre
3158 3219 3227 3271 ab
3278 3219 3528 3288 ingenio.

1836 3297 2370 3368 Poemata,elegize,
2417 3303 2476 3352 et
2529 3301 2894 3370 argutissima
2945 3303 3044 3356 illa
3076 3305 3528 3377 epigrammata,

1836 3386 2044 3456 quibus
2093 3385 2304 3440 ethicas
2354 3387 2627 3442 lectiones
2686 3388 2745 3442 in
2801 3391 3070 3445 Patavina
3109 3395 3377 3450 cathedra
3415 3402 3532 3452 tam

1834 3473 2019 3544 lepide
2050 3490 2141 3528 me
2179 3475 2346 3528 toties
2401 3475 2666 3531 audiente
2704 3479 3043 3533 concludere
3107 3484 3414 3550 consuesti,
3465 3486 3532 3539 ab

1833 3563 2049 3630 ingenio
2080 3566 2180 3616 tuo
2211 3563 2481 3632 eleganti,
2504 3571 2692 3631 acuto,
2741 3568 2965 3621 erudito
2994 3569 3269 3637 derivare,
3314 3589 3384 3625 ne
3411 3575 3531 3627 Zoi-

1832 3650 1921 3702 lus
1969 3651 2202 3720 quidem
2251 3651 2470 3705 inﬁcias
2501 3652 2621 3706 ibit.
2680 3656 2751 3707 At
2809 3671 2936 3708 cum
2980 3655 3249 3712 historias
3301 3677 3532 3732 quoque

1831 3742 2042 3806 printer
2082 3739 2340 3793 omnium
2390 3743 2645 3795 veterum
2679 3742 3018 3810 scriptorum
3074 3745 3267 3812 ﬁdem,
3315 3751 3529 3816 ingenio

1830 3830 1928 3879 tuo
1962 3826 2456 3894 obstetricante,in
2507 3829 2722 3881 litteras
2752 3830 2946 3895 mittis,
2994 3848 3182 3887 nonne
3211 3833 3356 3889 illud
3386 3838 3526 3890 Mar-

1828 3914 1978 3968 tialis
2001 3915 2136 3984 (Lib.
2163 3932 2221 3979 u,
2253 3918 2310 3985 7')
2344 3921 2600 3985 repetere
2631 3933 2957 3985 possumus,

2075 4009 2325 4057 Historias
2349 4010 2534 4070 bellas,
2566 4012 2803 4060 carmina
2827 4013 2965 4061 bella
2991 4014 3154 4063 facis?

1898 4099 2097 4167 Perge,
2129 4096 2326 4159 amice,
2358 4099 2568 4164 ingenio
2599 4098 2795 4167 ﬁdere,
2827 4105 2882 4154 et
2913 4102 3115 4169 bajulis
3165 4105 3316 4158 dorsi
3361 4107 3523 4162 labo-

1832 4201 1973 4251 rem,
2030 4201 2093 4237 ac
2145 4199 2342 4253 graves
2396 4185 2736 4256 crebrosque
2795 4189 2899 4241 sub
2955 4195 3112 4244 vasto
3165 4194 3521 4251 voluminum

1830 4273 2080 4344 pondere
2139 4271 2426 4326 anhelitus
2464 4273 2763 4342 exprobra,
2820 4279 2884 4329 ut
2922 4277 3178 4332 historia:
3227 4297 3368 4350 quas
3407 4288 3521 4339 tam

1827 4362 1974 4416 belle
2023 4360 2360 4432 compingis,
2421 4361 2491 4415 ab
2555 4362 2806 4432 ingenio,
2850 4380 2967 4418 non
3015 4368 3186 4422 modo
3218 4370 3522 4428 verborum

1827 4449 2193 4520 elegantiam,
2227 4465 2426 4503 verum
2463 4450 2638 4505 etiam
2674 4455 2980 4506 eventuum
3010 4453 3183 4510 ﬁdem
3223 4458 3519 4530 accipiant.

1827 4538 2034 4593 Scribis
2067 4554 2196 4608 pag.
2254 4542 2320 4592 55
2355 4555 2367 4590 :
2415 4540 2605 4593 Noneo
2637 4541 2744 4594 haec
2795 4541 2914 4596 dico
2956 4544 3100 4611 quod
3137 4547 3295 4601 velim
3338 4553 3519 4604 convi-

1825 4628 1967 4678 cium
2006 4628 2186 4690 facere
2236 4624 2544 4677 doctissimo
2589 4627 2831 4695 mihique
2893 4632 3238 4698 amicissimo,
3311 4637 3406 4690 sed
3463 4645 3522 4692 ut

1825 4713 2044 4780 aliquid
2073 4712 2192 4764 dem
2213 4713 2383 4779 lepori
2411 4716 2460 4765 et
2496 4713 2724 4779 salibus,
2775 4717 2972 4782 quibus
3015 4721 3285 4774 interdum
3314 4728 3521 4793 scripta
3610 4770 3623 4778 .

1823 4800 2044 4852 molesta
2067 4803 2116 4852 et
2140 4799 2386 4866 insipida
2415 4804 2542 4853 sunt
2567 4801 2881 4856 condienda.
2919 4805 3057 4867 Quae
3081 4807 3250 4860 verba
3282 4809 3340 4862 in
3370 4813 3518 4865 calce

1825 4886 2023 4956 capitis
2049 4887 2274 4955 septimi
2303 4887 2572 4957 loqueris,
2604 4888 2663 4941 in
2695 4906 2807 4958 quo
2842 4891 2910 4944 de
2940 4893 3143 4945 Albino
3189 4900 3514 4963 grammati-

1825 4991 1948 5028 eam
1997 4979 2053 5028 et
2091 4973 2417 5028 historicum
2477 4975 2620 5029 mihi
2669 4977 3044 5046 quaestionem
3095 4980 3358 5036 intulisti.
3397 4987 3515 5039 Non

1823 5079 2046 5130 recuso,
2080 5067 2141 5116 ut
2195 5079 2325 5116 cum
2367 5065 2607 5134 satyrico
2652 5065 2856 5135 loquar
2881 5071 3028 5134 Euge
3085 5074 3255 5135 tuum,
3291 5077 3342 5125 et
3390 5076 3518 5130 belle

1828 5153 2080 5219 (Persius,
2100 5155 2204 5205 sat.
2239 5155 2282 5208 l.
2324 5153 2432 5218 49).
2465 5153 2722 5206 Profecto
2773 5153 2901 5223 quis
2929 5159 3005 5222 te,
3042 5174 3072 5208 ο
3122 5157 3366 5226 Macedo,
3403 5179 3515 5219 non

1825 5237 2162 5307 lepidissimi
2187 5237 2394 5290 .ludicii
2423 5238 2720 5293 hominem
2747 5239 3008 5308 fateatur,
3035 5243 3135 5312 qui
3191 5260 3282 5300 me
3311 5249 3518 5304 doctis-

1824 5327 2020 5379 simum
2049 5341 2212 5378 vocas
2250 5324 2535 5396 simulque
2566 5328 2633 5380 ab
2691 5328 2894 5383 Orbilio
2920 5332 3298 5397 castigandum
3330 5337 3471 5393 dicis
3490 5343 3518 5394 ?

1823 5413 2003 5476 Quem
2058 5414 2311 5484 appellas
2361 5417 2751 5469 amicissimum
2790 5420 2911 5469 toto
2956 5422 3054 5471 tuo
3085 5420 3198 5473 sale
3224 5427 3516 5492 perfrices,

1824 5501 1972 5569 quod
2033 5501 2226 5554 hostili
2271 5501 2428 5555 rabie
2479 5518 2650 5571 super
2698 5503 3018 5558 dirutorum
3071 5507 3295 5565 urbium
3337 5519 3519 5573 solum

3091 5611 3173 5676 l8
