3884 6178
1345 238 1901 293 SUPl’LEMENTUM
1943 239 2033 294 AD
2070 239 2301 296 OPERA
2341 244 2395 297 s.
2436 244 2826 299 AUGUSTINI.

333 366 541 438 saepius
561 379 821 436 sparsum
841 337 1182 431 aecepimus.
1216 359 1421 414 Credas
1469 376 1584 414 non
1613 361 1796 415 dicam
1824 359 2024 415 doctis—
2053 362 2098 415 A
2139 367 2288 416 recte
2311 364 2679 418 Volusianum
2703 365 2760 420 S.
2791 365 3044 419 Melaniae
3083 373 3388 424 avunculum
3415 374 3557 430 dixit.
3581 380 3751 452 Itaque

333 455 502 521 simo,
535 457 687 525 quia,
711 457 772 506 ut
800 450 1050 506 Petronii
1078 447 1265 503 verbis
1297 453 1447 515 utar,
1473 465 1580 503 non
1622 464 1742 504 sum
1798 450 1863 504 de
1909 451 2026 518 glo-
2143 452 2476 506 Volusianus
2530 453 2638 507 fuit
2676 454 2849 507 frater
2893 454 3114 509 Albinae
3164 460 3217 510 et
3267 463 3535 518 avunculus
3588 447 3752 526 sanctae

335 547 515 610 riosis,
551 544 749 597 saltem
796 541 1136 607 amicissimo,
1180 542 1236 592 te
1277 539 1524 592 multum
1557 539 1669 593 olei
1709 544 1767 593 et
1813 555 2024 609 operm,
2137 540 2402 594 Melania.
2439 541 2512 594 Ex
2532 540 2620 594 his
2648 544 2827 610 pater,
2859 541 3036 595 frater
3063 558 3128 595 ac
3173 543 3374 598 familia
3400 549 3597 606 Albinae
3616 557 3757 609 nullis

334 634 649 703 plurimum
670 628 1004 698 veroLetiam
1026 627 1158 680 salis
1181 626 1516 697 perdidisse,
1539 627 1676 681 dum
1705 627 1909 682 eodem
1929 633 2028 682 tua
2137 627 2247 681 huc
2271 645 2446 699 usque
2484 629 2855 700 scriptoribus
2887 629 3169 700 indagata,
3210 631 3540 704 intelligitur.
3575 641 3758 698 Etenim

336 721 546 792 scripta
575 718 888 774 condienda
916 715 1270 782 existimasti,
1313 715 1525 769 veritus
1555 732 1626 769 ne
1682 715 1779 770 illa
1811 717 2028 771 molesta
2135 716 2232 769 illa
2259 716 2368 770 fuit
2394 717 2512 771 filia
2543 718 2693 772 Rutii
2719 717 2934 772 Ceionii
2960 718 3152 772 Albini
3181 735 3242 773 ac
3274 738 3418 776 soror
3451 727 3588 780 Rufii
3625 731 3760 785 Ceio-

335 815 385 864 et
423 809 667 878 insipida
717 806 1025 860 lectoribus
1073 805 1420 858 viderentur.
1458 805 1680 858 Etenim
1721 804 1768 857 si
1798 804 1900 858 sali
1927 821 2024 876 pe-
2137 804 2217 858 nii
2247 807 2552 875 Volusiani,
2585 811 2646 860 ut
2666 811 2865 876 postea
2912 808 3225 862 ostendam.
3258 811 3474 865 Albinos
3502 831 3529 867 e
3570 816 3765 874 Ceionia

335 895 626 967 percisses,
686 898 771 948 tot
816 893 1022 962 lepidis
1053 893 1122 947 de
1191 891 1463 961 Glyceria,
1511 895 1567 945 et
1622 891 1901 962 Glycerio,
1958 894 2027 946 de
2137 896 2305 961 gente
2325 892 2496 947 fuisse
2527 897 2684 963 patet
2713 909 2778 946 ex
2822 893 3062 964 epistola
3097 880 3310 949 Ceionii
3339 897 3404 950 ad
3447 899 3634 958 Ailium
3663 905 3764 958 Bas-

335 983 592 1050 Melania,
647 987 704 1036 et
755 980 995 1036 Melanio
1048 979 1275 1033 scholiis
1335 995 1643 1049 conspersa
1698 984 1848 1046 sunt,
1909 983 2027 1032 tam
2136 981 2382 1047 sianum,
2411 983 2564 1052 apud
2590 982 2978 1052 Capitolinum
3007 982 3069 1036 in
3101 983 3324 1050 Albino,
3355 1001 3470 1056 cap.
3500 990 3768 1046 4.lbivero

335 1073 499 1127 bellis
523 1070 834 1126 historiolis
881 1070 951 1123 de
995 1068 1224 1134 Albino,
1281 1071 1378 1121 aut
1421 1071 1599 1136 patre,
1631 1072 1726 1120 aut
1759 1083 1880 1132 avo,
1933 1072 2027 1121 aut
2138 1068 2366 1122 Clodius
2392 1070 2628 1123 Albinus
2659 1069 2878 1124 Ceionii
2917 1069 3090 1138 ﬁlius,
3113 1069 3212 1141 qui
3241 1087 3348 1124 una
3383 1089 3502 1127 cum
3537 1075 3768 1146 Septimio

333 1162 615 1228 avunculo,
649 1164 743 1214 aut
782 1173 980 1222 socero,
1025 1161 1122 1210 aut
1144 1160 1344 1225 patruo
1395 1155 1642 1220 condita,
1677 1160 1743 1208 ut
1789 1155 2026 1209 minime
2138 1156 2344 1211 Severo
2377 1159 2564 1212 Caesar
2601 1157 2728 1223 fuit,
2764 1158 3034 1238 laudatur
3063 1175 3094 1212 a
3115 1159 3426 1229 Capitolino
3447 1162 3525 1216 uti
3551 1168 3770 1232 originem

333 1250 593 1306 dubitem
615 1248 756 1320 quin
785 1246 993 1301 eruditi
1033 1261 1148 1298 non
1174 1245 1344 1299 modo
1382 1244 1552 1298 hilari
1583 1243 1794 1311 animo,
1828 1261 2026 1298 verum
2137 1259 2172 1296 a
2201 1246 2454 1298 Romanis
2482 1247 2716 1311 familiis
2757 1246 3010 1312 trahens,
3045 1248 3475 1304 Posthumiorum
3515 1254 3710 1316 scilicet,
3736 1261 3772 1308 et

333 1339 505 1394 etiam
538 1355 636 1392 ore
680 1335 890 1391 ridenti
919 1335 1118 1388 eadem
1171 1332 1373 1387 lecturi
1410 1333 1550 1386 sint.
1585 1334 1746 1388 Certe
1777 1338 2022 1402 egomet,
2137 1329 2462 1384 Albinorum
2509 1333 2863 1386 Ceioniorum.
2937 1334 3062 1399 Quae
3114 1337 3354 1402 familia,
3407 1336 3602 1408 inquit,
3654 1341 3776 1394 hodie

333 1427 434 1499 qui
464 1431 656 1482 tamen
676 1425 788 1479 illis
826 1424 1096 1495 impetor,
1122 1438 1240 1476 non
1264 1421 1446 1492 potui,
1470 1437 1600 1475 cum
1630 1421 1728 1474 illa
1754 1421 2025 1492 legerem,
2137 1434 2364 1489 quoque,
2400 1421 2747 1477 Constantine
2779 1424 3034 1487 maxime,
3076 1424 3412 1478 nobilissima
3438 1431 3531 1494 est,
3571 1431 3616 1479 et
3639 1444 3719 1492 per
3742 1435 3778 1480 te

334 1534 367 1570 a
398 1515 515 1570 risu
535 1520 873 1585 temperare.
2137 1512 2303 1565 aucta
2330 1513 2380 1564 et
2405 1511 2673 1576 augenda,
2709 1526 2826 1580 quae
2844 1526 2941 1579 per
2966 1512 3274 1566 Gordianos
3298 1519 3348 1567 et
3376 1514 3657 1568 Gallienum
3676 1517 3777 1584 plu-

401 1603 685 1668 Quoniam
707 1607 817 1656 tuae
844 1599 1285 1670 elegantissimae
1322 1599 1608 1670 simulque
1639 1598 2023 1653 vehementis-
2063 1647 2104 1702 Β
2137 1598 2337 1651 rimum
2366 1601 2548 1652 crevit.
2585 1597 2733 1662 Quid
2762 1614 2895 1652 vero
2936 1614 3000 1653 ex
3030 1600 3137 1653 hac
3175 1599 3410 1668 familia,
3461 1603 3780 1656 Constantino

321 1691 492 1744 sima:
515 1688 864 1760 prmfationis
891 1688 1104 1741 mentio
1130 1686 1351 1756 incidit,
1394 1687 1557 1756 juvat
1587 1703 1762 1741 unam
1812 1691 1869 1741 et
1897 1688 2031 1742 alte-
2063 1686 2104 1702 ν
2139 1687 2480 1756 imperante,
2505 1703 2760 1742 summos
2785 1688 3033 1743 honores
3060 1694 3394 1745 consecutus
3414 1692 3594 1758 fuerit,
3623 1708 3683 1746 ex
3697 1693 3780 1746 hac

331 1794 457 1832 ram
485 1778 636 1832 illius
674 1775 980 1846 periodum
1000 1773 1093 1828 hic
1109 1773 1368 1828 recitare.
1404 1775 1531 1827 Haec
1559 1773 1801 1828 fulmina
1834 1779 2029 1828 contra
2137 1775 2506 1845 inscriptione
2548 1777 2753 1832 mutila
2807 1777 3094 1848 colligitur
3143 1779 3302 1850 apud
3353 1781 3642 1836 Gruterum
3676 1797 3780 1851 pag.

329 1865 720 1921 ecclesiasticae
760 1863 1011 1918 historiae
1045 1863 1312 1930 cultores,
1348 1879 1449 1915 seu
1495 1865 1558 1916 ut
1599 1879 1783 1932 vocas,
1816 1864 2027 1933 bajulos
2138 1880 2433 1934 CCCLXXVII,
2465 1869 2493 1920 5
2528 1882 2539 1920 :

328 1955 743 2019 valentissimos,
776 1969 874 2006 ore
905 1956 1068 2006 tonas
1097 1968 1111 2005 :
1143 1954 1206 2006 In
1253 1954 1393 2005 rutis
1418 1953 1669 2020 caesisque
1698 1957 2022 2008 versantur:
2624 1937 3337 2002 RELIGIOSISSIMOQUE-

327 2043 618 2098 dummodo
673 2043 1020 2109 antiquarios
1061 2055 1116 2094 se
1163 2040 1469 2105 ostendant,
1511 2041 1620 2094 sibi
1635 2043 1861 2108 satisfac

2370 2021 2428 2075 C.
2455 2021 2757 2079 CEIONIO.
2792 2025 2990 2080 RVFO.
3027 2025 3437 2081 VOLVSIANO.
3470 2027 3524 2079 V.
3556 2027 3607 2080 C.

328 2133 625 2186 litterarios
674 2134 723 2184 et
767 2129 1080 2183 ruderarios
1117 2131 1402 2197 praestant.
1465 2129 1808 2182 Latomorum
1849 2131 2026 2183 instar
2384 2109 2594 2164 COBR-
2637 2111 2935 2166 ITALIAE-
2969 2113 3103 2166 ΡΕΗ
3127 2113 3578 2169 ΑΝΝΟΞὈΟῙὈ.

327 2220 539 2275 cadunt
589 2219 920 2288 lapicidinas
955 2219 1260 2286 priscorum
1299 2222 1779 2284 monumentorum,
1813 2224 1861 2272 et
1893 2219 2025 2285 eﬂe—
2562 2198 2998 2288 PROCOSSVLI
3031 2200 3356 2254 AFRICAE.

326 2313 457 2362 runt
493 2286 724 2376 lapides,
783 2311 834 2360 et
865 2320 1078 2360 acervos
1107 2309 1343 2359 struunt.
1396 2305 1550 2360 Scias
1580 2305 1750 2359 velim
1802 2306 2024 2376 bajulos
2544 2286 2792 2340 COMITI-
2827 2287 3088 2342 ΠΟΜῘΝῙ·
3123 2289 3399 2344 ΝΟΞΤΗΙ.

325 2396 452 2450 illos
472 2375 892 2449 valentissimos
919 2398 1181 2447 strenuos
1212 2391 1383 2447 etiam
1422 2391 1731 2462 lapidarios
1760 2375 2024 2463 quando-
2555 2375 3065 2463 WCONSTANTINI-
3101 2378 3375 2432 “VICTI-

327 2500 437 2555 que
470 2499 660 2554 agere.
691 2484 835 2538 Saxa
873 2482 1072 2536 eadem
1120 2497 1234 2552 qua
1269 2480 1562 2534 volumina
1593 2496 1766 2534 manu
1785 2462 2026 2537 volvunt
2278 2549 2356 2555 ,ὦ

327 2589 389 2626 ac
429 2571 764 2639 revolvunt;
815 2570 1098 2641 siquidem
1150 2568 1409 2639 inscripti
1457 2569 1676 2639 lapides
1725 2569 1861 2624 certi

2278 2549 2707 2604 PRAEFECTO.
2742 2549 2962 2604 VERBI.
2996 2552 3228 2606 IVDlCl.
3267 2553 3649 2607 SACRARVM.

324 2661 436 2714 illis
465 2665 597 2714 sunt
625 2664 796 2714 testes
819 2639 1190 2729 antiquitatis.
1223 2657 1466 2712 Attende
1499 2657 1637 2727 quid
1658 2674 1692 2711 a
1727 2658 2022 2727 lapidariis
2565 2639 2935 2694 COGNITION
2947 2640 3053 2693 VM.
3089 2641 3411 2695 CONSVLI.

325 2748 516 2802 afferri
543 2747 743 2818 possit,
777 2750 840 2800 ut
857 2746 1100 2813 Albinae,
1123 2745 1192 2799 de
1240 2761 1355 2815 qua.
1383 2748 1608 2798 tantum
1631 2745 1925 2814 pulverem
1951 2745 2022 2800 ab
2201 2747 2275 2798 At
2297 2744 2528 2800 Ceionia
2565 2745 2783 2800 familia
2828 2750 2961 2800 ante
2991 2747 3270 2802 Albinum
3319 2748 3514 2802 Severi
3561 2746 3795 2816 collegam

324 2836 556 2908 ingenio
586 2840 686 2890 tuo
739 2835 1045 2890 excitatum
1094 2833 1278 2899 video,
1313 2837 1369 2886 et
1416 2836 1597 2903 pater,
1649 2837 1705 2885 et
1732 2832 1923 2900 frater,
1967 2836 2022 2887 et
2132 2834 2454 2887 Romanum
2489 2833 2686 2888 orbem
2742 2835 3040 2889 moderata
3070 2839 3190 2900 est;
3225 2836 3443 2890 etenim
3483 2837 3538 2889 L.
3573 2833 3796 2888 Ceionius

323 2925 540 2981 familia
566 2926 740 2979 etiam
794 2923 1209 2994 intelligantur.
1243 2923 1308 2976 In
1346 2921 1542 2976 libello
1577 2922 1646 2976 de
1681 2920 1801 2974 Vita
1827 2922 1880 2976 S.
1921 2922 2028 2977 Me-
2065 2925 2104 2981 C
2135 2919 2194 2973 in
2223 2920 2425 2974 .tEliam
2481 2927 2538 2976 et
2581 2921 2891 2976 Antoniam
2939 2922 3226 2976 familiam
3258 2922 3651 2992 transcriptus,
3697 2935 3800 2973 cum

325 3015 490 3068 laniae
518 3013 672 3084 apud
703 3012 932 3067 Surium
968 3011 1058 3066 die
1098 3013 1155 3065 31
1205 3010 1549 3076 Decembris,
1601 3009 2020 3080 Lippomanum
2127 3009 2374 3063 Antonio
2437 3010 2778 3080 philosopho
2851 3012 3142 3080 Augustus
3205 3011 3338 3078 fuit,
3401 3027 3465 3065 ac
3521 3009 3798 3080 appellatus

322 3119 454 3156 vero
486 3102 578 3156 die
602 3105 661 3157 3i
695 3099 970 3164 Januarii,
1006 3099 1128 3153 haec
1155 3099 1224 3153 de
1256 3098 1459 3152 eadem
1516 3098 1848 3165 recitantur,
1891 3115 2020 3152 cum
2130 3096 2193 3150 L.
2217 3097 2461 3152 Ceionius
2492 3099 2662 3152 zElius
2696 3099 3010 3154 Commodus
3057 3115 3220 3155 verus
3252 3102 3532 3155 Antonius
3578 3116 3641 3152 ex
3666 3097 3801 3167 Capi-

326 3191 660 3262 Byzantium
685 3189 996 3260 appulisset
1023 3205 1037 3241 ε
1064 3189 1277 3242 Invenit
1298 3191 1478 3241 autem
1497 3202 1654 3240 suum
1676 3201 1884 3255 quoque
1911 3203 2019 3256 pa-
2127 3184 2308 3238 tolino
2338 3185 2396 3238 in
2445 3186 2558 3240 vita
2589 3186 2846 3257 ejusdem
2885 3187 3073 3242 initio.
3108 3189 3275 3244 Illius
3335 3205 3470 3243 vero
3500 3193 3656 3257 pater
3680 3184 3802 3239 Ceio-

322 3285 504 3334 truum
550 3280 902 3335 Volusianum
947 3278 1108 3345 gravi
1134 3276 1316 3330 morbo
1356 3290 1688 3344 oppressum.
1742 3276 1928 3330 Exstat
1956 3275 2019 3328 in
2130 3272 2258 3326 nius
2278 3272 2626 3328 Commodus
2646 3273 2715 3327 ab
2749 3274 3032 3328 Hadriano
3055 3275 3249 3329 Caesar
3285 3275 3638 3347 designatus,
3663 3271 3804 3343 paulo

321 3367 668 3422 bibliotheca
732 3364 1080 3421 serenissimi
1134 3363 1321 3434 Magni
1370 3363 1536 3417 Ducis
1583 3363 1736 3416 idem
1792 3362 2018 3417 libellus
2127 3365 2256 3430 post
2284 3360 2592 3431 improvisa
2623 3367 2806 3416 morte
2844 3363 3183 3418 decesserat.
3227 3367 3414 3418 Porro
3463 3361 3711 3419 Ceionios
3735 3359 3804 3412 Al-

323 3457 511 3509 Graece
541 3453 804 3523 scriptus,
829 3453 979 3506 inter
999 3451 1270 3522 opuscula
1301 3451 1357 3504 S.
1391 3449 1648 3519 Gregorii
1679 3449 2018 3503 Nazianzeni
2127 3448 2293 3503 binos
2342 3466 2662 3520 cognomen
2707 3451 3000 3505 Volusiani
3049 3453 3329 3507 habuisse
3369 3456 3592 3507 constat
3635 3467 3695 3504 ex
3723 3449 3808 3502 hac

319 3541 380 3596 in
411 3543 606 3612 pluteo
626 3545 681 3608 7,
721 3557 887 3595 num.
930 3542 983 3604 6,
1023 3538 1123 3592 ubi
1150 3538 1380 3592 laudata
1410 3537 1581 3591 verba
1607 3538 1684 3591 ita
1716 3538 2014 3608 leguntur:
2127 3528 2494 3599 inscriptione
2575 3531 2729 3602 apud
2788 3547 2983 3585 meum
3058 3533 3418 3588 Panvinium
3461 3549 3609 3588 anno
3666 3531 3718 3583 ν.
3760 3528 3806 3580 C.

323 3630 534 3693 εὑρίσκει
579 3629 629 3678 δέ
672 3630 871 3676 καὶτὸν
915 3627 1040 3675 θεῖον
1088 3625 1238 3686 αὐτῆς
1282 3624 1602 3674 Βολουσιανὸν
1652 3625 1851 3690 χαλεπῆ
1894 3625 2018 3688 νόσῳ
2126 3618 2406 3674 ΜΧΧΟνΙΙ
2443 3637 2454 3672 :

321 3710 706 3774 κεκρατημένοι
759 3712 826 3766 At
872 3709 1080 3763 falsum
1131 3711 1216 3761 est
1267 3708 1638 3760 Volusianum
1695 3706 1855 3761 fuisse

1545 3722 1638 3760 um
1695 3706 1867 3761 fuisse
1916 3723 2016 3777 pa-
2813 3690 2980 3745 -S~P-
3015 3690 3079 3755 Q-

319 3805 518 3856 tmum
567 3800 620 3854 5.
675 3797 930 3853 Melamm
961 3813 973 3864 ;
1006 3796 1220 3851 etenim
1263 3799 1430 3865 pater
1477 3795 1735 3850 Melania,
1791 3795 2016 3850 nullum
2196 3792 2467 3830 caiomvu.
2497 3792 2695 3830 avrvu.
2719 3793 2972 3832 ALalxvu.
3007 3795 3059 3831 ν.
3103 3795 3152 3832 c.
3192 3796 3606 3835 rnrnosornvn.
3630 3794 3753 3832 avri.

316 3889 553 3943 fratrem
581 3887 801 3952 habuit,
834 3901 964 3938 cum
985 3887 1176 3939 unicus
1205 3885 1350 3952 ﬁlius
1375 3883 1628 3938 Melamm
1649 3882 1862 3937 seniori
1887 3884 2015 3938 fue_
2192 3881 2490 3919 vonvsum.
2534 3881 2642 3918 IVD.
2685 3881 2808 3920 oan.
2851 3884 3005 3921 coss.
3032 3885 3244 3923 riuvu.
3282 3886 3486 3924 suam.
3509 3883 3759 3924 CONSVL’I‘O

317 3975 413 4041 rit,
449 3972 938 4046 quemadmodum
982 3971 1378 4042 Hieronymus,
1432 3972 1704 4025 paulinus
1734 3988 1796 4025 ac
1828 3973 2014 4026 palla-
2196 3968 2399 4014 svoo...
2445 3969 2580 4007 EIVS.
2614 3969 2839 4008 LIBERIS.
2866 3971 3011 4009 rosr.
3036 3972 3405 4012 CAESARIANA.
3441 3972 3700 4011 TEMPORA.
3724 3970 3756 4006 ι.

315 4063 461 4129 dius,
526 4077 774 4133 quorum
809 4060 979 4114 verba
1037 4060 1301 4130 superius
1351 4059 1597 4127 laudavi,
1647 4060 2014 4114 disertissime
2196 4057 2339 4095 rosr.
2365 4057 2564 4095 annos.
2595 4057 2852 4096 CCCLxxx.
2891 4059 2970 4096 ET.
3014 4060 3030 4096 ι
3069 4060 3470 4100 AV’CTORITATE.
3501 4059 3758 4099 DECREVIT.

316 4155 722 4206 contestantur.
757 4149 942 4214 Quare
972 4164 1103 4203 cum
1132 4147 1468 4202 Volusianus
1508 4164 1620 4202 non
1639 4148 1812 4203 fuerit
1839 4152 1850 4204 l

2261 4146 2345 4182 FL.
2398 4145 2630 4183 MAGNVS.
2670 4146 2988 4185 JANVARIVS.
3030 4149 3083 4186 V.
3126 4149 3174 4187 (Σ.
3220 4151 3325 4189 VII.
3373 4148 3695 4188 SIATVARVH.

316 4241 493 4311 patris
522 4237 776 4295 Melaniae
817 4237 1084 4309 junioris,
1119 4253 1224 4291 nec
1253 4236 1418 4292 istius
1448 4241 1686 4306 patruus
1713 4237 1878 4291 scribi
1907 4255 2010 4309 po-
2042 4207 2086 4262 Β
2122 4226 2263 4280 Cum
2294 4226 2443 4279 inter
2500 4227 2744 4296 majores
2793 4244 2924 4282 SUOS
2974 4229 3264 4286 referrent
3317 4231 3601 4286 Volusum
3646 4227 3816 4282 ducem

316 4333 445 4381 test.
510 4328 584 4381 Ex
614 4325 994 4395 interpretum
1036 4323 1174 4378 vitio
1230 4339 1388 4376 error
1419 4323 1668 4394 vulgaris
1715 4325 1850 4379 derit

2283 4312 2486 4377 lorum,
2545 4312 2682 4368 inde
2737 4315 2972 4370 Albinos
3034 4316 3339 4371 Volusiani
3397 4330 3716 4388 cognomen
3752 4327 3817 4363 as-

317 4415 548 4469 Phoﬁus
571 4414 761 4468 codice
813 4415 902 4467 LII
937 4411 1228 4466 Volusiani
1255 4411 1609 4465 mentionem
1642 4412 1794 4478 facit,
1828 4413 2008 4468 idem-
2121 4400 2433 4471 sumpsisse
2456 4401 2653 4456 scribit
2683 4403 2932 4457 Rutilius
2978 4404 3374 4459 Numatianus
3432 4407 3534 4460 lib.
3568 4403 3817 4459 iltinera-

315 4519 428 4573 que
473 4502 688 4556 ibidem
739 4503 1102 4571 nuncupatur
1157 4498 1275 4552 Θεῖος
1322 4501 1407 4558 τῆς
1461 4498 1596 4560 ἁγίας
1638 4498 1849 4547 Μελανία

994 4503 1102 4554 ιιυιι
1157 4498 1275 4552 θεῖος
1322 4501 1407 4558 τῆς
1461 4498 1596 4560 ἁγίας
1638 4498 1895 4554 Μελανίας.
1938 4504 2010 4554 At,
2122 4489 2194 4543 rii
2215 4507 2360 4544 vers.
2391 4493 2528 4543 167:

313 4606 528 4644 nomen
556 4588 701 4643 illud
748 4587 866 4642 θεῖος
897 4588 1052 4658 apud
1099 4588 1316 4642 Graecos
1357 4586 1682 4657 promiscue
1726 4586 2011 4658 signiﬁcat
2239 4588 2460 4662 Jamque
2490 4587 2607 4662 aliis
2633 4588 2861 4662 ‘Rom‘am
2901 4588 3273 4662 redeuntibus,
3309 4591 3486 4640 haeret
3517 4589 3660 4640 eunti

312 4678 545 4773 fratrem
561 4674 740 4746 patris
755 4679 818 4773 et
838 4649 1056 4773 matris,
1086 4689 1292 4773 nempe
1323 4649 1594 4773 p‘atruum
1626 4673 1714 4773 vel
1758 4649 2006 4773 avvuncu:
2244 4649 3057 4773 Ωιξξυξχιὲῖἱιέίξξξίὲὲὲῖξξθιξᾞι
3077 4652 3372 4764 εξῖἓξξὲξξὶω
3393 4728 3594 4765 nomen

312 4768 476 4834 lum;
527 4764 1018 4836 quemadmodum
1063 4763 1215 4834 apud
1268 4763 1438 4816 Italos
1495 4778 1598 4816 vox
1641 4764 1722 4815 zio
1771 4767 1828 4816 et
1855 4763 2006 4832 apud
2250 4751 2366 4820 VE't
2394 4751 2820 4835 iegéi'niﬁiii‘oI
2843 4751 3612 4837 Q3ié‘iiaiZEéT¥§e¥E.W“'

312 4856 591 4927 Hispanos
622 4857 716 4920 tio,
751 4869 878 4924 qua:
917 4852 1089 4906 verba
1126 4868 1160 4904 a
1189 4851 1394 4906 Graecis
1424 4853 1684 4904 mutuata
1717 4867 1836 4904 esse
1867 4851 2009 4905 mihi
2119 4854 2277 4906 Hunc
2307 4853 2538 4907 Ruﬁum
2568 4854 2939 4908 Volusianum
2966 4855 3184 4911 Ceionii
3236 4859 3446 4912 Albini
3488 4857 3689 4916 ﬁlium,
3727 4852 3817 4904 fra-

311 4949 529 4999 certum
560 4948 665 5010 est,
702 4942 874 5013 idque
904 4941 1047 4994 forte
1087 4940 1260 4993 etiam
1297 4940 1556 4994 ostendet
1597 4939 1857 4994 Octavius
1889 4941 2008 4994 Fer—
2116 4944 2264 5000 trem
2293 4945 2506 4994 nostrae
2555 4940 2776 4995 Albium
2807 4947 2862 4995 et
2886 4942 2942 4996 S.
2977 4942 3240 4997 Melaniae
3294 4945 3654 4998 avunculum
3680 4939 3820 4992 illum

309 5033 494 5087 rarius
530 5034 590 5087 V.
626 5033 686 5087 C.
734 5034 790 5085 et
828 5045 1105 5100 maguum
1133 5029 1417 5082 bonarum
1487 5027 1696 5082 artium
1747 5027 1809 5082 in
1847 5029 2008 5083 Italia
2117 5028 2290 5092 fuisse
2348 5027 2450 5098 qui
2505 5032 2702 5098 postea
2755 5035 2952 5084 contra
3015 5031 3395 5101 Pelagianos,
3448 5049 3582 5087 cum
3641 5031 3821 5082 iterum

309 5120 574 5174 columen
599 5124 656 5173 et
691 5117 1047 5190 prmsidium,
1077 5115 1138 5169 in
1185 5131 1357 5185 opere
1399 5116 1468 5170 de
1531 5115 1764 5185 Origine
1795 5116 2008 5186 linguae
2120 5117 2254 5171 Urbi
2305 5116 2608 5188 praefectus
2658 5122 2826 5185 esset,
2869 5119 3116 5173 edictum
3171 5121 3532 5190 publicavit.
3592 5115 3821 5172 scribunt

309 5207 541 5271 Italicae,
574 5207 730 5277 quod
759 5205 1021 5276 proxime
1053 5203 1203 5275 typis
1229 5203 1466 5257 daturus
1509 5207 1610 5256 est.
1637 5205 2004 5274 Interpretes,
2119 5205 2404 5259 eruditiss.
2445 5205 2551 5258 viri
2627 5205 2848 5260 cardiu.
2904 5207 3178 5261 Baronius
3220 5209 3300 5263 ad
3353 5225 3582 5263 annum
3630 5207 3741 5268 412,
3777 5204 3822 5253 et

309 5311 453 5366 quos
481 5295 630 5348 inter
675 5295 958 5360 Schotius,
992 5291 1346 5364 genealogiae
1369 5291 1626 5346 Melaniae
1667 5291 1878 5363 ignari,
1908 5309 2006 5347 vo-
2117 5293 2357 5348 Iacobus
2397 5294 2732 5350 Sirmondus
2776 5295 2839 5350 in
2872 5296 3019 5350 notis
3055 5297 3123 5351 ad
3153 5297 3482 5367 epistolam
3522 5300 3607 5362 16,
3638 5293 3730 5347 lib.
3758 5305 3818 5348 ιι.

309 5399 432 5437 cem
462 5381 598 5431 Θεῖον
613 5386 869 5451 patruum
892 5381 1086 5437 Latine
1106 5379 1499 5444 reddiderunt,
1522 5395 1652 5433 cum
1685 5380 2008 5434 avunculum
2119 5381 2357 5447 Sidonii,
2401 5381 2609 5452 quibus
2667 5383 2972 5438 subscribit
3001 5383 3202 5440 Rutilii
3259 5385 3611 5440 scholiastes
3643 5383 3820 5448 Caspa-

309 5468 556 5524 scribere
610 5468 949 5536 debuiisent,
996 5473 1052 5522 et
1083 5467 1315 5540 quidem
1349 5465 1625 5520 Baronius
1674 5467 1742 5521 ad
1774 5483 1864 5522 an.
1899 5469 2006 5524 4'20
2118 5485 2214 5523 rus
2249 5470 2505 5525 Barthius
2525 5485 2684 5525 num.
2725 5475 2842 5527 169.
2889 5473 3086 5543 Itaque
3121 5471 3370 5528 Ceionia
3415 5474 3628 5527 Albina
3656 5471 3819 5523 mater
