3920 6180
81 302 160 347 ξιὸῑ
834 296 1193 352 VARIORUM
1238 299 1841 357 EXERCITATIONES
1880 304 1945 357 IN
1986 308 2039 358 S.
2082 308 2445 363 AUGUSTINI
2487 312 2735 368 OPERA.
3431 327 3532 376 558

73 419 163 471 fuit
213 415 469 481 Melaniae,
520 419 576 468 et
624 432 817 470 socrus
856 417 1103 487 Piniani,
1147 435 1311 474 soror
1337 438 1470 476 vero
1502 423 1719 477 Ceionii
1759 428 1806 482 A
1912 430 1992 482 Ita
2020 428 2100 482 illi
2133 447 2281 485 anno
2305 436 2407 488 390
2438 450 2469 486 a
2499 434 2817 490 Christiana
2846 439 3123 508 religione
3143 442 3322 495 aversi
3346 451 3528 498 erant.

74 502 265 557 Venerii
294 503 415 555 Rufi
440 502 628 556 Albini
656 506 966 573 Velusiani,
1000 508 1099 577 qui
1125 508 1342 577 pluries
1368 510 1531 564 Urbis
1576 528 1725 581 prae-

73 594 307 646 fecturam
336 591 529 659 gessit,
572 596 627 645 et
656 609 773 647 una
803 611 934 649 cum
987 602 1167 650 matre
1195 597 1255 651 in
1286 598 1474 652 Africa
1514 600 1727 670 degens

77 681 139 733 ad
159 678 532 748 Augustinmm
566 682 826 736 ethnicus
853 684 1097 755 scripsit,
1130 690 1194 739 ut
1219 691 1379 757 patet
1393 703 1459 741 ex
1489 688 1728 758 epistola

72 773 97 820 '2
130 772 241 820 tom.
293 767 339 819 II
382 784 624 837 operum
652 770 705 824 S.
739 772 1065 840 Augustini.
1103 773 1245 827 Hinc
1276 776 1582 829 Volusiano
1613 777 1728 832 Ru-

66 856 195 908 tilius
237 856 487 925 ejusdem
535 858 593 911 iu
642 860 984 928 prazfectura
1022 862 1243 916 urbana
1273 862 1533 917 decessor
1560 881 1728 918 suum

70 943 397 997 Itinerarium
446 948 816 1017 nuncupavit,
849 950 1003 1004 unde
1050 949 1203 1003 illius
1233 950 1468 1005 nomina
1497 952 1726 1006 concin-

70 1036 267 1086 nantur.

122 1119 263 1183 Quod
308 1136 438 1174 vero
486 1122 606 1177 haec
646 1123 829 1179 scribo
859 1125 919 1179 in
950 1126 1194 1190 Etruria,
1222 1142 1337 1198 quo
1367 1144 1458 1181 me
1485 1127 1725 1181 serenis-

65 1207 211 1261 simus
252 1209 486 1280 Magnus
542 1212 661 1265 Dux
710 1214 944 1267 Cosmus
991 1215 1087 1280 ΙΙΙ,
1139 1215 1379 1269 eximius
1445 1215 1726 1269 bonarum

64 1297 241 1349 artium
288 1299 473 1352 cultor
507 1316 571 1354 ac
627 1307 919 1372 protector
949 1303 1538 1370 munificentissimus,
1569 1320 1727 1358 voca-

64 1387 140 1447 vit,
186 1385 345 1439 liceat
401 1388 704 1443 observare
761 1391 995 1445 Albinos
1054 1393 1392 1446 Volusianos
1448 1409 1513 1447 ex
1562 1394 1725 1446 Etru-

62 1473 126 1525 ria
150 1473 415 1543 originem
451 1476 700 1544 duxisse,
733 1478 983 1549 indeque
1016 1481 1253 1535 Romam
1292 1497 1351 1535 se
1387 1481 1719 1537 contulisse.

60 1562 106 1614 ld
132 1566 350 1615 testatur
382 1564 740 1635 Capitolinus
790 1567 851 1621 in
904 1569 1043 1622 Vero
1088 1558 1343 1638 Augusto
1385 1586 1507 1639 cap.
1536 1572 1588 1622 2.
1622 1570 1725 1623 Al-

62 1648 230 1702 binum
277 1656 471 1705 autem
532 1656 867 1708 Volusianus
909 1656 1130 1710 Albium
1162 1662 1370 1711 nostra)
1398 1657 1634 1711 fratrem
1663 1656 1723 1710 in

58 1753 165 1807 agro
208 1739 580 1796 Volaterrano
610 1744 802 1798 villam
849 1745 1119 1800 habuisse
1178 1746 1329 1800 idem
1359 1744 1607 1800 Rutilius
1645 1746 1722 1799 af-
1760 1714 1801 1767 Β

57 1826 247 1894 tirmat;
280 1830 497 1884 etenim
531 1833 726 1887 scribit
763 1849 841 1901 se,
888 1850 1019 1887 cum
1049 1836 1421 1889 Volaterrana
1448 1834 1591 1888 vada
1622 1849 1722 1887 na-

57 1913 178 1983 vigio
225 1921 762 1989 praeterveheretur,
822 1921 1135 1992 improvisa
1180 1927 1517 1994 tempestate
1562 1922 1724 1976 ador-

55 2006 170 2065 tum,
230 2003 288 2056 in
342 2009 560 2060 terram
630 2010 1005 2076 exscendisse,
1068 2026 1132 2063 ac
1187 2010 1377 2064 Albini
1434 2008 1723 2063 Volusiani

56 2086 216 2141 villam
241 2091 497 2159 petiisse.
531 2097 660 2149 llaec
688 2095 785 2149 ille
814 2096 912 2163 ait,
945 2111 1088 2149 vers.
1118 2099 1217 2150 463
1245 2112 1257 2149 :

170 2183 269 2254 Illic
292 2200 372 2254 me
403 2190 623 2254 rapidus
650 2190 935 2254 consistere
958 2192 1122 2239 Corus
1151 2191 1343 2254 adegit,

208 2246 391 2315 Qualis
411 2246 668 2315 silvarum
697 2253 936 2315 frangere
969 2253 1133 2301 lustra
1168 2246 1316 2302 solEt.

179 2316 265 2367 Vix
297 2313 394 2361 tuti
418 2314 668 2364 domibus
694 2313 861 2363 smvds
888 2315 1226 2363 toleravimus
1260 2316 1470 2375 imbres,

204 2379 375 2428 Albini
400 2378 576 2439 patuit
604 2378 841 2439 proxima
866 2377 990 2425 villa
1018 2378 1141 2425 mei.

166 2444 386 2504 Namque
412 2453 590 2504 meus,
621 2452 779 2500 quem
799 2440 966 2504 Roma
998 2453 1114 2487 meo
1137 2439 1413 2503 subjunxit
1449 2445 1656 2503 honori,

209 2501 488 2565 Per—quem
514 2501 636 2563 jura
655 2514 785 2549 mete
817 2502 1126 2549 continuata
1152 2501 1307 2563 togae.

109 2590 246 2641 Hunc
313 2598 448 2638 vero
519 2580 802 2633 honorem
850 2579 1025 2633 fuisse
1096 2580 1495 2649 praefecturam
1554 2583 1720 2637 Urbis

51 2676 189 2743 paulo
220 2670 506 2742 superius,
539 2683 746 2738 nempe
778 2684 947 2721 versu
973 2669 1077 2722 415
1112 2668 1387 2725 afﬁrmat.
1434 2672 1493 2725 Id
1525 2677 1718 2726 autem

49 2764 95 2815 in
122 2763 299 2816 itinere
331 2756 636 2823 intellexit,
688 2759 997 2826 antequam
1050 2755 1321 2809 Pisanum
1354 2756 1513 2811 littus
1545 2758 1715 2812 attin-

50 2856 197 2920 geret.

146 2948 229 2996 Hic
255 2946 634 3008 praefecturam
659 2953 820 3008 sacras
843 2940 1225 3008 cognoscimus
1254 2941 1397 2989 urbis

200 3002 425 3056 Délatam
470 3004 682 3057 meritis,
715 3002 883 3051 dulcis
910 3003 1092 3057 amice,
1124 3003 1246 3050 tuis.

150 3073 380 3133 Optat-em
406 3079 603 3133 verum
626 3064 903 3133 complecti
934 3064 1167 3133 carmine
1195 3077 1408 3133 nomen,

203 3132 294 3181 Sed
323 3129 589 3193 quosdam
611 3126 1011 3193 refugitregula
1041 3126 1174 3193 dura
1192 3126 1377 3193 pedes.

148 3187 437 3254 Cognomen
467 3204 621 3254 versu
642 3187 876 3254 Veneris,
896 3187 1170 3254 carissime
1192 3187 1323 3243 Ruﬁ,

201 3250 290 3305 lllo
318 3260 367 3303 te
388 3252 597 3301 dudum
624 3250 815 3312 pagina
835 3255 1013 3312 nostra
1048 3250 1206 3298 canit.

146 3319 282 3367 Festa
302 3318 430 3373 dies,
472 3310 777 3376 pridemque
800 3326 945 3359 meos
965 3310 1179 3376 dignata
1208 3315 1441 3373 penates,

210 3382 353 3428 Poste
380 3374 639 3427 coronato
664 3378 788 3422 vota
818 3374 1048 3422 secunda
1069 3374 1222 3421 colat.

101 3468 258 3522 Gessit
297 3472 498 3522 autem
546 3462 745 3517 Rullus
810 3460 1148 3515 Volusianus
1204 3460 1367 3514 Urbis
1422 3461 1720 3530 praefectu-

46 3571 143 3609 ram
192 3573 333 3611 anno
393 3553 635 3624 epochze
683 3549 1021 3605 Christianae
1067 3551 1204 3615 417;
1269 3549 1479 3602 etenim
1526 3549 1720 3603 scribit

47 3644 260 3699 Rutilius
283 3646 533 3700 Romam
566 3641 866 3709 alloquens
896 3654 1039 3691 vers.
1078 3641 1176 3692 135
1204 3653 1217 3690 :

150 3741 385 3799 Quamvis
416 3736 656 3787 sedecies
678 3734 826 3799 denis
847 3732 1068 3799 e_t_mille
1094 3732 1333 3794 peractis,

201 3805 379 3852 Annus
409 3807 672 3865 prmterea
689 3796 801 3860 jam
832 3795 923 3843 tibi
958 3808 1132 3843 nonus
1162 3798 1263 3843 eat.

98 3894 275 3945 Annus
331 3896 534 3945 autem
589 3885 753 3941 Urbis
810 3887 941 3937 1169
990 3899 1023 3935 a
1076 3881 1349 3935 Palilibus
1391 3897 1600 3951 nempe
1646 3883 1707 3935 21

43 3980 222 4046 Aprilis
266 3976 547 4033 coincidit
604 3990 734 4028 cum
787 3988 937 4026 anno
998 3970 1345 4040 Dionysiano
1400 3970 1521 4033 417,
1602 3984 1715 4038 quo

41 4079 164 4119 anno
184 4067 432 4121 Rutilius
458 4066 639 4118 Roma
656 4061 963 4132 profectus,
988 4057 1357 4112 Volusianum
1381 4056 1713 4127 praefectum

44 4153 180 4206 lfrbis
208 4155 576 4225 designatum
607 4149 842 4219 accepit.
879 4147 1104 4201 Diutius
1129 4151 1339 4211 autem,
1391 4149 1521 4215 post
1561 4146 1714 4199 Con-

39 4242 241 4295 stantini
286 4240 625 4313 imperium,
675 4236 894 4291 Ceionii
954 4234 1313 4289 ethnicorum
1362 4232 1714 4302 superstitio-

39 4343 151 4383 nem
191 4331 362 4385 secuti
413 4332 570 4382 sunt.
621 4328 850 4381 Constat
896 4340 963 4377 ex
1013 4324 1119 4377 hac
1163 4321 1533 4392 inscriptione
1562 4319 1716 4390 apud

41 4417 313 4474 Gruterum
344 4434 483 4487 pag.
508 4432 696 4481 xxvm,
735 4418 763 4467 5
795 4430 807 4466 :

402 4503 745 4560 CElONIVS.
779 4500 1047 4555 RVFIVS.
1083 4498 1329 4554 VOLVSI

406 4592 607 4647 ANVS.
639 4592 701 4644 V.
732 4591 791 4645 C.
826 4590 908 4642 ET
941 4587 1321 4642 INLVSTRIS.

368 4684 477 4736 EX.
511 4680 812 4733 VICARIO.
834 4677 1059 4731 ASIAE.
1092 4677 1175 4729 ET
1205 4675 1362 4729 CEIO

404 4772 495 4824 NI.
525 4769 702 4822 RVFI.
736 4766 1123 4821 VOLVSIANI.
1154 4765 1214 4817 V.
1251 4764 1319 4817 C.

255 4860 356 4913 ET.
394 4855 769 4913 [NLVTSRIS.
803 4855 907 4906 EX.
940 4852 1328 4906 PREFECTO.
1359 4851 1488 4905 PRE

268 4946 499 4999 TORIO.
536 4943 637 4995 ET.
662 4942 769 4995 EX.
798 4940 1176 4993 PREFECTO.
1204 4939 1433 4993 URBIS.

300 5034 405 5086 ET.
438 5032 700 5087 CECINE.
733 5028 1090 5084 LOLLIANE.
1125 5025 1437 5081 CLARISSI

374 5122 487 5173 ME.
530 5120 632 5174 ET.
670 5116 1045 5172 INLVSTRIS.
1081 5116 1352 5169 FEMINE.

290 5209 443 5262 DEE.
480 5209 700 5263 ISIDIS.
737 5204 1179 5260 SACERDOTIS.
1222 5202 1459 5256 FILIVS.

168 5296 481 5351 ITERATO.
518 5297 621 5351 EX.
659 5296 936 5349 VIGINTI.
967 5292 1191 5347 ANNIS.
1211 5292 1317 5344 EX.
1342 5288 1606 5343 PERCEP

164 5382 287 5441 TIS.
320 5384 803 5440 TAVROBOLIIS.
834 5381 1131 5436 VLARAM
1158 5378 1577 5433 CONSTITVIT.

110 5468 203 5523 ET.
236 5472 730 5528 CONSECRAVIT.
754 5473 840 5527 VI.
875 5472 1030 5524 KAL.
1062 5468 1195 5521 IVN.
1230 5468 1294 5520 D.
1425 5464 1649 5517 VALEN

201 5558 496 5617 TINIANO.
533 5560 690 5615 AVG.
713 5560 816 5614 ET.
850 5556 1237 5613 NEOTERICO
1268 5552 1507 5607 CONSS.

1841 516 2209 573 Volusianum
2277 523 2473 576 eadem
2522 526 2927 594 superstitione
2977 534 3316 599 occupatum
3373 537 3545 601 patet.

1838 621 1901 658 ex
1942 606 2183 676 epistola
2229 610 2504 679 ejusdem,
2558 612 2810 685 itemque
2835 619 3142 686 Augustini
3172 623 3227 672 et
3259 621 3530 676 Marcelli-

1838 694 1918 759 ni,
1951 694 2114 750 initio
2169 698 2359 752 statim
2416 700 2558 753 torni
2618 704 2848 757 secundi
2897 722 3135 775 operum
3168 709 3223 762 S.
3262 710 3526 763 doctoris.

1839 783 2076 837 Melania
2130 788 2468 841 avunculum
2527 790 2595 843 ad
2652 796 2870 845 rectum
2918 793 3125 863 dogma
3180 797 3348 864 paulo
3398 802 3528 850 ante

1838 872 2093 940 ejusdem
2127 875 2348 929 obitum
2378 877 2629 947 Byzantii
2654 880 2905 945 adduxit,
2931 882 3192 936 Albinam
3225 884 3397 938 etiam
3430 902 3527 938 so-

1836 974 2025 1013 rorem
2066 961 2126 1014 in
2171 964 2372 1018 eodem
2431 982 2622 1020 errore
2671 966 2842 1019 fuisse
2872 974 3062 1037 posset
3104 971 3231 1040 quis
3260 972 3527 1041 colligere

1837 1063 1901 1100 ex
1933 1049 2180 1103 Palladio
2230 1051 2291 1104 in
2344 1053 2612 1106 Lausiaca
2642 1070 2763 1123 cap.
2806 1058 2924 1121 118,
2958 1057 3058 1109 ubi
3091 1063 3213 1111 tum
3242 1060 3524 1128 Apronia-

1836 1151 1975 1189 num
2008 1138 2294 1207 gentilem,
2329 1143 2452 1193 tum
2485 1141 2748 1195 Albinam
2779 1160 2809 1195 a
2841 1143 3077 1197 Melania
3119 1146 3331 1199 seniori
3378 1153 3527 1202 catc-

1836 1226 1980 1279 chesi
2017 1226 2317 1281 instructos
2363 1229 2629 1284 affirmat.
2684 1232 2852 1284 Plura
2901 1232 2969 1284 de
3011 1233 3218 1287 Albina
3266 1236 3420 1307 leges
3464 1237 3523 1290 in

1837 1313 1975 1367 actis
2004 1314 2261 1384 ejusiem
2292 1317 2425 1370 tiliae
2459 1318 2737 1374 Melaniae.

1907 1404 2101 1456 Iterim
2133 1404 2262 1457 vide
2293 1422 2465 1475 quam
2498 1407 2773 1461 benevolo
2805 1424 2937 1479 erga
2965 1413 3020 1463 te
3052 1410 3245 1463 animo
3278 1411 3402 1465 sim.
3435 1413 3523 1465 Et-

1836 1491 1986 1543 enim
2019 1491 2116 1544 ubi
2155 1493 2504 1546 confidenter
2547 1512 2637 1548 me
2669 1496 2730 1547 in
2771 1502 3056 1551 certamen
3086 1515 3401 1568 provocans
3440 1517 3531 1553 ex-

1834 1580 2129 1633 clamasti:
2190 1583 2575 1636 Emaminemus
2624 1599 2885 1652 personas
2942 1587 3138 1654 quibus
3188 1602 3320 1655 opus
3372 1603 3529 1642 suum

1832 1668 2173 1735 Augustinus
2224 1669 2515 1735 dedicavit,
2577 1676 2626 1724 et
2666 1677 2786 1725 uter
2819 1677 3061 1727 nostrum
3106 1676 3294 1727 melius
3325 1679 3529 1732 sentiat

1834 1758 2181 1824 experiamur
2203 1776 2223 1822 ;
2255 1775 2361 1828 ego
2384 1762 2557 1811 temet
2589 1775 2655 1811 ex
2683 1759 3001 1813 adversario
3026 1761 3279 1831 judicem
3309 1765 3528 1818 consti-

1832 1848 1931 1897 tuo
1962 1860 2025 1897 ac
2054 1846 2315 1915 deposco.
2349 1847 2429 1899 Tu
2452 1847 2520 1899 de
2550 1847 2754 1901 Albino
2789 1849 3173 1917 pronuntiasti
3208 1866 3219 1903 :
3255 1851 3383 1915 Quis
3425 1868 3524 1906 au-

1834 1936 1935 1987 tem
1957 1938 2089 1987 esset
2118 1935 2208 1987 ille
2228 1935 2459 1988 Albinus
2491 1934 2641 1988 latet.
2676 1936 2789 2005 Ego
2818 1952 2936 1989 non
2966 1937 3172 2004 virum,
3209 1939 3303 1992 sed
3351 1939 3523 1992 femi-

1832 2038 1966 2075 nam
1995 2021 2167 2076 fuisse
2191 2023 2435 2089 ostendi,
2458 2022 2694 2092 ejusque
2723 2028 2944 2092 patrem
2970 2026 3260 2093 Albinum,
3289 2027 3523 2080 fratrem

1832 2110 2082 2178 Rullum,
2146 2111 2538 2177 Volusianum,
2590 2112 2866 2165 familiam
2917 2113 3230 2181 Ceioniam,
3296 2131 3523 2168 socrum

1831 2199 2151 2268 Melaniam,
2188 2199 2457 2253 maritum
2486 2200 2855 2267 Publicolam,
2888 2202 3062 2256 tiliam
3095 2203 3389 2256 Melaniam
3426 2203 3521 2272 ju-

1830 2289 2071 2351 niorem,
2124 2305 2359 2343 avorum
2403 2289 2646 2360 patriam
2688 2291 2989 2352 Etruriam,
3052 2290 3213 2343 villas
3269 2290 3337 2343 ad
3370 2290 3525 2343 Vada

1828 2378 2214 2446 Volaterrana,
2265 2378 2417 2448 quod
2466 2379 2675 2449 oppido
2704 2395 2917 2433 nomen
2965 2379 3279 2432 etiamnum
3332 2383 3525 2432 manet

1827 2466 2211 2536 Populonium
2262 2466 2413 2520 inter
2470 2484 2532 2520 ac
2566 2468 2900 2534 Liburnum,
2937 2467 3147 2521 amicos
3180 2467 3429 2537 denique
3469 2472 3525 2520 et

1829 2555 2203 2609 encomiastas
2255 2556 2662 2625 Augustinum,
2712 2556 3145 2625 Hieronymum,
3179 2555 3518 2621 Palladium,

1827 2642 2136 2707 Rufinum;
2172 2642 2309 2706 haec,
2345 2641 2602 2711 inquam,
2638 2642 2833 2695 omnia
2861 2642 2929 2695 de
2958 2642 3161 2695 Albina
3192 2640 3520 2707 monstravi,

1826 2733 1889 2782 ut
1936 2730 2055 2799 jam
2115 2729 2248 2782 satis
2305 2744 2623 2799 surperque
2646 2736 2765 2783 uter
2819 2734 3065 2783 nostrum
3102 2730 3290 2782 melius
3327 2730 3527 2782 sentiat

1827 2818 2158 2887 experiaris.
2214 2818 2361 2870 Voca
2403 2834 2494 2871 me
2555 2818 2820 2885 bajulum,
2869 2819 3260 2886 antiquarium,
3293 2817 3523 2870 rudera-

1824 2908 1986 2972 rium,
2022 2907 2294 2972 latomum,
2332 2910 2395 2958 ut
2424 2905 2599 2973 lubet,
2632 2909 2694 2957 ut
2732 2906 2911 2972 lubet,
2952 2906 3122 2958 modo
3169 2905 3380 2957 fateare
3431 2920 3522 2958 me

1750 2995 1789 3050 C
1828 2992 1897 3046 de
1924 2992 2180 3063 personis
2207 2992 2415 3061 quibus
2444 2991 2794 3061 Augustinus
2825 2992 3081 3045 laudatos
3114 2991 3285 3044 libros
3314 2990 3521 3044 inscri-

1831 3080 1961 3150 psit.
2014 3097 2079 3133 ex
2129 3079 2266 3150 ipsis
2315 3080 2670 3133 oculatorum
2719 3079 2953 3133 testium
2987 3080 3229 3149 scriptis,
3265 3095 3328 3133 ex
3357 3083 3522 3133 vetu-

1830 3169 2090 3223 stissimis
2121 3173 2447 3223 sanctorum
2478 3170 2704 3222 Patrem
2726 3168 3135 3235 monumentis,
3160 3185 3228 3221 ex
3249 3169 3523 3240 antiquo-

1829 3275 1957 3312 rum
1980 3258 2235 3329 lapidum
2266 3256 2732 3327 inscriptionibus
2761 3257 2928 3324 longe
2952 3257 3192 3310 certiora
3219 3257 3523 3326 protulisse

1829 3363 2002 3417 quam
2025 3352 2087 3400 tu
2116 3347 2183 3399 ab
2204 3348 2430 3413 ingenio,
2468 3345 2589 3400 sine
2621 3346 2736 3398 ullo
2766 3362 2996 3415 prorsus
3029 3345 3324 3409 librorum,
3370 3345 3522 3415 quod

1829 3452 1919 3489 me
1952 3435 2137 3489 dicere
2158 3434 2351 3504 pudet,
2381 3433 2648 3502 praesidio
2680 3434 2747 3488 de
2772 3434 2983 3488 eisdem
3002 3434 3319 3488 adduxeris.
3356 3434 3519 3497 Quod

1827 3523 1873 3576 si
1902 3521 2238 3592 pronunties
2266 3524 2319 3574 te
2352 3522 2418 3574 ab
2450 3524 2662 3589 ingenio
2711 3527 2979 3576 auctorem
3018 3538 3137 3575 esse
3175 3521 3523 3592 ingeniosis—

1826 3610 2057 3676 simum,
2090 3625 2181 3662 me
2210 3625 2342 3663 vero
2375 3626 2408 3662 a
2434 3610 2590 3663 dorso
2619 3611 3048 3663 valentissimum
3072 3611 3332 3678 bajulum,
3357 3608 3517 3663 stabo

1826 3700 1938 3753 tute
1969 3696 2283 3759 sententiae,
2317 3713 2419 3750 nec
2451 3696 2625 3749 alium
2656 3697 2908 3765 judicem
2950 3697 3267 3766 appellabo.

1898 3789 2023 3842 Haec
2046 3787 2213 3857 justae
2262 3784 2563 3855 apologiae,
2616 3800 2787 3853 quam
2820 3783 2986 3837 modo
3024 3783 3294 3835 adversus
3326 3799 3521 3836 recen-

1824 3875 2110 3929 tissimum
2156 3880 2322 3928 tuum
2365 3872 2578 3925 librum
2626 3872 2860 3937 adorno,
2892 3869 3179 3939 specimen
3212 3870 3345 3922 sint.
3376 3871 3517 3923 Cum

1824 3980 1955 4017 vero
2003 3962 2321 4030 intelligam
2372 3976 2462 4012 me
2512 3958 2678 4013 isthic
2728 3976 2759 4011 a
2798 3957 3142 4029 quibusdam
3182 3956 3522 4026 reprehendi

1825 4051 1981 4122 quod
2014 4051 2257 4105 dixerim
2302 4051 2525 4101 sanctos
2577 4046 2850 4099 Hilarium
2883 4046 3269 4099 Arelatensem
3302 4044 3518 4113 episco-

1824 4156 1964 4210 pum
1995 4144 2050 4191 et
2098 4136 2460 4190 Vincentium
2500 4133 2864 4187 Lerinensem
2897 4134 3242 4186 monachum
3272 4131 3521 4186 Cassiani

1824 4227 2081 4298 partibus
2101 4225 2365 4279 adversus
2389 4222 2706 4276 doctrinam
2739 4221 2793 4274 S.
2843 4221 3149 4291 Augustini
3196 4221 3264 4274 de
3296 4220 3519 4291 praede-

1829 4315 2133 4369 stinatione
2166 4311 2492 4377 adhaesisse,
2544 4309 2709 4381 quasi
2739 4313 2839 4363 aut
2887 4310 3057 4376 solus,
3089 4314 3187 4362 aut
3213 4309 3431 4379 primus
3462 4307 3521 4361 id

1831 4402 2191 4469 asseruerim,
2239 4405 2294 4454 et
2342 4406 2403 4453 tu
2446 4414 2676 4471 quoque
2708 4398 2830 4451 haec
2861 4397 2919 4451 in
2951 4413 3073 4466 cap.
3109 4400 3192 4463 16,
3227 4413 3356 4467 pag.
3398 4398 3516 4459 119,

1830 4492 2082 4545 scribas:
2145 4490 2279 4545 Cedo
2331 4488 2489 4555 mihi,
2548 4501 2743 4554 quaso,
2797 4487 2963 4538 Pater
3007 4487 3169 4539 Neris
3208 4488 3521 4553 scriptorem

1828 4581 2062 4647 aliquem
2094 4578 2307 4643 bonum,
2340 4576 2560 4639 malum,
2595 4576 2691 4641 qui
2716 4574 2989 4626 Hilarium
3022 4574 3389 4627 Arelatensem
3429 4573 3520 4627 Se-

1828 4666 2291 4737 mipelagianismi
2315 4664 2546 4731 appellet
2575 4678 2586 4715 :
2622 4678 2715 4729 ego
2744 4663 2949 4715 nullum
2978 4663 3231 4715 hactenus
3252 4663 3410 4730 potui
3436 4662 3521 4713 in-

1826 4760 2040 4823 veni-re;
2076 4754 2297 4808 decrevi
2329 4752 2604 4823 quosdam
2636 4750 2855 4804 nobiles
2886 4750 3189 4819 scriptores
3210 4750 3518 4820 appellare.

1828 4848 2047 4915 Agmen
2079 4844 2248 4897 ducat
2271 4842 2325 4895 S.
2376 4842 2619 4909 Prosper
2662 4838 2721 4891 in
2752 4838 2988 4908 epistola
3016 4838 3087 4891 ad
3113 4837 3518 4908 Augustinum,

1828 4933 1889 4986 in
1920 4949 2052 5003 qua,
2089 4947 2215 4984 cum
2252 4927 2504 4983 Cassiani
2537 4930 2882 4979 sectatorum
2908 4926 3041 4994 (quo
3074 4924 3391 4978 scholastici
3432 4938 3521 4974 re-

1829 5019 2108 5073 centiores
2136 5018 2328 5073 dixere
2370 5013 2880 5086 Semipelagianos)
2905 5013 3203 5081 opiniones
3233 5018 3288 5064 et
3305 5010 3523 5080 objecta

1830 5108 1883 5163 S.
1921 5106 2136 5161 doctori
2166 5110 2472 5170 narrasset,
2506 5104 2628 5157 haec
2659 5101 2891 5166 scribit;
2933 5102 3210 5156 Credimus
3240 5103 3288 5151 et
3334 5114 3521 5166 spera-

1830 5211 1947 5250 mus
1978 5210 2082 5249 non
2112 5195 2281 5248 solum
2315 5196 2627 5247 tenuitatem
2652 5196 2891 5244 nostram
2918 5189 3349 5256 disputationum
3395 5191 3524 5239 tua-

1830 5301 1951 5338 rum
1978 5283 2234 5353 prwsidio
2263 5281 2642 5345 roborandam,
2675 5280 2768 5332 sed
2788 5281 2951 5331 etiam
2980 5279 3124 5346 ipsos
3156 5290 3286 5344 quos
3316 5277 3524 5329 meritis

1832 5378 1993 5440 atque
2033 5371 2321 5425 faenoribus
2358 5371 2529 5423 claros
2564 5369 2735 5433 caligo
2763 5368 2919 5420 istius
2950 5367 3220 5432 Opinionis
3250 5364 3520 5431 obscurat,

1832 5461 2305 5527 defaecatissimum
2354 5459 2528 5511 lumen
2568 5458 2761 5521 gratim
2808 5457 3128 5521 recepturos.
3181 5454 3322 5508 Nam
3374 5465 3522 5504 [τΝυΜ

1832 5563 2015 5603 aoauu
2063 5549 2348 5616 praecipuae
2391 5544 2729 5599 auctoritatis
2777 5546 2823 5595 et
2854 5541 3189 5610 spiritalium
3221 5540 3526 5595 studiorum
