3920 6180
128 267 203 317 561
881 262 1243 321 VARIORUM
1287 266 1861 328 EXERCITATONES
1899 275 1966 328 IN
2007 275 2063 328 S.
2106 276 2468 332 AUGUSTINI
2510 275 2764 331 OPEBA.

591 383 1250 441 ANIMADVERSIONES

365 489 412 526 IN
445 487 648 526 LIBRUM
681 488 750 526 DE
783 489 1152 528 CORREPTIONE
1183 492 1242 528 ET
1280 491 1474 531 GRATIA

183 565 291 633 Cap.
328 565 370 627 l,
404 559 429 629 ἓ
459 563 505 612 2.
537 561 790 615 Liberum
815 565 998 631 itaque
1029 564 1340 627 arbitrium,
1368 569 1418 618 et
1443 566 1518 618 ad
1561 567 1765 620 malum

123 657 165 706 et
203 651 262 703 ad
302 650 479 702 bonum
527 650 841 715 faciendum
889 653 1248 721 conﬁtendum
1287 658 1366 706 est
1406 669 1501 708 nos
1533 655 1765 720 habere;

119 741 197 795 sed
215 743 262 792 in
289 739 417 791 malo
445 738 696 802 faciendo
720 740 856 793 liber
880 745 957 793 est
980 743 1210 808 quisque
1224 741 1459 809 justitiw
1478 758 1768 811 servusque

112 829 321 897 peccati;
361 829 415 879 in
464 829 591 880 bono
640 832 819 881 autem
862 829 998 882 liber
1041 845 1150 883 esse
1193 831 1375 884 nullus
1421 836 1614 898 potest,
1660 834 1770 885 nisi

112 919 256 984 fuerit
280 917 544 980 liberatus,
575 914 709 987 etc.]
746 917 982 972 Vocibus
1015 919 1172 972 liberi
1197 919 1422 973 arbitrii
1447 920 1536 973 hic
1566 921 1766 974 volun-

112 1011 251 1058 tatem
280 1004 538 1073 intelligit
567 1005 937 1074 Augustinus,
973 1023 1086 1060 non
1121 1007 1178 1060 id
1214 1008 1363 1076 quod
1398 1008 1467 1062 ab
1499 1009 1767 1063 omnibus

115 1092 318 1162 intelligi
355 1093 604 1146 solebat:
648 1094 946 1158 nimirum,
993 1095 1320 1150 facultatem
1369 1097 1527 1150 illam
1560 1098 1766 1151 mentis

109 1198 199 1250 qua
224 1184 400 1250 potest
431 1181 648 1251 aliquid
679 1181 882 1248 facere,
916 1189 1034 1236 tam
1066 1183 1283 1236 bonum
1317 1200 1490 1254 quam
1521 1185 1759 1251 malum,

107 1274 184 1322 aut
215 1269 480 1324 omittere.
540 1270 830 1337 Homines,
880 1278 1192 1325 secundum
1246 1289 1396 1337 eum,
1444 1279 1764 1326 nascuntur

106 1363 316 1427 suntque
337 1373 564 1426 semper
594 1363 723 1412 ante
748 1361 1243 1429 regenerationem
1272 1361 1434 1414 liberi
1467 1378 1498 1414 a
1514 1361 1760 1431 justitiu,

105 1449 147 1498 et
169 1443 297 1496 servi
347 1445 560 1514 peccati
592 1462 604 1498 :
651 1446 757 1499 hoc
783 1451 884 1514 est,
920 1447 1065 1500 nihil
1109 1447 1219 1500 nisi
1248 1449 1398 1502 mala
1427 1449 1609 1502 facere
1641 1466 1763 1519 pos-

102 1536 224 1596 sunt,
253 1532 394 1585 bona
424 1533 583 1586 nulla
613 1540 883 1603 possunt;
928 1535 1025 1589 sed
1061 1536 1275 1590 faciunt
1304 1537 1453 1590 mala
1482 1539 1757 1603 volentes,

101 1621 223 1673 bona
249 1621 515 1674 omittunt
563 1623 840 1690 nolentes,
887 1625 1147 1693 quamvis
1195 1625 1318 1678 sine
1367 1625 1639 1679 miraculo
1671 1626 1757 1679 di-

101 1710 204 1762 vino
247 1710 392 1779 quod
437 1710 498 1762 in
547 1711 976 1780 regeneratione
1013 1712 1076 1765 fit
1109 1713 1372 1766 voluntas
1405 1714 1613 1767 mutari
1649 1730 1756 1766 ne—

99 1802 255 1867 queat.
278 1797 416 1851 Satis
469 1797 653 1868 liquet
691 1798 834 1852 alios
881 1815 1082 1853 omnes
1113 1802 1401 1862 mortales,
1431 1802 1478 1853 si
1508 1801 1587 1854 ita
1624 1818 1754 1854 sen-

99 1885 284 1953 sissent,
339 1889 647 1956 negaturos
689 1887 1017 1941 hominibus
1074 1889 1258 1942 inesse
1319 1890 1545 1943 liberum
1605 1890 1754 1942 urbi--

98 1977 266 2040 trium;
309 1980 363 2028 et
395 1991 533 2028 sane
580 1977 826 2045 negabat
876 1975 997 2045 ipse
1040 1978 1416 2046 Augustinus,
1449 1993 1578 2031 cum
1601 1983 1753 2030 extra

100 2064 464 2117 controversiae
519 2068 721 2116 aestum
774 2065 1130 2134 loquebatur,
1153 2069 1216 2118 ut
1245 2065 1426 2136 liquet
1455 2082 1522 2118 ex
1555 2065 1754 2118 Enclii-

94 2150 214 2204 ridio
253 2152 320 2204 ad
369 2152 744 2206 Laurentium
793 2168 914 2222 cap.
951 2155 1036 2206 30.
1072 2153 1208 2206 Vide
1241 2157 1356 2208 not.
1391 2154 1460 2206 ad
1489 2158 1628 2207 tom.
1667 2156 1750 2207 Vl.

145 2240 262 2308 Cap.
291 2243 340 2305 2,
400 2241 432 2310 §
586 2240 976 2310 Objectionem
1013 2246 1212 2295 contra
1245 2242 1563 2296 doctrinam
1594 2259 1752 2296 suam

95 2326 150 2379 de
179 2328 365 2396 gratia,
396 2344 517 2397 qua
545 2344 650 2382 non
669 2331 859 2394 solum,
882 2335 1216 2384 monstrante
1235 2334 1369 2399 ipso,
1397 2331 1534 2400 quid
1553 2333 1756 2396 facien-

94 2415 197 2468 dum
223 2419 291 2470 sit
307 2419 488 2470 sciunt
508 2417 787 2482 homines,
813 2433 997 2471 verum
1023 2421 1186 2472 etiam
1208 2435 1317 2487 qua
1337 2421 1450 2472 sola
1462 2424 1757 2488 praestante

89 2505 268 2566 faciunt
297 2521 410 2558 cum
473 2505 755 2559 dilectione
795 2507 938 2574 quod
966 2509 1164 2573 sciunt,
1193 2507 1271 2560 sic
1299 2509 1571 2578 proponit
1601 2525 1612 2562 :
1645 2512 1757 2562 Er-

88 2605 156 2654 go,
185 2591 460 2662 inquiunt,
489 2595 816 2661 praecipiant
846 2595 1212 2648 tantummodo
1235 2595 1388 2649 nobis
1420 2597 1556 2663 quid
1578 2598 1757 2661 facere

88 2679 333 2734 debeamus
373 2684 478 2750 qui
516 2681 668 2734 nobis
710 2685 973 2749 praesunt,
1019 2686 1069 2734 et
1097 2686 1157 2734 ut
1180 2684 1454 2748 faciamus
1484 2690 1630 2735 orent
1655 2699 1755 2751 pro

85 2768 228 2830 nobis,
265 2783 363 2821 non
411 2774 597 2822 autem
626 2784 720 2823 nos
761 2771 1062 2838 corripiant
1091 2774 1142 2822 et
1171 2775 1428 2836 arguant,
1460 2772 1510 2822 si
1538 2785 1642 2823 non
1671 2771 1754 2834 fe-

84 2859 298 2912 cerimus.
346 2858 515 2921 Quia,
567 2857 866 2924 nimirum,
915 2858 961 2910 si
1007 2857 1134 2928 quis
1185 2858 1487 2927 praeceptis
1548 2858 1756 2930 divinis

3469 285 3571 336 562

1789 397 1829 449 Α
1870 397 2034 466 culpa
2082 397 2203 466 ejus
2244 397 2342 467 qui
2395 413 2509 450 non
2558 396 2689 450 facit
2731 397 2882 465 quod
2909 414 3014 450 nec
3048 413 3201 452 nunc
3233 405 3439 470 potest,
3469 419 3572 456 nec

1879 499 2134 554 unquam
2163 490 2329 537 antea
2353 484 2558 553 potuit.
2594 484 2756 546 Quod
2785 483 3031 552 sii'nemo
3053 486 3242 554 potuit
3270 487 3564 558 impedire,

1878 587 2006 640 qua:
2033 571 2316 624 sententia
2337 576 2421 624 est
2450 571 2774 641 Augustini,
2806 573 3116 642 quominus
3143 573 3280 627 vitio
3310 575 3572 646 inquina-

1876 664 2055 724 retur,
2089 665 2394 729 propterea
2443 675 2558 712 non
2613 660 2782 714 debet
2809 659 3019 730 corripi
3047 677 3058 713 :
3095 663 3177 714 uti
3207 679 3309 716 nec
3339 664 3384 716 si
3415 665 3571 718 nulla

1876 746 2118 811 ratione,
2152 763 2218 800 eo
2249 748 2421 800 semel
2457 748 2809 817 inquinatus,
2840 749 3064 802 vincere
3090 750 3148 803 id
3178 752 3384 820 potuit,
3435 754 3571 822 quia

1876 834 1929 886 ei
1957 834 2138 887 defuit
2184 834 2463 887 auxilium
2514 835 2634 886 sine
2661 850 2773 904 quo
2803 834 2950 887 vinci
2981 835 3180 888 vitium
3213 853 3328 890 non
3355 838 3564 906 potuit.

1876 923 2054 992 Igitur
2084 939 2151 975 ex
2183 921 2361 975 animi
2393 923 2674 975 sententia
2703 939 2818 975 non
2849 923 3036 992 potuit
3066 924 3253 978 dicere
3297 927 3565 995 Augusti-

1874 1027 2018 1064 nus:
2055 1015 2143 1064 tuo
2171 1012 2304 1064 vitio
2322 1026 2428 1064 non
2455 1010 2614 1064 habes
2640 1011 2793 1080 quod
2825 1011 3206 1065 necessarium
3238 1019 3322 1066 est
3355 1015 3423 1067 ad
3464 1016 3564 1068 ob-

1874 1099 2257 1152 servationem
2301 1098 2626 1152 divinorum
2674 1102 3132 1168 praeceptorum;
3167 1117 3268 1154 nec
3298 1103 3562 1171 proinde,

1872 1186 2060 1256 posita
2110 1187 2233 1255 ejus
2283 1186 2560 1252 doctrina,
2612 1201 2678 1238 ea:
2718 1188 3095 1256 praeceptione:
3115 1190 3380 1258 cognosci
3428 1190 3563 1260 quid

1872 1276 2046 1328 homo
2080 1275 2266 1328 debeat
2291 1276 2517 1340 habere;
2551 1291 2686 1327 nam
2714 1290 2831 1328 non
2862 1275 3012 1328 debet
3044 1276 3237 1328 habere
3269 1278 3416 1346 quod
3449 1294 3565 1331 non

1873 1364 2054 1433 magis
2109 1363 2296 1433 potuit
2333 1363 2562 1424 habere,
2600 1363 2827 1416 nolente
2852 1364 2986 1429 Deo,
3021 1379 3194 1433 quam
3212 1364 3407 1417 sistere
3442 1381 3561 1418 cur-

1873 1469 1999 1506 sum
2043 1453 2316 1506 siderum.
2371 1453 2650 1521 Perpetuo
2702 1453 3081 1522 Hipponensis
3130 1452 3431 1522 episcopus
3458 1453 3564 1506 ob-

1864 1540 2142 1610 jectiones
2200 1541 2504 1593 retundere
2560 1544 2801 1592 conatur
2839 1540 3024 1593 verbis
3082 1557 3210 1610 quae
3259 1555 3389 1593 cum
3442 1542 3564 1610 ejus

1873 1627 2152 1681 sententia
2183 1627 2457 1679 acerrime
2485 1630 2745 1695 pugnant
2777 1646 2791 1692 ;
2818 1625 2954 1696 quia
2988 1626 3036 1677 si
3077 1627 3482 1680 convenienter
3511 1628 3562 1680 ei

1871 1716 2168 1769 sententiae
2213 1731 2314 1784 per
2371 1714 2565 1768 omnia
2598 1714 2953 1784 loquendum
2985 1715 3183 1767 fuisset
3212 1731 3398 1769 sermo
3415 1716 3562 1770 Scri-

1865 1808 2070 1872 pturaa,
2105 1802 2221 1855 imo
2244 1805 2299 1854 et
2319 1801 2493 1854 totius
2523 1800 2761 1854 humani
2793 1801 3018 1869 generis
3055 1802 3252 1854 fuisset
3291 1803 3561 1856 damnan-

1864 1892 1968 1945 dus
2000 1896 2055 1943 et
2083 1889 2494 1952 immutandus,
2531 1888 2841 1957 eademque
2865 1904 3039 1958 opera
3069 1891 3439 1944 convellenda
3469 1908 3558 1945 so-

1864 1978 2079 2032 cietatis
2105 1979 2373 2031 humanae
2403 1975 2732 2030 ﬁrmissima
2758 1977 3149 2031 fundamenta.

1932 2067 2066 2136 Cap.
2129 2070 2179 2132 6,
2214 2066 2241 2136 ξ
2282 2069 2338 2120 9.
2406 2067 2557 2119 Hanc
2613 2065 2899 2134 (gratiam,
2935 2065 3208 2136 inquiunt
3239 2067 3552 2137 Pelagiani,

1863 2156 1968 2209 sub
2018 2171 2261 2226 persona
2305 2159 2668 2224 peccatorum
2717 2155 3031 2224 loquentes)
3061 2171 3166 2208 non
3210 2160 3554 2226 accepimus;

1863 2245 1998 2313 quid
2029 2248 2215 2312 itaque
2245 2245 2587 2311 corripimur,
2613 2245 2775 2312 quasi
2791 2257 2884 2296 nos
2915 2258 3031 2296 eum
3051 2244 3202 2297 nobis
3231 2245 3363 2298 dare
3379 2250 3559 2313 possi-

1861 2346 1999 2397 mus,
2031 2335 2081 2383 et
2110 2335 2289 2384 nostro
2315 2331 2546 2383 arbitrio
2576 2329 2708 2382 dare
2736 2330 3002 2383 nolimus?
3023 2331 3173 2384 Nihil
3218 2331 3555 2399 evidentius,

1862 2435 1965 2472 nec
1999 2418 2260 2487 intelligo
2307 2418 2595 2488 quomodo
2627 2418 2980 2487 Augustinus
3006 2434 3072 2470 ex
3112 2419 3264 2472 hisce
3294 2436 3556 2476 necessa-

1863 2507 1962 2560 riis
1992 2523 2056 2560 ac
2105 2505 2420 2576 perspicuis
2457 2505 2834 2559 'consectariis
2882 2522 2998 2558 non
3034 2506 3500 2563 animadverterit
3525 2527 3558 2564 a

1865 2611 1922 2648 se
1953 2611 2069 2648 non
2100 2595 2232 2647 satis
2263 2599 2413 2646 recte
2444 2593 2729 2646 intellecta
2761 2610 2888 2662 quae
2919 2593 3070 2646 hisce
3102 2594 3171 2646 de
3201 2595 3369 2648 rebus
3391 2597 3561 2650 habet

1866 2685 2180 2754 Scriptura.
2235 2683 2294 2734 Ei
2345 2681 2594 2752 quidem.
2630 2681 2802 2734 verba
2833 2697 2949 2733 non
2977 2682 3197 2743 desunt,
3230 2699 3360 2752 qum
3388 2685 3560 2753 paulo

1864 2770 2351 2825 exercitatioribus
2423 2768 2752 2821 rhetoribus
2808 2785 3105 2839 nunquam
3185 2770 3379 2825 deesse
3425 2788 3558 2841 pos-

1864 2864 2036 2925 sunt;
2069 2859 2172 2912 sed
2202 2875 2265 2911 ex
2297 2857 2505 2927 quibus
2535 2855 2697 2909 facile
2725 2856 3010 2926 intelligas
3036 2857 3329 2912 hominem
3373 2861 3445 2913 ad
3476 2859 3556 2912 si-

85 2960 179 2996 non
199 2947 469 3013 paruerit,
499 2945 576 3010 id,
636 2962 701 2998 ex
750 2947 1029 2998 sententia
1060 2945 1385 3015 Augustini,
1421 2949 1640 2997 certum
1672 2949 1755 2998 est
1791 2955 1829 3008 (ζ
1863 2947 2105 3004 lentium
2131 2946 2505 3015 redigendum
2539 2943 2732 3004 fuisse,
2763 2944 2872 2996 nisi
2895 2944 3235 3000 existimatio
3266 2963 3387 3012 sua,
3421 2947 3558 3000 editi

85 3031 326 3087 indicium
366 3039 587 3103 praesto
638 3034 691 3087 ei
721 3051 837 3087 non
884 3034 1128 3088 adfuisse
1158 3033 1402 3104 gratiam
1433 3033 1752 3096 efficacem;

87 3136 180 3188 qua
221 3123 538 3193 opitulante
582 3123 706 3176 fieri
751 3123 950 3192 nequit
995 3123 1135 3192 quin
1189 3126 1409 3192 pareat,
1458 3121 1755 3174 deficiente

86 3225 194 3262 vero
240 3228 403 3266 nemo
447 3228 656 3282 parere
683 3216 886 3282 potest.
922 3211 1069 3276 Quid
1101 3211 1169 3265 ad
1200 3212 1321 3264 haec
1358 3210 1707 3280 Augustinus
1731 3212 1757 3262 ?

85 3300 192 3365 lmo,
230 3299 430 3369 inquit,
491 3301 675 3354 omnia
718 3300 894 3368 ﬁant;
939 3301 1191 3367 quoniam
1231 3299 1467 3352 doctores
1498 3300 1759 3351 Ecclesia-

81 3401 180 3438 rum
203 3391 423 3456 apostoli
484 3392 664 3441 omnia
696 3390 993 3455 faciebant,
1027 3393 1076 3440 et
1104 3387 1491 3455 praecipiebant
1530 3402 1647 3454 qua:
1670 3389 1756 3453 ﬁe-

80 3481 194 3541 rent,
225 3481 271 3529 et
299 3478 674 3545 corripiebant
703 3479 752 3531 si
778 3491 884 3529 non
901 3479 1110 3544 ﬁerent,
1135 3480 1184 3529 et
1208 3476 1438 3529 orabant
1456 3480 1516 3528 ut
1533 3478 1752 3543 ﬁerent;

81 3564 210 3632 quod
231 3566 506 3636 exemplis
549 3566 924 3620 demonstrat.
969 3566 1177 3617 Verum
1212 3565 1492 3633 apostolos
1523 3563 1582 3616 in
1615 3579 1751 3616 sen—

81 3651 231 3704 tentia
275 3652 588 3723 Augustini
647 3652 818 3705 fuisse
885 3668 1000 3705 non
1069 3651 1460 3705 concedebant
1517 3651 1617 3720 qui
1665 3667 1757 3704 eas

80 3737 395 3806 objectiones
450 3740 853 3809 proferebant;
902 3755 1112 3809 eosque
1161 3739 1324 3792 aliter
1353 3739 1594 3792 sensisse
1623 3739 1758 3792 hinc

80 3825 182 3894 ipse
219 3829 491 3900 colligere
539 3833 781 3897 poterat,
833 3828 984 3898 quod
1045 3827 1308 3881 homines
1354 3827 1626 3881 divinitus
1681 3827 1759 3880 af-

78 3914 180 3968 ﬂati
218 3933 326 3971 non
375 3921 548 3972 erant
595 3916 799 3970 facturi
837 3917 995 3987 quod
1041 3932 1170 3970 cum
1215 3932 1418 3970 eorum
1477 3915 1759 3969 sententia

79 4005 202 4056 stare
248 4021 360 4058 non
410 4009 664 4075 poterat.
718 4007 938 4066 Postea,
974 4020 1001 4057 ο
1028 4006 1199 4073 homo,
1231 4005 1438 4074 inquit,
1486 4007 1542 4057 in
1562 4018 1760 4071 praece-

77 4093 235 4156 ptione
274 4108 531 4160 cognosce
568 4093 704 4161 quid
750 4093 939 4146 debeas
973 4093 1202 4158 habere;
1231 4096 1289 4146 in
1324 4093 1652 4161 correptio-ne
1679 4107 1758 4144 co-

78 4194 243 4243 gnosce
292 4187 379 4236 tuo
433 4186 484 4235 te
527 4183 658 4234 vitio
691 4181 911 4244 habere;
957 4183 1012 4234 in
1060 4184 1301 4234 oratione
1340 4195 1588 4246 cognosce
1615 4180 1757 4233 unde

74 4270 286 4336 accipias
309 4269 462 4338 quod
489 4271 572 4322 vis
591 4270 801 4322 habere.
827 4269 974 4323 Satis
1001 4272 1220 4322 constat
1242 4285 1275 4322 a
1296 4271 1410 4323 Deo
1439 4268 1756 4338 petendum

80 4357 332 4411 auxilium
365 4358 429 4412 in
458 4357 740 4423 futurum,
783 4357 874 4410 sed
897 4373 1010 4410 non
1040 4357 1100 4410 in
1129 4373 1220 4410 res
1250 4357 1589 4426 praeteritas,
1623 4372 1755 4409 nam

79 4443 262 4498 delicta
285 4445 581 4516 prmterita
609 4444 819 4497 infecta
849 4443 973 4496 fieri
1014 4460 1129 4497 non
1176 4447 1448 4514 possunt;
1474 4443 1543 4496 de
1568 4443 1638 4495 iis
1665 4458 1759 4495 au-

78 4535 177 4586 tem
207 4533 294 4586 hic
336 4535 548 4604 agitur,
601 4549 734 4586 nam
776 4534 1039 4600 correptio
1066 4532 1136 4585 ad
1168 4531 1459 4600 praeterita
1486 4530 1756 4600 pertinet.

79 4621 256 4692 Itaque
286 4621 574 4677 rhetorice
603 4620 784 4674 eludit
821 4620 1195 4690 objectionem
1225 4619 1597 4690 Augustinus,
1642 4635 1759 4671 non

80 4712 390 4778 respondet.
443 4710 660 4764 Deinde
720 4725 790 4761 ne
840 4709 908 4762 de
950 4708 1158 4761 futuris
1210 4707 1441 4777 quidem
1477 4706 1760 4760 orationes

76 4803 317 4864 possunt,
354 4815 422 4852 ex
482 4799 604 4867 ejus
651 4796 951 4863 sententia,
1000 4796 1197 4863 fundi;
1251 4811 1384 4848 nam
1419 4793 1762 4848 Deidecreta

77 4900 202 4956 erga
237 4887 446 4941 electos
499 4885 848 4940 exsecutioni
912 4884 1356 4948 mandabuntur,
1431 4883 1546 4935 sive
1613 4897 1756 4940 ores,

78 4973 180 5027 sive
211 4979 433 5029 taceas:
459 4991 594 5044 erga
608 4974 902 5044 reprobus,
935 4972 1078 5026 nihil
1112 4973 1210 5026 ﬁet
1240 4971 1600 5025 orationibus
1627 4969 1757 5023 tuis.

81 5061 212 5130 Ergo

247 5159 442 5207 Desine
465 5157 570 5207 fata
600 5158 690 5207 Dei
717 5157 851 5206 ﬂecti
882 5169 1091 5218 sperare
1121 5153 1405 5219 precando.

79 5245 142 5298 Ex
188 5247 549 5318 correptione
593 5247 774 5318 liquet
803 5261 936 5299 sane
971 5247 1105 5299 vitio
1152 5256 1442 5312 quemque
1493 5255 1588 5294 suo
1634 5255 1765 5309 pec-

77 5349 238 5394 casse.
287 5335 542 5406 alioquin
601 5336 799 5405 iniqua
838 5339 1020 5399 esset;
1063 5332 1159 5385 sed
1187 5329 1389 5383 vitium
1410 5331 1476 5382 ut
1503 5331 1765 5381 nostrum

76 5421 286 5477 dicatur
325 5429 555 5494 oportet
584 5429 645 5476 ut
676 5423 747 5476 sit
775 5424 939 5492 culpa
960 5425 1154 5474 nostra
1179 5420 1552 5480 contractum,
1588 5420 1768 5484 utque

82 5511 222 5565 vinci
248 5517 446 5583 queat,
492 5513 537 5566 si
589 5512 646 5565 id
695 5511 918 5564 vincere
955 5505 1485 5579 jubeamur:nulla
1507 5503 1658 5556 enim
1687 5507 1771 5556 est

1866 3037 2018 3102 libri,
2069 3021 2468 3088 conciliornm'
2498 3025 2804 3086 auctoritas
2848 3039 2904 3086 et
2952 3033 3144 3086 omnia
3172 3039 3369 3088 contra
3401 3036 3555 3088 Pela-

1866 3124 2067 3195 gianos
2116 3126 2274 3176 tanto
2324 3121 2443 3174 zelo
2493 3125 2649 3189 gesta
2677 3120 2918 3173 fuissent
2946 3121 3324 3175 defendenda.
3360 3123 3556 3191 Ipsum

1865 3212 2034 3267 audi:
2096 3213 2198 3268 Nec
2254 3209 2559 3272 attendunt,
2608 3207 2815 3277 inquit,
2872 3211 2921 3260 si
2964 3208 3201 3261 nondum
3256 3214 3560 3275 regenerati

1863 3305 2007 3362 sunt,
2050 3301 2288 3368 primam
2317 3312 2426 3351 esse
2465 3311 2682 3350 causam
2713 3311 2808 3350 cur
2861 3296 3139 3364 objurgati
3159 3298 3303 3365 quod
3331 3300 3441 3350 sint
3467 3301 3560 3351 in-

1864 3391 2160 3444 obedientes
2208 3390 2310 3440 Deo
2356 3385 2463 3439 sibi
2506 3384 2732 3438 debeant
2769 3384 3069 3452 displicere.
3096 3385 3205 3438 Sed
3236 3386 3358 3438 haec
3404 3402 3560 3440 mera

1865 3483 1948 3532 est
1975 3478 2163 3545 petitio
2188 3475 2472 3543 principii,
2507 3477 2567 3525 ut
2593 3474 2910 3543 loquuntur
2955 3472 3152 3542 logici;
3199 3489 3332 3526 nam
3371 3473 3432 3527 hi
3461 3475 3560 3528 ho-

1867 3562 2048 3615 mines
2091 3558 2376 3627 negabant
2422 3574 2480 3610 se
2541 3556 2744 3621 debere,
2793 3564 2899 3609 hoc
2923 3561 3024 3617 est,
3078 3557 3194 3609 ulla
3212 3556 3338 3626 lege
3377 3558 3561 3611 teneri

1866 3655 1931 3704 ut
1958 3650 2210 3703 facerent
2259 3646 2412 3716 quod
2452 3646 2636 3698 facere
2682 3661 2796 3697 non
2827 3649 3112 3713 poterant,
3148 3645 3313 3714 quale
3344 3649 3429 3698 est
3452 3645 3561 3699 sibi

1866 3739 2103 3807 propter
2135 3739 2361 3805 peccata
2391 3732 2709 3802 displicere,
2747 3732 2905 3784 nulla
2937 3737 3164 3800 accepta
3205 3731 3391 3800 gratia
3418 3731 3560 3784 divi-

1867 3842 1960 3889 na,
1992 3841 2115 3877 eam
2143 3823 2204 3875 in
2229 3838 2350 3874 rem
2380 3821 2714 3874 necessaria.
2748 3820 2954 3872 Verum
2984 3819 3356 3887 Augustinus,
3399 3819 3562 3888 quasi

1867 3913 2012 3965 hanc
2055 3910 2444 3964 difficultatem
2495 3908 2806 3968 soluturus,
2860 3904 3048 3958 addit:
3101 3908 3232 3972 quia
3258 3907 3390 3970 fecit
3421 3909 3562 3959 Deus

1867 4002 2131 4053 hominem
2167 4002 2371 4050 rectum
2401 3996 2468 4049 ab
2500 3998 2654 4048 initio
2686 3995 2931 4046 humanm
2955 3997 3232 4059 creaturae,
3267 3999 3317 4046 et
3340 4010 3445 4048 non
3483 4003 3564 4050 est
3639 4061 3648 4070 κ

1866 4089 2131 4154 iniquitas
2188 4084 2339 4152 apud
2384 4088 2577 4137 Deum.
2608 4082 2787 4144 Quem
2827 4081 3282 4149 hominemjfecit
3310 4087 3513 4136 rectum
3533 4085 3560 4137 ?

1869 4175 2150 4228 Adamum
2201 4171 2409 4236 solum,
2464 4186 2580 4222 non
2623 4185 2718 4221 eos
2768 4168 2867 4238 qui
2899 4168 3156 4222 nondum
3189 4175 3386 4235 erant;
3422 4171 3554 4238 nisi,

1871 4261 2116 4316 absurdo
2146 4262 2490 4326 commento,
2519 4256 2690 4321 dicas,
2712 4256 2866 4326 quod
2894 4255 3201 4325 aliquando
3222 4257 3434 4326 placuit
3451 4261 3562 4312 Au-

1868 4350 2119 4421 gustino,
2168 4347 2430 4401 omnium
2467 4345 2770 4398 hominum
2811 4343 2907 4414 qui
2958 4348 3108 4410 sunt,
3163 4344 3261 4414 qui
3307 4345 3560 4412 fuerunt,

1869 4439 2083 4510 quique
2129 4440 2254 4506 post
2301 4434 2427 4488 aliis
2470 4437 2638 4487 erunt
2685 4431 2744 4485 in
2793 4431 2956 4484 annis
3007 4437 3226 4485 mentes
3272 4431 3332 4486 in
3370 4440 3562 4490 mente

1869 4527 2073 4581 Adami
2099 4525 2291 4593 fuisse,
2325 4540 2387 4576 ac
2418 4522 2657 4592 proinde
2683 4525 2812 4574 ante
2843 4536 3100 4590 peccasse
3159 4537 3333 4590 quam
3361 4521 3421 4574 in
3446 4540 3565 4578 cor-

1870 4631 2009 4684 pora
2060 4630 2163 4667 sua
2209 4612 2486 4666 venirent.
2542 4610 2678 4664 Vide
2720 4613 2839 4663 not.
2891 4609 2961 4662 ad
2997 4614 3134 4662 tom.
3169 4610 3211 4675 l,
3245 4610 3344 4663 lib.
3378 4627 3456 4677 ιιι,
3494 4613 3563 4665 de

1873 4704 2072 4758 Libero
2093 4700 2360 4766 Arbitrio,
2404 4715 2526 4768 cap.
2560 4700 2649 4766 20,
2682 4701 2852 4768 atque
2898 4697 2970 4750 ad
2999 4702 3140 4751 tom.
3182 4698 3252 4763 Il,
3287 4698 3433 4767 epis.
3473 4702 3559 4752 98.

1873 4795 1987 4846 Hoc
2015 4794 2404 4843 commentum
2436 4803 2551 4840 non
2577 4786 2896 4855 exagitabo,
2931 4803 3059 4840 cum
3093 4804 3125 4840 a
3151 4787 3382 4839 nemine
3413 4803 3566 4840 nunc

1873 4878 2209 4934 defendatur
2240 4881 2338 4929 aut
2365 4874 2592 4928 defendi
2613 4874 2808 4943 possit.
2845 4876 3040 4944 Itaque
3070 4873 3178 4926 nisi
3207 4874 3277 4926 sit
3299 4875 3564 4940 iniquitas

1872 4967 2022 5036 apud
2051 4969 2234 5025 Deum,
2269 4979 2439 5034 quam
2473 4962 2541 5016 ab
2574 4967 2640 5016 eo
2671 4962 2944 5015 amolitur
2971 4963 3141 5014 verbo
3170 4966 3334 5013 tenus
3364 4963 3566 5030 Augu-

1873 5056 2076 5119 stinus,
2132 5069 2246 5106 non
2295 5054 2481 5121 potest
2523 5067 2553 5102 a
2580 5049 2821 5120 posteris
2867 5049 3071 5102 Adami
3101 5048 3330 5117 exigere
3362 5052 3424 5100 ut
3451 5048 3568 5100 sint

1872 5143 2034 5208 recti,
2067 5156 2197 5194 cum
2227 5154 2522 5208 nunquam
2550 5137 2687 5191 recti
2727 5136 2940 5191 fuerint
2960 5152 3063 5189 nec
3102 5151 3220 5187 esse
3251 5135 3563 5204 potuerint,

1875 5232 1921 5285 si
1950 5229 2236 5284 credimus
2293 5226 2636 5296 Augustino,
2688 5240 2820 5278 nam
2863 5221 3078 5292 peccati
3108 5222 3402 5291 originalis
3429 5238 3567 5293 pro-

1877 5318 2244 5390 pagationem
2273 5316 2450 5368 vitare
2481 5330 2594 5366 non
2625 5315 2953 5382 potuerunt.
2977 5311 3120 5379 Ergo
3145 5311 3305 5364 fucus
3328 5316 3413 5364 est
3452 5327 3570 5365 me-

1879 5425 1974 5461 rus
2026 5405 2174 5476 quod
2205 5404 2397 5458 addit:
2447 5406 2529 5456 Ac
2563 5417 2663 5470 per
2704 5402 2797 5452 hoc
2819 5401 3005 5466 prima
3029 5400 3280 5466 pravitas
3312 5415 3422 5467 qua
3463 5402 3568 5454 Deo

1876 5511 1984 5548 non
2012 5495 2277 5552 obeditur,
2308 5492 2374 5544 ab
2407 5493 2615 5543 homine
2651 5493 2728 5540 est
2752 5503 2763 5550 ;
2789 5490 2921 5554 quia
2948 5502 3015 5538 ere
3034 5488 3356 5540 rectitudine
3382 5490 3439 5540 in
3459 5503 3568 5554 qua
