3884 6178
381 267 484 318 563

1394 262 1947 317 SUPPLEMENTUM
1987 261 2078 316 AD
2115 261 2348 318 OPERA
2385 263 2439 315 S.
2484 260 2867 318 AUGUSTINI.
3705 283 3786 336 564

379 401 498 439 eum
549 387 688 438 Deus
731 387 985 452 primitus
1034 385 1162 450 fecit
1209 397 1311 436 sua
1341 384 1486 436 mala
1517 385 1789 438 voluntate
1823 384 2072 439 decidens
2104 387 2148 441 A
2185 387 2242 436 et
2271 383 2487 438 occidat
2515 384 2842 454 impedire?
2873 383 2978 440 Ubi
3006 383 3322 440 invenietur
3344 395 3634 463 exemplum
3669 401 3790 470 ejus-

375 494 588 548 pravus
635 478 855 546 effectus
886 481 982 530 est.
1019 477 1093 529 De
1123 476 1340 529 Adamo
1376 475 1526 530 dicat
1569 477 1676 530 hoc
1705 476 1850 538 licet,
1879 478 1976 531 sed
2007 477 2075 530 de

385 569 508 638 ejus
537 566 800 637 posteris,
836 565 904 617 de
936 563 1141 632 quibus
1172 563 1306 617 solis
1337 563 1427 618 hic
1458 581 1644 618 sermo
1674 570 1778 632 est,
1822 565 1932 619 dici
1961 581 2076 618 non

384 660 592 726 potest.
636 657 830 723 Itaque
865 650 1004 704 nihil
1036 651 1141 704 hoc
1179 652 1251 704 ad
1281 668 1400 705 rem
1432 652 1584 718 facit,
1629 667 1817 724 neque
1845 653 2078 724 attingit

385 743 758 814 objectionem
803 756 1004 794 eorum
1053 741 1174 810 qui,
1217 740 1408 794 multis
1471 741 1688 794 saeculis
1737 747 1860 812 post
1926 743 2075 796 Ada-

385 849 564 897 mum,
615 830 694 883 ita
740 827 858 882 nati
909 833 964 882 et
992 830 1249 898 concepti
1279 830 1338 882 in
1370 835 1596 899 peccato
1654 830 1924 900 originali
1950 831 2076 884 fue-

385 925 534 988 rant,
577 923 641 972 ut
686 934 800 970 non
847 923 1076 986 possent
1122 917 1236 969 vim
1287 918 1408 988 ejus
1439 918 1654 987 fugere,
1683 919 1731 972 si
1760 919 1893 973 Afro
1925 919 2080 973 theo-

385 1011 514 1078 logo
558 1006 862 1061 credimus.
919 1007 1124 1060 Verum
1168 1006 1262 1060 hic
1301 1007 1559 1077 sequitur
1586 1009 1828 1062 alterum
1858 1009 2080 1063 subter-

384 1097 628 1167 fugium,
667 1084 780 1164 quo
813 1111 844 1146 a
876 1095 1189 1164 quaestione
1221 1094 1478 1148 animum
1509 1102 1764 1150 avertere
1793 1101 2035 1151 conatur
2066 1115 2077 1150 :

383 1188 471 1240 An
502 1201 622 1239 vero
643 1185 759 1237 ideo
779 1185 1028 1252 pravitas
1051 1185 1156 1236 ista
1174 1183 1518 1251 corripienda
1546 1200 1652 1237 non
1673 1189 1751 1238 est
1772 1187 1827 1238 in
1849 1187 2079 1246 homine,

386 1279 517 1345 quia
543 1291 648 1328 non
687 1275 800 1342 ejus
826 1274 1054 1341 propria
1084 1274 1180 1339 qui
1206 1275 1522 1340 corripitur,
1557 1273 1654 1326 scd
1682 1277 1975 1328 communis
2005 1279 2083 1328 est

386 1365 630 1419 omnibus
650 1363 676 1416 ξ)
699 1363 810 1414 lmo
842 1377 958 1414 vero
993 1362 1326 1428 corripiatur
1352 1367 1401 1414 et
1431 1364 1488 1414 in
1527 1363 1778 1429 singulis,
1823 1363 1966 1431 quod
2007 1368 2083 1416 est

387 1456 639 1507 omnium.
674 1453 791 1507 Non
823 1452 962 1503 enim
988 1454 1275 1518 propterea
1323 1451 1642 1518 cuiusquam
1672 1466 1778 1504 non
1811 1456 1907 1516 est,
1940 1451 2084 1519 quod

387 1542 454 1594 ab
486 1557 548 1593 ea
578 1540 768 1592 nullus
818 1540 1072 1592 immunis
1119 1543 1214 1591 est.
1268 1537 1562 1608 Pelagiani
1611 1539 2081 1593 communionem

391 1626 812 1698 depravationis
882 1625 1121 1679 minimc
1169 1626 1472 1695 urgebant,
1504 1631 1568 1680 ut
1598 1643 1724 1680 eam
1755 1632 2078 1681 excusatum

389 1717 540 1770 irent
567 1715 692 1782 ;sed
717 1714 1007 1783 negabant
1029 1713 1248 1779 Caium,
1273 1714 1540 1784 exempli,
1564 1731 1750 1781 causa,
1778 1732 1841 1770 ac
1870 1717 2082 1770 Titium

388 1821 552 1875 posse
582 1802 789 1872 corripi
817 1802 888 1856 ob
920 1801 1144 1867 delicta,
1179 1801 1225 1854 si
1250 1818 1547 1872 nunquam
1577 1803 1636 1856 in
1681 1819 1879 1858 eorum
1926 1810 2086 1874 pote-

389 1897 529 1948 state
560 1891 759 1945 fuisset
787 1890 964 1943 vitare
993 1893 1308 1959 peccatum,
1343 1889 1594 1959 primum
1627 1892 1858 1961 quidem
1907 1893 2082 1962 origi-

389 1981 537 2044 nale,
593 1977 796 2031 deinde
846 1975 1091 2029 actualia
1138 1975 1372 2041 omnia;
1419 1977 1554 2046 quia
1603 1977 1768 2031 Caius
1812 1983 1868 2031 et
1905 1979 2084 2034 Titius

389 2068 522 2136 (non
555 2066 728 2118 homo
752 2063 812 2115 in
843 2077 1071 2130 genere,
1105 2061 1173 2114 de
1203 2078 1316 2131 quo
1353 2079 1466 2115 non
1500 2063 1900 2135 loquebantur)
1935 2081 2082 2118 nun-

390 2170 562 2225 quam
586 2151 912 2206 habuerunt
932 2149 1175 2219 gratiam
1200 2150 1437 2204 Deieam
1454 2151 1515 2204 in
1537 2168 1656 2205 rem
1679 2154 2079 2209 necessariam.

392 2239 665 2297 Habuerit
693 2254 819 2292 eam
843 2238 1113 2303 Adamus,
1146 2237 1192 2290 si
1221 2239 1392 2292 modo
1432 2255 1498 2292 ea
1527 2239 1776 2311 indiguit
1799 2257 1813 2307 ;
1840 2241 1887 2294 si
1917 2242 2083 2296 Caius

392 2334 448 2384 et
473 2328 654 2383 Titius
683 2342 978 2397 nunquam
1021 2326 1366 2395 habuerunt,
1398 2327 1609 2398 corripi
1654 2330 1930 2398 profecto,
1961 2331 2082 2385 sine

391 2416 712 2486 iniquitate,
747 2430 863 2468 non
893 2417 1220 2484 potuerunt.

463 2507 686 2558 Peccata
725 2503 959 2571 quidem,
1025 2503 1215 2574 inquit
1269 2503 1475 2559 deinde
1507 2507 1823 2562 Carneades
1853 2510 2078 2571 Poenus,

385 2597 497 2647 ista
525 2593 820 2658 originalia
857 2591 975 2646 ideo
1005 2592 1260 2646 dicuntur
1289 2594 1487 2662 aliena,
1521 2595 1666 2663 quod
1685 2611 1748 2649 ea
1774 2598 1986 2664 singuli
2019 2598 2084 2650 de

382 2682 701 2750 parentibus
733 2681 958 2734 trahunt
986 2699 1000 2746 ;
1031 2680 1125 2734 sed
1154 2695 1261 2734 non
1283 2682 1399 2734 sine
1423 2697 1590 2735 causa
1623 2683 1880 2738 dicuntur
1909 2690 1958 2738 et
1986 2701 2080 2739 no-

385 2775 520 2835 stra,
556 2771 687 2836 quia
713 2771 770 2821 in
800 2769 892 2821 illo
927 2783 1028 2821 uno
1058 2784 1255 2833 omnes,
1299 2771 1440 2822 sicut
1457 2769 1592 2823 dicit
1622 2771 1934 2839 Apostolus,
1958 2789 2083 2840 pec-

384 2862 658 2912 caverunt.
720 2857 935 2913 Verum
997 2855 1058 2909 in
1112 2856 1217 2909 hac
1275 2858 1654 2911 controversia
1712 2865 1906 2912 nostra
1991 2860 2083 2913 di-

2186 473 2344 526 modi
2373 473 2752 544 correptionis
2782 473 2843 526 in
2868 473 3134 528 universa
3163 474 3468 553 scriptura?
3500 483 3613 537 Vult
3643 489 3793 557 Augu-

2183 561 2365 615 stinus
2394 567 2687 631 peccatum
2711 561 2989 633 originale
3019 578 3245 633 poenam
3266 579 3377 618 esse
3402 571 3596 636 peccati
3614 573 3794 642 Adami,

2185 665 2219 703 a
2249 651 2363 704 Deo
2404 650 2702 716 inﬂictam,
2738 655 2802 704 ut
2831 651 2998 704 docet
3028 650 3127 705 lib.
3161 651 3228 705 de
3261 652 3412 709 Civit.
3459 657 3550 710 Dei
3568 675 3673 726 xm,
3701 678 3795 733 cap.

2189 741 2271 792 12.
2303 738 2410 802 Qui
2461 755 2594 792 vero
2633 743 2891 792 creatura
2921 738 3120 792 vitabit
3149 755 3336 809 paenae
3367 758 3396 794 a
3427 745 3661 800 Creatore
3684 750 3800 804 inﬂi-

2186 831 2300 880 ctas
2320 829 2347 881 ?
2371 828 2669 891 Quomodo
2696 827 2887 893 etiam,
2913 827 3070 898 quod
3100 843 3193 881 eas
3223 844 3335 881 non
3364 830 3616 896 vitaverit,
3637 839 3801 909 corripi

2187 916 2398 986 poterit
2423 918 2452 970 ?
2483 919 2591 970 Hos
2619 932 2788 970 nemo
2819 931 3073 987 unquam
3094 915 3259 969 solvit
3280 917 3460 982 nodos,
3484 935 3650 990 neque
3671 939 3802 993 porro

2188 1006 2386 1059 solvet.

2261 1094 2389 1146 llaec
2419 1093 2488 1146 de
2520 1091 2896 1163 irregenerati
2927 1092 3291 1163 corruptione
3314 1093 3428 1147 vult
3455 1095 3559 1149 dici
3585 1099 3802 1167 Augusti-

2189 1197 2297 1234 nus
2321 1200 2334 1247 ;
2365 1181 2435 1234 de
2468 1185 2802 1250 regenerato
2831 1196 2966 1234 vero
2993 1180 3354 1252 corripiendo
3383 1182 3458 1236 sic
3499 1183 3803 1256 philosopha-

2188 1273 2317 1322 tur:
2351 1269 2414 1324 Si
2441 1273 2617 1322 autem
2642 1270 2763 1338 jam
2791 1274 3136 1336 regeneratus
3166 1275 3215 1324 et
3237 1271 3553 1338 justiﬁcatus
3580 1275 3630 1324 in
3648 1276 3803 1328 malum

2187 1360 2358 1410 vitam
2385 1372 2486 1410 sua
2515 1359 2788 1412 voluntate
2823 1359 3108 1424 relabitur,
3139 1363 3277 1412 certe
3328 1360 3421 1412 iste
3441 1375 3538 1413 non
3565 1367 3712 1428 potest
3741 1364 3804 1415 di-

2190 1460 2336 1499 cere:
2393 1461 2500 1499 non
2545 1448 2747 1514 accepi,
2797 1448 2931 1515 quia
2979 1451 3252 1516 acceptam
3301 1449 3527 1513 gratiam
3568 1451 3653 1502 Dei
3673 1465 3748 1503 suo
3769 1454 3806 1503 in

2190 1534 2391 1586 malum
2431 1532 2599 1588 libero
2655 1537 2843 1588 amisit
2872 1534 3122 1588 arbitrio.
3199 1534 3469 1590 Credebat
3520 1537 3810 1606 Augustinus

2193 1622 2472 1692 quosdam
2498 1622 2800 1691 justiﬁcari
2831 1622 2930 1692 qui
2961 1638 3077 1676 non
3110 1627 3244 1676 sunt
3270 1623 3635 1694 praedestinati
3667 1625 3724 1678 ad
3744 1643 3808 1678 sa-

2195 1710 2394 1769 lutem.
2436 1726 2500 1762 ac
2531 1710 2768 1780 proinde
2798 1727 2916 1764 non
2945 1715 3287 1781 acceperunt
3315 1728 3348 1765 a
3375 1712 3483 1766 Deo
3509 1712 3698 1767 donum
3721 1729 3812 1782 per-

2192 1795 2540 1862 severantiae,
2588 1813 2798 1867 eosque
2843 1798 2980 1866 labi,
3024 1802 3086 1852 ut
3116 1799 3374 1868 pluribus
3415 1800 3471 1853 in
3508 1801 3811 1871 sequentibus

2191 1883 2374 1936 docet.
2426 1885 2589 1948 Quod
2649 1901 2780 1939 eum
2830 1885 2910 1939 ita
2944 1887 3037 1952 sit,
3065 1888 3188 1940 haec
3220 1887 3340 1958 ejus
3368 1889 3639 1958 responsio
3669 1889 3718 1942 in
3741 1906 3810 1942 ore

2192 1971 2407 2042 Pelagii
2432 1977 2589 2026 recta
2617 1978 2782 2040 esset,
2814 1974 2908 2028 sed
2929 1975 2988 2028 in
3011 1975 3192 2045 ipsius
3211 1993 3309 2030 ore
3331 1981 3479 2030 caret
3496 1978 3648 2047 plane
3666 1993 3809 2031 sensu.

2190 2059 2247 2113 Si
2274 2061 2428 2114 enim
2484 2077 2670 2115 sermo
2721 2063 2794 2116 sit
2841 2063 2912 2117 de
2934 2064 3167 2118 homine
3200 2065 3432 2119 minime
3462 2065 3812 2136 praedestinato.

2191 2163 2308 2202 non
2343 2150 2557 2219 poterit
2607 2151 2859 2221 corripi;
2903 2152 3041 2222 quia
3093 2155 3244 2207 Deus
3281 2171 3396 2208 non
3441 2154 3623 2208 statuit
3647 2154 3690 2207 ei
3714 2155 3812 2207 dare

2190 2237 2693 2307 perseverantiam,
2739 2239 2861 2292 sine
2911 2255 3024 2310 qua
3074 2241 3143 2294 ad
3169 2241 3346 2296 finem
3387 2258 3558 2313 usque
3582 2247 3708 2295 stare
3736 2256 3810 2293 ue-

2191 2323 2335 2394 quit.
2368 2325 2441 2378 At
2487 2325 2653 2391 forte,
2707 2326 2956 2397 inquies,
2989 2327 3082 2381 hic
3111 2345 3301 2384 sermo
3331 2335 3414 2384 est
3450 2331 3516 2384 de
3543 2330 3714 2384 electo.
3735 2329 3813 2382 Sed

2190 2428 2262 2466 ne
2292 2413 2444 2466 hunc
2475 2413 2711 2483 quidem
2741 2415 3028 2485 corripere
3057 2422 3246 2488 potes,
3273 2434 3339 2471 ex
3376 2418 3657 2488 Augustini
3675 2418 3811 2486 hypo-

2189 2502 2355 2567 thesi,
2389 2519 2503 2573 qua
2532 2503 2724 2558 statuit
2753 2505 2996 2573 gratiam
3015 2507 3084 2560 ad
3107 2507 3365 2576 singulos
3383 2512 3532 2560 actus
3551 2507 3707 2560 bonos
3727 2521 3813 2558 esse

2191 2591 2359 2660 plane
2418 2593 2829 2663 necessariam;
2881 2610 2985 2647 nec
3044 2610 3171 2648 eam
3219 2611 3472 2666 unquam
3519 2595 3690 2649 adesse
3713 2593 3816 2664 quin

2191 2680 2422 2734 effectus
2453 2685 2745 2751 sequatur,
2779 2685 2880 2736 aut
2897 2683 3093 2737 abesse
3121 2683 3246 2737 sine
3267 2683 3511 2738 hominis
3535 2684 3693 2753 lapsu.
3715 2682 3816 2735 Cum

2192 2767 2472 2836 quidquid
2504 2767 2639 2822 boni
2671 2768 2934 2822 homines
2955 2768 3015 2823 in
3044 2769 3160 2824 vita
3191 2770 3427 2838 faciunt,
3449 2770 3500 2823 id
3525 2769 3708 2822 faciant
3731 2767 3817 2819 sola

2187 2855 2241 2908 vi
2276 2856 2522 2924 afflatus,
2557 2857 2603 2909 si
2633 2857 2843 2911 desinit
2869 2858 3111 2925 afflatus,
3134 2858 3451 2913 necessario
3474 2862 3720 2929 peccant;
3743 2871 3815 2907 nec

385 2950 615 3013 cuntur,
647 2961 764 2999 non
793 2944 1132 2998 translatitio
1164 2961 1356 3012 sensu,
1387 2946 1484 2999 sed
1516 2946 1773 3016 proprio,
1815 2953 2072 3016 peccata;
2117 2958 2156 3013 (ς
2191 2943 2462 2998 amittunt
2493 2945 2746 2998 afflatum
2780 2951 3136 3016 sequentem,
3169 2947 3280 3000 nisi
3301 2947 3434 3018 quia
3455 2948 3590 3000 Deus
3613 2945 3812 3016 priorem

381 3051 517 3088 nam
549 3049 735 3087 sermo
767 3033 858 3088 hic
888 3038 971 3086 est
992 3034 1060 3086 de
1085 3034 1326 3103 peccatis
1353 3039 1588 3104 propter
1608 3052 1734 3106 quae
1750 3051 1864 3089 non
1893 3040 2076 3090 trans-

384 3122 592 3176 latitias
637 3123 734 3175 sed
782 3123 1010 3191 proprie
1059 3122 1235 3176 dictas
1273 3139 1470 3192 poenas
1517 3140 1584 3177 ex
1615 3123 1825 3188 divina,
1859 3125 1964 3178 hoc
1995 3129 2079 3179 est

382 3207 797 3278 perfectissima
843 3208 1081 3278 justitia,
1138 3209 1272 3264 dare
1327 3211 1643 3280 possimus;
1703 3213 1838 3282 quia
1897 3213 1966 3266 ab
2008 3212 2076 3266 iis

384 3295 666 3352 abstinere
695 3297 1004 3366 potuimus,
1040 3313 1143 3350 nec
1171 3297 1241 3350 iis
1297 3298 1407 3352 nisi
1435 3298 1602 3368 culpa
1634 3305 1818 3353 nostra
1846 3301 2074 3370 proprie

382 3383 530 3437 dicta
579 3382 994 3437 succubuimus.
1044 3384 1326 3438 Caeterum
1368 3390 1595 3454 peccata
1649 3391 1950 3456 parentum
1979 3404 2074 3442 no-

382 3478 500 3527 stra
523 3471 634 3526 dici
665 3477 978 3543 nequeunt,
1027 3472 1108 3526 ita
1140 3477 1202 3526 ut
1229 3479 1466 3543 propter
1493 3490 1558 3527 ea
1581 3474 1792 3545 corripi
1822 3481 1878 3529 et
1905 3477 2075 3546 plecti

376 3563 508 3632 jure
539 3577 851 3632 queamus;
883 3577 985 3614 nec
1014 3561 1185 3614 etiam
1215 3563 1519 3631 Apostolus
1542 3563 1679 3616 dicit
1698 3580 1803 3617 nos
1823 3568 1881 3618 in
1911 3566 2074 3620 Ada—

381 3667 466 3704 mo
492 3666 772 3720 peccasse,
805 3649 1290 3719 quemadmodum
1324 3650 1534 3720 passim
1579 3651 1755 3706 (ἕτεεοὶ
1794 3654 2075 3708 sermonis

382 3739 681 3809 imperitus
701 3738 920 3792 dictitat
939 3738 1310 3807 Augustinus.
1332 3739 1418 3793 Sic
1435 3739 1589 3793 enim
1607 3741 1816 3795 Paulus
1837 3743 2001 3796 Rom.
2018 3761 2070 3811 v,

387 3831 449 3883 12
485 3845 497 3881 ε
539 3831 723 3889 ’Ὠσπερ
768 3826 825 3872 δι’
871 3825 974 3881 ἑνὸς
1020 3825 1272 3890 ἀνθρώπου
1319 3828 1353 3886 ἡ
1404 3828 1615 3892 ἁμαρτία
1665 3829 1726 3884 εἰς
1763 3833 1846 3878 τὸν
1891 3833 2073 3895 κόσμον

381 3916 574 3974 cientis,
626 3917 708 3962 καὶ
757 3915 832 3962 διὰ
887 3918 973 3972 τῆς
1031 3915 1266 3977 ἁμαρτίας
1321 3915 1347 3962 ὁ
1399 3916 1616 3972 θάνατος’
1670 3921 1751 3966 καὶ
1801 3919 1949 3975 οὕτῶς
2011 3922 2072 3977 εἰς

381 3997 562 4050 πάντας
636 3993 913 4056 ἀνθρώπους
991 3993 1017 4040 ὁ
1083 3993 1283 4048 θάνατος
1361 3995 1585 4054 διῆλθεν,
1659 3996 1729 4060 ἐφ’
1801 3998 1839 4061 ᾧ
1900 4001 2072 4054 πάντες

379 4075 599 4137 ἥμαρτον
632 4088 644 4120 :
681 4073 1136 4143 Quemadmodum
1166 4090 1264 4143 per
1293 4091 1458 4129 unum
1498 4077 1760 4131 hominem
1793 4087 2073 4147 peccatum

311 4223 314 4228 ν
378 4166 437 4216 in
475 4163 738 4218 mundum
785 4165 1034 4228 intravit,
1086 4168 1136 4216 et
1175 4179 1274 4231 per
1307 4169 1586 4231 peccatum
1617 4182 1797 4221 mors:
1830 4171 1906 4222 sic
1929 4174 1980 4221 et
2016 4173 2073 4223 in

2188 3034 2566 3089 subtraxerat.
2599 3035 2780 3089 Nulla:
2811 3038 2941 3089 sunt
2994 3036 3299 3091 hominum
3337 3037 3440 3090 hac
3468 3037 3526 3090 in
3559 3052 3615 3089 re
3637 3039 3816 3106 partes:

2188 3126 2322 3175 sunt
2382 3121 2561 3176 instar
2615 3122 2864 3192 follium,
2929 3123 3029 3194 qui
3074 3130 3310 3179 ventum
3335 3124 3546 3179 dilatati
3574 3122 3818 3192 accipiunt,

2187 3210 2483 3264 constricti
2513 3210 2803 3277 emittunt,
2836 3227 2936 3266 nec
2965 3212 3245 3282 majorem
3276 3213 3482 3267 habere
3510 3213 3722 3281 possunt
3749 3211 3818 3260 aut

2185 3297 2446 3351 emittere
2493 3314 2668 3369 quam
2707 3298 2876 3352 datur
2921 3315 3093 3353 manu
3141 3300 3432 3355 dilatantis
3484 3304 3576 3354 aut
3597 3297 3819 3352 constrin-

2182 3386 2388 3457 gentis.

2255 3475 2425 3528 Plura
2452 3473 2513 3527 in
2551 3473 2703 3528 hunc
2733 3474 2994 3530 libellum
3024 3492 3140 3532 non
3169 3477 3476 3540 adnotabo,
3517 3492 3678 3548 pauca
3699 3472 3814 3527 enim

2184 3580 2315 3635 quae
2346 3563 2509 3617 attuli
2539 3563 2673 3617 satis
2694 3580 2976 3635 superque
3008 3568 3322 3621 ostendunt
3343 3583 3479 3638 quas
3504 3566 3559 3619 in
3587 3562 3817 3632 angustias

2185 3653 2473 3722 conjectus
2530 3657 2678 3706 esset
2711 3655 3085 3723 Augustinus,
3134 3672 3269 3710 cum
3300 3653 3642 3710 consectariis
3668 3667 3816 3706 neces-

2185 3742 2351 3796 sariis
2380 3742 2469 3796 sui
2501 3741 2786 3812 dogmatis
2813 3745 3206 3813 premebatur.
3239 3746 3456 3800 Addam
3488 3746 3727 3799 duntaxat
3751 3754 3815 3792 me

2183 3831 2306 3885 haec
2353 3834 2410 3884 et
2454 3829 2567 3883 alia
2617 3831 2917 3887 adnotasse
2974 3835 3090 3887 solo
3120 3850 3319 3888 amore
3347 3833 3588 3888 veritatis
3614 3831 3816 3891 ductum,

2183 3923 2359 3990 utque
2381 3919 2739 3973 sanctitatem
2773 3921 3061 3992 Evangelii
3080 3923 3485 3994 justitiamque
3517 3920 3608 3975 Dei
3652 3917 3816 3986 majore

2182 4005 2240 4058 in
2294 4007 2416 4059 luce
2467 4006 2820 4073 collocarem,
2869 4023 2984 4077 quo
3032 4008 3072 4061 ii
3113 4010 3214 4080 qui
3269 4011 3390 4064 haec
3427 4009 3623 4080 legent,
3661 4005 3719 4059 ad
3742 4018 3814 4072 pa-

2182 4095 2426 4148 rendum
2450 4096 2579 4148 Jesu
2614 4095 2821 4149 Christi
2851 4099 3148 4168 praeceptis
3178 4099 3464 4154 efﬁcacius
3491 4097 3807 4152 adducantur.

2184 4183 2343 4237 Hunc
2373 4199 2494 4236 esse
2533 4184 2789 4238 animum
2821 4199 3013 4238 meum
3034 4187 3181 4239 Deus
3214 4187 3356 4242 mihi
3379 4187 3532 4240 testis
3563 4191 3655 4250 est,
3683 4193 3812 4253 quem

379 4267 554 4305 omnes
597 4252 832 4304 homines
887 4266 1028 4305 mors
1073 4255 1316 4318 transiit,
1368 4256 1497 4320 quia
1540 4270 1720 4308 omnes
1763 4271 1913 4323 pecco

2279 4288 2289 4321 ι
2341 4275 2402 4323 ut
2440 4270 2830 4324 acerbissimas
2867 4275 3284 4328 controversias
3340 4290 3409 4328 ex
3454 4268 3813 4328 deﬁnitionibus

378 4340 659 4392 Vertimus
706 4355 836 4392 cum
882 4341 1007 4393 Des.
1060 4341 1316 4406 Erasmo,
1351 4339 1461 4402 ἐφ’ᾧ
1483 4345 1634 4409 quia,
1686 4359 1804 4396 non
1860 4347 1918 4398 in
1943 4363 2070 4416 quo,

378 4428 514 4498 quia
535 4428 790 4498 alioquin
812 4427 1001 4480 hiulca
1022 4433 1105 4480 est
1127 4427 1310 4481 oratio
1332 4433 1388 4482 et
1409 4430 1568 4484 dura.
1594 4431 1701 4484 Sed
1723 4431 1808 4485 fac
1832 4433 1939 4487 hoc
1958 4451 2072 4488 non

379 4531 499 4570 esse
553 4515 942 4584 perspicuum,
976 4515 1225 4584 profecto
1255 4516 1438 4570 versio
1463 4534 1636 4588 quam
1669 4521 1924 4589 sequitur
1950 4526 2068 4576 Au-

377 4603 642 4676 gustinus
672 4620 789 4656 non
831 4603 909 4656 ita
957 4608 1108 4657 certa
1155 4609 1258 4669 est,
1292 4610 1354 4658 ut
1409 4607 1587 4675 possit
1616 4607 1662 4660 is
1701 4607 1876 4676 locus,
1909 4613 2069 4682 quasi

377 4693 583 4759 clarus,
617 4691 844 4762 urgeri;
895 4708 1025 4745 cum
1070 4694 1391 4763 praesertim
1423 4710 1489 4748 ex
1522 4711 1586 4749 eo
1617 4696 1796 4751 ferme
1828 4701 1946 4752 solo
1972 4707 2071 4755 aut

376 4781 670 4850 potissimo
721 4780 1022 4850 colligatur
1060 4781 1288 4852 dogma.
1342 4785 1492 4853 quod
1520 4789 1600 4839 tot
1641 4785 2069 4844 difﬁcultatibus

371 4871 672 4942 premitur,
706 4873 770 4923 ut
799 4868 886 4922 vix
917 4870 1062 4922 ullas
1089 4870 1227 4923 alias
1255 4873 1497 4942 majores
1524 4873 1582 4927 in
1613 4874 1877 4944 dogmate
1907 4878 2067 4931 theo-

369 4960 554 5030 logico
603 4957 848 5012 inveniri
891 4974 1055 5027 posse
1098 4964 1316 5029 putem.
1365 4962 1568 5015 Earum
1641 4963 1952 5032 specimina
2007 4966 2065 5020 in

372 5046 762 5118 superioribus
813 5045 1078 5109 vidimus,
1123 5047 1332 5118 quibus
1358 5050 1714 5120 Augustinus
1743 5052 2065 5109 satisfacere

371 5136 531 5188 nullo
562 5136 735 5189 modo
767 5135 972 5205 potuit.
1034 5135 1309 5205 Subjicit:
1357 5139 1714 5207 Corripiatur
1761 5156 1886 5210 ergo
1913 5145 2064 5211 origo

373 5223 724 5290 damnabilis,
775 5229 833 5277 ut
879 5240 946 5277 ea:
985 5223 1164 5277 dolore
1184 5229 1534 5292 correptionis
1565 5229 1814 5282 voluntas
1844 5245 2060 5296 regene-

366 5313 597 5364 rationis
641 5315 869 5365 oriatur.
925 5315 996 5365 At
1037 5329 1151 5382 quo
1195 5313 1325 5381 jure
1373 5315 1712 5383 corripietur
1759 5317 2058 5388 quisquam

370 5399 522 5470 quod
551 5404 718 5452 natus
747 5400 819 5454 sit
845 5405 1074 5470 peccato
1109 5400 1374 5470 originali
1401 5401 1752 5470 inquinatus,
1787 5421 1915 5459 cum
1945 5423 2060 5462 non

369 5487 548 5554 magis
578 5487 682 5539 hoc
706 5488 882 5540 vitare
913 5489 1164 5557 potuerit
1193 5504 1361 5557 quam
1395 5493 1581 5558 potest
1610 5508 1679 5544 ne
1720 5495 1799 5545 sol
1842 5493 2059 5549 oriatur

2180 4358 2577 4413 Africanorum
2610 4359 2980 4414 conciliorum
3007 4366 3161 4415 ortas
3208 4363 3426 4425 sedare,
3461 4367 3556 4416 aut
3585 4364 3713 4414 certe
3737 4353 3813 4408 ad—

2179 4451 2351 4499 ventu
2405 4447 2529 4499 Filii
2568 4447 2655 4500 sui
2683 4448 2816 4501 Jesu
2847 4449 3054 4502 Christi
3085 4452 3335 4519 peccatis
3377 4450 3630 4505 omnibus
3654 4442 3812 4500 nostris

2180 4535 2412 4589 tandem
2442 4535 2615 4588 finem
2645 4534 2940 4605 imponere
2967 4537 3120 4592 velit.

2537 4622 2820 4676 CLAUDII
2851 4623 3170 4679 MENARDI
3196 4625 3554 4680 PREFATIO

2425 4726 2479 4762 IN
2513 4726 2549 4763 ll
2588 4726 2806 4764 PRIORES
2845 4727 3040 4766 LIBROS
3077 4729 3265 4768 OPERIS
3303 4728 3614 4768 IMPERFECTI.

2178 4795 2466 4850 Illustriss.
2527 4802 2584 4852 et
2639 4814 2753 4852 rev.
2818 4800 2885 4853 D.
2940 4802 3001 4854 D.
3052 4799 3328 4874 Dionysio
3360 4803 3428 4857 de
3460 4794 3811 4871 Marquemont,

2461 4886 2712 4956 archiep.
2745 4891 2802 4940 et
2829 4888 3022 4942 comiti
3055 4890 3439 4960 Lugdunensi,
3482 4895 3582 4944 etc.

2245 4972 2406 5035 Quod
2455 4973 2540 5027 his
2587 4975 2806 5042 accidit,
2841 4976 3123 5032 illustriss.
3158 4980 3391 5049 primas,
3425 4978 3522 5050 qui
3551 4967 3804 5048 peregrini.

2173 5057 2380 5112 littoris
2427 5059 2667 5114 uniones
2714 5078 3005 5117 summam
3073 5066 3313 5120 luxuriae
3372 5065 3601 5136 gloriam
3654 5056 3808 5125 legunt

2172 5150 2235 5199 ut
2277 5147 2575 5202 maceratis
2623 5149 2812 5204 inedia
2868 5154 3204 5222 corporibus
3234 5155 3348 5206 alto
3377 5168 3493 5206 sese
3522 5143 3808 5213 immergant

2171 5233 2336 5300 mari,
2379 5235 2731 5308 lustratoque
2762 5237 2863 5292 diu
2888 5239 3088 5306 fundo,
3116 5240 3428 5311 vestigatis,
3456 5244 3507 5293 et
3528 5253 3621 5308 per
3638 5234 3808 5287 mortes

2171 5323 2328 5376 mille
2377 5325 2709 5395 pauperatis
2756 5327 3026 5397 scopulis,
3079 5330 3265 5383 tenaci
3307 5345 3370 5382 ac
3419 5329 3581 5396 longo
3643 5318 3805 5390 spiritu

2169 5414 2382 5466 terram
2429 5417 2711 5483 repetant,
2759 5420 2980 5470 naturae
3035 5417 3310 5472 miracula
3361 5416 3682 5482 deliciasque
3705 5421 3806 5476 pro-

2168 5499 2379 5553 fusuri:
2412 5501 2468 5555 id
2502 5502 2559 5554 in
2583 5501 2686 5555 hac
2706 5503 2932 5558 assidua
2961 5506 3368 5575 communique
3386 5508 3624 5556 veterum
3649 5494 3793 5549 unde-
