3920 6180
170 215 254 263 565
930 206 1288 267 VARIORUM
1329 212 1925 285 EXEBCITATIONES
1962 219 2032 273 IN
2072 220 2124 275 S.
2168 222 2531 277 AUGUSTINI
2574 221 2823 277 OPERA.

3521 231 3628 282 566

165 349 357 435 ουῐξίῖυθ
416 331 875 435 ωῇφδτδηδῗυω
939 331 1267 435 uitiaui-one
1309 335 1523 435 lfatﬁliy.
1562 342 1638 434 at.
1668 337 1819 391 ΪθῙίθί
1860 342 1903 395 Α
1937 360 2058 429 ejus
2090 361 2189 431 qui
2210 367 2342 430 post
2386 362 2685 416 ventilatas
2724 362 2963 433 longum
3016 364 3071 418 in
3109 365 3231 435 ipsa
3266 365 3426 419 Urbis
3465 366 3617 421 orbis

167 430 313 478 castro
348 420 583 491 percitis,
616 420 841 474 evenire
873 421 1078 487 sentio,
1105 426 1170 475 ut
1198 427 1327 493 post
1376 426 1595 478 attritas
1627 426 1826 479 insano

166 513 331 567 labore
372 509 536 575 vires,
587 508 882 579 profundis
934 509 1415 566 bibliothecarum
1454 512 1674 568 sinibus
1715 515 1823 568 im-

169 599 330 662 mersi,
366 602 590 667 reptent
638 596 771 650 hinc
804 596 957 663 inde,
996 602 1052 651 et
1090 614 1193 667 per
1248 600 1429 653 varias
1477 601 1823 671 disquisitio-

165 704 278 741 num
315 690 507 745 sortes,
564 686 1000 739 frustrationum
1043 691 1275 754 mortes,
1326 692 1560 742 enatent
1607 694 1819 755 tamen,

161 774 467 845 publicoque
520 773 865 828 radiantium
908 774 1044 829 orbe
1075 779 1195 829 toto
1235 776 1559 830 litterarum
1591 779 1694 831 soli
1726 795 1822 832 re—

156 862 377 918 conditas
404 861 770 928 ingeniorum
820 865 1272 935 saeculorumque
1313 865 1472 919 dotes
1503 872 1811 935 exponant.

156 953 207 1005 In
234 950 311 1003 his
348 966 466 1003 esse
518 966 608 1005 me
655 951 717 1004 ni
758 951 1051 1021 proﬁtear,
1084 969 1263 1007 vanus
1312 953 1419 1007 sim
1468 954 1567 1024 qui
1606 955 1824 1026 aliquot

152 1036 292 1091 annis
312 1038 671 1107 propellente
703 1040 894 1109 genio,
925 1042 1068 1096 nihil
1091 1043 1152 1095 in
1191 1044 1335 1097 votis
1368 1044 1542 1098 habui
1572 1044 1821 1098 sanctius

153 1141 301 1195 quam
330 1129 390 1178 ut
426 1125 623 1179 ovanti
652 1127 968 1182 litterarum
1003 1130 1203 1198 gloria:
1242 1148 1447 1201 parens
1475 1132 1679 1203 patria,
1713 1149 1820 1186 nu-

152 1214 240 1266 trix
284 1230 526 1284 caraqne
558 1214 751 1269 civitas
790 1224 1135 1287 assurgeret,
1185 1220 1491 1290 pampinus
1521 1237 1651 1273 suos
1680 1224 1821 1273 atte-

151 1308 304 1368 xeret,
354 1302 630 1357 litteratas
676 1304 869 1358 laurus
899 1306 1151 1360 offerret.
1212 1309 1275 1361 Et
1313 1308 1535 1361 volente
1582 1310 1695 1361 Deo
1740 1307 1821 1360 fa-

148 1396 279 1443 ctum
322 1394 383 1443 ut
437 1407 587 1461 pene
645 1394 998 1464 consumptis
1047 1395 1106 1448 in
1137 1411 1203 1449 ea
1255 1396 1599 1465 cogitatione
1648 1394 1817 1462 curis,

148 1480 406 1551 insperato
437 1480 720 1536 beneﬁcio
757 1483 1039 1553 perolidas
1085 1484 1370 1538 tinearum
1403 1485 1819 1554 pulverumque

146 1569 314 1623 sordes
354 1568 474 1623 haec
510 1570 639 1623 coeli
689 1570 906 1640 solique
959 1572 1266 1642 margarita
1317 1572 1603 1638 canderet,
1659 1573 1819 1642 cujus

147 1658 376 1728 ignorata
429 1658 810 1727 possessione,
871 1659 1103 1713 delusus
1158 1676 1336 1713 annos
1380 1661 1621 1731 aliquot,
1666 1660 1820 1714 aliud

144 1763 291 1816 agens
345 1746 608 1813 omnino,
658 1746 807 1800 sensi
854 1748 1084 1801 tandem
1122 1748 1213 1801 vix
1244 1749 1496 1819 parabili
1551 1749 1820 1803 thesauro

143 1851 217 1889 me
236 1835 472 1889 felicem.
509 1835 800 1899 Quantum
822 1836 927 1889 hac
956 1836 1226 1889 beatitate
1256 1836 1453 1906 gaudii
1483 1836 1823 1889 succreverit

142 1924 602 1994 nobis,loqnatur
633 1924 755 1994 ipsa
793 1940 901 1990 res,
931 1928 985 1977 et
1014 1924 1061 1977 si
1099 1924 1189 1977 cui
1211 1924 1409 1978 talium
1442 1924 1695 1995 cupienti
1724 1941 1818 1978 re-

142 2026 249 2064 rum
266 2027 363 2081 par
387 2012 484 2064 lux
499 2011 737 2077 ati‘ulsit,
772 2027 839 2064 eo
868 2026 1020 2063 nunc
1042 2010 1281 2081 plenior,
1303 2027 1416 2081 quo
1439 2011 1588 2065 inter
1619 2028 1821 2065 omnes

143 2098 410 2151 militantis
478 2098 744 2153 Ecclesiae
801 2100 991 2152 Patres
1062 2098 1230 2152 altior
1282 2100 1405 2152 haec
1461 2099 1819 2170 diviniorque

142 2186 310 2255 aquila
335 2186 621 2256 pervadit,
650 2203 716 2240 eo
749 2187 968 2257 purior,
1012 2204 1127 2241 non
1165 2189 1347 2243 aetatis
1391 2190 1818 2260 loquentiesque

141 2275 490 2345 prmrogativa
562 2280 797 2345 turgens
854 2276 946 2329 hic
992 2276 1155 2343 liber,
1204 2278 1301 2332 sed
1355 2278 1544 2331 ultimi
1588 2278 1818 2347 spiritus

140 2364 533 2417 contestatione
556 2364 811 2433 vegetior
840 2368 895 2417 et
913 2364 1322 2433 defungentem
1374 2364 1602 2418 exhibet
1632 2369 1689 2418 et
1717 2380 1819 2433 pu-

139 2455 402 2519 gnantem.
436 2454 807 2523 Pugnantem
822 2457 992 2519 recte,
1018 2452 1179 2522 cujus
1208 2452 1339 2506 vitae
1357 2457 1497 2523 quot
1524 2456 1817 2507 momenta

138 2542 210 2592 tot
236 2540 394 2607 acies,
446 2545 595 2611 quot
622 2542 793 2594 verba
841 2544 925 2594 tot
976 2542 1202 2594 laureas.
1250 2542 1467 2611 Impius
1496 2558 1633 2611 ergo
1682 2540 1810 2605 sim,

138 2626 375 2699 beatique
405 2628 665 2682 nominis
698 2646 810 2699 quo
840 2629 1011 2683 tinxit
1040 2634 1222 2683 mater
1254 2630 1513 2693 Ecclesia,
1539 2630 1814 2699 profanus

136 2717 411 2785 andabata,
470 2718 525 2770 si
574 2718 900 2771 demersum
954 2718 1066 2771 alte
1100 2722 1186 2771 tot
1216 2733 1501 2771 annorum
1546 2718 1814 2771 ﬂuctibus

136 2804 477 2877 oblatumque
527 2806 817 2860 desideriis
859 2806 1159 2859 elenchum
1186 2822 1363 2859 novus
1398 2807 1655 2859 urinator
1684 2805 1815 2858 atti-

1934 462 2044 515 que
2092 463 2217 500 arce
2261 447 2473 518 ingenii
2504 449 2694 503 divitis
2742 466 2879 520 opes
2930 458 3189 520 perpetua
3222 452 3524 507 Galliarum
3554 455 3625 508 le-

1931 536 2146 601 gatione
2175 536 2466 590 blatteatur
2494 554 2507 590 :
2542 554 2711 608 quem
2744 554 2856 591 non
2881 538 3029 592 inter
3049 540 3293 593 famosos
3318 541 3626 595 latrociniis

1931 621 2227 691 Numidas,
2274 625 2514 678 incultos
2547 624 2751 680 animis
2792 628 3030 692 Mauros,
3076 628 3492 695 dissertantem,
3528 632 3624 685 sed

1932 711 1991 763 in
2015 712 2364 783 amplissimo
2396 713 2608 779 Galliae,
2650 714 2706 766 id
2738 718 2821 767 est
2861 715 3159 784 elegantia:
3184 716 3371 769 omnis
3402 719 3622 773 theatro

1932 805 2031 853 aut
2073 816 2175 869 pro
2237 801 2497 855 catholici
2548 802 2795 855 nominis
2845 804 3201 857 restitutione
3234 805 3621 873 detonantem,

1933 892 2031 941 aut
2061 888 2130 942 de
2162 890 2460 943 severioris
2486 890 2800 959 disciplinae
2821 891 2975 943 cultu
2999 891 3230 945 anxium
3262 898 3318 947 et
3348 911 3621 965 peroran-

1930 981 2047 1032 tem
2086 982 2241 1031 tanta
2279 979 2579 1048 pendentis
2632 978 3023 1049 stupentisque
3061 996 3287 1034 coronm
3316 983 3620 1051 gratulatio

1932 1072 2123 1120 secuta
2153 1071 2252 1129 est,
2290 1066 2430 1120 utin
2476 1067 2829 1137 amplissimo
2865 1067 3101 1121 honoris
3142 1070 3344 1123 throno
3367 1088 3477 1125 non
3504 1072 3622 1141 pie-

1931 1160 2015 1209 tas
2046 1155 2322 1225 posuisse,
2350 1156 2444 1209 sed
2476 1156 2546 1208 ad
2590 1172 2895 1225 purpuras,
2937 1160 3035 1209 aut
3064 1156 3110 1209 si
3138 1157 3273 1227 quid
3306 1160 3489 1229 majus
3519 1160 3619 1213 ha—

1929 1244 2091 1296 beret
2137 1244 2421 1296 Gallicana
2485 1244 2731 1311 fortuna,
2790 1260 3050 1297 exercere
3116 1244 3390 1299 videatur.
3447 1248 3620 1300 Macte

1930 1331 2256 1398 virtutibus,
2299 1332 2678 1385 illustrissime
2728 1349 2937 1399 comes,
2979 1348 3108 1403 quae
3141 1337 3193 1386 te
3223 1334 3293 1387 ad
3322 1335 3465 1387 tanti
3495 1351 3620 1388 mu-

1930 1421 2081 1473 neris
2136 1421 2339 1490 apices,
2401 1420 2530 1473 licet
2569 1425 2808 1474 onerent
2853 1421 3041 1474 verius
3098 1438 3272 1493 quam
3316 1422 3619 1483 honorent,

1931 1511 2217 1565 debebant
2263 1514 2455 1562 tamen
2504 1510 2675 1563 feraci
2703 1509 2853 1563 vitiis
2900 1511 3061 1576 coelo,
3109 1511 3399 1580 specimen
3435 1513 3623 1581 potius

1855 1622 1895 1676 Β
1935 1615 2105 1671 quam
2150 1596 2393 1668 praemii,
2441 1598 2652 1664 religio,
2704 1598 2854 1666 ﬁdes,
2891 1602 3211 1663 constantia,
3257 1602 3453 1668 pietas,
3484 1617 3624 1671 quas

1931 1691 2190 1762 palantes
2228 1702 2411 1756 usque
2455 1702 2850 1755 pannosasque
2877 1687 2954 1739 sic
3003 1703 3233 1743 revocas
3260 1694 3317 1740 et
3347 1689 3621 1755 devincis,

1929 1783 1994 1832 ut
2043 1776 2261 1841 exhinc,
2311 1791 2427 1828 non
2453 1774 2523 1827 ab
2554 1774 2640 1827 his
2674 1774 2935 1827 effectum
2966 1778 3041 1839 te,
3079 1775 3176 1828 sed
3207 1792 3272 1829 ex
3302 1778 3355 1829 te
3378 1782 3559 1842 natas,
3592 1795 3623 1830 a

1928 1871 1983 1919 te
2007 1867 2215 1928 doctas,
2245 1862 2367 1932 ipsa
2396 1865 2685 1915 tantarum
2734 1861 3009 1915 virtutum
3066 1861 3368 1915 admiratio
3414 1863 3623 1931 glorie-

1928 1958 2039 2007 tur.
2074 1954 2145 2005 At
2171 1956 2255 2005 est
2286 1957 2340 2003 et
2369 1950 2589 2020 privata
2626 1950 2792 2015 ratio,
2822 1966 2950 2021 quae
2985 1966 3076 2004 me
3102 1950 3247 2004 tanti
3273 1951 3461 2021 operis
3490 1952 3624 2005 red-

1927 2040 2022 2093 dat
2052 2039 2363 2094 obnoxium
2398 2054 2606 2109 gqnam
2640 2037 2685 2089 si
2706 2036 2889 2090 tacitis
2907 2037 3422 2109 adniventibusqne
3444 2040 3622 2093 oculis

1926 2129 2241 2201 neglexisse
2298 2126 2605 2197 potuerim,
2651 2125 2847 2196 magni
2898 2141 2988 2179 me
3045 2125 3271 2180 sceleris
3320 2127 3623 2198 impiatum

1927 2234 2022 2271 rea
2064 2215 2413 2270 conscientia
2459 2214 2784 2284 postulabit.
2824 2215 2909 2267 Tu
2962 2213 3195 2268 fratrem
3244 2214 3621 2282 carissimum,

1926 2304 2135 2375 quietis
2165 2304 2385 2374 privata
2429 2303 2645 2357 deliciis
2696 2302 3105 2373 severiorisque
3151 2301 3433 2372 propositi
3465 2301 3621 2371 cogi-

1924 2390 2239 2443 tationibus
2286 2390 2644 2455 immersum,
2683 2390 2770 2443 vix
2803 2394 2860 2444 et
2905 2390 3216 2460 cognitum,
3252 2405 3354 2442 nec
3383 2405 3622 2459 speran-

1923 2482 2060 2543 tem,
2103 2479 2343 2532 solemni
2384 2478 2756 2549 benignitatis
2808 2480 2931 2532 luce
2972 2478 3295 2549 perfundis,
3351 2480 3405 2531 et
3453 2477 3623 2530 resti-

1926 2570 2135 2622 tantem
2169 2584 2315 2637 pene
2358 2568 2435 2620 sic
2476 2584 2737 2637 occupas,
2788 2572 2853 2620 ut
2884 2568 2955 2621 ad
2986 2568 3129 2620 tanti
3167 2565 3301 2620 solis
3326 2565 3536 2630 radios,
3569 2569 3623 2617 et

1922 2656 2037 2709 vita
2070 2672 2127 2708 se
2168 2655 2375 2723 omnis,
2408 2660 2463 2707 et
2489 2654 2711 2724 reliqua
2741 2654 2789 2706 si
2821 2670 2948 2723 quae
2999 2658 3084 2707 est
3104 2654 3334 2707 fortuna
3363 2652 3622 2704 commit-

1922 2746 2027 2795 tat.
2059 2743 2178 2797 Stet
2208 2742 2387 2811 igitur
2427 2742 2485 2793 in
2518 2741 2733 2794 foribus
2766 2740 3153 2811 augustissimi
3186 2738 3374 2809 operis
3396 2754 3617 2791 sacrum

1922 2833 2289 2901 solemneqne
2328 2831 2433 2883 hoc
2490 2830 2809 2894 anathema,
2851 2829 3003 2898 quod
3046 2827 3225 2881 amori
3256 2831 3354 2881 tuo
3400 2826 3617 2879 benefi-

136 2909 242 2989 "e9j
268 2894 436 2989 Cujfls
468 2899 746 2989 Pénovf’m
773 2911 948 2989 -ηίυηθ
1004 2894 1255 2989 Ρτίίίξιξξῃ
1296 2894 1519 2957 ¹ί¹ω¹⁰ί’
1555 2894 1811 2989 (limite
1850 2904 1888 2959 (ἶ
1922 2921 2137 2989 ciisque
2164 2919 2365 2973 lubens
2394 2918 2600 2971 merito
2633 2918 2851 2969 familia
2888 2916 3072 2969 omnis
3103 2915 3333 2985 privatis
3359 2915 3618 2968 sensibus

134 2983 299 3052 potius
349 2984 600 3038 dixerim
654 2983 1009 3037 laudatorem
1060 2982 1288 3053 publica
1335 2999 1501 3036 causa
1545 2986 1646 3035 est.
1684 2983 1813 3053 Ejus

135 3072 268 3126 enim
311 3072 799 3127 contesseratione
849 3072 1046 3126 debuit
1100 3070 1398 3125 Africanus
1447 3072 1679 3141 praesul,
1732 3076 1813 3125 tot

133 3160 251 3214 olim
292 3162 645 3231 synodorum
692 3160 915 3230 genius,
969 3160 1372 3230 episcoporum
1432 3160 1629 3229 lingua
1670 3160 1813 3213 cala-

134 3263 350 3320 musque
379 3250 589 3317 foveri,
643 3249 743 3319 qui
774 3249 917 3302 veris
946 3248 1109 3318 pallii
1133 3248 1417 3318 justisque
1448 3247 1729 3319 mysteriis
1758 3251 1813 3301 et

132 3339 317 3389 tractus
344 3336 539 3391 nostri
569 3341 617 3389 et
644 3337 924 3389 Gallorum
964 3338 1170 3403 legatus
1199 3334 1385 3403 gaudit.

190 3439 424 3495 Narrant
474 3442 726 3494 Annales
780 3440 1157 3510 llispanarum
1218 3454 1430 3500 rerum,
1480 3440 1584 3493 sub
1626 3455 1811 3493 aevum

131 3532 235 3596 685,
262 3532 626 3603 principante
672 3532 853 3585 Gotho
909 3530 1314 3596 Cindasninda,
1340 3530 1602 3584 collectos
1634 3529 1811 3584 Toleti

128 3621 376 3686 praesules
424 3623 503 3676 3O
532 3620 751 3689 (Concil.
789 3621 904 3673 Tol.
951 3624 1000 3673 et
1028 3621 1108 3688 7),
1145 3634 1275 3671 cum
1318 3618 1613 3672 Moralium
1645 3618 1809 3683 liber,

129 3722 278 3775 quem
306 3709 444 3763 olim
488 3709 742 3762 Leandro
778 3707 1096 3777 Hispalensi
1142 3706 1479 3760 sollicitante
1503 3706 1813 3760 dictaverat

129 3810 345 3867 magnus
376 3796 894 3866 sanctissimusqne
924 3796 1249 3865 Gregorius,
1296 3794 1450 3847 haud
1491 3799 1812 3863 superesset

128 3886 366 3956 amplius,
416 3886 707 3941 delectum
750 3884 1195 3955 suifragantibus
1230 3882 1515 3952 episcopis
1537 3883 1808 3951 Tajonem

129 3972 707 4045 Caesaraugustanum,
754 3972 1029 4041 religione
1070 3972 1501 4040 litteraturaqne
1531 3975 1808 4040 praestan-

128 4065 245 4126 tem,
289 4064 384 4134 qui
419 4065 685 4117 Romana
732 4061 935 4115 scrinia
975 4061 1276 4115 consulens
1330 4059 1568 4112 amissos
1615 4064 1806 4112 custo-

1924 3008 2149 3079 publica
2194 3006 2493 3061 devotione
2540 3005 2853 3075 suspendit.
2892 3005 3074 3068 Quam
3115 3007 3393 3056 aeternum
3434 3008 3614 3067 tuam,

1923 3114 2079 3151 sacra
2116 3099 2237 3151 haec
2291 3112 2393 3149 nec
2436 3094 2710 3147 moritura
2758 3109 3013 3163 unquam
3060 3092 3269 3146 tabella
3299 3092 3611 3145 damnabit.

1919 3189 2229 3253 Juliomagi
2250 3186 2513 3239 Andium.
2542 3184 2725 3237 Pridie
2744 3197 2912 3235 nonas
2934 3183 3079 3249 Aug.
3106 3183 3260 3234 1616.

2395 3272 2681 3327 lliustriss.
2713 3274 2779 3327 A.
2808 3272 2869 3327 T.
2898 3271 3123 3324 deditus

2925 3359 3179 3414 CLAUD.
3220 3357 3612 3417 MENARDUS.

2932 3433 3193 3499 Proprzet.
3224 3429 3348 3483 Urb.
3383 3428 3537 3483 And.
3588 3484 3600 3499 ,

2428 3533 3079 3590 ANIMADVEBSIONES
3149 3596 3155 3601 ,

2170 3645 2222 3681 IN
2246 3643 2378 3680 OPL’S
2407 3640 2783 3679 IﬂPERFECTUM
2818 3639 3021 3676 CONTRA
3054 3637 3342 3677 JULIANUM.

1995 3718 2160 3770 Liuao
2193 3734 2228 3783 ι,
2261 3715 2365 3785 §3.
2396 3714 2654 3767 Julianus
2690 3713 2757 3765 de
2789 3710 3141 3781 Augustino:
3173 3713 3278 3763 Hoc
3302 3712 3418 3778 ipso
3450 3724 3615 3777 quam

1918 3807 1992 3860 sit
2022 3806 2221 3858 divinae
2250 3806 2380 3869 legis
2398 3803 2681 3871 imperitus
2713 3802 2975 3866 interpres
3006 3803 3055 3851 et
3078 3799 3347 3865 profanus
3365 3804 3614 3864 apparet,

1920 3894 2167 3961 quisquis
2196 3896 2357 3959 putat
2386 3890 2501 3956 ejus
2525 3889 2796 3940 sanctione
2821 3885 3055 3954 defendi,
3097 3884 3239 3951 quod
3257 3885 3484 3951 justitia
3512 3899 3616 3937 non

1915 3983 2090 4048 potest
2120 3975 2417 4030 vindicari.
2450 3973 2698 4042 Reponit
2728 3970 3113 4042 Augustinus:
3143 3972 3245 4024 Vos
3268 3971 3410 4037 quod
3434 3970 3615 4023 dicitis

1918 4068 2098 4135 potius
2121 4080 2226 4118 non
2252 4067 2426 4132 potest
2451 4064 2565 4115 ulla
2594 4062 2827 4129 justitia:
2852 4061 3062 4112 ratione
3080 4059 3333 4123 defendi;
3360 4059 3490 4127 quia
3520 4061 3616 4111 mi-

126 4150 246 4203 dum
292 4152 646 4223 negligentia
674 4151 847 4205 libros
887 4150 1149 4220 Hispanis
1181 4149 1447 4202 redderet
1476 4147 1609 4201 suis.
1645 4149 1806 4212 Quod
1841 4186 1881 4239 υ
1920 4158 2063 4209 seria
2092 4155 2296 4219 generis
2320 4152 2562 4215 humani,
2597 4165 2631 4202 a
2652 4165 2761 4218 qua
2786 4149 2993 4200 nullum
3024 4148 3296 4201 hominum
3330 4146 3396 4199 ab
3427 4151 3617 4200 exortu

128 4237 248 4291 dum
278 4242 569 4309 procurat,
619 4238 859 4292 Martino
889 4240 908 4292 Ι
965 4236 1255 4307 pontifice,
1303 4251 1405 4288 nec
1436 4235 1492 4287 in
1526 4236 1697 4289 sacris
1719 4251 1806 4287 ar-

128 4323 305 4392 chivis,
349 4342 472 4397 pra?
503 4326 871 4379 multitudine
907 4325 1191 4393 codicum,
1228 4324 1409 4395 quaeri
1441 4329 1537 4377 aut
1566 4323 1810 4377 divinari

127 4421 361 4483 possent,
420 4414 717 4468 indicante
779 4415 965 4467 locum
1024 4414 1246 4483 angelo,
1313 4417 1569 4482 repertos
1617 4416 1672 4466 et
1710 4413 1805 4465 de-

127 4501 365 4571 scriptos.

190 4606 501 4673 Efflaverat,
532 4607 763 4675 scilicet,
793 4606 851 4659 in
897 4605 1102 4659 Sicilia:
1130 4604 1377 4674 scopulis
1417 4603 1670 4674 primum
1706 4603 1797 4656 fe—

129 4696 244 4746 ralis
274 4696 549 4750 doctrinae
595 4696 749 4748 virus
798 4694 992 4748 Rufini
1023 4693 1351 4763 Pelagiiqne
1378 4691 1647 4753 vafrities,
1680 4708 1809 4744 cum

128 4780 395 4838 iudicante
452 4784 785 4855 presbytero
853 4788 989 4837 tunc
1041 4782 1275 4845 Hilario,
1321 4786 1451 4851 post
1494 4779 1811 4834 Arelatensi

127 4871 439 4943 episcopo“,
476 4873 703 4927 divinus
755 4871 1098 4925 sanctissimi
1132 4871 1283 4924 senis
1312 4870 1556 4937 animus,
1584 4873 1812 4938 sumpta

128 4958 246 5013 iidei
268 4963 747 5034 propugnatione,
782 4962 1034 5015 deforme
1059 4966 1377 5014 monstrum
1412 4961 1581 5029 longo
1614 4959 1812 5012 decen-

131 5049 347 5119 naliqne
388 5051 535 5104 bello
580 5048 840 5103 confecit.
882 5048 1041 5112 Quod
1074 5048 1248 5118 igitur
1286 5047 1476 5107 Gallis,
1506 5046 1812 5114 instigante

132 5139 361 5201 praesule
405 5155 526 5199 suo,
558 5138 881 5191 laboratum
912 5142 1015 5203 est,
1050 5137 1195 5205 quod
1236 5138 1447 5202 magnis
1466 5138 1586 5202 post
1614 5134 1812 5185 animis

133 5225 297 5278 eodem
326 5227 641 5292 defendente
685 5230 1076 5293 consumptum,
1106 5224 1267 5293 cujus
1322 5223 1509 5293 potius
1549 5220 1814 5290 auspiciis

136 5313 499 5384 comitivaque
519 5314 707 5385 potuit
733 5318 858 5383 post
897 5317 979 5366 tot
1008 5328 1294 5366 annorum
1339 5311 1608 5373 diesccre,
1640 5325 1813 5379 quam

193 5480 210 5502 ι
251 5471 397 5519 Errat
433 5489 443 5520 :
480 5474 612 5521 alius
652 5474 691 5520 is
724 5475 835 5521 erat
870 5473 933 5519 ab
971 5471 1277 5520 Arelatensi.

1918 4260 2085 4311 usque
2141 4242 2213 4295 ad
2260 4240 2461 4293 obitum
2526 4238 2765 4292 videmus
2798 4238 3048 4298 alienum,
3098 4250 3203 4289 non
3273 4237 3506 4304 pertinet
3544 4235 3617 4287 ad

1919 4330 2309 4398 Omnipotentis
2348 4326 2643 4395 judicium,
2688 4327 2737 4378 si
2765 4340 2871 4378 non
2913 4328 2989 4377 est
3028 4323 3291 4389 originale
3317 4326 3612 4391 peccatum.

1917 4418 2089 4489 Atqui
2127 4418 2233 4471 hoc
2264 4420 2487 4469 tantum
2528 4415 2595 4468 de
2644 4414 2953 4467 infantibus
3000 4417 3097 4465 aut
3140 4410 3396 4482 puerulis
3430 4410 3615 4464 dicere

1919 4507 2136 4565 debuit,
2172 4521 2305 4558 nam
2339 4504 2584 4573 majores
2616 4507 2753 4556 natu
2795 4506 2881 4555 sat
2910 4500 3216 4555 actualium
3253 4504 3615 4569 peccatorum

1919 4594 2229 4647 admittunt
2259 4596 2319 4644 ut
2366 4592 2539 4659 hujus
2569 4590 2695 4643 vitae
2727 4590 2970 4643 miseriis
3016 4590 3175 4659 digni
3214 4589 3343 4642 sint.
3372 4588 3477 4642 Sed
3512 4604 3614 4657 po-

1920 4698 2124 4735 namus
2161 4697 2327 4745 eum,‘
2354 4682 2415 4732 ut
2446 4678 2662 4743 debuit,
2729 4678 3140 4747 deinfantibus
3170 4679 3467 4741 duntaxat,
3519 4680 3617 4727 aut

1918 4770 2177 4840 puerulis
2218 4770 2473 4821 locutum
2508 4784 2520 4832 ;
2563 4770 2857 4836 peccatum
2898 4766 3195 4836 originale,
3229 4770 3294 4818 ut
3331 4766 3401 4817 ab
3423 4767 3613 4831 Augu-

1920 4859 2068 4913 stino
2098 4858 2430 4927 explicatur,
2466 4856 2821 4909 commodam
2852 4855 3069 4907 nullam
3112 4853 3388 4905 rationem
3423 4849 3613 4903 defen-

1920 4948 2117 5002 denda":
2171 4946 2409 5016 justitiue
2467 4943 2673 4996 divina:
2739 4941 3110 5011 suppeditat;
3150 4956 3280 4992 cum
3301 4955 3412 5009 qua
3460 4938 3615 4989 nullo

1922 5036 2091 5090 modo
2132 5039 2319 5105 potest
2375 5032 2705 5095 consistere,
2762 5036 2822 5083 ut
2874 5028 3273 5083 existimabant
3311 5026 3614 5080 adversarii

1921 5122 2245 5193 Augustini,
2301 5138 2441 5192 quos
2474 5135 2759 5189 nusquam
2796 5122 2944 5171 recte
2976 5115 3304 5169 confutavit.
3350 5115 3478 5181 Sed,
3534 5115 3610 5167 in-

1923 5212 2104 5283 quies,
2130 5209 2389 5280 quamvis
2428 5225 2542 5262 non
2564 5206 2880 5276 intelligam
2914 5204 3201 5275 quomodo
3233 5202 3447 5272 peccati
3477 5200 3616 5254 Ada-

1926 5300 2002 5353 mi
2035 5298 2338 5369 imputatio
2370 5297 2635 5368 posteris,
2660 5301 2715 5351 et
2754 5294 2874 5348 vitii
2907 5291 3221 5346 necessaria
3251 5291 3309 5345 in
3351 5308 3446 5345 eos
3488 5306 3615 5359 pro-
