3884 6178
340 248 440 297 567

1357 195 1910 297 SUPPDEMENTUM
1949 242 2038 296 AD
2075 241 2306 299 OPERA
2345 242 2400 297 S.
2441 194 2828 297 AUGDSTINI.
3725 251 3817 305 568

327 367 560 438 pagatio
601 367 910 421 consistere
953 370 1169 436 queant
1198 380 1326 418 cum
1379 365 1671 418 sanctitate
1712 381 1775 417 ac
1809 364 2032 434 justitia
2059 364 2106 420 A
2145 381 2272 435 quae
2302 363 2362 417 in
2404 362 2850 434 provincialibus
2899 361 3098 432 synodi
3143 378 3384 417 numero
3439 365 3812 435 suffragiorum

325 457 538 522 divina,
564 460 794 527 oportet
824 460 1018 509 tamen
1051 458 1114 507 ut
1164 452 1278 506 sint
1304 451 1550 506 infantes
1580 451 1861 523 puerique
1897 467 2034 522 pec—

327 549 566 611 catores,
616 560 746 597 cum
805 542 998 596 miseri
1030 541 1168 607 sint,
1230 541 1380 594 Deus
1418 556 1551 594 vero
1594 541 1805 611 justus.
1845 541 2034 595 Satius

327 639 474 686 esset
504 633 684 685 multo
714 630 900 684 dicere
921 633 974 682 te
1023 628 1244 682 nescire
1293 644 1393 682 cur
1420 628 1637 682 innoxii
1667 627 1862 682 miseri
1896 627 2031 693 sint,

328 737 524 791 quam,
547 724 608 773 ut
646 719 817 772 facias
846 733 943 771 eos
971 716 1190 780 noxios,
1233 716 1495 771 invenire
1526 716 1874 787 hypothesin
1904 731 2033 786 quae

331 814 416 862 tot
471 806 906 861 difficultatibus
936 806 1177 862 laborat.
1213 806 1323 861 Sed
1372 806 1507 876 quid
1564 810 1698 859 sunt
1726 806 1815 858 hae
1844 805 2032 858 infan-

331 895 477 948 tium
511 909 937 964 puerorumque
969 894 1316 949 brevissimae
1343 895 1606 960 miseriae,
1642 894 1687 947 si
1711 909 1841 947 cum
1863 898 2032 946 mter—

331 1000 406 1037 na
426 982 804 1051 beatitudine,
834 983 1040 1053 quibus
1067 1000 1159 1036 eas
1188 983 1337 1036 Deus
1366 989 1583 1053 pensat,
1619 982 1985 1036 conferantur
2006 981 2034 1035 ?

338 1071 490 1126 Nihil
541 1086 797 1142 prorsus,
831 1076 926 1125 aut
969 1071 1016 1124 si
1055 1071 1192 1142 quid
1240 1071 1418 1125 nihilo
1445 1077 1638 1142 posset
1667 1087 1787 1124 esse
1822 1070 2032 1123 minus.

335 1160 530 1229 Itaque
559 1160 711 1230 quod
755 1160 903 1212 Deus
933 1176 1028 1213 eas
1049 1160 1119 1213 ab
1143 1159 1253 1212 illis
1309 1160 1367 1212 in
1415 1161 1519 1213 hac
1551 1159 1666 1214 vita
1690 1175 1807 1212 non
1841 1157 2036 1212 amoli-

334 1254 447 1315 tur,
473 1247 685 1300 mirum
719 1248 900 1301 videri
927 1247 1146 1318 nequit.
1183 1249 1188 1256 ’

408 1335 435 1406 §
483 1339 535 1389 8.
595 1336 689 1389 Ait
736 1335 996 1390 Julianus
1045 1352 1112 1388 ea
1170 1335 1239 1389 ab
1294 1335 1614 1406 Augustino
1654 1335 1882 1404 scripta,
1917 1349 2036 1403 quae

330 1428 553 1493 propter
605 1425 899 1478 honestatis
954 1426 1306 1477 reverentiam
1366 1423 1624 1477 oblivioni
1675 1425 2035 1476 exterminata

332 1513 683 1568 mandentur.
727 1515 860 1567 Vide
911 1519 1104 1567 notata
1141 1513 1211 1566 ad
1240 1518 1376 1568 tom.
1420 1513 1533 1578 Vll,
1583 1513 1688 1566 lib.
1757 1513 1825 1566 de
1869 1512 2031 1568 Civit.

342 1600 442 1656 Dei
471 1617 582 1667 xxv,
611 1617 732 1671 cap.
770 1604 832 1655 18
857 1606 911 1655 et
952 1617 1110 1671 seqq.

2144 451 2515 522 comprobata
2545 449 2675 504 est?
2704 448 2850 504 Sunt
2877 465 3014 519 ergo
3053 449 3420 519 magistratus
3469 453 3688 506 lictores
3723 471 3814 508 co:-

2142 542 2308 592 tuum
2352 536 2881 602 ecclesiasticorum,
2931 535 3140 606 quibus
3196 553 3398 606 parere
3445 554 3540 592 eos
3594 546 3810 608 oportet,

2145 642 2260 680 non
2300 642 2656 696 responsare.
2701 626 2760 680 Si
2804 625 2940 678 talia
2970 624 3244 678 dixissent
3282 626 3478 678 Ariani
3512 643 3635 680 cum
3669 638 3812 684 erant

2144 715 2486 785 superiores,
2534 715 2787 785 profecto
2847 713 3221 768 intoleranda:
3269 714 3589 784 tyrannidis
3630 718 3811 772 merito

2143 803 2459 857 insimulati
2484 803 2743 856 fuissent.
2791 801 2903 855 Sed
2953 802 3162 856 horum
3191 818 3283 856 me
3315 802 3530 856 dudum
3561 803 3811 860 distaedet.

2143 893 2340 963 Itaque
2371 908 2607 946 manum
2638 891 2705 944 de
2732 891 2946 945 tabula.

2437 980 2727 1034 JOANNIS
2763 980 3130 1035 ULIMMERII
3161 980 3535 1034 ΡΒᾹΞΡΑΤΙΟ

2139 1083 2207 1120 ΑΒ
2260 1085 2498 1122 JACOBUM
2561 1084 2839 1122 PAMELIUM
2890 1084 3038 1121 SACR.
3091 1084 3426 1121 LI'I'I'ERARUM
3477 1085 3808 1125 LICENTIATU!

2325 1172 2390 1209 AC
2422 1173 2613 1210 BRUGIS
2652 1171 2982 1216 CANONlCllM,
3015 1170 3082 1208 ΒΗ
3115 1171 3369 1209 INDICULO
3396 1172 3458 1209 ΡΟ
3476 1173 3644 1210 SSIle.

2216 1244 2437 1306 Quanta
2467 1245 2758 1305 hactenus,
2792 1243 2878 1296 vir
2907 1243 3346 1310 humanissime,
3383 1245 3675 1300 hominum
3693 1264 3812 1318 quo-

2145 1331 2410 1384 rumdam
2464 1331 2521 1383 in
2568 1331 2874 1400 judicando
2918 1329 3208 1383 temeritas
3266 1330 3463 1392 fuerit,
3507 1332 3714 1401 quidvis
3761 1337 3812 1388 Ι).

2146 1419 2448 1489 Augustini
2497 1435 2617 1473 esse
2687 1418 3082 1484 clamantium,
3141 1435 3204 1471 ac
3247 1435 3354 1489 pro
3389 1420 3566 1473 animi
3611 1422 3814 1476 arbitrio

2149 1507 2604 1570 reclamantium,
2647 1507 2801 1561 haud
2845 1506 3150 1578 quisquam
3189 1507 3357 1561 facile
3384 1508 3696 1575 crediderit,
3721 1512 3808 1565 nisi

2146 1596 2332 1666 ipsam
2384 1596 2468 1649 rei
2496 1595 2792 1649 veritatem
2845 1594 2914 1648 ab
2953 1594 3381 1665 antiquioribus
3433 1597 3705 1664 proditam
3733 1614 3811 1666 pe-

410 1689 437 1758 §
495 1696 573 1747 t0.
623 1691 933 1744 Julianus:
981 1689 1198 1742 Laudat
1233 1691 1396 1742 etiam
1442 1693 1709 1758 potentem
1767 1689 2036 1744 hominem
2069 1687 2108 1741 Β
2149 1685 2325 1738 nitius
2381 1683 2805 1754 introspexerit,
2838 1688 2893 1736 et
2922 1684 2992 1737 ad
3044 1683 3236 1736 vivum
3281 1684 3454 1754 (quod
3495 1683 3811 1754 aiunt)rese-

339 1779 715 1851 (Augustinus
757 1776 1042 1829 Valerium
1081 1775 1220 1830 lib.I
1261 1776 1331 1829 de
1353 1777 1598 1847 Nuptiis,
1641 1793 1764 1847 cap.
1807 1779 1857 1847 2)
1894 1779 2036 1846 quod

335 1871 534 1924 nostris
553 1865 926 1936 petitionibus,
960 1867 1055 1932 qui
1082 1865 1224 1918 nihil
1256 1865 1411 1919 aliud
1433 1881 1596 1934 quam
1625 1865 1753 1919 dari
1769 1871 1917 1920 tanto
1947 1882 2036 1919 ne-

336 1956 707 2026 gotiojudices
753 1953 1214 2019 vociferabantur,
1251 1958 1310 2006 ut
1337 1968 1399 2006 ea
1434 1969 1552 2021 qua:
1598 1954 2036 2023 subreptionibus

337 2051 461 2100 acta
513 2043 812 2108 constabat,
851 2041 1262 2095 emendarentur
1285 2044 1466 2110 potius
1510 2057 1678 2109 quam
1709 2045 2038 2110 punirentur

337 2137 613 2198 examine,
639 2133 770 2185 mole
804 2145 912 2184 suae
931 2130 1222 2198 dignitatis
1243 2129 1530 2197 obstiterit,
1545 2147 1637 2184 nec
1657 2131 2037 2199 disceptationi

339 2229 546 2290 tempus
598 2222 695 2272 aut
724 2219 893 2271 locum
937 2218 1247 2284 permiserit
1276 2209 1611 2284 impetrare]
1659 2218 1877 2270 Revera
1915 2217 2035 2269 lau-

337 2311 434 2365 dat
464 2307 838 2377 Augustinus,
870 2305 992 2358 loco
1015 2304 1287 2365 indicato,
1310 2304 1616 2368 Valerium,
1651 2305 1787 2374 quia
1813 2304 1882 2357 iis
1914 2305 2037 2374 qui-

337 2397 444 2450 bus
474 2393 814 2464 disputando
845 2393 964 2461 ipse
995 2391 1313 2453 resistebat,
1347 2391 1441 2445 ille
1477 2396 1762 2460 potestate,
1795 2393 2034 2445 curando

335 2489 386 2537 et
431 2482 686 2536 instando
732 2481 1023 2548 efﬁcaciter
1059 2481 1347 2532 restiterat.
1397 2479 1560 2542 Quod
1605 2496 1738 2533 sane
1797 2480 2032 2534 minime

337 2571 688 2626 laudandum
716 2573 856 2632 erat,
912 2582 1046 2620 nam
1077 2567 1136 2620 in
1175 2583 1236 2619 re
1271 2567 1431 2637 gravi
1458 2571 1514 2620 et
1558 2568 1795 2634 difﬁcili,
1834 2569 1895 2622 in
1921 2585 2034 2638 qua

338 2660 445 2714 sibi
496 2658 675 2729 probe
709 2656 969 2710 conscius
1009 2659 1131 2709 erat
1171 2655 1527 2724 Augustinus
1547 2659 1734 2709 tantas
1774 2673 1893 2710 esse
1917 2657 2032 2711 dif-

338 2748 638 2812 ﬁcultates,
672 2749 730 2798 ut
789 2743 858 2796 iis
889 2743 1176 2796 solvendis
1221 2759 1326 2812 par
1355 2759 1473 2796 non
1503 2748 1667 2810 esset,
1706 2745 2030 2814 praestabat,

339 2833 674 2890 adversariis
705 2831 913 2901 saepius
972 2831 1199 2898 auditis,
1225 2831 1505 2900 judicare,
1539 2848 1710 2902 quam
1759 2833 2032 2887 damnare

338 2923 491 2978 illico
513 2922 824 2986 inauditos,
857 2919 1341 2989 synodorumque,
1375 2935 1446 2973 ne
1467 2920 1681 2974 reditus
1703 2920 1773 2974 ad
1803 2921 2032 2974 mitiora

340 3010 577 3063 consitia
617 3012 858 3078 pateret,
917 3007 1158 3060 aliarum
1195 3023 1365 3077 super
1405 3007 1531 3061 aliis
1583 3009 2038 3063 anathematibus

339 3098 636 3161 infamare,
671 3100 728 3149 et
759 3095 939 3148 edicto
978 3093 1342 3163 imperatoris
1369 3095 1702 3165 gravissime
1749 3097 2036 3167 persequi.

346 3185 576 3239 Fiducia
623 3183 842 3254 veri,.si
894 3199 1006 3252 qua
1056 3182 1275 3251 fuisset,
1332 3183 1622 3238 debuisset
1655 3201 1722 3238 eo
1754 3185 2038 3239 adducere

341 3272 724 3342 Augustinum
764 3275 819 3323 et
878 3270 1043 3336 alios,
1077 3275 1140 3323 ut
1195 3270 1493 3325 differrent
1541 3273 1806 3325 ultimum
1859 3273 1929 3326 de
1973 3289 2039 3326 ea

343 3359 724 3415 controversia
771 3359 1074 3428 judicium,
1124 3359 1446 3429 saepiusque
1505 3376 1678 3430 quam
1717 3377 1860 3430 opus
1916 3366 2039 3414 erat

343 3449 609 3503 audirent
637 3449 972 3516 Pelagianos
1005 3464 1017 3512 ;
1042 3463 1111 3500 ne
1141 3448 1202 3500 in
1222 3447 1291 3499 iis
1321 3447 1662 3501 damnandis
1683 3448 2032 3514 aberrarent,

343 3553 443 3590 seu
487 3536 638 3607 quod
695 3552 816 3589 rem
877 3535 1079 3605 ipsam,
1136 3536 1373 3589 arduam
1422 3551 1558 3588 sane
1613 3552 1677 3588 ac
1723 3535 2033 3602 difficilem,

344 3643 460 3680 non
483 3626 614 3680 satis
645 3625 1050 3695 intelligerent,
1085 3640 1180 3677 seu
1215 3624 1368 3694 quod
1400 3623 1853 3678 adversariorum
1875 3640 2033 3678 men-

341 3720 457 3769 tem
487 3730 600 3768 non
627 3717 1089 3783 assequerentur.
1127 3713 1234 3765 Res
1262 3727 1391 3782 quae
1417 3716 1502 3764 tot
1561 3711 1806 3781 ingeniis
1845 3712 2034 3766 erudi-

341 3804 498 3856 tione
520 3807 691 3873 atque
731 3801 993 3855 acumine
1025 3799 1345 3870 insignibus
1375 3815 1602 3854 crucem
1645 3799 1789 3866 fixit,
1834 3805 2034 3871 totque

340 3889 753 3943 controversias
782 3904 886 3958 per
908 3886 1103 3940 omnia
1141 3887 1346 3939 saecula
1377 3885 1658 3953 excitavit,
1681 3902 1799 3940 non
1838 3887 2036 3941 debuit

340 3976 492 4028 illico
525 3975 781 4046 permitti
807 3990 1123 4044 paucorum
1152 3973 1527 4027 Numidarum
1559 3991 1622 4027 ac
1650 3973 1915 4028 Afrorum
1939 3974 2034 4044 ju-

339 4064 487 4117 dicio
520 4083 534 4130 ;
563 4064 662 4134 qui
699 4069 919 4133 postea,
959 4062 1160 4116 cedere
1187 4061 1384 4127 nescii,
1419 4061 1699 4131 judicium
1730 4063 1836 4116 hoc
1866 4079 2032 4116 suum

338 4156 529 4206 essent
556 4152 756 4222 quovis
795 4150 966 4204 modo
1023 4150 1332 4216 defensuri,
1375 4151 1866 4219 quemadmodum
1895 4169 2033 4205 con-

2146 1772 2344 1826 cuerit.
2377 1773 2443 1826 In
2501 1788 2614 1842 quo
2655 1771 3059 1825 controversia:
3107 1786 3345 1841 genere,
3393 1788 3560 1825 nemo
3581 1773 3729 1826 nobis
3760 1775 3808 1827 D.

2146 1861 2426 1928 Possidio,
2457 1866 2519 1914 ut
2568 1859 2668 1930 qui
2707 1861 2830 1930 ejus
2859 1859 3172 1929 discipulus
3201 1860 3399 1924 fuerit,
3454 1860 3633 1930 potior
3662 1861 3807 1915 disce-

2146 1954 2333 2020 ptator
2369 1949 2568 2002 haberi
2607 1949 2775 2002 debet
2807 1965 2820 2014 ;
2850 1964 2984 2001 nam
3043 1964 3172 2002 cum
3224 1949 3458 2015 beatiss,
3502 1950 3808 2020 Augustinus

2145 2044 2262 2094 tam
2295 2039 2471 2092 multa
2510 2037 2767 2104 ediderit,
2809 2037 3056 2102 dictarit,
3090 2042 3267 2108 atque
3298 2038 3360 2091 in
3405 2039 3642 2092 Ecclesia
3684 2055 3807 2092 acer-

2145 2129 2289 2182 rime
2320 2127 2642 2197 disputarit,
2678 2127 2984 2196 exceperit,
3012 2131 3069 2180 et
3089 2127 3438 2191 emendarit,
3471 2129 3553 2181 vel
3579 2128 3806 2182 adversus

2143 2216 2439 2272 haereticos
2467 2215 2808 2284 conscripta,
2831 2217 2918 2269 vel
2957 2231 3024 2269 ex
3045 2216 3341 2269 canonicis
3375 2216 3534 2270 libris
3563 2219 3799 2286 exposita,

2143 2309 2209 2359 ut
2259 2303 2371 2357 illis
2432 2302 2698 2356 omnibus
2766 2303 3172 2373 cognoscendis
3231 2308 3289 2358 et
3355 2305 3696 2375 perlegendis
3739 2306 3801 2358 vix

2145 2391 2447 2462 quisquam
2499 2391 2886 2444 studiosorum
2933 2391 3200 2458 sufficiat,
3239 2392 3386 2444 nulli
3421 2392 3623 2446 mirum
3658 2392 3801 2445 videri

2143 2479 2311 2534 debet
2349 2480 2615 2550 quaedam
2663 2480 2784 2548 ejus
2827 2479 3052 2548 scriptis
3111 2479 3360 2533 admista
3407 2496 3525 2543 esse
3570 2497 3686 2552 quae
3734 2481 3799 2532 vix

2144 2567 2352 2621 eruditi
2409 2568 2650 2637 alicujus
2700 2583 2763 2620 ac
2817 2567 2901 2636 pii
2949 2571 3104 2635 sunt,
3146 2568 3369 2621 nedum
3402 2570 3462 2622 D.
3520 2570 3800 2638 Augustini,

2145 2671 2370 2709 summa
2407 2655 2728 2708 eruditione
2760 2671 2823 2708 ac
2851 2655 3064 2725 pietate
3094 2655 3202 2709 viri
3230 2673 3243 2721 ;
3271 2660 3327 2709 et
3366 2672 3558 2710 rursus
3578 2671 3799 2726 quorum-

2142 2745 2271 2798 dam
2303 2743 2644 2812 conjecturis
2676 2743 2770 2812 (ne
2800 2743 2982 2796 dicam
3032 2742 3323 2813 praecipiti
3355 2743 3569 2813 judicio
3593 2749 3644 2795 et
3666 2748 3799 2795 teme-

2144 2832 2318 2886 trario
2349 2832 2514 2899 ausu)
2537 2832 2802 2902 quaedam
2843 2831 3067 2884 sublata
3091 2848 3240 2897 esse,
3293 2848 3444 2902 qum,
3479 2832 3562 2885 vel
3582 2831 3800 2884 omnibus

2146 2919 2485 2985 tacentibus,
2517 2918 2738 2989 phrasis
2776 2918 2897 2988 ipsa
2927 2924 3099 2989 atque
3125 2919 3484 2973 incredibilis
3529 2919 3692 2990 pietas
3710 2921 3800 2970 Au-

2150 3007 2364 3078 gustini
2395 3025 2515 3061 esse
2545 3008 2943 3077 loquebantur.
2993 3007 3177 3071 Quare
3210 3024 3286 3061 ne
3335 3008 3580 3062 veritatis
3603 3013 3653 3060 et
3678 3004 3796 3058 verbi

2153 3096 2252 3150 Dei
2303 3095 2682 3162 avidissimos,
2734 3096 3039 3162 Possidius,
3093 3096 3192 3166 qui
3226 3113 3358 3150 cum
3390 3097 3496 3150 hoc
3529 3099 3698 3149 nostro
3724 3110 3794 3146 an-

2147 3185 2322 3239 tistite
2345 3184 2509 3238 annis
2528 3185 2706 3238 ferme
2731 3183 3131 3254 quadraginta,
3157 3184 3262 3238 Dei
3288 3184 3559 3238 beneficio
3581 3201 3635 3236 ac
3660 3183 3792 3242 dono,

2147 3274 2348 3341 absque
2385 3289 2578 3326 amara
2621 3273 2737 3326 ulla
2787 3273 3115 3326 dissensione
3149 3272 3429 3340 (libenter
3465 3272 3608 3326 enim
3653 3270 3791 3339 ipsius

2146 3359 2330 3412 verbis
2356 3363 2508 3429 utor)
2547 3362 2910 3427 familiariter
2956 3377 3017 3414 ac
3074 3361 3311 3415 dulciter
3352 3364 3515 3427 vineit,
3563 3361 3614 3413 in
3641 3359 3791 3427 aliquo

2145 3446 2480 3500 defraudare
2533 3448 2838 3513 videretur,
2904 3448 3229 3502 indiculum
3289 3448 3581 3515 librorum,
3631 3451 3791 3500 tracta-

2146 3539 2330 3600 tuum,
2393 3540 2448 3588 et
2501 3535 2872 3605 epistolarum
2918 3537 3196 3604 ejusdem,
3265 3537 3525 3590 omnibus
3573 3532 3789 3588 studiosis

2144 3623 2494 3692 promissum
2544 3624 2879 3694 conscripsit
2909 3623 3299 3690 et‘exhibuit,
3355 3641 3520 3695 quem
3558 3620 3787 3678 tamenin

2146 3711 2298 3763 hunc
2343 3727 2522 3782 usque
2551 3712 2704 3766 diem
2734 3729 2934 3767 omnes
2983 3712 3083 3782 qui
3131 3709 3456 3784 Augustino
3499 3730 3605 3767 non
3639 3711 3786 3764 favere

2147 3814 2262 3852 non
2325 3804 2562 3870 possunt
2616 3801 2771 3855 haud
2817 3801 2960 3855 citra
3013 3818 3300 3856 summam
3355 3801 3783 3873 exspectationem

2143 3887 2287 3940 votis
2318 3888 2733 3942 ardentissimis
2762 3888 3175 3952 desiderarunt,
3202 3906 3276 3944 ne
3299 3892 3527 3961 posthac
3548 3893 3620 3958 (ut
3638 3885 3782 3940 rectis-

2145 3976 2286 4029 sime
2317 3976 2531 4043 scribis)
2564 3992 2866 4030 censorum
2918 3979 3305 4047 quorumdam
3333 3978 3631 4033 temerariis
3656 3972 3778 4045 judi-

2144 4063 2243 4118 ciis
2291 4064 2632 4118 ﬂuctuarent
2669 4064 2889 4119 incerti.
2923 4066 3064 4119 Eum
3098 4083 3206 4136 ego
3241 4084 3356 4121 non
3376 4068 3506 4120 alibi
3545 4083 3573 4119 a
3618 4079 3693 4117 me
3716 4061 3777 4112 in-

2142 4157 2377 4206 ventum
2424 4169 2486 4205 ac
2530 4168 2815 4223 nusquam
2859 4158 3075 4207 exstare
3129 4157 3532 4221 existimatum,
3556 4154 3608 4207 in
3641 4150 3776 4203 Villa-

340 4240 484 4310 tigit.
533 4239 799 4293 Doctrina
833 4239 1000 4292 etiam
1028 4255 1175 4300 vera,
1209 4239 1307 4292 sed
1344 4239 1516 4308 plena
1573 4239 2024 4310 difficultatibus,
2065 4243 2109 4297 D
2141 4240 2343 4293 riensis
2407 4240 2647 4294 abbatim
2707 4243 3042 4296 venerandae
3127 4244 3479 4314 antiquitatis
3545 4238 3774 4295 codicibus

338 4343 457 4380 non
505 4327 702 4380 debuit
745 4326 908 4396 quasi
964 4331 1135 4396 caput
1173 4325 1304 4378 fidei
1349 4327 1728 4380 necessarium
1787 4327 2032 4399 imponi,

338 4414 460 4467 sine
505 4415 620 4466 ulla
669 4414 876 4467 Christi
931 4419 1030 4468 aut
1069 4414 1456 4483 apostolorum
1514 4413 1870 4481 auctoritate,
1922 4432 2036 4487 qua

339 4517 463 4555 eam
495 4499 872 4554 necessariam
893 4517 1011 4554 esse
1058 4504 1359 4554 constaret.
1396 4501 1520 4554 Non
1551 4501 1747 4554 debuit
1784 4503 2032 4574 denique

338 4587 654 4658 Pelagianis
685 4588 929 4658 praeberi
966 4587 1285 4658 justissima
1315 4589 1595 4658 querendi
1643 4606 1830 4656 causa,
1878 4593 2030 4662 quod

337 4676 584 4730 inauditi
606 4676 855 4730 damnati
882 4676 1135 4730 fuissent.
1171 4675 1276 4730 Sed
1312 4676 1613 4731 audiamus
1645 4679 2032 4749 Angustinum

337 4763 810 4835 respondentem:
839 4769 887 4816 Α
900 4765 1005 4818 bsit
1033 4780 1067 4817 a
1091 4764 1415 4818 Christianis
1426 4767 1784 4834 potestatibus
1813 4772 2034 4823 terrena:

334 4853 644 4923 reipublicz
672 4857 733 4905 ut
779 4852 843 4904 de
877 4855 1107 4920 antiqua
1131 4853 1396 4907 catholica
1421 4853 1531 4924 ﬁde
1577 4855 1841 4921 dubitent,
1891 4863 1939 4911 et
1969 4858 2031 4911 ob

335 4943 430 4995 hoc
486 4939 956 5009 Oppugnatoribus
1008 4940 1124 5009 ejus
1155 4941 1324 4993 locum
1382 4947 1434 4994 et
1495 4946 1700 5010 tempus
1765 4946 2030 4998 examinis

331 5030 605 5098 prebeant
626 5048 646 5093 ;
666 5044 729 5082 ac
759 5043 863 5082 non
891 5031 1072 5096 potius
1105 5031 1162 5081 in
1190 5044 1253 5081 ea
1278 5031 1411 5082 certi
1433 5045 1494 5084 ac
1547 5029 1793 5098 fundati,
1830 5033 2030 5086 tatibus

334 5119 519 5185 quales
547 5132 639 5171 vos
665 5118 791 5170 estis
826 5117 1064 5169 inimicis
1117 5116 1234 5184 ejus
1298 5115 1648 5185 disciplinam
1697 5121 2029 5174 coercitionis

335 5208 634 5270 imponant.
686 5203 867 5257 Verba
919 5205 1040 5258 haec
1085 5208 1218 5256 sunt
1277 5203 1508 5257 victoris
1564 5206 1659 5259 sed
1714 5206 1812 5276 qui
1846 5207 2029 5277 magis

335 5291 433 5342 illa
473 5294 698 5342 terrena
753 5291 1084 5345 auctoritate
1122 5289 1410 5344 nitebatur
1454 5308 1628 5364 quam
1682 5295 2026 5362 rationibus,

333 5381 420 5431 Au
478 5393 613 5445 ergo
661 5377 962 5431 Christiani
1022 5379 1387 5449 magistratus
1433 5379 1554 5434 sine
1599 5381 1855 5435 examine
1912 5383 2027 5437 ullo

333 5464 543 5518 debent
617 5477 735 5517 eos'
770 5482 966 5519 vexare
1024 5482 1176 5538 quos.
1214 5467 1381 5536 pauci
1433 5468 1686 5537 episcopi
1742 5469 2027 5524 inauditos

333 5552 698 5615 damnarunt,
739 5553 874 5621 quia
918 5555 1154 5625 antiqua
1196 5557 1335 5611 fides
1379 5557 1639 5611 habenda
1678 5555 2023 5619 ἀϐασανίστως,

2142 4327 2313 4398 longe
2365 4328 2804 4383 instructissima
2842 4329 3192 4384 bibliotheca
3231 4331 3555 4385 excutienda
3583 4340 3772 4394 occupa-

2144 4416 2414 4482 tissimus,
2455 4433 2540 4482 ac,
2601 4420 2700 4469 tuo
2734 4417 3016 4486 exemplo,
3075 4418 3229 4472 illius
3272 4419 3627 4484 avidissimus,
3666 4411 3771 4466 nihil

2143 4504 2332 4557 minus
2361 4504 2630 4574 cogitans,
2669 4505 2876 4575 reperi.
2911 4505 3091 4569 Quem
3123 4511 3187 4561 ut
3217 4507 3516 4578 aliquando
3551 4505 3602 4558 in
3628 4505 3770 4555 lucem

2145 4593 2254 4662 (cui
2309 4609 2608 4663 nunquam
2657 4599 2825 4647 antea
2865 4596 3213 4666 assueverat)
3245 4596 3409 4650 edere
3440 4595 3641 4658 vellem,
3682 4603 3768 4642 non

2142 4681 2319 4735 semel
2363 4682 2415 4735 id
2454 4681 2658 4735 litteris
2703 4682 2774 4735 ad
2807 4697 2899 4736 me
2939 4682 3148 4750 missis,
3179 4683 3384 4754 quibus
3404 4689 3457 4736 et
3501 4693 3699 4751 operam
3728 4679 3768 4726 et

2140 4773 2364 4840 partem
2394 4785 2663 4840 magnam
2710 4774 3046 4840 sumptuum
3099 4771 3486 4825 liberalissime
3521 4765 3763 4824 offerebas,

2141 4857 2396 4911 hortatus
2438 4873 2535 4923 es;
2583 4873 2654 4910 ne
2699 4857 2915 4912 diutius
2956 4875 3071 4929 qua
3137 4859 3536 4930 exspectatione
3575 4855 3762 4907 frustra-

2140 4950 2340 4998 rentur
2378 4944 2483 4997 viri
2531 4945 2700 5011 docti,
2731 4961 2874 5016 quos
2923 4947 3066 5000 nulli
3097 4947 3180 5001 rei
3235 4948 3412 5017 magis
3440 4945 3634 4998 inhiare
3668 4953 3760 4990 cre-

2139 5032 2402 5087 diderim.
2455 5033 2734 5087 Hactenus
2781 5038 2975 5088 tamen
3007 5036 3130 5105 ejus
3175 5036 3472 5090 editionem
3502 5025 3759 5103 quamlibet

2146 5122 2389 5175 multum
2440 5122 2789 5190 postulatam
2841 5123 3069 5178 differre
3117 5124 3300 5178 visum
3348 5123 3463 5188 fuit,
3512 5124 3567 5174 ut
3594 5110 3757 5170 nostris

2140 5210 2477 5280 marginum
2532 5210 2762 5264 scholiis
2809 5211 3122 5267 illustratus
3169 5213 3395 5284 (quibus
3423 5215 3473 5263 et
3498 5223 3589 5278 per
3609 5205 3754 5273 ipsum

2137 5298 2520 5368 Augustinum
2554 5304 2610 5352 et
2648 5316 2752 5369 per
2806 5304 3024 5355 veteres
3072 5304 3264 5356 Patres
3295 5300 3390 5370 qui
3433 5298 3543 5367 ejus
3588 5290 3754 5376 scripta

2137 5386 2349 5456 passim
2397 5387 2571 5440 citare
2623 5403 2738 5440 non
2809 5388 3071 5443 dubitant
3119 5405 3288 5459 opera
3349 5401 3459 5440 esse
3504 5375 3750 5448 Augustini

2135 5474 2568 5544 convincuntur)
2615 5491 2679 5529 ac
2734 5475 2793 5530 in
2846 5477 3287 5532 commodiorem
3317 5480 3473 5542 atque
3508 5463 3746 5553 aliquanto

2137 5563 2563 5617 concinniorem
2607 5564 2872 5619 ordinem
2920 5566 3199 5631 redactus,
3252 5564 3308 5617 in
3339 5563 3523 5623 lucem,
3569 5551 3653 5604 sub
3678 5551 3740 5596 tui
