3920 6180
131 295 220 345 569
880 286 1242 344 VARIORUM
1283 289 1879 347 EXERCITATIONES
1918 292 1988 346 IN
2027 292 2086 345 S.
2137 289 2499 345 AUGUSTINI
2544 288 2797 344 OPERA.

3487 292 3590 343 570

129 414 352 469 nominis
379 410 647 481 auspicio,
675 410 952 480 prodiret,
987 412 1214 483 quando
1245 413 1399 467 aliud
1435 415 1540 468 tibi
1570 432 1785 486 nequa-
1827 417 1871 470 Α
1902 415 2274 484 scripserant:
2331 415 2521 466 Divina
2594 414 2779 479 afﬂati
2826 413 3037 480 Spiritu
3082 428 3320 466 sermone
3366 416 3589 481 proprio

128 521 278 577 quam
329 500 539 572 gratius
592 516 709 553 esse
779 516 942 570 posse
1004 507 1222 555 certum
1282 502 1584 559 habebam.
1642 507 1780 559 Nam

126 597 438 665 quantopere
488 588 691 642 iisdem
748 589 951 642 studiis
996 590 1379 657 delectareris,
1448 592 1553 646 etsi
1614 597 1780 646 antea

128 682 455 737 didicerame
486 682 725 749 cognato
775 684 871 731 tuo
926 678 1206 733 Ludovico
1258 681 1526 735 Carrione
1569 682 1779 751 juvene

125 788 220 825 non
268 769 548 833 illiterate,
609 768 666 820 in
725 768 885 837 cujus
939 784 1039 821 ore
1097 768 1237 822 mihi
1295 770 1461 839 plane
1520 771 1778 826 habitare

122 859 248 910 visus
275 872 346 920 es,
378 855 517 908 adeo
552 860 711 908 tuum
744 871 879 925 erga
919 872 975 909 se
1013 856 1289 923 studium,
1324 858 1778 913 munificentiam

118 962 169 998 ac
220 945 453 998 favorem
523 943 851 1013 frequenter
908 943 1072 997 nobis
1136 960 1359 998 summa
1416 962 1545 999 cum
1600 947 1779 1001 animi

116 1034 368 1100 voluptate
400 1030 703 1100 prmdicat;
739 1030 919 1099 magis
962 1030 1018 1084 id
1068 1036 1259 1085 tamen
1307 1034 1645 1088 venerabilis
1682 1035 1778 1088 ille

118 1120 241 1173 Beda
266 1124 411 1185 tuus,
438 1135 623 1188 nuper
660 1119 721 1171 in
759 1119 986 1172 ofﬁcina
1022 1120 1371 1190 Hervagiana
1419 1127 1668 1189 renatus,
1714 1141 1777 1177 ac

116 1209 394 1261 multorum
442 1208 717 1260 librorum
760 1208 1099 1273 accessione,
1150 1225 1266 1261 non
1318 1209 1438 1263 sine
1484 1211 1776 1265 immensis

116 1296 404 1364 sumptibus
453 1312 518 1348 ac
562 1295 761 1348 studiis
808 1301 1026 1362 auctus,
1059 1301 1296 1350 testatus
1327 1304 1429 1352 est.
1476 1300 1774 1354 Maximam

114 1385 273 1453 itaque
301 1383 356 1435 in
388 1399 548 1452 spem
580 1383 830 1436 adducor
850 1384 990 1451 fore,
1024 1390 1084 1438 ut
1111 1401 1237 1455 quae
1270 1390 1592 1457 temporum
1622 1388 1772 1456 inju-

112 1471 179 1522 ria
202 1470 254 1521 in
280 1470 530 1523 tenebris
557 1470 739 1523 adhuc
770 1471 960 1540 jacent
985 1477 1041 1525 et
1087 1488 1215 1526 cum
1260 1474 1448 1527 blattis
1498 1492 1561 1528 ac
1607 1475 1775 1528 tineis

111 1558 288 1610 alicubi
336 1557 615 1622 rixantur,
677 1575 743 1611 ea
798 1564 879 1625 tu,
909 1576 1037 1629 quas
1105 1566 1199 1614 tua
1255 1568 1338 1615 est
1386 1563 1446 1616 in
1490 1564 1776 1617 veteribus

109 1645 483 1716 conquirendis
531 1646 813 1699 indefesso
867 1648 1056 1701 studio
1106 1648 1421 1720 diligentia,
1466 1652 1773 1721 aliquando

113 1736 156 1786 in
190 1735 551 1806 propatulum
600 1736 896 1801 allaturus,
930 1740 986 1788 et
1024 1738 1177 1806 quod
1239 1738 1447 1792 nostris
1480 1740 1774 1810 qualibus—

108 1838 300 1891 cunque
332 1823 628 1895 laboribus
661 1824 837 1888 deest,
872 1823 1263 1879 indubitanter
1316 1827 1638 1897 adjecturus
1678 1830 1774 1883 sis.

108 1910 362 1980 Siquidem
405 1911 668 1980 comperi
702 1917 758 1965 et
803 1928 928 1983 ego,
974 1918 1102 1983 post
1135 1915 1279 1967 hanc
1328 1922 1579 1970 nostram
1609 1918 1775 1971 abso-

107 1999 258 2051 lutam
301 1998 639 2064 editionem,
693 2002 967 2053 nonnulla
1005 2018 1123 2054 esse
1171 2019 1297 2072 qua:
1331 2004 1572 2073 diligens
1602 2007 1778 2059 lector

105 2086 322 2140 exactius
352 2091 407 2140 et
447 2088 637 2157 magis
685 2089 855 2158 plena
894 2091 1145 2143 numeris
1185 2091 1300 2143 suis
1326 2093 1550 2157 tradita,
1581 2098 1775 2162 optare

103 2175 266 2245 possit.
316 2177 377 2229 In
426 2175 787 2245 marginibus
837 2194 969 2230 vero
1019 2178 1296 2232 librorum
1328 2185 1654 2234 nostrorum
1687 2183 1777 2252 (ut

102 2269 145 2316 et
171 2264 278 2333 ejus
311 2264 533 2317 consilii
566 2264 675 2317 mei
707 2265 811 2317 tibi
847 2270 1064 2319 constet
1106 2266 1272 2337 ratio)
1306 2269 1439 2321 satis
1472 2268 1773 2323 habuimus

103 2353 424 2406 voluminum
452 2357 648 2405 tomos
699 2354 998 2422 adnotare,
1043 2354 1255 2408 omisso
1294 2357 1633 2425 paginarum
1666 2376 1773 2412 nu-

103 2456 252 2507 mero,
287 2442 437 2510 quod
482 2440 536 2492 is
569 2441 627 2493 in
657 2442 779 2493 aliis
810 2447 980 2512 atque
1012 2443 1138 2496 aliis
1179 2446 1597 2514 exemparibus,
1629 2448 1772 2501 alius

100 2544 149 2579 ac
175 2529 341 2582 multo
384 2529 809 2583 divérsissimus
848 2530 937 2597 sit,
992 2547 1094 2584 nec
1139 2532 1293 2585 idem
1339 2535 1605 2587 omnibus
1654 2552 1769 2588 res-

98 2616 314 2683 pondere
354 2617 561 2687 possit.
608 2618 885 2670 Caeterum
928 2618 1073 2671 hanc
1114 2621 1360 2689 opellam
1411 2626 1466 2673 et
1513 2623 1769 2691 qualem-

99 2720 293 2774 cunque
333 2705 678 2758 industriam
727 2712 1005 2774 nostram,
1052 2712 1105 2760 te
1159 2714 1385 2761 auctore
1426 2722 1765 2780 susceptam,

96 2809 201 2845 cum
239 2794 596 2859 recordarer;
634 2794 835 2847 abduci
876 2796 944 2848 ab
977 2812 1041 2849 eo
1088 2813 1205 2849 non
1234 2797 1395 2865 potui
1427 2799 1563 2867 quin
1595 2816 1766 2868 gene-

96 2896 213 2933 roso:
242 2882 299 2935 D.
335 2884 391 2935 Τ.
435 2888 827 2936 consecratam
868 2883 1165 2937 humiliter
1193 2885 1478 2939 offerrem.
1514 2886 1767 2955 Accipies

94 2968 253 3039 itaque
278 2986 343 3023 eo
376 2987 500 3041 quo
531 2970 821 3024 offerimus
854 2972 1043 3025 animo
1080 2974 1147 3026 'et
1177 2990 1280 3042 pro
1312 2978 1406 3026 tua
1453 2975 1614 3027 solita
1660 2976 1764 3028 hu-
1797 2979 1835 3033 C

96 3057 352 3124 manitate,
393 3060 672 3112 adversus
704 3060 1177 3115 calumniatorum
1230 3062 1493 3130 insultus,
1547 3068 1764 3118 nostros

92 3152 297 3198 conatus
328 3147 593 3202 tuebere.

149 3234 265 3286 Vale
331 3236 605 3301 multum,
681 3236 1028 3291 observande
1095 3238 1356 3304 Domine,
1416 3257 1630 3310 nosque
1680 3242 1763 3294 tui

91 3320 511 3375 studiosissimus
588 3330 784 3377 mutuo
861 3325 1053 3396 dilige.
1135 3327 1387 3393 Lovanii,
1465 3345 1494 3381 e
1570 3334 1762 3382 nostro

92 3407 392 3465 Martiniano
412 3413 700 3481 coenobio,
732 3417 762 3467 9
794 3414 1009 3467 calend.
1040 3415 1281 3484 Apriles,
1316 3432 1465 3469 anno
1498 3419 1652 3469 1564.

583 3537 1236 3592 ANIMADVERSIONES

581 3659 634 3694 IN
674 3659 834 3696 VITAM
875 3661 918 3697 S.
959 3660 1263 3697 AUGUSTINI.

144 3756 345 3814 Praet‘at.
382 3762 460 3816 de
493 3761 562 3816 iis
611 3765 711 3833 qui
758 3764 901 3818 vitas
951 3765 1202 3821 virorum
1249 3767 1759 3822 ecclesiasticorum

1893 510 2057 573 atque
2093 504 2249 570 style,
2282 509 2331 555 et
2352 502 2576 554 auribus
2605 506 2653 554 et
2680 502 2846 554 oculis
2869 502 3003 553 scire
3021 502 3329 566 volentium,
3366 501 3589 555 dicendo

1892 598 1940 646 et
1985 592 2265 646 scribendo
2312 592 2533 653 similia,
2584 590 2945 643 studiosorum
2992 591 3196 642 notitia
3252 591 3589 655 intulerunt,

1891 682 2074 749 quales
2118 680 2413 747 quantique
2454 680 2565 731 viri
2611 694 2677 730 ea:
2720 680 2985 731 communi
3038 680 3252 731 Domini
3297 681 3483 745 gratia
3529 681 3587 731 in

1888 770 2046 822 rebus
2079 769 2350 833 humanis,
2384 772 2434 819 et
2454 768 2629 819 vivere
2651 770 2699 819 et
2723 782 2889 833 usque
2920 769 2976 819 in
3004 769 3162 833 ﬁnem
3199 767 3377 820 obitus
3402 783 3584 835 perse-

1886 873 2075 910 verare
2116 854 2473 925 meruerunt]
2523 857 2757 921 Afﬂatos
2789 855 2974 907 divino
3006 857 3220 922 Spiritu
3249 860 3407 907 vocat
3437 855 3586 908 bono

1888 945 2125 999 consilio
2180 950 2349 1014 atque
2402 944 2592 996 animo
2636 943 2776 995 vitas
2824 943 3153 1008 scribentes,
3210 943 3345 1013 quia
3391 943 3584 996 omnia

1886 1035 2037 1087 bona
2062 1051 2095 1087 a
2125 1033 2319 1087 divino
2337 1033 2529 1086 afflatu
2554 1032 2859 1102 procedere
2892 1036 3145 1100 putabat.
3182 1033 3359 1084 Nemo
3390 1036 3581 1084 tamen

1888 1126 2057 1192 neget
2101 1138 2222 1175 esse
2267 1127 2414 1174 recte
2455 1122 2602 1174 facta
2643 1121 2908 1189 quaedam
2953 1120 3225 1181 humana,
3289 1135 3417 1188 quas
3467 1120 3579 1172 Deo

1887 1210 2116 1281 quidem
2149 1216 2210 1263 ut
2254 1211 2519 1263 humanm
2568 1214 2783 1261 naturae
2834 1208 3053 1261 auctori
3103 1207 3402 1275 debentur,
3434 1207 3479 1259 si
3512 1208 3579 1259 ad

1885 1314 2212 1367 supremam
2277 1314 2505 1351 causam
2562 1298 2966 1361 ascendamus;
3024 1295 3123 1348 sed
3180 1312 3307 1364 quae
3360 1294 3582 1347 nonnisi

1884 1386 2243 1439 incommode
2274 1388 2485 1453 afﬂatu
2538 1386 2659 1455 ejus
2709 1385 2834 1437 fieri
2881 1385 3160 1448 dicantur,
3212 1389 3445 1453 propter
3483 1383 3581 1435 ad-

1886 1474 2080 1527 mistas
2112 1474 2283 1528 nimis
2316 1475 2523 1527 multas
2556 1473 2774 1543 ingenii
2808 1472 3046 1525 humani
3098 1471 3576 1541 imperfectiones.

1882 1563 1971 1617 Sic
2000 1563 2120 1633 ipse
2152 1569 2206 1617 et
2235 1564 2330 1616 alii
2359 1564 2510 1616 bono
2548 1563 2762 1628 animo,
2782 1567 2864 1614 ’ut
2892 1562 3190 1630 putabant,
3237 1560 3581 1629 scripserunt

1884 1652 2026 1704 vitas
2061 1652 2419 1721 superiorum
2450 1650 2878 1720 episcoporum;
2925 1649 3024 1719 qui
3077 1665 3276 1701 eorum
3331 1648 3580 1712 animus,

1888 1740 2078 1805 credo,
2109 1756 2172 1791 ex
2204 1738 2375 1792 officii
2406 1738 2493 1790 sui
2521 1736 2846 1806 cognitione
2878 1742 3044 1788 natus
3075 1740 3212 1801 erat,
3254 1750 3315 1787 ac
3345 1734 3584 1803 proinde

1888 1830 2003 1882 Deo
2037 1844 2283 1897 quoque,
2322 1826 2492 1881 ofﬁcii
2533 1826 2797 1890 exactori,
2848 1825 2933 1876 vel
2968 1824 3075 1877 hoc
3112 1839 3281 1876 sensu
3326 1823 3580 1875 tribuen-

1888 1917 2012 1969 dus.
2058 1915 2165 1968 Sed
2198 1914 2376 1968 afflati
2407 1931 2540 1967 sane
2563 1932 2595 1966 a
2626 1915 2740 1966 Deo
2774 1928 2888 1965 non
2920 1911 3154 1964 fuerunt
3198 1915 3262 1963 ut
3306 1910 3423 1963 fere
3463 1909 3579 1963 dis-

1886 2004 2219 2057 simularent
2249 2002 2385 2055 vitia
2415 2006 2470 2055 et
2495 2002 2697 2055 delicta
2729 2016 2925 2053 eorum
2969 2014 3215 2069 quorum
3260 1997 3402 2050 vitas
3442 1996 3578 2049 scri-

1883 2092 2117 2155 bebant,
2149 2091 2500 2160 virtutesque
2530 2106 2591 2143 ac
2626 2090 2785 2143 dotes
2812 2086 3064 2141 modicas
3108 2090 3316 2155 praeter
3345 2100 3578 2138 omnem

1883 2179 2119 2233 modum
2143 2179 2501 2245 extollerent,
2534 2184 2590 2231 et
2610 2177 2772 2230 venia
2792 2177 3102 2247 indigentia
3128 2174 3290 2245 quasi
3319 2173 3582 2226 miranda

1883 2269 2289 2321 describerent.
2326 2265 2614 2337 Ejusmodi
2647 2266 2800 2319 enim
2833 2264 3126 2328 encomiis,
3172 2279 3241 2315 ne
3282 2262 3392 2315 alia
3431 2261 3577 2331 obji-

1882 2357 2048 2421 ciam,
2084 2358 2148 2410 fit
2178 2372 2295 2408 non
2330 2362 2446 2408 tam
2485 2360 2547 2407 ut
2573 2355 2785 2407 incauti
2826 2354 3063 2406 lectores
3111 2366 3311 2405 eorum
3342 2349 3580 2403 virtutes

1879 2444 2232 2510 imitenteur,
2276 2450 2331 2502 et
2359 2461 2489 2497 vera
2518 2443 2722 2513 placita
2764 2448 3110 2512 sequantur;
3146 2456 3318 2510 quam
3351 2444 3415 2492 ut
3443 2438 3581 2491 vitia

1882 2533 2236 2586 dissimulata
2275 2532 2436 2602 quasi
2486 2532 2634 2585 licita
2665 2538 2715 2583 et
2751 2531 3006 2595 honesta,
3048 2544 3381 2598 erroresque
3414 2526 3581 2596 quasi

1878 2621 2176 2674 veritatem
2214 2621 2602 2674 defendendos
2641 2619 2746 2671 sibi
2784 2622 3146 2687 proponant;
3193 2632 3376 2685 neque
3424 2615 3576 2667 enim

1879 2714 2101 2777 putant,
2135 2709 2180 2761 si
2222 2708 2491 2778 fugienda
2524 2708 2644 2759 huic
2674 2711 2880 2769 essent,
2920 2705 3372 2758 dissimulaturos
3403 2703 3575 2757 fuisse

1878 2797 2083 2849 harum
2116 2797 2362 2849 vitarum
2392 2795 2721 2864 scriptores;
2756 2810 2861 2846 nec
2892 2810 2948 2845 se
2992 2808 3226 2862 peccare
3255 2808 3421 2861 posse
3448 2807 3577 2844 cre-

1877 2883 2039 2951 dunt,
2084 2884 2219 2936 dum
2252 2882 2402 2935 viros
2446 2898 2625 2950 usque
2664 2880 2804 2933 adeo
2851 2880 3105 2932 laudatos
3147 2878 3458 2931 imitantur.
3516 2877 3575 2930 Ei

1879 2971 2243 3023 incommodo
2285 2970 2507 3023 obviam
2546 2968 2628 3021 ire
2659 2968 2940 3020 voluimus
2973 2968 3030 3019 in
3061 2966 3573 3019 animadversioni-

1874 3059 1980 3113 bus
2018 3060 2246 3125 nostris,
2308 3059 2406 3112 ubi
2468 3062 2533 3111 ut
2589 3057 2874 3111 laudanda
2921 3055 3160 3109 candide
3229 3060 3283 3109 et
3329 3055 3574 3109 libenter

1874 3148 2250 3213 laudavimus,
2309 3148 2387 3199 sic
2452 3162 2554 3199 nec
2619 3146 2992 3214 vituperanda
3056 3143 3572 3210 dissimulavimus;

1872 3238 2129 3307 quamvis
2170 3237 2414 3289 multum
2456 3234 2602 3287 absit
2646 3238 2706 3287 ut
2752 3233 2943 3286 omnia
2992 3232 3365 3301 attigerimus,
3418 3232 3571 3302 quod

1872 3325 2169 3378 immensa:
2202 3329 2323 3377 erat
2352 3339 2558 3394 operae,
2592 3338 2694 3376 nec
2725 3338 2838 3374 uno
2872 3321 3158 3374 volumine
3190 3320 3313 3373 fieri
3344 3320 3570 3389 potuis-

1873 3420 1975 3467 set.
2018 3415 2226 3466 Verum
2268 3411 2547 3482 quidquid
2578 3416 2814 3463 conatus
2853 3426 2999 3474 sum,
3048 3410 3105 3462 id
3138 3426 3205 3462 ex
3247 3425 3439 3461 amere
3475 3408 3572 3462 Dei

1872 3508 1926 3555 et
1955 3502 2203 3571 proximi
2234 3500 2572 3571 protluxisse
2607 3498 2763 3551 novit
2785 3498 2878 3551 ille
2899 3498 2990 3551 cui
3012 3498 3334 3550 animorum
3368 3513 3572 3550 arcana

1871 3596 2098 3660 patent;
2152 3607 2344 3659 quem,
2397 3595 2462 3641 ut
2524 3587 2789 3640 tenebras
2846 3586 3185 3656 opinionum
3242 3591 3564 3639 nostrarum

1871 3678 2293 3748 affectuumque
2340 3676 2742 3730 frustrationes
2806 3674 3070 3727 discutiat
3118 3674 3242 3727 luce
3299 3673 3571 3727 adventus

1873 3766 1998 3819 Filii
2029 3767 2135 3833 sui,
2170 3767 2341 3820 etiam
2376 3771 2545 3834 atque
2574 3764 2745 3816 etiam
2774 3779 2893 3816 orn.
2938 3766 3139 3815 Amen.
