3920 6180
1693 245 1967 252 σῇ*-

1548 418 2684 581 VINDICLE

561 746 3660 978 AUGUSTINIANXE

413 1139 703 1216 QUIBUS
755 1138 1045 1204 SANCTI
1097 1138 1484 1204 DOCTORIS
1535 1140 1877 1206 SCRIPTA
1923 1140 2344 1208 ADVERSUS
2394 1143 2906 1210 PELAGIANOS
2957 1143 3058 1210 AC
3106 1144 3772 1212 SEMI-PELAGIANOS

795 1336 884 1414 Α
939 1335 1872 1419 RECENTIORUM
1931 1338 2548 1422 CENSUBIS
2605 1341 3457 1423 ASSERUNTUR

666 1595 1389 1702 AUCTORE
1493 1598 1620 1698 P.
1731 1598 1877 1700 M.
1994 1599 2685 1705 HENRICO
2785 1602 2977 1704 DE
3081 1601 3589 1722 NORIS,

1228 1829 1978 1945 VERONENSI
2054 1837 3021 1947 AUGUSTINIANO

1505 2219 1517 2232 .
1555 2219 1568 2232 .
1608 2220 1620 2232 .
1658 2217 1671 2231 .
1711 2220 1723 2232 .
1760 2219 1772 2232 .
1801 2183 1938 2232 Socii
1968 2197 2161 2246 magno
2191 2183 2418 2233 clamore
2448 2189 2760 2248 sequuntur,

1520 2265 1653 2312 Dum
1678 2265 1885 2326 genitor
1913 2265 2021 2313 nati
2051 2277 2232 2328 parma
2260 2268 2526 2328 protectus
2550 2265 2732 2315 abiret.

1770 2345 1968 2394 Vincit.
1991 2342 2197 2395 Λίηθὶἁ.
2218 2358 2266 2405 x,
2287 2345 2516 2393 790-800.

1293 2513 1697 2562 EPIGRAMMA.
2550 2535 2555 2541 ·
2793 2513 2990 2562 ALIUD
3025 2514 3428 2565 EPIGRAMMA.

734 2601 959 2669 Quidam
990 2601 1276 2669 doctiloqui
1303 2602 1467 2650 libros
1497 2602 1637 2669 senis
1662 2602 1958 2669 Augustini.
2343 2603 2536 2669 Contra
2557 2604 2915 2669 Augustinum
2946 2607 3190 2669 narratur
3218 2619 3428 2669 serpere
3445 2604 3644 2669 quidam

797 2665 1035 2728 Carpere,
1060 2667 1112 2713 et
1131 2664 1410 2728 adversum
1432 2665 1658 2728 condere
1684 2664 1848 2728 fertur
1870 2678 2019 2727 Opus.
2362 2727 2367 2728 ν
2403 2664 2661 2728 Scriptor,
2687 2679 2842 2728 quem
2873 2666 3075 2715 dudum
3107 2668 3255 2716 livor'
3281 2664 3484 2716 a'dussit'
3509 2667 3644 2716 edax.

735 2725 913 2790 Usque
937 2727 1135 2775 adeone
1157 2728 1355 2775 bonum
1383 2726 1656 2790 ingenium
1681 2731 1732 2790 et
1766 2725 2013 2776 facundia
2035 2728 2181 2776 dives
2344 2727 2444 2784 Qui
2470 2725 2628 2790 caput
2656 2725 2895 2776 obscuris
2927 2729 2981 2777 in
3011 2734 3321 2778 contextum
3345 2734 3598 2790 utcunque
3623 2730 3800 2776 cavernis

797 2788 1069 2837 Ostentare
1095 2794 1257 2836 artem
1282 2803 1388 2854 non
1419 2788 1569 2854 aliter
1586 2789 1793 2854 potuit?
2359 2852 2366 2854 _
2403 2788 2606 2854 Tollere
2638 2791 2800 2854 humo
2821 2791 3073 2838 miserum
3106 2792 3340 2854 perpulit
3369 2788 3693 2854 angui—colum.

734 2853 955 2916 ln_n0va
977 2855 1262 2916 prostratas
1297 2851 1434 2916 acies
1461 2850 1560 2916 nisi
1585 2850 1723 2898 bella
1751 2852 1927 2916 cieret,
2343 2852 2445 2916 Aut
2477 2851 2621 2916 hunc
2647 2853 2795 2916 fruge
2829 2866 2925 2900 sua
2951 2850 3180 2916 aequorei
3200 2850 3392 2916 pavere
3423 2853 3654 2912 Britanni,

798 2914 1064 2976 Impiaque
1089 2914 1357 2977 exstinctis
1379 2913 1618 2961 hostibus
1639 2927 1784 2960 arma
1809 2913 1992 2977 daret?
2087 2976 2090 2977 ν
2355 2974 2372 2977 Α
2404 2914 2507 2961 Aut
2535 2914 2657 2962 huic
2683 2915 2948 2977 Campano
2979 2913 3216 2977 gramine
3247 2916 3409 2964 corda
3437 2919 3640 2964 tument.

737 2975 857 3040 Ηεῐξο
878 2974 1074 3040 ωεξηελ,
1100 2975 1360 3040 incentor,
1393 2977 1637 3040 mersest
1667 2979 1755 3022 tua
1775 2981 1868 3040 ;Ate
1891 2976 2058 3038 stylus
2081 2976 2177 3023 iste
2344 2974 2470 3040 Quae
2501 2981 2753 3039 concepta
2774 2974 2934 3037 fovet,
2964 2974 3186 3040 promat,
3222 2992 3344 3040 quae
3377 2978 3600 3040 parturit,
3625 2975 3738 3024 edat:

798 3036 1035 3111 Conﬁcit,
1067 3041 1120 3084 et
1140 3038 1318 3111 verbis.
1340 3036 1704 3111 perderis‘ipse
1731 3037 1852 3111 tuis.
1942 3036 1955 3038 ⁷
2146 3103 2155 3111 ι
2343 3099 2362 3111 ν
2405 3037 2505 3084 Seu
2531 3036 2701 3086 vetere
2728 3036 3254 3111 armatur'dogmate;
3274 3036 3392 3111 sive
3419 3053 3564 3111 novo.

736 3098 1416 3168 Dumque-docesquautum
1433 3098 1604 3168 valeat
1621 3111 1768 3168 mens
1783 3099 1967 3159 libera,
1986 3103 2267 3150 monstras.
2343 3099 2963 3168 ln_qu_o_s_cunque_sinus
2993 3098 3254 3164 spirarum
3292 3105 3527 3164 torqueat
3547 3101 3692 3156 orbes,

797 3113 975 3208 imque
988 3113 1144 3146 aoces
1160 3113 1416 3168 quantum
1433 3113 1604 3146 vaieat
1621 3113 1768 3146 mens
1783 3113 1967 3159 ubera,
1986 3113 2267 3150 monstras.
2344 3113 2402 3146 in
2437 3113 2781 3162 quoscunque
2816 3114 2963 3149 sinus
2993 3115 3254 3164 Spirarum
3292 3113 3555 3164 torqueam

797 3159 890 3234 vel
914 3173 940 3208 e
973 3163 1123 3234 tuum
1151 3161 1355 3234 tibimet
1375 3159 1612 3230 sufficere
1637 3164 1695 3208 ut
1717 3174 1915 3234 pereas.
2084 3224 2096 3234 ‘
2152 3223 2183 3234 η
2346 3223 2378 3234 Α
2406 3161 2468 3209 Et
2489 3161 2646 3234 fallax
2675 3161 2843 3234 multa
2871 3167 3113 3226 torqueat
3142 3167 3253 3234 arte
3290 3169 3463 3234 caput.

735 3221 888 3292 Verte
928 3221 1170 3292 gradum,
1203 3222 1330 3292 iuge
1369 3221 1672 3292 perniciem,
1704 3221 1997 3292 stratosque
2026 3223 2266 3274 rebelles.
2343 3223 2649 3292 Currentem
2676 3224 2882 3272 attritos
2903 3221 3060 3292 super
3093 3225 3304 3287 aspidas
3335 3221 3386 3274 εἰ
3406 3225 3660 3292 basiliscos

797 3283 912 3350 Oris
933 3283 1216 3350 Apostoliei
1239 3283 1458 3350 fulmine
1486 3283 1678 3350 ubique
1700 3283 1832 3350 vide.
2406 3285 2677 3335 Declinare
2707 3299 2889 3335 senem
2913 3283 3090 3350 vipera
3117 3283 3225 3350 non
3248 3290 3458 3350 poterit.

735 3345 845 3408 Nec
868 3349 916 3392 te
939 3348 1139 3392 mutato
1168 3345 1383 3408 defendi
1399 3345 1613 3408 nomine
1649 3345 1846 3408 credes,
2969 3345 2984 3350 ’
3120 3349 3170 3398 S.
3207 3345 3449 3408 Paosrea,
3473 3348 3588 3398 ibid.

798 3405 851 3454 Si
861 3409 1142 3516 Spastorem
1169 3407 1345 3455 ovium
1375 3407 1563 3455 laedere
1599 3408 1696 3465 vis,
1724 3407 1879 3470 lupus
1900 3421 1972 3455 es.

902 3505 912 3516 .
939 3468 1164 3516 Paospaa
1191 3469 1476 3516 AOI'ITANUS
1497 3469 1757 3516 adversus
1781 3470 1972 3516 Catum

902 3505 912 3516 .
939 3468 1164 3516 Paospaa
1191 3469 1476 3524 AOI'ITANUS
1497 3469 1757 3519 adversus
1781 3468 2267 3522 Calumniatorem.

1717 3801 2555 3909 PR/EFATIO

444 4147 741 4201 Neminem
791 4161 908 4199 non
948 4143 1146 4198 mirari
1178 4143 1461 4208 existimo,
1512 4145 1731 4196 tantam
1785 4139 1958 4194 fuisse
2002 4139 2384 4210 quorumdam
2415 4137 2729 4192 recentium
2780 4137 3146 4208 scriptorum,
3197 4141 3258 4190 ut
3305 4135 3596 4191 mitissime
3625 4133 3791 4200 lquar.

367 4235 810 4302 animositatem,
851 4249 964 4304 qua
1003 4233 1386 4301 Augustinum
1431 4230 1742 4283 maximum
1772 4229 1936 4282 illum
1968 4227 2230 4281 catholici
2275 4227 2428 4281 orbis
2461 4227 2798 4296 magistrum
2829 4226 2998 4280 editis
3032 4227 3194 4280 libris
3231 4226 3507 4296 impetere
3544 4221 3650 4276 ausi
3680 4221 3790 4275 sunt.

370 4329 434 4378 ut
453 4325 710 4395 ejusdem
733 4321 1077 4376 defendendi
1105 4318 1413 4372 necessitas
1441 4318 1508 4370 iis
1542 4317 1894 4385 imponatur,
1929 4317 2029 4387 qui
2059 4317 2224 4370 illum
2255 4317 2571 4388 impensius
2601 4317 2814 4370 colunt.
2852 4317 2914 4369 Et
2942 4315 3176 4386 quidem
3202 4315 3323 4384 jam
3352 4315 3478 4367 inde
3506 4313 3570 4366 ab
3596 4306 3788 4364 exorien-

374 4412 446 4465 tis
473 4411 610 4464 mali
632 4409 959 4480 primordiis
988 4407 1236 4474 majores
1264 4403 1462 4468 nostri,
1501 4403 1600 4473 qui
1631 4419 1698 4457 ex
1723 4403 1853 4457 vita:
1884 4403 2146 4459 instituto
2185 4406 2573 4475 Augustinum
2610 4404 2689 4458 uti
2721 4409 3015 4474 parentem
3048 4403 3401 4457 sanctissime
3442 4399 3787 4455 reverebantur.

373 4505 770 4568 erumpentem
804 4511 1078 4550 novorum
1109 4508 1410 4546 censorum
1447 4492 1740 4546 audaciam
1774 4493 2086 4561 reprimere
2121 4493 2311 4547 conati
2341 4497 2491 4547 sunt.
2527 4493 2845 4547 Ludovicus
2875 4494 2946 4546 ab
2976 4492 3209 4562 Angelis
3240 4492 3477 4562 insignis
3505 4487 3639 4559 apud
3666 4484 3784 4575 OlySf

368 4587 700 4657 sipouenses
755 4599 1045 4638 sacrorum
1098 4597 1435 4636 arcanorum
1488 4581 1768 4652 interpres
1834 4583 2011 4635 sancti
2068 4582 2316 4635 doctoris
2375 4582 2774 4636 auctoritatem
2818 4599 2851 4635 a
2902 4581 3154 4651 plurium
3208 4579 3506 4634 calumniis
3557 4573 3787 4628 vindicavi!

375 4675 513 4746 (Lib.
559 4690 590 4725 ν
619 4673 684 4726 de
728 4675 855 4727 Vita
885 4674 1057 4737 Aug.,
1091 4685 1210 4738 cap.
1268 4671 1330 4723 14
1360 4675 1408 4722 et
1444 4669 1550 4739 15),
1582 4674 1637 4723 et
1678 4673 2006 4724 sanctorum
2047 4672 2278 4724 Patrum
2315 4671 2504 4741 elogia
2542 4671 2729 4725 eidem
2765 4671 2838 4726 ob
2884 4671 3216 4740 Pelagianos
3262 4687 3325 4723 ac
3364 4660 3787 4731 semi-Pelagianos

370 4767 722 4833 expugnatos
797 4761 986 4814 delata
1056 4758 1332 4828 singulari
1399 4759 1697 4829 diligentia
1767 4760 2066 4829 congessit,
2135 4759 2285 4812 unde
2349 4764 2545 4829 postea
2612 4760 2814 4814 eadem
2874 4759 3064 4813 caeteri
3129 4762 3483 4811 mutuarunt.
3546 4750 3636 4806 Sed
3698 4755 3788 4839 cile

370 4845 588 4905 malum
644 4847 901 4920 quotidie
957 4847 1238 4917 glisceret,
1305 4851 1478 4917 atque
1553 4847 1615 4899 in
1670 4847 2017 4900 scholasticis
2090 4847 2475 4903 recentiorum
2552 4848 2938 4919 quorumdam
3020 4846 3492 4918 disputationibus
3555 4837 3788 4906 Augustini

371 4939 630 4994 doctrina
682 4938 739 4990 in
786 4935 856 4989 iis
902 4935 1223 5006 praesertim
1265 4934 1676 5006 quaestionibus
1725 4951 1866 5004 quas
1911 4951 2041 4988 cum
2087 4934 2295 4988 divinas
2327 4936 2525 5006 gratias
2556 4936 2814 4990 hostibus
2857 4936 3006 4990 idem
3043 4936 3341 4997 habuerat,
3375 4931 3572 5003 passim
3599 4921 3789 5014 tradu'ce'

375 5032 552 5096 retur,
605 5027 684 5080 ita
729 5030 792 5079 ut
831 5041 1087 5078 summus
1151 5024 1407 5078 Ecclesiae
1463 5024 1662 5078 doctor
1709 5024 1768 5076 in
1827 5023 2091 5077 ordinem
2162 5025 2498 5094 propediem
2552 5025 2909 5078 reducendus
2963 5024 3273 5088 videretur,
3338 5019 3560 5076 Basilius
3608 5014 3785 5104 Pontius

375 5115 757 5184 Legionensis,
792 5129 1033 5184 magnus
1063 5114 1214 5184 apud
1257 5111 1733 5166 Salmanticenses
1782 5112 2105 5182 theologus,
2144 5127 2260 5165 non
2305 5111 2474 5165 modo
2511 5129 2643 5165 suos
2687 5111 3161 5182 Augustinenses,
3209 5125 3405 5164 verum
3435 5107 3590 5162 etiam
3617 5107 3784 5167 sapien-

373 5203 624 5257 tissimos
656 5204 1039 5258 Dominicanas
1070 5202 1300 5256 familiae
1331 5202 1542 5265 Patres,
1578 5200 1875 5270 ipsamque
1905 5200 2410 5254 Salmanticensem
2449 5201 2813 5254 Academiam
2846 5201 2903 5253 in
2934 5200 3238 5271 Augustini
3273 5203 3456 5270 partes
3485 5190 3631 5249 traxit
3653 5188 3782 5251 HP'J'

374 5293 522 5360 logia
544 5292 844 5360 jurament.
881 5291 1192 5359 Salmant.),
1227 5305 1340 5360 quo
1367 5289 1543 5342 veluti
1591 5288 2009 5341 succenturiato
2041 5289 2307 5357 prmsidio
2341 5289 2520 5343 sancti
2553 5289 2799 5342 doctoris
2831 5290 3140 5344 auctoritas
3180 5289 3443 5342 adversus
3472 5275 3782 5367 recentiorum

374 5381 624 5451 impetus
649 5382 990 5436 muniretur.
1020 5380 1181 5448 Hinc,
1215 5377 1419 5433 Pontio
1451 5382 1699 5444 auctore,
1732 5377 2088 5431 Salmantica:
2119 5393 2268 5432 anno
2304 5380 2435 5431 1627
2469 5377 2749 5432 famosum
2780 5377 2920 5432 illud
2941 5377 3123 5431 foedus
3145 5377 3316 5429 ictum
3347 5377 3446 5435 est,
3475 5386 3534 5423 ea
3559 5368 3782 5451 praecipue

375 5446 722 5536 conditione,
747 5474 810 5523 ut
835 5469 934 5540 qui
956 5446 1278 5538 theologica
1293 5467 1490 5520 laurea
1510 5466 1760 5520 donandi
1777 5467 1980 5531 forent,
2004 5471 2278 5536 concepto
2298 5466 2459 5536 prius
2473 5467 2802 5536 juramento
2822 5465 3256 5538 Augustinianze
3277 5460 3528 5518 doctrina:
3545 5446 3781 5510 defenden-

377 5559 463 5612 dm
488 5574 606 5612 sese
629 5558 1031 5626 astringerent.
1052 5557 1126 5609 Eo
1152 5554 1521 5608 nobilissimas
1540 5554 1853 5608 Academiae
1868 5554 2010 5606 facto
2023 5553 2456 5632 Augustinianae
2473 5554 2795 5608 auctoritati
2814 5553 2948 5607 satis
2967 5555 3287 5607 consultum
3304 5549 3588 5603 videbatur,
3605 5544 3778 5608 praeser-
