3906 6182
119 265 203 315 573
1618 262 1657 316 P

3214 272 3229 279 “
3465 280 3569 333 574

120 386 206 439 tim
240 399 353 437 cum
378 382 537 435 etiam
566 380 1009 435 Lovaniensium
1038 381 1441 452 theologorum
1461 381 1698 441 facultas
1713 384 1833 455 jam
1863 386 2090 457 pridem
2122 390 2181 444 in
2202 393 2507 462 Augustini
2542 394 2711 449 verba
2726 396 2995 466 jurasset.
3046 398 3329 455 Caeterum
3360 403 3566 457 exortis

118 469 425 527 Jansenianis
466 468 707 524 dissidiis
720 469 1163 541 pleriquelonge
1190 471 1479 526 acerbiora
1496 476 2088 544 contraAugustinum
2108 480 2331 551 etloqui
2347 487 2403 537 et
2418 484 2663 538 scribere
2680 500 2795 539 non
2822 486 3225 543 extimuerunt.
3245 490 3571 545 Nondefue-

122 578 169 616 re
196 566 360 613 tamen
390 574 451 610 ex
486 564 677 611 nostra
705 558 923 612 familia
952 559 1057 612 viri
1082 560 1181 630 qui
1204 561 1395 631 magni
1420 563 1673 631 parentis
1699 568 1889 633 partes
1921 567 2192 621 acerrime
2214 570 2594 629 defensarent.
2626 575 2736 627 llos
2762 574 2914 629 inter
2940 577 3174 631 emicuit
3205 580 3372 634 Pater
3404 579 3570 635 Caro-

125 651 199 704 lus
225 649 434 710 lioreau,
464 646 670 709 Gallus,
704 645 802 716 qui
834 651 991 700 tomo
1020 648 1205 717 primo
1238 665 1469 703 suarum
1500 650 1560 704 in
1600 652 2012 707 Tertullianum
2052 656 2629 714 Animadversionum
2673 660 2806 716 satis
2853 665 3100 733 prolixas
3146 666 3421 721 vindicias
3463 685 3568 739 pro

129 734 392 804 Augustino
422 733 684 801 inseruit,
709 735 863 803 quod
891 734 1089 789 itidem
1120 741 1287 790 antea
1316 738 1660 807 praestiterat
1686 740 1771 794 vir
1800 740 2041 812 insignis
2071 746 2316 799 Joannes
2348 748 2543 802 Rivius
2578 750 2749 819 Belga
2781 751 2924 805 libro
2955 757 3159 822 quarto
3192 754 3260 808 de
3292 755 3414 809 Vita
3456 733 3567 811 Au-

125 822 316 894 gustini.
345 822 448 875 Sed
483 822 733 891 profecto
764 826 989 876 nostros
1011 824 1202 893 hosce
1234 827 1536 896 scriptores
1565 831 1619 881 et
1657 829 1894 882 laterem
1939 831 2157 901 lavisse,
2192 838 2247 888 et
2275 837 2458 891 surdis
2489 838 2755 892 cecinisse
2802 841 3020 909 experti
3068 859 3293 907 sumus;
3342 847 3569 897 tantum

124 912 245 964 enim
275 910 423 963 abest
454 916 516 962 ut
539 910 625 963 illi
666 911 733 963 ab
768 910 992 981 incepto
1025 913 1366 980 destiterint,
1404 919 1469 968 ut
1497 916 1703 986 majori
1732 918 1922 989 longet
1952 929 2222 994 apparatu
2258 930 2425 995 atque
2456 926 2838 981 infestioribus
2871 929 3043 982 armis
3081 930 3141 983 in
3186 930 3567 1000 Augustinum

124 1002 378 1068 moverint,
410 1002 529 1053 haec
564 1002 834 1056 adversus
866 1004 1291 1073 llipponensem
1323 1006 1615 1061 doctorem
1652 1010 2109 1080 scripturientes:
2146 1032 2172 1065 α
2203 1014 2508 1084 Augustini
2549 1016 2865 1069 doctrinam
2898 1018 3215 1087 obscuram,
3251 1018 3564 1085 difficilem,

123 1089 577 1153 iutricatissimam,
613 1106 809 1144 secum
847 1091 969 1162 ipsa
1000 1099 1377 1163 pugnantem,
1408 1097 1781 1169 pluribusque
1809 1102 2099 1155 erroribus
2133 1102 2451 1156 obnoxiam
2483 1120 2623 1158 esse.
2668 1104 2926 1159 Positum
2966 1105 3127 1158 illum
3169 1107 3271 1160 sub
3302 1108 3563 1178 caligine.

122 1180 167 1232 In
192 1177 485 1247 Pelagianis
519 1180 925 1248 oppugnandis
955 1182 1107 1235 ultra
1137 1183 1387 1237 veritatis
1421 1184 1629 1239 limites
1654 1192 1795 1242 aestu
1824 1190 2227 1259 disputationis
2258 1191 2578 1261 abreptum.
2624 1192 2863 1246 Licitum
2891 1210 3011 1246 esse
3041 1195 3248 1248 nedum
3290 1196 3564 1265 judicem,

120 1266 191 1319 sed
217 1282 279 1318 ne
317 1266 595 1320 arbitrum
625 1268 859 1338 quidem
888 1270 1262 1323 honorarium
1290 1270 1351 1324 in
1382 1274 1776 1327 controversiis
1808 1277 1876 1329 de
1914 1278 2109 1331 divina
2130 1279 2313 1348 gratia
2339 1279 2503 1333 illum
2543 1281 2867 1335 admittere.
2902 1283 3084 1352 Ipsius
3125 1298 3283 1336 arma
3314 1300 3427 1337 non
3477 1300 3563 1337 es-

118 1372 159 1409 se
184 1355 644 1425 inexpugnabilia,
678 1373 864 1428 neque
895 1358 1027 1412 satis
1076 1364 1208 1429 apta
1238 1359 1308 1413 ad
1340 1360 1670 1415 Calvinistas
1700 1368 2068 1434 superandos.
2104 1368 2510 1422 Haereticorum
2541 1369 2893 1439 argumentis
2925 1370 3161 1423 minime
3212 1371 3562 1435 satisfecisse,

117 1460 263 1513 neque
290 1444 496 1513 positas
528 1445 627 1498 abs
648 1462 705 1498 se
727 1446 913 1500 theses
946 1448 1412 1503 convincentibus
1441 1453 1796 1520 argumentis
1827 1456 2240 1525 comprobasse.
2286 1458 2409 1510 Non
2460 1473 2580 1511 esse
2623 1458 3011 1528 sepeliendam
3057 1459 3472 1525 scholasticam,
3504 1464 3570 1514 ut

116 1550 228 1587 unus
251 1539 441 1605 regnet
487 1536 862 1605 Augustinus,
897 1539 995 1592 sed
1025 1539 1178 1592 hunc
1204 1540 1393 1610 ipsum
1424 1542 1493 1595 ad
1524 1542 1871 1597 scholasticas
1900 1543 2176 1597 amussim
2202 1544 2564 1615 exigendum.
2592 1544 2882 1599 Ridiculos
2910 1546 3211 1615 Augustini
3241 1546 3568 1601 adoratores

113 1624 163 1675 ad
188 1639 439 1676 nauseam
472 1624 865 1694 hyperbolicas
896 1626 956 1679 in
985 1628 1253 1681 eumdem
1284 1629 1482 1683 laudes
1511 1646 1840 1700 congerere.
1866 1631 2159 1685 Volentem
2186 1632 2525 1702 impugnare
2551 1633 2857 1702 Augustini
2887 1634 3196 1687 sententias
3232 1634 3567 1687 habiturum

112 1711 384 1781 adjutorem
416 1714 622 1766 Deum.
656 1734 684 1765 »
721 1715 871 1781 Haec,
906 1714 1084 1769 aliave
1109 1732 1253 1786 pene
1287 1716 1593 1771 innumera
1619 1718 1905 1781 addidere,
1934 1732 2062 1786 quas
2095 1716 2155 1769 in
2182 1716 2330 1769 calce
2360 1717 2532 1786 hujus
2576 1717 2933 1787 Apologetici
2978 1719 3309 1771 referemus.
3357 1720 3568 1771 Ferunt

114 1798 252 1853 Croesi
294 1800 441 1870 regis
494 1800 682 1855 ﬁlium
715 1819 745 1855 a
775 1818 954 1872 puero
986 1809 1201 1858 mutuae
1232 1806 1529 1873 (Herodot.,
1565 1807 1657 1859 lib.
1690 1807 1749 1876 ι),
1785 1821 1914 1859 cum
1946 1804 2196 1875 parentis
2219 1805 2486 1874 jugulum
2518 1805 2709 1858 stricto
2742 1821 3015 1859 mucrone
3044 1805 3246 1875 impeti
3286 1805 3355 1859 ab
3402 1807 3567 1860 hoste

112 1893 343 1955 cerneret,
410 1889 601 1958 ruptis
651 1892 957 1961 derepente
1007 1892 1330 1946 miserantis
1378 1899 1598 1947 natura:
1644 1894 1861 1965 impetu
1920 1892 2182 1963 perpetui
2242 1892 2457 1947 silentii
2503 1892 2741 1946 vinculis
2788 1894 3159 1947 exclamasse:
3206 1901 3467 1964 Ἀνϐρώπε,
3497 1906 3566 1964 μὴ

112 1986 231 2030 κτεῖνε
263 1985 477 2047 Κροίσον.
521 1980 592 2031 At
634 1995 755 2033 nos.
796 1980 1003 2050 quibus
1045 1980 1268 2052 integer
1299 1982 1570 2051 loquendi
1619 1999 1752 2037 usus
1800 1985 1901 2048 est,
1944 1982 2325 2052 Augustinum
2372 1985 2668 2051 parentem
2712 1982 3017 2051 optimum,
3064 1982 3567 2053 doctissimumque

112 2077 346 2117 novorum
367 2080 673 2119 censorum
708 2067 934 2137 scriptis
963 2068 1199 2139 impune
1231 2070 1465 2123 lacerari
1497 2071 1915 2140 permittemus,
1952 2076 2009 2125 et
2045 2070 2159 2124 illis
2191 2070 2424 2140 quidem
2463 2070 2619 2125 mille
2648 2070 3036 2124 conviciorum
3063 2071 3318 2141 plaustra
3345 2070 3408 2124 in
3437 2087 3567 2125 san-

110 2156 231 2205 ctum
273 2153 560 2208 doctorem
597 2158 1055 2225 congerentibus,
1101 2175 1202 2211 nos
1234 2160 1431 2213 eadem
1488 2159 1629 2213 citra
1658 2161 1919 2230 querelas
1955 2156 2141 2228 plenis
2177 2156 2409 2210 auribus
2453 2155 2815 2227 excipientes,
2846 2156 3031 2211 ansati
3060 2173 3256 2226 pacem
3316 2155 3567 2210 servabi-

108 2254 221 2303 mus,
250 2242 400 2310 quasi
428 2259 497 2295 ea
533 2259 634 2296 nos
664 2244 807 2298 nihil
842 2249 1127 2316 tangant?
1158 2248 1472 2317 Degeneres
1499 2264 1634 2301 sane
1664 2265 1727 2302 ac
1764 2249 1947 2320 spurii
1976 2245 2245 2302 censendi
2276 2261 2547 2313 essemus,
2582 2245 2698 2299 imo
2730 2250 2988 2299 amentes
3016 2261 3249 2315 prorsus
3271 2246 3358 2298 vel
3389 2244 3564 2311 saxei,

108 2328 142 2379 si
167 2328 215 2381 in
242 2334 388 2384 tanto
412 2332 674 2401 parentis
708 2334 1034 2388 discrimine
1064 2336 1206 2405 stylo
1234 2352 1616 2405 parceremus,
1649 2338 1748 2407 qui
1779 2343 1834 2392 et
1866 2353 1985 2391 esse
2020 2341 2076 2390 et
2104 2334 2304 2389 haberi
2328 2333 2586 2388 volumus
2612 2333 3032 2404 Augustiniani.
3060 2332 3239 2387 Patris
3268 2334 3453 2387 honor
3480 2332 3570 2386 la-

108 2418 324 2486 cessitur,
351 2420 583 2489 pietatis
614 2426 697 2475 est
722 2424 987 2476 eumdem
1018 2424 1088 2477 ab
1116 2424 1568 2479 adversariorum
1599 2425 1762 2479 dictis
1786 2425 2101 2479 vindicare.
2141 2422 2397 2477 Ecclesia:
2428 2422 2685 2493 magistri
2707 2422 2965 2477 doctrina
2991 2422 3306 2493 impetitur,
3334 2421 3467 2476 fidei
3488 2425 3571 2475 est

108 2503 235 2559 illam
263 2523 291 2559 a
319 2523 803 2581 quorumcumque
833 2512 1051 2581 impetu
1088 2528 1358 2567 asserere.
1396 2513 1519 2566 Divi
1552 2514 1703 2567 fama
1733 2515 2082 2578 decurtatur,
2109 2510 2403 2582 religionis
2445 2519 2530 2565 est
2560 2511 2820 2565 eamdem
2852 2516 3061 2565 sartam
3095 2516 3417 2581 tectamque
3445 2527 3568 2564 ser-

108 2608 228 2647 vare.
258 2596 616 2658 Quantorum
642 2615 778 2668 ergo
810 2600 1113 2653 criminum
1142 2600 1225 2653 rei
1249 2601 1637 2667 evaderemus,
1680 2601 1726 2654 si
1763 2600 1980 2672 vulgari
2010 2600 2155 2653 forte
2184 2599 2641 2653 adversariorum
2672 2599 3071 2665 mstimatione,
3102 2604 3200 2652 aut
3228 2614 3429 2652 eorum
3472 2599 3570 2669 qui

109 2682 285 2737 eisdem
315 2702 473 2739 suam
512 2687 818 2742 vendidere
847 2689 1044 2755 fidem,
1076 2689 1412 2743 auctoritate
1443 2689 1671 2743 coerciti
1701 2689 1940 2759 injustas
1988 2688 2129 2742 adeo
2161 2689 2221 2741 in
2248 2687 2633 2758 Augustinum
2663 2692 2921 2757 peractas
2971 2703 3236 2739 censuras
3266 2686 3438 2739 surda
3467 2702 3568 2739 au-

108 2787 152 2823 re
177 2775 672 2840 pertransiremus!
710 2778 815 2830 Diu
846 2778 1077 2846 quidem
1109 2778 1388 2843 siluimus,
1436 2779 1783 2849 privatisque
1833 2777 2080 2848 querelis
2112 2776 2403 2845 ingentem
2430 2775 2607 2829 animi
2646 2775 2899 2828 dolorem
2935 2790 3169 2843 egerere
3219 2774 3563 2839 curavimus,

108 2862 388 2933 meliorem}
427 2866 588 2919 hisce
645 2866 978 2920 hominibus
1027 2883 1162 2937 erga
1217 2868 1604 2937 Augustinum
1666 2872 1918 2921 mentem
1985 2868 2431 2935 comprecantes.
2499 2863 2601 2918 Sec‘
2676 2863 2819 2916 nihil
2894 2862 3237 2932 profecimus
3293 2862 3571 2931 patientia

108 2951 192 3003 uisi
244 2958 300 3006 ut
352 2954 624 3025 graviora
691 2960 966 3025 tanquam
1029 2955 1098 3009 de
1151 2955 1303 3009 facili
1354 2956 1731 3009 tolerantibus
1796 2955 2214 3023 ingererentur,
2274 2951 2425 3004 unde
2481 2950 2681 3020 pejora
2753 2950 2811 3003 in
2885 2950 3006 3045 dies
3070 2949 3420 3045 audientes,“
3448 2949 3568 3045 jam

108 3042 302 3096 tandem
358 3045 933 3114 quantulamcunque
994 3044 1141 3097 hanc
1196 3047 1452 3097 nostram
1508 3044 1933 3098 advocationem
2002 3040 2320 3110 Augustino
2389 3039 2755 3093 commodare
2824 3038 3034 3133 coacti_
3077 3053 3292 3133 sumus.
3378 3037 3569 3133 l‘lemi-

108 3145 212 3184 nem
241 3148 366 3185 vero
406 3134 554 3187 adeo
628 3132 857 3202 pietatis
932 3149 994 3185 ac
1068 3132 1364 3204 religionis
1438 3136 1729 3202 expertem
1804 3134 2059 3186 futurum
2132 3129 2396 3195 arbitror,
2476 3129 2575 3198 qui
2648 3129 2820 3182 hocce
2894 3125 3326 3197 Apologeticum
3398 3125 3571 3179 torvis

110 3218 253 3271 oculis
322 3221 638 3284 intueatur,
700 3220 1047 3289 nigrumque
1127 3220 1315 3273 eidem
1385 3219 1542 3273 theta
1613 3220 1893 3290 prmfigat.
1960 3218 2201 3285 Etenim,
2270 3224 2335 3271 ut
2393 3217 2533 3271 olim
2597 3217 2667 3271 ad
2743 3216 3181 3270 Constantinum
3250 3218 3571 3283 Augustum

111 3305 395 3362 Lactantius
444 3308 679 3379 scripsit
742 3310 882 3378 (Lib.
934 3325 966 3361 v
1010 3311 1190 3364 Instit.
1254 3324 1373 3377 cap.
1437 3310 1520 3377 l):
1586 3327 1613 3359 ι(
1684 3309 1738 3363 Si
1793 3308 2099 3378 sacrilegis,
2156 3312 2213 3361 et
2267 3306 2679 3377 proditoribus,
2738 3310 2794 3359 et
2836 3303 3104 3359 veneficis
3161 3306 3413 3373 potestas
3470 3302 3569 3355 de-

110 3393 341 3451 fendendi
369 3398 459 3451 sui
490 3397 680 3462 datur,
716 3413 818 3450 nec
847 3397 1229 3467 praedamnari
1259 3413 1611 3467 quemquam
1642 3397 1933 3466 incognita
1961 3413 2129 3450 causa
2165 3396 2317 3461 licet,
2358 3411 2474 3448 non
2506 3394 2715 3464 injuste
2746 3398 2939 3464 petere
2972 3392 3253 3459 videmur,
3287 3412 3308 3437 ι
3364 3395 3429 3444 ut
3458 3393 3571 3444 Au-

109 3484 319 3550 gustino,
348 3486 447 3556 qui
484 3484 664 3538 veluti
696 3485 1183 3554 Christianizorbis
1223 3485 1460 3551 delicias,
1507 3489 1647 3539 teste
1675 3490 1865 3538 sancto
1894 3484 2192 3539 Caelestino
2222 3500 2393 3553 papa,
2438 3501 2465 3533 «
2516 3482 2732 3552 ubique
2764 3481 2979 3535 cunctis
3012 3485 3067 3535 et
3088 3480 3267 3535 amori
3300 3480 3471 3535 fuerit
3516 3484 3573 3533 et

109 3568 296 3638 honori,
330 3594 353 3624 »
387 3574 617 3644 Aliquis
657 3574 728 3627 sit
758 3574 1078 3628 defensioni
1099 3576 1272 3629 locus.
1297 3576 1437 3628 Nam
1466 3574 1713 3644 pessima
1743 3576 1890 3627 foret
1919 3579 2249 3627 nostrorum
2279 3577 2604 3641 temporum
2646 3571 2915 3635 conditio,
2948 3570 2995 3623 si
3020 3569 3324 3666 Augustini
3370 3584 3569 3666 censo-

109 3657 229 3711 ribus
257 3666 496 3733 utraque
534 3661 685 3715 auris
718 3663 967 3729 daretur,
1012 3679 1329 3733 eorumque
1362 3663 1641 3733 injuriosa
1668 3663 1912 3716 nimium
1954 3664 2273 3733 Augustino
2316 3660 2606 3715 volumina
2634 3676 2737 3730 per
2776 3676 2874 3713 ora
2923 3674 3240 3729 manusque
3271 3657 3569 3711 hominum

108 3748 384 3818 volitarent,
434 3756 494 3804 et
528 3750 705 3804 sancti
737 3751 985 3804 doctoris
1028 3751 1355 3805 defensores
1402 3767 1515 3804 non
1559 3751 1730 3804 modo
1765 3752 2007 3805 inauditi
2031 3752 2247 3821 judicio
2276 3750 2734 3817 excluderentur,
2764 3763 2960 3802 verum
3001 3747 3167 3801 etiam
3222 3746 3434 3800 eisdem
3495 3745 3569 3798 si-

111 3834 309 3892 lentium
331 3839 445 3893 lata
476 3841 606 3910 lege
631 3840 997 3893 indiceretur.
1044 3841 1299 3893 Immane
1331 3856 1394 3893 ac
1423 3839 1681 3893 barbarae
1736 3856 1969 3909 prorsus
1995 3839 2232 3893 feritatis
2277 3837 2605 3906 exemplum
2646 3836 2836 3901 fuerit,
2870 3851 2999 3889 cum
3030 3834 3431 3889 Rhadamistus
3482 3836 3567 3902 ty-

107 3940 373 3982 rannorum
403 3928 929 3983 truculentissimus
962 3928 1301 3982 Mithridatis
1330 3929 1733 3983 Armeniorum
1763 3928 1913 3999 regis
1943 3928 2107 3992 filios,
2139 3927 2293 3998 quod
2326 3947 2352 3976 «
2383 3929 2689 3996 parentum
2715 3924 2964 3977 caedibus
2994 3922 3509 4017 illacrvmaverant,
3538 3940 3565 4017 u

108 4015 366 4071 trucidavit
396 4020 671 4086 (Tacitus,
725 4018 816 4071 lib.
850 4034 925 4071 x11
953 4017 1181 4085 Annal.)
1214 4017 1448 4087 Iniquus
1477 4034 1610 4071 sane
1656 4018 1831 4087 judex
1879 4015 1973 4081 sis,
2036 4015 2154 4085 qui,
2211 4016 2374 4067 Patre
2429 4017 2622 4067 nostro
2661 4012 2815 4064 mille
2860 4010 3125 4064 conviciis
3176 4010 3454 4073 lacessito,
3509 4013 3571 4061 ut

109 4102 397 4176 Hieronymi
429 4108 621 4161 verbis
662 4112 789 4160 utar
824 4108 1004 4177 (Apol.
1041 4111 1073 4161 2
1103 4112 1239 4161 cont.
1272 4108 1561 4177 Ruﬁnum),
1600 4125 1625 4157 «
1656 4122 1727 4160 ne
1759 4104 2039 4174 gemitum
2072 4102 2301 4172 quidem
2337 4118 2402 4154 ac
2426 4101 2704 4171 lacrymas
2724 4098 2936 4194 dolori
2956 4097 3161 4194 liberas
3217 4113 3336 4194 esse
3364 4112 3568 4194 conce-

109 4189 190 4243 dis.
220 4214 243 4243 »
272 4196 555 4264 Legimus,
603 4212 731 4249 cum
775 4197 993 4249 Nerone
1044 4196 1361 4266 imperante
1396 4196 1573 4248 virtus
1603 4194 1788 4248 omnis
1817 4209 1922 4263 pro
1953 4191 2190 4245 crimine
2220 4190 2545 4250 haberetur,
2601 4188 2852 4242 Aruleno
2902 4185 3129 4240 Rustico
3163 4202 3226 4239 ac
3285 4185 3567 4239 Herennio

109 4276 384 4350 Senecioni,
412 4285 571 4356 quod
604 4284 1096 4338 innocentissimos
1123 4300 1187 4337 ac
1225 4283 1674 4354 sapientissimos
1705 4282 1855 4335 cives
1894 4281 2239 4343 laudassent,
2279 4301 2299 4327 ex
2345 4277 2585 4347 capitale
2615 4275 3058 4373 fuisse-neque"
3088 4275 3147 4373 in
3191 4275 3340 4373 ipsos
3396 4274 3567 4373 modo

111 4374 347 4435 auctores,
377 4372 474 4425 sed
507 4372 565 4423 in
598 4371 807 4424 liberos
837 4387 1065 4441 quoque
1088 4387 1286 4425 eorum
1326 4372 1585 4425 saevitum
1617 4372 1877 4439 (Tacitus.
1911 4370 1974 4425 in
2013 4372 2230 4438 praefat.
2281 4368 2354 4421 ad
2403 4370 2587 4421 Vitam
2615 4367 2927 4435 Agricolae).
2968 4385 2989 4413 ι
3030 4364 3139 4418 Sed
3187 4363 3331 4417 absit
3367 4368 3431 4416 ut
3462 4363 3569 4416 hoc

110 4452 291 4510 facinus
319 4460 505 4513 nostri
536 4460 727 4513 saeculi
756 4460 827 4513 sit
856 4461 942 4513 vel
974 4460 1250 4530 exempli:
1282 4477 1467 4531 neque
1501 4460 1654 4514 enim
1691 4459 1957 4513 homines
1986 4459 2057 4512 ab
2088 4458 2234 4512 avita
2265 4473 2403 4526 erga
2443 4455 2603 4510 divos
2648 4454 2924 4525 religione
2964 4453 3105 4507 adeo
3135 4451 3430 4507 recessisse
3460 4468 3564 4521 puo

111 4545 238 4598 tandi
266 4553 413 4615 sunt,
449 4554 516 4603 ut
546 4548 853 4618 Augustini
884 4549 1080 4602 laudes
1118 4548 1483 4617 indignantes
1515 4546 1767 4615 audiant,
1820 4554 1988 4621 atque
2020 4549 2237 4603 editum
2293 4548 2445 4601 hunc
2476 4552 2734 4599 nostrum
2792 4560 2897 4613 pro
2926 4542 3124 4596 eodem
3174 4543 3385 4596 librum
3426 4541 3570 4595 irata

111 4644 250 4687 manu
279 4636 615 4706 discerpant.
661 4638 894 4705 Magnus
929 4637 1118 4689 stoicae
1146 4642 1309 4690 sectae
1341 4635 1625 4706 professor
1653 4636 1864 4691 Seneca
1911 4639 2117 4692 merito
2164 4636 2369 4706 impias
2424 4634 2735 4704 Praexaspis
2782 4635 3086 4687 Persarum
3133 4637 3375 4727 satrapae
3406 4646 3569 4727 voces

110 4729 360 4777 execratur
391 4726 535 4793 (Lib.
572 4743 629 4778 nr
659 4726 724 4778 de
754 4728 863 4791 Ira,
893 4740 937 4779 c.
980 4726 1079 4793 l4),
1110 4726 1209 4795 qui
1239 4741 1368 4778 cum
1411 4725 1549 4778 citra
1582 4725 1859 4793 gemitum
1892 4727 1995 4779 sub
2029 4725 2207 4779 oculis
2238 4723 2498 4792 transﬁgi
2529 4722 2639 4775 sibi
2689 4720 2874 4815 filium
2925 4737 2957 4774 a
2993 4721 3266 4815 Camby-se
3321 4736 3452 4789 rege
3475 4720 3567 4815 .vi-

110 4805 267 4875 disset,
298 4814 366 4867 ab
394 4814 600 4867 eodem
630 4813 1015 4884 interrogatus
1046 4831 1184 4867 num
1214 4818 1366 4867 certo
1398 4814 1512 4867 ictu
1543 4830 1787 4885 pransus
1818 4814 1888 4867 ad
1929 4828 2164 4882 scopum
2195 4811 2530 4873 collimaret,
2565 4808 2794 4879 tyranni
2824 4810 3118 4862 dexteram
3282 4805 3565 4902 sanguine

109 4905 386 4967 cruentam,
418 4903 854 4973 fumantemque
885 4920 987 4972 per
1019 4903 1409 4957 detestabilem
1439 4903 1828 4957 adulationem
1859 4901 2127 4967 laudavit,
2168 4914 2481 4969 paremque
2528 4897 2588 4950 in
2631 4897 2949 4966 sagittando
2996 4896 3248 4990 Apollini
3278 4895 3435 4990 illam
3476 4893 3566 4945 di-

108 4983 185 5038 xit.
217 4988 358 5044 Itane
387 5007 645 5061 corpore,
681 4993 780 5046 sed
810 4992 992 5062 magis
1044 4993 1235 5045 animo
1267 4992 1412 5045 servi
1442 4993 1768 5062 exemplum
1799 4991 2024 5056 secutis,
2056 4988 2337 5042 nevorum
2376 5002 2678 5040 censorum
2728 5000 2951 5049 manus,
2992 5001 3135 5055 quas
3190 4984 3347 5052 stylis
3379 4996 3565 5034 arma-

109 5075 172 5125 tas
195 5078 503 5147 Augustino
534 5080 870 5146 intulerunt,
906 5081 1186 5149 laudibus,
1218 5081 1335 5134 imo
1367 5086 1421 5134 et
1454 5081 1657 5134 osculis
1684 5080 1848 5133 nobis
1894 5077 2200 5148 implendas
2232 5075 2437 5130 erunt?
2492 5073 2800 5167 Hominum
2843 5087 3017 5167 quam
3057 5072 3318 5167 divorum
3360 5084 3567 5167 aman-

113 5160 197 5214 tier
220 5165 357 5221 hanc
400 5169 564 5221 nobis
596 5169 1010 5239 iniquissimam
1046 5171 1229 5240 legem
1263 5170 1539 5238 imponet,
1573 5186 1605 5223 a
1655 5185 1767 5239 qua
1822 5171 2017 5221 tamen
2056 5182 2159 5218 nos
2189 5165 2399 5218 liberos
2439 5178 2557 5215 esse
2588 5160 2818 5224 scimus,
2849 5159 3061 5229 quippe
3095 5159 3195 5228 qui
3223 5159 3293 5211 ad
3342 5160 3569 5227 Augus-

111 5244 189 5299 tini
217 5252 595 5310 defensionem
627 5257 1046 5327 suscipiendam
1087 5258 1411 5328 apostolicae
1455 5257 1601 5310 sedis
1650 5256 1889 5311 decretis
1920 5254 2292 5324 impellimur,
2354 5252 2560 5322 quibus
2603 5248 2880 5318 refragari
2910 5248 2982 5344 sit
3025 5248 3199 5344 nefas.
3234 5248 3375 5344 cum
3410 5247 3563 5344 Pela-

112 5334 235 5399 giani
263 5347 476 5396 veteres
512 5345 588 5397 illi
620 5347 1257 5416 Augustino-mastyges
1304 5346 1519 5398 litteras
1551 5344 1824 5414 quasdam
1856 5343 2257 5413 publicassent,
2290 5340 2351 5393 in
2404 5340 2611 5411 quibus
2641 5342 2895 5433 sanctus
2915 5336 3113 5433 doctor
3166 5335 3412 5433 pessime
3456 5340 3565 5433 tra-

114 5421 405 5493 ducebatur,
458 5433 771 5487 Bonifacius
802 5434 1058 5503 pontifex
1092 5434 1425 5503 indignatus
1452 5431 1761 5486 doctissimi
1809 5432 1913 5485 viri
1953 5448 2165 5486 nomen
2198 5446 2490 5501 quoquam
2516 5427 2765 5482 convicio
2801 5424 3037 5521 pulsari,
3071 5423 3565 5521 easdembaa‘reti-

115 5522 275 5568 Corum
305 5518 516 5572 litteras
547 5522 610 5574 ad
648 5522 1025 5592 Augustinum
1070 5539 1175 5591 per
1213 5521 1466 5591 Alipium
1511 5520 1844 5575 deferendas
1874 5519 2108 5585 curavit,
2143 5534 2257 5588 quo
2308 5534 2365 5570 se
2396 5518 2464 5570 ab
2513 5516 2890 5585 impostorum
2948 5512 3246 5566 calumniis
3277 5512 3565 5564 vindicare
