3906 6182
362 244 464 295 575
1375 241 1930 298 SUPPLEMENTUM
1970 224 2059 298 Au
2096 243 2325 327 ΟΡΕΒᾼ
2364 244 2419 299 s.
2460 240 2849 299 AUGUSTINI.
3728 248 3817 297 576

357 370 567 434 posset.
625 367 763 420 Hinc
817 362 1208 419 amantissimo
1260 362 1412 416 Patri
1448 363 1698 417 scribens
1751 363 2101 434 Augustinus
2150 365 2284 434 (Lib.
2328 382 2347 419 ι
2394 364 2469 418 ad
2507 366 2663 430 Bon.,
2694 377 2814 431 cap.
2853 361 2942 431 t):
2992 361 3112 430 Ago
3142 361 3333 413 autem
3380 360 3603 430 gratias.
3652 362 3815 434 inquit

364 452 765 508 sincerissima:
793 454 853 507 in
881 468 986 506 nos
1010 451 1423 505 benevolentiae
1452 458 1587 513 ture.
1618 451 1775 523 quod
1804 469 1896 506 eas
1927 469 2016 507 me
2042 453 2220 507 latere
2250 452 2484 508 noluisti
2519 453 2733 506 litteras
2762 448 3128 503 inimicorum
3184 446 3379 517 gratia:
3412 447 3526 513 Dei,
3560 449 3617 502 in
3646 452 3824 520 quibus

364 541 628 612 reperisti
649 556 859 595 nomen
879 554 1070 593 meum
1102 538 1452 593 calumniose
1474 545 1644 611 atque
1683 541 1973 594 evidenter
1994 556 2348 612 expressum,
2394 541 2493 595 sed
2546 554 2710 610 spero
2741 538 2811 592 de
2846 535 3088 591 Domino
3137 537 3249 589 Deo
3299 538 3489 589 nostro
3536 538 3682 607 quod
3727 556 3822 594 non

366 628 490 683 sine
549 628 830 693 mercede,
887 642 1016 695 quae
1068 626 1130 679 in
1162 627 1318 682 ccelis
1373 632 1477 696 est,
1504 629 1587 682 illi
1618 644 1710 682 me
1760 630 2010 683 lacerant
2039 629 2206 682 dente
2233 628 2538 683 maledico.
2578 646 2606 679 »
2654 625 2761 681 Sed
2792 629 2848 679 et
2880 623 3153 678 Bonifacii
3211 639 3493 677 successor
3530 624 3825 679 Coelestinus

368 715 624 787 ejusdem
655 712 995 768 sanctissimi
1026 713 1274 768 doctoris
1319 714 1522 769 honori
1563 716 1780 786 optime
1828 716 2151 769 consultum
2180 717 2390 771 voluit:
2440 715 2727 786 siquidem
2756 714 2846 768 vix
2876 712 3196 783 Augustino
3228 712 3376 766 inter
3401 728 3631 782 superos
3676 714 3824 769 relato

366 801 651 869 nonnulli,
703 816 970 871 quorum.
1004 805 1145 855 teste
1192 806 1386 856 sancto
1420 805 1695 874 Prospero
1730 806 1809 873 (In
1839 806 2060 872 praefat.
2105 809 2243 858 cont.
2279 805 2501 872 Cotlat.)
2535 821 2562 855 α
2594 819 2698 856 nec
2739 802 2878 856 ordo
2929 800 2988 854 in
3020 798 3284 865 Ecclesia,
3326 814 3432 851 nec
3478 798 3698 868 ingenia
3748 800 3823 854 de-

368 889 658 960 spicienda
688 887 1102 955 videbantur,»
1135 888 1321 943 eidem
1353 890 1545 944 Galliis
1602 891 1926 960 petulanter
1983 891 2240 962 obloqui,
2298 892 2565 962 illiusque
2616 891 2788 944 libros
2838 890 3097 942 censoria
3151 886 3479 940 auctoritate
3538 887 3825 943 examinare

367 977 495 1033 ausi
549 980 703 1042 sunt,
736 976 834 1048 qui
866 992 995 1031 cum
1045 983 1255 1047 essent,
1286 979 1487 1032 eodem
1540 981 1819 1050 Prospero
1877 986 2122 1047 auctore,
2158 1000 2183 1033 α
2214 980 2382 1034 honre
2426 978 2712 1050 opinionis
2752 977 2881 1043 viri,
2921 977 3196 1031 habentes
3236 974 3483 1044 speciem
3534 975 3741 1045 pietatis
3781 978 3825 1031 in

359 1064 571 1131 studio,
606 1083 634 1117 »
665 1064 1044 1135 Hipponensis
1095 1065 1353 1135 magistri
1398 1066 1612 1122 famam
1641 1084 1705 1120 ac
1736 1068 2053 1122 doctrinam
2087 1067 2143 1121 in
2175 1073 2394 1121 certum
2424 1067 2730 1120 discrimen
2767 1065 3089 1130 traxissent,
3124 1063 3184 1117 ni
3239 1063 3573 1117 Ccelestinus
3601 1064 3825 1133 gliscenti

362 1155 513 1209 malo
544 1154 990 1225 praesentissimo
1015 1155 1265 1208 remedio
1296 1154 1520 1209 obviam
1552 1156 1764 1211 ivisset.
1801 1158 2023 1211 Etenim
2060 1156 2160 1210 ubi
2196 1155 2646 1210 adversariorum
2685 1153 3158 1220 machinationes,
3199 1150 3549 1205 delatoribus
3589 1153 3826 1222 Prospero

363 1248 421 1297 et
453 1243 683 1301 Hilario.
717 1243 1002 1312 cognovit,
1039 1244 1252 1296 litteras
1283 1244 1351 1296 ad
1385 1245 1692 1298 Galliarum
1745 1246 2023 1299 antistites
2066 1244 2241 1310 dedit,
2290 1244 2499 1315 quibus
2529 1243 2747 1297 eisdem
2777 1241 3106 1311 indignatus
3129 1240 3299 1311 fquod
3343 1239 3712 1309 Augustinum
3740 1240 3825 1293 im-

363 1348 518 1401 pune
540 1331 771 1402 percelli
823 1331 1242 1402 permitterent,
1299 1353 1319 1381 ι
1351 1333 1566 1399 Timeo,
1602 1333 1809 1404 inquit,
1850 1351 1921 1388 ne
1948 1334 2249 1388 connivere
2278 1331 2348 1385 sit
2376 1331 2482 1385 hoc
2527 1335 2735 1395 tacere,
2769 1345 2839 1382 ne
2870 1327 3054 1398 magis
3095 1327 3205 1397 ipsi
3234 1327 3564 1396 loquantur,
3602 1326 3694 1396 qui
3718 1343 3827 1395 per-

369 1418 609 1474 mittunt
649 1419 761 1473 illis
806 1420 994 1473 taliter
1023 1419 1211 1490 loqui:
1259 1420 1318 1472 in
1366 1420 1575 1473 talibus
1622 1421 1806 1474 causis
1855 1438 1974 1475 non
2023 1426 2177 1475 caret
2218 1419 2540 1489 suspicione
2587 1416 2963 1482 taciturnitas,
3015 1415 3146 1486 quia
3179 1419 3501 1469 occurreret
3556 1414 3757 1478 veritas,
3793 1415 3827 1466 si

370 1506 585 1561 falsitas
615 1506 969 1578 displiceret;
999 1507 1203 1561 merito
1237 1523 1488 1579 namque
1545 1524 1712 1562 causa
1758 1525 1863 1563 nos
1895 1509 2142 1580 respicit,
2178 1508 2225 1561 si
2272 1522 2402 1561 cum
2448 1506 2673 1559 silentio
2726 1505 3017 1558 faveamus
3048 1503 3250 1556 errori.
3288 1504 3435 1573 Ergo
3490 1500 3829 1572 corripiantur

368 1595 718 1664 hujusmodi,
752 1610 869 1648 non
895 1594 970 1648 sit
998 1594 1085 1648 his
1115 1595 1359 1649 liberum
1389 1596 1599 1650 habere
1647 1613 1752 1667 pro
1808 1599 2099 1652 voluntate
2140 1611 2484 1651 sermonem.
2522 1615 2549 1645 (ί
2582 1593 2724 1648 Dein
2779 1593 2957 1646 totius
2994 1592 3054 1645 in
3084 1591 3265 1644 sancti
3294 1589 3595 1661 Augustini
3647 1590 3827 1643 dudum

370 1683 500 1749 sibi,
531 1699 661 1737 cum
690 1683 752 1737 in
798 1682 939 1736 vivis
984 1687 1149 1749 esset,
1195 1683 1527 1737 amicissimi
1580 1685 1775 1738 laudes
1805 1685 2038 1752 effusus,
2085 1704 2113 1736 ι(
2165 1682 2568 1754 Augustinum.
2602 1681 2812 1752 inquit,
2846 1684 3054 1734 sanctae
3094 1678 3511 1734 recordationis
3548 1678 3718 1732 virum
3746 1694 3826 1749 pro

368 1772 484 1825 vita
520 1788 621 1825 sua
649 1775 821 1842 atque
851 1770 1070 1825 meritis
1098 1772 1158 1825 in
1188 1776 1381 1825 nostra
1401 1772 1805 1826 communione
1833 1789 2059 1843 semper
2082 1772 2410 1837 habuimus,
2443 1787 2547 1824 nec
2570 1786 2827 1841 unquam
2849 1770 3002 1823 hunc
3030 1768 3275 1822 sinistra:
3309 1766 3641 1837 suspicionis
3665 1767 3828 1820 saltem

366 1876 567 1914 rumor
593 1858 853 1930 aspersit,
881 1875 1052 1930 quem
1083 1863 1255 1913 tantm
1286 1859 1537 1912 scientiae
1568 1860 1706 1913 olim
1738 1860 1910 1914 fuisse
1943 1861 2332 1929 meminimus,
2364 1864 2422 1913 et
2461 1858 2612 1913 inter
2643 1857 2945 1927 magistros
2976 1856 3224 1927 Optimos
3255 1856 3432 1909 etiam
3471 1871 3504 1908 a
3533 1856 3666 1909 meis
3705 1870 3826 1907 sem-

368 1964 473 2019 per
516 1947 903 2001 decessoribus
932 1948 1256 2001 haberetur.
1300 1948 1450 2001 Bene
1497 1963 1633 2019 ergo
1666 1949 1734 2002 de
1787 1964 1853 2002 eo
1886 1965 2084 2002 omnes
2113 1949 2170 2002 in
2225 1963 2528 2002 commune
2561 1946 2863 2015 senserint,
2913 1949 3111 2016 utpote
3153 1943 3256 2014 qui
3290 1944 3502 2014 ubique
3550 1943 3742 1997 cunctis
3787 1946 3829 1994 et

368 2035 550 2090 amori
579 2035 769 2103 fuerit,
796 2040 853 2090 et
881 2035 1107 2090 honori.
1145 2036 1301 2090 Unde
1332 2037 1712 2091 resistendum
1760 2036 1992 2105 talibus,
2032 2052 2172 2107 quos
2218 2037 2368 2091 male
2399 2051 2649 2089 crescere
2680 2033 2959 2087 videmus.
3004 2052 3032 2084 »
3073 2031 3240 2086 Jubet
3266 2048 3406 2103 ergo
3442 2030 3729 2101 apostolica
3748 2033 3825 2082 'se-

370 2124 469 2178 des
519 2127 583 2177 ut
610 2123 915 2194 Augustini
969 2139 1230 2177 censores
1253 2142 1281 2175 ‹‹
1337 2124 1739 2195 corripiantur,
1790 2141 1905 2178 non
1953 2124 2025 2178 sit
2061 2125 2150 2179 his
2178 2125 2427 2179 liberum
2472 2124 2683 2177 habere
2714 2138 2816 2192 pro
2847 2121 3141 2174 voluntate
3171 2134 3526 2184 sermonem;
3582 2118 3686 2172 lata
3724 2118 3821 2186 lege

369 2212 541 2267 etiam
567 2212 764 2278 sancit,
798 2229 826 2262 α
860 2211 1244 2265 resistendum
1270 2211 1501 2266 talibus.
1536 2232 1564 2262 ι)
1600 2214 1716 2267 Hoc
1746 2229 1879 2267 sane
1919 2217 2139 2268 veteres
2196 2211 2622 2282 Augustinianae
2668 2210 2875 2264 scholae
2911 2225 3171 2279 proceres
3197 2209 3470 2295 Prqsper,
3523 2205 3825 2276 Fulgentius,

371 2300 667 2369 Caesarius,
700 2299 1062 2368 Prudentius,
1096 2300 1431 2371 Rhemigius
1457 2301 1776 2355 eruditione
1804 2318 1964 2370 aeque
1995 2317 2058 2355 ac
2088 2300 2384 2353 sanctitate
2415 2298 2771 2370 percelebres
2805 2313 3016 2367 magno
3046 2296 3241 2349 animo
3272 2291 3545 2356 exsecuti,
3575 2291 3824 2363 Augustini

370 2387 580 2458 scripta
605 2391 804 2441 contra
832 2387 1445 2458 Semi—Pelagianorum
1493 2389 1856 2460 aliorumque
1900 2389 2147 2443 insultus
2196 2388 2594 2443 defenderunt.
2643 2388 2758 2440 Hoc
2786 2386 2975 2456 ipsum
3005 2384 3240 2455 plurimi
3273 2383 3610 2437 recentiores
3638 2396 3822 2434 summa

370 2492 500 2531 cum
526 2475 694 2530 laude
722 2476 1128 2546 praestiterunt,
1157 2492 1405 2548 quorum
1445 2478 1707 2531 omnium
1733 2477 1921 2531 studia
1947 2477 2081 2530 vicit
2141 2476 2382 2530 eximius
2433 2478 2495 2530 P.
2540 2475 2790 2539 Macedo,
2824 2477 2907 2527 tot
2936 2488 3039 2544 pro
3072 2472 3337 2543 ejusdem
3392 2471 3568 2526 Patris
3617 2468 3825 2524 doctrina

369 2564 431 2618 in
462 2564 648 2617 lucem
675 2563 834 2617 libris
865 2563 1106 2618 emissis.
1144 2565 1329 2629 Quare
1361 2565 1666 2635 pontiﬁciis
1699 2564 1982 2619 mandatis
2022 2564 2445 2635 obtemperans,
2478 2567 2886 2632 tantorumque
2928 2563 3170 2631 ,Patrum
3216 2561 3480 2630 exempla
3521 2559 3645 2612 licet
3688 2559 3821 2624 longo

369 2651 589 2722 positus
619 2651 916 2706 intervallo
947 2657 1192 2716 secutus,
1224 2653 1567 2707 recentiores
1610 2654 1886 2725 quosdam
1918 2652 2349 2724 Augustinianae
2377 2651 2652 2707 doctrinae
2680 2666 2940 2705 censores
2973 2649 3034 2703 in
3056 2649 3152 2719 jus
3196 2664 3401 2702 vocare
3450 2645 3675 2702 decrevi.
3700 2645 3820 2710 Quod

371 2740 601 2812 quidem
618 2740 900 2811 judicium
913 2740 1116 2811 majori
1130 2757 1244 2811 qua
1260 2747 1461 2811 potero
1481 2743 1759 2797 modestia
1780 2759 2123 2815 prosequar;
2139 2756 2436 2811 nunquam
2456 2740 2611 2794 enim
2628 2738 2926 2793 meliorem
2944 2753 3171 2791 causam
3188 2737 3323 2790 fecit
3343 2735 3649 2806 petulantia
3665 2734 3821 2788 dicen—

367 2829 461 2897 tis,
494 2828 588 2883 sed
621 2844 771 2898 saepe
802 2830 1074 2898 pejorem.
1110 2829 1291 2884 Amici
1313 2830 1455 2884 mihi
1475 2831 1558 2884 illi
1589 2837 1743 2897 sunt,
1776 2832 1871 2885 sed
1898 2847 2078 2902 usque
2100 2831 2170 2884 ad
2194 2846 2338 2896 aras,
2371 2844 2551 2900 usque
2580 2829 2647 2883 ad
2670 2827 3060 2897 Augustinum
3090 2842 3309 2880 meum.
3343 2825 3546 2879 Omnia
3570 2822 3819 2894 prieteribo

370 2933 501 2988 quas
534 2917 674 2971 mihi
698 2916 988 2972 acerbiora
1020 2917 1172 2971 dictu
1205 2918 1564 2985 videbuntur,
1598 2935 1785 2989 neque
1816 2920 2000 2973 solum
2026 2918 2163 2989 quid
2188 2918 2318 2971 illos
2336 2917 2555 2986 audire,
2582 2916 2679 2970 sed
2692 2916 2862 2969 etiam
2881 2914 3018 2985 quid
3043 2930 3132 2968 me
3158 2914 3359 2968 deceat
3386 2913 3587 2978 dicere,
3611 2909 3819 2964 conside-

369 3006 527 3059 rabo.
558 3004 714 3069 Quod
748 3005 794 3057 si
817 3004 1115 3075 quidpiam
1146 3005 1289 3060 forte
1320 3007 1664 3061 amaruleuti
1694 3008 1989 3073 exciderit,
2023 3008 2079 3061 id
2117 3007 2364 3078 prOpriaa
2409 3006 2667 3060 tribuant
2710 3003 3155 3074 importunitati,
3200 3018 3330 3073 qua
3371 3018 3472 3055 nos
3507 3000 3563 3053 in
3606 3014 3713 3052 eam
3747 3012 3817 3048 ne-

371 3093 690 3147 cessitatem
728 3094 1043 3164 conjecere,
1103 3099 1166 3147 ut
1198 3094 1318 3147 sine
1350 3095 1596 3164 graviori
1651 3096 1998 3166 quandoque
2026 3111 2395 3149 censurarum
2426 3093 2872 3164 reprehensione
2905 3092 2993 3145 vix
3021 3091 3323 3162 'possimus
3350 3088 3705 3159 Augustinum
3744 3100 3819 3154 pro

371 3179 650 3250 dignitate
691 3180 1016 3235 defendere.
1066 3183 1164 3235 Hic
1200 3184 1417 3236 interim
1448 3184 1600 3247 liber,
1665 3189 1728 3238 ut
1775 3184 1954 3238 Taciti
2009 3184 2077 3238 de
2112 3184 2375 3254 Agricola
2404 3182 2700 3237 scribentis
2748 3181 3027 3236 sententia
3056 3184 3205 3246 utar,
3240 3178 3438 3234 honori
3470 3174 3745 3247 Augustini
3771 3173 3814 3225 P.

376 3269 442 3323 N.
475 3268 798 3337 destinatus,
826 3272 1162 3338 professione
1182 3273 1428 3340 pietatis,
1461 3278 1557 3326 aut
1578 3274 1836 3328 laudatus
1868 3276 1991 3341 erit,
2017 3277 2113 3327 aut
2141 3277 2448 3327 excusatus.

924 3531 1795 3664 VINDICI/E
1935 3532 3346 3661 AUGUSTINIANAZ

943 3905 1168 3960 CAPUT
1208 3906 1499 3961 PRIMUM.
2105 3911 2151 3961 A
2192 3923 2290 3961 nes
2312 3906 2539 3976 struxit,
2597 3904 2759 3976 cujus
2818 3905 3052 3977 quidem
3091 3906 3342 3960 auctoris
3410 3906 3610 3961 factum
3654 3895 3816 3970 duplici

372 3990 711 4056 Re/elluntur
773 3996 1094 4059 argumenta
1164 3992 1359 4062 quibus
1428 3996 1677 4048 nonnulli
1748 3995 2075 4050 contendunt
2185 3995 2318 4049 odio
2351 3995 2588 4063 dignum
2610 3993 2827 4065 judico,
2863 3994 2949 4048 vel
2996 4010 3062 4049 eo
3108 3995 3261 4066 quod
3321 3994 3638 4058 doctrinam,
3686 3999 3815 4059 quam

444 4079 747 4134 doctrinam
801 4082 978 4135 sancti
1018 4083 1324 4148 Augustini
1370 4083 1435 4137 de
1494 4085 1972 4153 praedestinatione
2024 4089 2074 4138 et
2185 4082 2592 4153 sapientissimi
2622 4083 2836 4155 quique
2863 4083 2931 4137 ad
2966 4100 3146 4153 usque
3170 4083 3361 4135 sidera
3391 4082 3648 4143 extulere,
3674 4071 3816 4143 depri-

444 4171 630 4235 gratia
658 4183 768 4223 esse
798 4169 1165 4240 difﬁcilemet
1193 4171 1490 4225 obscuram.
1544 4172 1903 4227 Sanctissima
1958 4173 2071 4227 Cle-
2184 4188 2342 4227 mere
2396 4172 2653 4237 tentavit,
2689 4172 2777 4225 vel
2827 4187 2893 4225 eo
2950 4170 3199 4224 maxime
3248 4169 3401 4240 quod
3450 4159 3815 4238 Augustinianis

444 4259 635 4312 mentis
659 4259 709 4311 Χ
727 4263 879 4327 pont.
910 4263 1028 4327 opt.
1064 4273 1214 4313 mare.
1242 4273 1341 4327 pro
1366 4264 1551 4313 sancto
1601 4260 1814 4314 doctore
1861 4265 2071 4315 scnten-
2183 4260 2357 4314 armis
2386 4266 2586 4314 contra
2614 4259 2929 4327 Calvinum
2980 4259 3270 4312 decertare
3323 4257 3615 4328 professus,
3661 4249 3814 4306 eadem

450 4348 546 4399 ίίαο
2181 4348 2307 4419 ipsa
2354 4365 2514 4403 arma
2566 4349 2720 4402 mille
2760 4346 3008 4401 dicteriis
3060 4345 3324 4413 infamat,
3356 4346 3684 4413 dubiumque
3716 4334 3816 4391 facit

447 4436 765 4503 Antequam
799 4433 1179 4504 quorumdam
1214 4432 1597 4488 recentiorum
1641 4435 1911 4504 convicia,
1945 4452 2073 4507 quae
2181 4438 2326 4492 sitne
2358 4437 2678 4507 Augustino
2710 4436 2795 4490 vel
2824 4435 3053 4490 Calvino
3078 4435 3338 4489 infestior
3366 4434 3535 4489 hostis
3553 4425 3809 4485 habendus.

377 4521 575 4570 contra
610 4524 871 4573 sanctum
901 4520 1196 4574 doctorem
1227 4520 1477 4591 plurima
1521 4537 1875 4593 congessere,
1917 4523 2073 4594 sigil-
2182 4526 2431 4580 Adamus
2462 4526 2613 4579 hunc
2641 4524 2875 4578 titulum
2907 4523 2965 4577 in
3000 4523 3144 4577 libro
3183 4523 3483 4578 vernacula
3518 4521 3693 4589 lingua
3716 4527 3809 4566 exa-

378 4603 538 4657 latim
586 4605 827 4660 referam
860 4608 1252 4679 refellamque,
1300 4625 1491 4679 operas
1529 4610 1780 4680 pretium
1809 4611 1945 4665 duxi
1986 4628 2072 4665 re-
2181 4618 2304 4667 rato
2331 4613 2646 4683 inscripsit:
2683 4613 2873 4669 Calvia
2904 4612 3081 4679 de'fait
3120 4628 3228 4683 par
3257 4614 3525 4667 soi—meme
3567 4613 3612 4662 et
3641 4619 3731 4674 par
3762 4600 3812 4651 ιεε

378 4707 610 4746 censere
655 4692 791 4764 quid
842 4697 1181 4765 Augustino,
1241 4698 1392 4768 quod
1440 4698 1511 4751 ad
1570 4698 1837 4753 traditam
1877 4707 2074 4755 contra
2182 4717 2356 4756 armes
2386 4701 2450 4755 de
2480 4704 2628 4755 saint
2661 4703 2933 4768 Augustin
2964 4700 3100 4770 qu’it
3138 4702 3289 4754 avait
3327 4696 3653 4767 injustement
3687 4700 3811 4770 usue

380 4779 715 4850 Pelagianos
764 4781 834 4835 de
880 4781 1073 4836 divina
1118 4785 1304 4854 gratia
1342 4801 1405 4838 ac
1448 4785 1950 4856 praedestinatione
1989 4788 2075 4857 :ab
2175 4793 2300 4859 pées
2330 4804 2425 4843 sur
2453 4790 2525 4842 les
2554 4791 2805 4842 matieres
2829 4788 2911 4857 ide
2942 4769 2995 4842 ta
3024 4792 3201 4855 grdce.
3234 4788 3300 4841 de
3342 4788 3397 4840 la
3425 4784 3598 4838 liberte
3621 4782 3665 4833 et
3688 4774 3740 4827 de
3773 4769 3811 4821 la

377 4867 477 4923 illo
518 4868 834 4923 doctrinam
866 4870 1176 4925 universim
1214 4878 1556 4943 ,opponant;
1595 4873 1866 4944 inquiunt
1919 4875 2075 4930 enim
2180 4877 2627 4946 prédestination.
2676 4877 2921 4946 Nempe:
2971 4876 3228 4931 Calvinus
3286 4874 3575 4928 destructus
3615 4860 3805 4946 suismet.

379 4973 500 5011 esse
547 4958 707 5012 illam
752 4957 1167 5027 difﬁcillimam,
1218 4961 1535 5028 obscuram,
1584 4962 1929 5029 intricatam,
1987 4963 2075 5017 in-
2182 4944 2231 5018 et
2259 4966 2437 5018 sancti
2489 4966 2785 5032 Augustini
2821 4944 3010 5029 armis,
3040 4978 3159 5032 qua:
3186 4962 3327 5016 idem
3359 4961 3550 5029 injuste
3576 4944 3809 5019 usurpat“

379 5051 757 5109 constantem,
788 5046 1027 5114 variam,
1070 5048 1333 5119 ultraque
1371 5050 1623 5105 veritatis
1668 5051 1847 5105 lineas
1876 5066 2073 5105 excur-
2180 5055 2241 5108 in
2270 5055 2341 5107 iis
2374 5068 2493 5121 qua
2520 5052 2595 5106 ad
2620 5055 2882 5118 gratiam,
2913 5051 3214 5105 libertatem
3259 5055 3310 5104 et
3352 5040 3806 5126 praedestinationetn

382 5138 621 5189 rentem.
654 5135 836 5200 Quam
864 5135 1127 5206 [quidem
1181 5137 1600 5192 accusationem
1655 5153 1784 5192 cum
1813 5139 2075 5209 pluribus
2178 5144 2469 5212 pertimui,
2498 5140 2806 5211 Augustini
2835 5139 3070 5194 nomine
3098 5136 3501 5210 grandioribus
3536 5129 3806 5212 character!-

381 5223 733 5290 argumentis
780 5229 1061 5279 conentur
1106 5225 1469 5295 persuadere,
1518 5227 1714 5280 eadem
1752 5207 1917 5282 nobis
1974 5229 2078 5282 sol-
2118 5233 2157 5286 Β
2178 5207 2315 5298 bus,
2346 5207 2517 5299 atque
2545 5207 2617 5282 ex
2642 5232 2884 5298 utraque
2912 5231 3072 5298 parte
3095 5207 3359 5297 paginam
3384 5216 3712 5293 implentibus
3737 5207 3805 5259 de‘

385 5308 565 5362 venda
594 5316 744 5378 sunt,
772 5328 845 5366 ne
878 5313 1017 5383 quid
1045 5312 1190 5367 forte
1218 5312 1546 5368 detrimenti
1580 5315 1730 5386 apud
1760 5316 2079 5386 {imperitos
2188 5318 2418 5372 lineato.
2452 5319 2627 5371 Porro
2658 5316 2928 5370 volumen
2958 5315 3101 5370 illud
3144 5316 3201 5368 in
3249 5318 3433 5385 partes
3488 5310 3563 5363 est
3609 5299 3803 5356 divisum

382 5396 746 5467 nimiumque
774 5402 1035 5454 credulos
1073 5400 1492 5472 Augustiniana
1522 5403 1777 5457 doctrina
1816 5404 2082 5473 patiatur.
2193 5405 2415 5474 tres,‘in
2448 5420 2691 5476 quarum
2718 5403 2898 5475 priori
2925 5407 2983 5457 et
3012 5404 3187 5457 altera
3207 5400 3347 5455 nihil
3367 5399 3433 5452 de
3457 5391 3619 5465 gratia
3637 5389 3681 5440 et
3700 5392 3804 5476 Ρξεθξ

381 5485 631 5539 Joannes
659 5485 908 5540 Adamus
938 5489 1103 5542 hasce
1135 5495 1327 5543 contra
1378 5489 1765 5559 Augustinum
1819 5471 2086 5560 objectio-
2194 5471 2574 5548 destinatione
2602 5471 2915 5558 disseritur,
2944 5491 3238 5561 rariusque
3268 5485 3533 5541 iniisdem
3557 5471 3801 5543 Augustin!
