3920 6180
100 275 175 324 ὄπ
697 323 703 340 Ι
1313 259 1629 312 VINDICIzF.
1669 259 2203 314 AUGUSTlNlAN/E.

3439 270 3540 319 578

98 403 273 443 nomen
302 386 461 447 sonat,
510 379 569 430 in
613 382 958 447 postremam
992 381 1212 430 tantum
1243 381 1464 446 partem
1495 377 1561 430 de
1608 376 1719 429 illis
1749 382 1792 434 Α
1834 377 2117 432 lumniosa
2159 379 2639 448 pronuntiaverit,
2673 379 2777 434 hac
2826 383 3265 451 praeclarissima
3293 401 3536 441 censura

99 473 334 546 mysteriis
374 466 705 539 quaestiones
755 465 966 535 rejecit.
1023 465 1144 528 Quo
1185 465 1422 518 consilio
1453 465 1510 518 id
1550 465 1730 534 egerit

98 579 238 619 nemo
274 575 368 613 non
418 557 676 626 ignorat:
726 553 950 623 scripsit
1003 553 1155 606 enim
1201 569 1332 606 cum
1364 554 1450 606 vel
1480 552 1728 606 maxime
1767 581 1776 584 -

97 645 368 705 lanseniani
415 643 690 698 tumultus
742 641 801 694 in
833 641 1028 695 Galliis
1073 641 1402 695 ebullirent.
1446 643 1726 697 Carterum

95 741 145 792 in
186 739 271 790 liac
311 729 602 786 voluminis
640 736 929 798 postrema
963 734 1122 799 parte
1153 729 1280 798 plus
1311 746 1501 799 operae
1533 734 1731 784 contra

94 823 421 894 Augustinum
470 835 641 888 quam
691 821 888 869 contra
935 816 1230 871 Calvinum
1282 818 1464 886 ponit.
1509 817 1729 870 Etenim

91 914 134 966 in
157 910 412 981 prioribus
465 908 661 960 decem
696 905 958 974 capitulis
1011 907 1117 958 late
1147 905 1206 958 in
1240 921 1417 958 unum
1458 906 1729 976 Augusti-

90 1016 198 1054 num
249 999 484 1050 invectus
535 994 772 1063 integris
801 993 1015 1046 viribus
1059 993 1346 1061 decertat;
1384 993 1441 1045 in
1475 993 1729 1063 quinque

89 1093 244 1140 autem
271 1083 628 1153 sequentibus
675 1082 849 1134 veluti
881 1081 942 1134 in
989 1081 1311 1149 Augustino
1333 1082 1728 1151 persequendo

89 1175 349 1228 delassatus
395 1177 590 1224 contra
640 1169 934 1224 Calvinum
979 1171 1187 1239 stylum
1221 1169 1487 1222 deflectit.
1523 1171 1730 1222 Verum

87 1264 130 1314 in
176 1260 370 1314 decimo
402 1264 577 1322 sexto,
629 1275 742 1328 quo
793 1257 1056 1310 universo
1128 1256 1406 1310 volumini
1476 1257 1730 1310 nobilem

85 1349 413 1418 colophouem
439 1347 714 1416 imponat,
749 1349 1042 1415 resumpto
1066 1344 1258 1399 animo
1289 1346 1495 1399 iterum
1526 1345 1586 1398 in
1617 1349 1729 1398 Au-

84 1437 329 1508 gustinum
361 1435 546 1499 irruit,
597 1438 658 1487 ut
688 1434 841 1487 saxei
888 1449 1022 1486 sane
1070 1434 1257 1487 cordis
1303 1433 1573 1486 censendi
1618 1433 1731 1486 sint

83 1526 157 1596 qui
183 1526 307 1578 citra
353 1540 464 1577 non
524 1523 708 1576 dicam
755 1521 1238 1592 indignationem,
1282 1523 1377 1575 sed
1427 1523 1732 1576 execratio-

85 1630 184 1666 nem
211 1613 338 1666 acleo
365 1617 558 1664 sancto
592 1611 809 1664 doctori
839 1610 1117 1680 injuriosa
1165 1610 1336 1664 verba
1357 1610 1726 1680 perlegerint.

88 1702 283 1755 llorcine
303 1705 403 1768 est,
434 1701 673 1764 Adame,
723 1698 1038 1763 Calvinum,
1075 1715 1147 1752 an
1195 1699 1580 1767 Augustinum
1631 1698 1726 1751 de-

86 1791 306 1842 struere?
335 1788 682 1841 Promiseras
712 1792 765 1840 te
797 1786 974 1840 sancti
1019 1786 1320 1856 Augustini
1375 1789 1542 1839 armis
1601 1801 1732 1839 eum

86 1877 273 1929 Calvino
323 1891 780 1946 congressurum.
843 1878 914 1928 At
969 1875 1170 1944 quanti
1223 1890 1327 1944 per
1371 1881 1528 1927 tuam
1560 1873 1732 1926 fidem

83 1965 289 2018 victricia
333 1965 428 2018 illa
481 1981 640 2017 arma
683 1963 869 2017 facis?
915 1963 1177 2017 Clamas:
1225 1964 1398 2015 Arma
1434 1964 1734 2029 Augustini

83 2053 489 2121 inexpugnabilia
535 2069 639 2106 non
690 2067 817 2118 csse,
875 2067 995 2121 cap.
1032 2054 1082 2116 4,
1116 2066 1243 2120 pag.
1268 2052 1390 2104 58f.
1427 2051 1582 2103 Itane
1603 2052 1730 2118 jac-

81 2147 144 2194 tus
163 2142 416 2209 plumbeos
443 2143 729 2210 pugiones,
755 2147 818 2192 ut
842 2140 1019 2192 facete
1050 2139 1148 2191 lib.
1181 2155 1256 2191 ιιι.
1291 2143 1441 2192 cont.
1465 2139 1573 2192 Jul.
1609 2155 1730 2207 cap.

78 2233 118 2292 7,
145 2231 210 2282 ait
246 2230 618 2300 Augustinus,
671 2229 832 2299 queis
883 2228 1190 2282 adversarii
1234 2228 1502 2297 jugulum
1534 2230 1735 2298 petas?

78 2317 168 2370 Sub
209 2318 503 2387 Augustini
554 2317 820 2386 eiu-picus
852 2317 909 2369 in
954 2317 1174 2369 hostem
1204 2333 1414 2378 moves,
1451 2323 1506 2369 ct
1533 2317 1735 2370 ducem

79 2405 199 2458 hunc
225 2412 377 2460 tuum
407 2407 568 2460 mille
601 2405 848 2458 dicterii's
870 2422 1071 2458 oneras
1089 2409 1120 2457 ‘2
1144 2406 1411 2458 Sanctum
1443 2405 1734 2458 doctorem

76 2509 101 2545 a
125 2493 414 2547 Calvinistis
444 2495 549 2547 abs
587 2499 638 2546 te
670 2493 1019 2546 vindicatum
1052 2492 1117 2545 iri
1147 2492 1453 2562 promittis,
1483 2497 1540 2544 et
1570 2508 1736 2545 eum-

76 2581 179 2634 dem
199 2582 438 2636 hostibus
473 2582 710 2652 prodis?
739 2583 864 2634 Haec
895 2581 1144 2651 loqueris
1174 2598 1302 2650 pag.
1339 2583 1462 2644 640,
1496 2597 1617 2649 cap.
1665 2583 1695 2633 8
1722 2595 1734 2632 :

73 2670 125 2723 Si
159 2672 290 2723 intra
339 2671 629 2724 verborum
677 2672 854 2723 sancti
905 2671 1206 2735 Augustini
1246 2669 1592 2721 altitudinem
1656 2683 1736 2720 me

73 2763 374 2828 continerem,
405 2761 717 2814 Calrinista
747 2773 928 2811 essem.
958 2757 1133 2809 Addis
1163 2773 1286 2828 cap.
1325 2760 1408 2821 16,
1444 2771 1571 2825 pag.
1607 2758 1730 2808 760:

76 2848 181 2899 Urbi
206 2851 444 2902 universo
482 2853 663 2900 notam
694 2852 788 2913 est,
822 2851 962 2899 inter
989 2861 1165 2899 enines
1196 2847 1380 2898 Patres
1411 2860 1578 2897 unum
1611 2847 1736 2895 Au-

1837 467 2124 520 coucludit
2157 484 2168 520 :
2211 489 2230 516 ι
2254 468 2360 521 Sed
2386 469 2522 522 illud
2547 469 2699 538 quod
2727 471 2976 523 tenebris
3011 488 3074 526 ac
3097 474 3346 527 nubibus
3369 476 3540 530 libros

1837 557 2006 626 hujus
2053 555 2232 608 sancti
2285 561 2342 608 et
2393 556 2664 625 sapientis
2712 557 2956 611 doctoris
3005 561 3259 628 obduxit,
3314 564 3536 632 quodve

1837 645 2171 698 adnotatum
2229 643 2336 696 fuit
2392 661 2423 696 a
2477 645 2858 699 celeberrimis
2906 647 3208 718 theologis,
3271 657 3355 704 est
3384 653 3538 721 quod

1839 749 1954 786 non
1987 732 2199 802 absque
2231 732 2516 802 profunda
2545 733 2914 788 meditatione
2949 753 3061 788 non
3087 754 3315 806 semper
3342 740 3532 793 distin-

1839 820 1962 891 guit
1992 819 2049 874 id
2083 820 2232 890 quod
2267 821 2430 874 docet
2461 820 2542 873 uti
2573 821 2832 888 dubium,
2861 829 2915 876 et
2945 825 3098 894 quod
3124 826 3310 893 tradit,
3345 832 3407 880 ut
3449 827 3534 880 in-

1838 908 2191 975 dubitabile;
2249 909 2470 978 quodve
2526 909 2663 962 dicit
2689 910 3040 976 adversarios
3088 912 3460 984 impugnans,
3483 919 3538 968 et

1839 997 1992 1067 quod
2041 997 2207 1050 docet
2246 1014 2347 1050 sua
2403 997 2728 1052 defendens.
2790 998 2948 1066 Saepe
2998 1001 3282 1069 oppositas
3323 1002 3428 1055 sibi
3468 1003 3537 1056 ab

1839 1086 2176 1139 adversariis
2227 1085 2573 1155 objectiones
2611 1086 2669 1138 in
2724 1087 2950 1140 eosdem
2995 1093 3304 1158 retorquet,
3351 1106 3447 1142 eos
3478 1091 3538 1143 in

1840 1174 2217 1227 absurditates
2284 1175 2457 1227 miras
2505 1174 2834 1243 conjiciens.
2890 1176 3224 1229 lnstantiam
3266 1177 3540 1231 instantia

1840 1261 2044 1329 solvit;
2079 1262 2484 1315 inconveniens
2507 1263 2715 1315 refutat
2749 1263 3080 1317 difficultate
3112 1264 3280 1333 longe
3314 1265 3536 1333 majori.

1845 1349 2108 1414 Ulterius,
2161 1366 2274 1402 non
2295 1350 2443 1402 clare
2473 1350 2728 1419 exponit,
2762 1367 2897 1404 num
2931 1351 3280 1421 objectiones
3309 1354 3376 1406 ad
3409 1371 3540 1406 suos

1840 1437 2028 1490 hostes
2071 1437 2494 1508 impugnandos
2543 1445 2842 1508 proponat,
2884 1441 2970 1492 vel
3024 1441 3173 1509 quod
3205 1440 3263 1493 in
3293 1441 3372 1494 eis
3403 1457 3533 1495 cum

1841 1525 2043 1579 iisdem
2085 1527 2405 1592 conveniat,
2461 1532 2560 1580 etc.
2611 1528 2737 1580 Hinc
2770 1527 3005 1597 quidem
3062 1529 3319 1598 ejusdem
3350 1530 3543 1584 addita

1844 1615 2202 1684 perplexitati
2231 1615 2289 1667 in
2331 1614 2612 1669 sententia
2651 1616 2994 1684 proferenda
3024 1616 3084 1669 in
3127 1617 3232 1670 hac
3281 1619 3542 1686 materia,

1845 1717 1907 1754 ac
1964 1701 2318 1754 considerata
2374 1702 2609 1770 insuper
2652 1701 3015 1756 distinctione
3075 1703 3356 1758 librorum
3412 1711 3543 1760 ante

1845 1789 2231 1858 episcopatum
2277 1793 2332 1842 et
2372 1789 2431 1842 in
2486 1789 2814 1860 episc0patu
2865 1790 3225 1859 scriptorum,
3268 1808 3371 1845 uec
3427 1809 3543 1847 non

1844 1876 2088 1930 dissidiis
2138 1878 2434 1930 doctorum
2487 1878 2558 1931 ob
2615 1893 2806 1930 veram
2841 1879 3093 1947 ejusdem
3139 1879 3410 1934 doctrinae
3454 1880 3543 1934 in-

1845 1964 2221 2033 telligentiam
2271 1965 2718 2034 percipiendam,
2751 1964 2894 2018 mihi
2943 1965 3165 2019 licitum
3197 1971 3280 2020 est
3305 1968 3542 2021 conclu-

1843 2053 1995 2119 dere,
2027 2052 2278 2106 noluisse
2305 2069 2434 2106 suos
2472 2070 2671 2106 sensus
2701 2054 2850 2108 clare
2878 2070 3182 2122 exponere,
3214 2055 3301 2108 vel
3337 2055 3394 2108 in
3426 2055 3539 2110 illis

1845 2140 2192 2210 explicandis
2216 2156 2329 2192 non
2362 2140 2440 2192 ita
2490 2141 2715 2194 felicem
2754 2141 2948 2206 fuisse,
2994 2146 3058 2194 ut
3097 2143 3287 2195 nullus
3317 2143 3385 2196 de
3419 2145 3542 2214 ejus

1845 2233 2034 2282 mente
2065 2228 2362 2281 dubitandi
2394 2229 2643 2298 supersit
2674 2230 2844 2283 locus.
2893 2230 3079 2292 Quare
3112 2230 3404 2284 immerito
3437 2249 3538 2285 vo-

1847 2319 1971 2370 lunt
1992 2318 2180 2386 ipsum
2239 2332 2356 2369 esse
2388 2317 2679 2370 oraculum
2722 2317 2921 2386 gratiae
2953 2321 3007 2370 et
3037 2317 3265 2370 concilii
3302 2319 3542 2373 Triden-

1845 2405 1952 2459 tini
1990 2405 2380 2474 interpretem.
2414 2424 2439 2454 »
2465 2404 2610 2468 Quid
2641 2405 3020 2475 arrogantius,
3053 2405 3190 2474 quid
3215 2407 3536 2475 absurdius,

1847 2493 2362 2564 quidindecentius
2392 2498 2588 2546 contra
2626 2493 3009 2564 Augustinum
3043 2493 3152 2547 dici
3193 2496 3390 2563 possit,
3425 2513 3543 2550 non

1846 2582 2030 2634 video.
2064 2584 2135 2634 At
2169 2598 2280 2650 quo
2311 2580 2546 2634 consilio
2597 2581 2694 2633 illa
2722 2582 3012 2645 eructarit,
3063 2582 3196 2634 satis
3246 2589 3326 2637 est
3353 2584 3542 2638 mani-

1847 2669 2075 2735 festum,
2103 2685 2310 2740 nempe
2332 2674 2392 2722 ut
2425 2669 2727 2735 Augustini
2749 2669 3047 2723 deserendi
3079 2670 3403 2740 impositam
3437 2672 3546 2726 sibi

1849 2759 2243 2812 necessitatem
2310 2758 2650 2811 ostenderet.
2703 2757 3168 2828 Quotusquisque
3232 2759 3385 2812 enim
3460 2766 3546 2814 est

1848 2847 1948 2917 qui
1990 2847 2373 2918 Augustinum
2427 2862 2546 2915 pra:
2595 2845 2717 2898 aliis
2749 2846 2910 2915 sequi
2943 2847 3121 2910 malit,
3157 2847 3204 2899 si
3249 2863 3382 2900 vera
3412 2853 3547 2903 sunt

75 2939 315 3000 gustinum
358 2937 708 2990 eucharistia:
748 2937 1061 3002 mysterium
1119 2936 1353 2986 maxime
1410 2932 1734 2998 confudisse.
1781 2948 1819 3002 ο
1851 2952 1978 3005 quae
2011 2935 2193 2989 eidem
2215 2935 2464 2987 Adamus
2503 2934 2787 3003 opponit?
2812 2935 2948 2987 Hinc
2979 2951 3101 3005 cap.
3132 2937 3216 3002 16,
3252 2952 3384 3006 pag.
3417 2940 3544 3005 760,

77 3024 196 3084 Quid
227 3026 372 3095 quod
403 3024 608 3077 scribis
639 3039 770 3093 pag.
805 3026 927 3087 596,
964 3039 1088 3091 cap.
1139 3023 1191 3086 4,
1238 3019 1543 3089 Augustini
1594 3018 1744 3072 dicta

78 3127 170 3162 non
198 3129 308 3165 esse
340 3117 479 3182 apta
507 3111 580 3163 ad
610 3110 970 3164 emarmandos
1031 3108 1416 3165 Calvinistas?
1459 3110 1743 3161 Prmterea

76 3201 454 3269 Augustinum,
510 3199 725 3270 inquis,
775 3198 1015 3252 sensisse
1073 3197 1386 3267 impiorum
1437 3196 1740 3249 hominum

74 3287 512 3354 reprobationem
557 3287 626 3340 ab
670 3285 934 3356 originali
975 3285 1142 3353 culpa
1171 3300 1288 3336 esse
1327 3282 1659 3350 derivatum,
1689 3288 1744 3336 et

73 3371 201 3425 illius
227 3375 369 3428 hanc
396 3374 635 3428 unicam
667 3391 787 3427 esse
817 3389 1042 3426 causam
1071 3388 1206 3441 pag.
1242 3374 1378 3437 587i;
1411 3377 1469 3424 at
1498 3387 1619 3440 cap.
1657 3374 1738 3438 lO,

69 3477 175 3531 pag.
205 3467 321 3527 667,
351 3464 558 3517 scribis
588 3479 709 3516 eam
743 3462 1079 3516 sententiam
1106 3462 1206 3514 tibi
1235 3463 1442 3514 licitum
1473 3476 1582 3514 esse
1611 3461 1742 3513 hor—

72 3567 181 3614 rere,
213 3553 351 3620 quod
378 3557 562 3605 mater
590 3557 666 3604 est
695 3552 865 3616 illius,
896 3565 1058 3618 quam
1077 3551 1341 3601 Calvinus
1365 3553 1518 3601 tanta
1552 3550 1740 3617 impie-

70 3642 158 3692 tate
177 3656 234 3692 ac
277 3641 431 3694 rabie
490 3645 676 3693 contra
725 3640 1017 3692 Ecclesium
1063 3637 1323 3692 inculcat.
1361 3638 1422 3690 Et
1452 3653 1581 3707 pag.
1620 3639 1742 3702 624,

68 3741 168 3795 cap.
198 3734 247 3796 ’7,
296 3728 534 3783 testaris
576 3726 956 3795 Augustinum
1003 3725 1208 3779 dixisse
1249 3741 1503 3778 mannam
1553 3730 1601 3777 et
1648 3741 1745 3778 eu-

68 3816 357 3872 charistiam
388 3833 508 3871 esse
540 3832 852 3876 mouauren
891 3818 1125 3884 ﬁguram
1153 3815 1292 3867 .Icsu
1343 3814 1566 3868 Christi.
1609 3814 1744 3876 Qua:

62 3904 223 3970 prima
267 3904 713 3959 Calvinistarum
763 3903 995 3955 hmresis
1045 3906 1146 3954 est.
1221 3902 1465 3953 Putasne
1529 3899 1747 3954 Calvini

65 3998 342 4046 sectatores
391 4011 464 4046 ac
511 3994 894 4045 (ienevensem
948 3991 1199 4043 scholam
1228 4005 1342 4041 non
1377 3989 1559 4057 plenis
1590 3987 1744 4040 auri-

62 4080 151 4133 bus
200 4083 544 4152 ingentique
591 4083 795 4150 plausu
843 4080 1035 4132 isthaac
1083 4083 1179 4132 tua
1231 4078 1382 4132 dicta
1433 4077 1739 4147 excepisse,

62 4183 175 4221 cum
205 4175 257 4222 te
278 4171 482 4240 judice
513 4185 679 4221 suum
711 4168 828 4221 fere
853 4166 1083 4219 videant
1130 4165 1538 4234 Augustinum,
1572 4181 1744 4234 quem

1849 3025 2092 3077 clamat:
2129 3043 2154 3073 ‹‹
2212 3024 2306 3076 Hae
2357 3023 2659 3093 Augustini
2707 3023 2956 3076 tenebrae
2990 3039 3082 3076 me
3115 3029 3330 3093 cogunt
3361 3025 3428 3078 ad
3461 3026 3543 3078 lu-

1849 3129 1971 3165 cem
2002 3112 2138 3165 alibi
2193 3111 2584 3182 qumrendam,
2627 3127 2799 3181 quam
2847 3112 3081 3182 quidem
3120 3111 3182 3165 in
3213 3112 3443 3182 synodis
3493 3117 3550 3166 et

1849 3201 2091 3254 aliorum
2123 3201 2420 3254 doctorum
2465 3200 2624 3254 libris
2670 3200 2921 3254 invenio.
2959 3222 2980 3248 ι
3021 3200 3305 3254 Habemus
3357 3202 3550 3256 homi-

1851 3289 1937 3342 nis
1975 3289 2410 3343 confessionem.

1921 3376 2260 3440 V'ictorinus,
2313 3376 2717 3430 celeberrimus
2761 3378 3050 3448 quondam
3109 3380 3302 3433 Romae
3332 3379 3546 3444 rhetor,

1851 3481 1914 3517 ac
1937 3464 2261 3532 Hieronymi
2289 3469 2341 3517 et
2391 3465 2696 3533 Augustini
2745 3466 3036 3535 praeconio
3069 3467 3195 3522 orbi
3235 3471 3426 3533 notus,
3459 3484 3550 3520 vo-

1849 3552 2135 3606 luminum
2163 3552 2567 3606 obscuritatem
2611 3553 2820 3623 triplici
2853 3571 2917 3608 ex
2948 3572 3118 3609 causa
3145 3556 3282 3609 oriri
3302 3556 3542 3622 dicebat,

1851 3646 1915 3694 ut
1947 3646 2185 3694 testatur
2227 3646 2452 3694 sanctus
2489 3642 2868 3712 Hieronymus
2900 3642 2957 3695 in
3009 3645 3289 3712 prooemio
3320 3645 3416 3698 lib.
3453 3661 3546 3698 xm

1851 3728 1912 3781 in
1935 3727 2287 3782 Ezechielem
2322 3744 2334 3782 :
2371 3748 2397 3778 «
2433 3728 2529 3781 Vel
2574 3728 2655 3780 rei
2705 3729 3124 3798 magnitudine,
3161 3732 3244 3783 vel
3303 3730 3552 3784 doctoris

1853 3816 2165 3885 imperitia,
2199 3818 2280 3869 vel
2340 3815 2626 3870 audientis
2669 3816 2898 3869 duritia.
2940 3838 2958 3861 ι
3025 3819 3252 3871 Poterat
3289 3823 3549 3888 quartam

1855 3904 2084 3971 addere,
2143 3919 2350 3972 nempe
2391 3903 2648 3957 docentis
2702 3904 3003 3968 malitiam,
3057 3905 3208 3974 quod
3263 3905 3552 3959 Aristoteli

1855 3992 1993 4044 vitio
2025 3990 2266 4043 vertitur
2295 3991 2548 4044 obscuris
2583 3992 2885 4044 verborum
2929 3991 3236 4045 involucris
3264 4009 3396 4045 suos
3422 4009 3548 4046 sen-

1856 4096 1948 4132 sus
1990 4079 2287 4132 occulenti.
2337 4077 2524 4131 Sancti
2570 4078 2874 4147 Augustini
2927 4080 3242 4134 doctrinam
3271 4081 3338 4134 de
3367 4080 3553 4150 gratia

1856 4173 1911 4220 et
1940 4168 2121 4221 libero
2147 4165 2385 4219 arbitrio
2415 4183 2479 4220 ac
2517 4167 3016 4236 praedestinatione
3073 4185 3193 4222 esse
3252 4169 3551 4222 obscuram

61 4261 229 4310 tamen
258 4264 464 4311 contra
495 4257 719 4309 eosdem
753 4261 924 4324 stare,
959 4260 1011 4309 te
1043 4255 1570 4308 demonstraturum
1617 4269 1744 4322 pro-
1781 4240 1822 4293 Ῑ)
1856 4261 2023 4327 atque
2058 4254 2346 4309 difficilem
2372 4256 2444 4308 ob
2494 4255 2575 4308 rei
2618 4255 3090 4325 magnitudinem,
3125 4258 3197 4310 ob
3229 4257 3553 4312 divinorum

59 4345 274 4398 miseras
297 4348 326 4399 ?
355 4345 472 4400 Sed
505 4345 592 4397 bis
621 4343 862 4411 omissis,
901 4343 972 4396 ob
999 4359 1126 4413 quze
1161 4343 1483 4396 Calvinistm
1532 4341 1745 4410 gratias

57 4434 311 4500 referunt,
349 4435 558 4488 saltem
587 4434 810 4499 debent,
845 4448 1015 4502 quam
1075 4437 1273 4485 contra
1325 4436 1581 4485 sanctum
1615 4431 1744 4484 doc-

58 4527 226 4576 torem
249 4523 676 4578 accusationem
701 4521 984 4585 instituas,
1013 4519 1335 4574 audiamus.

121 4613 308 4683 ltaque
340 4613 614 4676 Adamus,
648 4626 818 4680 quem
851 4608 1108 4678 intelligo
1158 4609 1306 4662 inter
1343 4607 1566 4661 celebres
1610 4622 1744 4660 auc-

59 4705 181 4753 tores
205 4720 237 4754 a
282 4701 577 4755 sodalibus
631 4698 944 4763 numerari,
979 4699 1150 4767 capiti
1176 4702 1377 4768 quarto
1409 4697 1560 4749 hunc
1603 4695 1744 4749 titu—

59 4788 168 4840 lum
216 4789 374 4842 dedit
424 4787 597 4852 (Dial.
664 4803 710 4839 vi
759 4787 823 4839 de
870 4787 1027 4854 Opin.
1072 4785 1402 4854 probabili):
1437 4787 1746 4838 Doctrinam

55 4882 221 4932 sancti
251 4880 561 4945 Augustini
607 4877 670 4929 de
710 4879 978 4943 mysteriis
1025 4878 1238 4941 gratiae,
1285 4875 1572 4939 libertatis,
1598 4890 1746 4942 pra:-

56 4962 428 5019 destinationis
466 4971 514 5018 ct
543 4965 883 5017 eucharistia:
914 4979 1023 5017 esse
1051 4963 1434 5030 difﬁcillimam
1456 4963 1744 5027 intellectu,

55 5058 97 5102 et
133 5069 247 5106 eam
296 5054 680 5106 obscuritatem
724 5067 950 5118 magnas
981 5051 1270 5104 divisiones
1316 5055 1427 5102 tum
1460 5052 1600 5115 vivo,
1636 5055 1748 5102 tum

55 5147 257 5192 mortuo
297 5142 604 5206 Augustino
635 5141 928 5209 peperisse,
956 5143 1062 5191 etc.
1092 5139 1307 5192 Rursus
1337 5142 1507 5204 caput
1526 5143 1748 5188 sextum

56 5227 125 5279 ita
152 5228 456 5282 inscribit:
507 5230 652 5283 Nova
700 5231 1020 5293 argumenta
1059 5226 1132 5278 ad
1166 5225 1505 5293 probandum
1541 5225 1747 5278 doctri-

54 5330 169 5368 nam
212 5319 402 5370 sancti
440 5318 743 5385 Augustini
782 5316 846 5370 de
877 5317 1149 5383 mysteriis
1180 5315 1372 5380 gratiae
1402 5317 1451 5366 et
1474 5312 1752 5381 praedesti-

55 5408 284 5460 nationis
311 5420 426 5459 esse
455 5406 732 5460 obscuram
755 5410 803 5458 et
830 5403 1116 5472 difﬁcilem
1141 5403 1428 5456 intellectu.
1466 5403 1599 5470 Pag.
1625 5404 1748 5454 6l0.

58 5491 108 5542 lu
139 5509 249 5562 quu
285 5493 521 5562 quidem
553 5493 734 5564 capite
765 5507 894 5546 cum
929 5491 1096 5564 plura
1143 5495 1266 5545 tum
1299 5489 1460 5559 falsa,
1506 5494 1629 5543 tum
1660 5504 1750 5542 ca-

1855 4343 2228 4396 consiliorum
2276 4343 2748 4411 profunditatem,
2778 4345 2850 4397 ob
2902 4345 3157 4414 mysterii
3189 4345 3550 4398 secretissimi

1857 4432 2216 4486 altitudinem
2246 4431 2488 4486 libenter
2539 4431 2923 4486 concedimus.
2968 4433 3103 4496 Quis
3141 4432 3294 4486 enim
3328 4433 3557 4503 ignorat

1858 4525 2138 4591 quantum
2161 4521 2419 4574 omnium
2451 4525 2680 4575 aetatum
2711 4521 3063 4590 sapientibus
3088 4521 3438 4576 difficultatis
3469 4521 3555 4575 in-

1855 4607 2028 4676 gessit
2084 4607 2352 4660 humanae
2405 4608 2713 4660 voluntatis
2763 4608 2956 4662 liberie
3007 4626 3137 4662 cum
3185 4609 3375 4664 divina
3406 4626 3552 4680 pra!-

1857 4695 2093 4748 scientia
2123 4711 2185 4748 ac
2241 4695 2739 4764 praedestinatione
2799 4698 3148 4753 concordia?
3197 4699 3389 4752 Testes
3427 4702 3561 4750 sunt

1858 4789 2116 4837 veterum
2164 4783 2633 4852 philosophorum
2692 4800 2938 4839 errores.
2994 4787 3129 4839 Inde
3179 4786 3329 4839 enim
3387 4785 3560 4839 Stoici

1857 4872 2036 4925 fatum
2069 4871 2399 4923 invehentes
2430 4871 2676 4923 liberum
2711 4872 3010 4926 arbitrium
3041 4873 3391 4926 suffocarunt
3421 4888 3433 4924 :
3458 4871 3558 4924 alii

1858 4976 1988 5012 cum
2042 4958 2311 5012 Cicerone.
2368 4957 2824 5026 contingentium
2885 4960 3178 5013 scientiam
3212 4962 3326 5014 Deo
3372 4963 3560 5012 sustu-

1859 5049 1994 5100 lere.
2057 5047 2194 5100 Hinc
2227 5047 2441 5116 pariter
2495 5046 2646 5099 inter
2677 5047 3033 5101 scholasticos
3091 5048 3389 5116 theologos
3441 5045 3563 5098 diu-

1859 5141 2030 5190 turna
2059 5153 2122 5188 ac
2173 5139 2451 5205 perpetuo
2483 5135 2754 5189 duratura
2802 5135 3037 5188 dissidia
3085 5139 3208 5188 orta
3237 5140 3386 5188 sunt.
3413 5135 3558 5204 lpsi-

1861 5229 1978 5278 met
2033 5223 2397 5288 recentiores,
2457 5224 2556 5294 qui
2614 5224 2857 5294 planiori
2921 5240 2978 5276 se
3030 5223 3118 5275 via
3173 5223 3282 5276 iter
3327 5209 3560 5293 carpere

1862 5312 2196 5383 gloriantur,
2237 5312 2294 5364 in
2318 5311 2594 5380 pluribus,
2630 5313 2696 5366 de
2748 5311 2954 5365 divinis
2983 5310 3559 5380 praedefinitionibus,

1862 5401 2074 5454 scilicet
2106 5400 2173 5453 de
2207 5399 2427 5468 objecto
2460 5399 2708 5452 scientia:
2733 5398 2956 5464 mediae,
2979 5398 3048 5452 de
3077 5398 3260 5468 gratia
3286 5414 3562 5469 congrua,

1863 5489 2100 5558 aliisque
2132 5501 2323 5542 secum
2354 5485 2596 5540 invicem
2621 5483 2893 5540 acerrime
2952 5487 3368 5554 concertantes,
3409 5483 3563 5538 civili
