3906 6182
313 316 414 367 579

1268 303 1856 362 'SUPPLEMENTUM
1894 305 1984 358 AI)
2021 304 2252 359 OPERA
2291 307 2343 358 s.
2386 307 2771 362 AUGUSTINI.
3658 316 3742 367 58,,

301 456 368 494 eo
401 439 551 494 bello
579 438 659 491 rei
679 437 1072 502 difﬁcultatem
1107 432 1376 485 fatentur.
1428 431 1635 485 Molina
1684 430 1744 482 in
1777 431 2016 484 Concor-
2055 435 2100 485 A
2129 431 2294 498 getur
2327 428 2558 483 erroris.
2605 449 2632 480 »
2687 428 2808 483 Lib.
2861 445 2920 480 III
2953 427 3152 496 Operis
3176 427 3414 496 imperf.,
3446 445 3558 499 cap.
3587 435 3662 485 61.
3695 437 3748 488 Et

309 527 404 582 dia
450 529 648 598 quaast.
675 527 757 589 14,
801 527 908 577 art.
948 524 1030 587 13,
1066 519 1209 590 disp.
1242 522 1328 584 53,
1363 518 1574 572 memb.
1611 520 1664 586 2,
1723 517 1749 587 §
1807 519 2002 571 Parvi~

308 615 571 686 pendunt,
621 612 849 676 fatetur,
915 612 1093 663 semet
1151 607 1430 678 pertinaci
1470 605 1674 676 viginti
1719 621 2000 658 annorum

311 702 504 756 labore
557 698 869 762 insudasse,
930 711 1042 765 quo
1111 695 1422 748 humanam
1491 694 1814 747 libertatem
1874 708 2005 746 cum

310 787 595 861 mysteriis
624 786 822 856 gratiae
853 800 916 837 ac
948 783 1466 854 praedestinationis
1483 785 1873 852 componeret,
1907 781 2006 852 qui

309 884 504 932 tamen
553 873 977 928 Thomistarum
1019 870 1237 940 judicio
1264 870 1496 924 inanem
1527 886 1760 940 operam
1791 870 2002 940 posuit.

311 964 420 1018 Sed
471 963 580 1016 hoc
609 961 716 1014 sub
742 960 839 1014 lite
888 959 1143 1020 dimisso,
1177 963 1326 1011 certe
1370 974 1437 1011 eo
1478 962 1688 1010 conatu
1737 956 2005 1010 difﬁcilli-

309 1068 464 1106 mam
488 1049 843 1122 provinciam
867 1064 924 1101 se
955 1062 1288 1119 aggressum
1312 1047 1580 1100 ostendit.
1613 1044 1848 1100 Suarius
1880 1061 2006 1098 om-

309 1139 470 1193 nium
528 1135 910 1190 recentiorum
953 1133 1324 1204 gravissimus
1377 1132 1623 1202 scriptor
1669 1136 1826 1186 tomo
1877 1132 2007 1185 nde

311 1228 484 1290 Grat.,
520 1224 626 1278 lib.
656 1241 708 1290 v,
758 1223 818 1277 in
861 1222 1142 1292 prmludio
1191 1237 1364 1291 agens
1414 1220 1481 1274 de
1537 1219 1721 1290 gratia
1775 1219 2008 1286 efﬁcaci,

315 1315 466 1368 idem
495 1313 748 1384 ingenue
798 1311 1063 1365 afﬁrmat.
1115 1309 1254 1363 Hinc
1309 1309 1678 1378 Augustinus,
1715 1307 1880 1378 epist.
1918 1311 2006 1375 47,

314 1404 384 1458 ad
419 1400 798 1464 Valentinum,
834 1407 995 1453 vocat
1026 1415 1150 1452 eam
1195 1397 1569 1467 quaestionem
1626 1397 2011 1465 difﬁcillimam

314 1497 364 1547 et
389 1493 582 1561 paucis
631 1489 1057 1556 intelligibilem;
1087 1492 1143 1540 et
1171 1503 1294 1557 cap.
1327 1488 1415 1552 47,
1461 1485 1530 1539 de
1561 1485 1752 1539 Gratia
1782 1485 2008 1552 Christi,

314 1581 388 1634 ad
435 1579 847 1633 discernendum
885 1577 1184 1645 difﬁcilem.
1219 1575 1374 1628 Idem
1405 1589 1574 1626 serm.
1626 1577 1655 1626 5
1716 1573 1784 1626 de
1821 1572 2014 1626 Verbis

314 1667 593 1738 Apostoli,
651 1682 780 1720 cum
836 1665 905 1719 de
937 1665 1131 1719 divina
1176 1663 1358 1734 gratia
1409 1663 1580 1716 verba
1627 1661 1696 1715 ad
1732 1662 2011 1731 populum

315 1757 568 1811 facturus
619 1759 784 1820 esset,
836 1753 978 1808 dixit
1034 1769 1092 1806 se
1133 1752 1326 1806 habere
1360 1755 1586 1820 propter
1637 1751 2015 1805 obscuritatem

314 1859 497 1897 rerum
535 1842 818 1910 difﬁcilem
841 1841 1287 1909 disputationem.
1341 1839 1624 1892 Caeterum
1660 1837 2016 1908 sapientissi-

317 1947 446 1985 mus
502 1930 590 1983 vir
645 1929 897 1982 obscuris
954 1929 1142 1982 lucem
1199 1932 1256 1980 et
1300 1927 1625 1981 difﬁcilibus
1684 1925 2017 1980 facilitatem

319 2023 596 2092 quantum
627 2017 817 2088 potuit
865 2016 1120 2087 ingessit.
1177 2015 1330 2070 Nulli
1370 2031 1503 2068 sane
1546 2015 1724 2069 labori
1767 2014 2022 2085 pepercit

318 2125 432 2180 quo
481 2112 535 2162 et
563 2106 873 2161 clarissime
887 2111 944 2159 et
972 2105 1305 2175 planissime
1337 2105 1704 2174 loqueretur;
1751 2104 2019 2174 precibus

321 2197 493 2252 etiam
531 2199 710 2251 Deum
735 2195 972 2249 subinde
1007 2194 1243 2264 rogabat
1269 2198 1332 2247 ut
1353 2194 1424 2247 ad
1460 2197 1692 2263 captum
1725 2193 1928 2262 populi
1952 2193 2020 2246 de

323 2285 505 2358 gratia
552 2283 865 2340 disserendi
910 2283 1236 2337 facultatem
1285 2282 1391 2336 sibi
1438 2280 1847 2351 impertiretur.
1899 2285 2020 2334 Au—

322 2375 513 2430 diatur
541 2375 599 2428 in
626 2371 907 2443 prooemio
937 2387 1106 2426 serm.
1153 2374 1215 2425 l3
1246 2370 1314 2424 de
1355 2370 1514 2423 Verb.
1572 2370 1845 2440 Apostoli,
1891 2387 2021 2424 cum

323 2465 384 2517 in
435 2461 826 2533 superioribus
870 2461 939 2514 de
987 2461 1112 2529 lege
1167 2463 1223 2513 et
1262 2458 1444 2528 gratia
1485 2459 1606 2512 fuse
1653 2463 2018 2528 perorasset:

325 2572 353 2604 (ι
387 2552 555 2606 Verbi
587 2551 708 2612 Dei,
739 2549 945 2620 inquit,
978 2548 1217 2602 altitudo
1248 2550 1467 2601 exercet
1498 2546 1770 2613 studium,
1795 2563 1910 2600 non
1933 2547 2024 2601 de-

324 2644 497 2710 negat
523 2639 896 2693 intellectum.
928 2636 984 2690 Si
1009 2635 1202 2689 omnia
1225 2636 1415 2689 clausa
1462 2638 1667 2700 essent,
1708 2633 1848 2687 nihil
1879 2638 2025 2688 esset

323 2729 475 2783 unde
533 2727 924 2781 revelarentur
980 2725 1238 2779 obscura.
1292 2725 1502 2778 Rursus
1552 2722 1599 2776 si
1656 2722 1848 2776 omnia
1881 2727 2026 2776 tecta

325 2821 532 2883 essent,
567 2831 686 2870 non
715 2817 862 2868 esset
898 2813 1051 2867 unde
1096 2811 1434 2865 alimentum
1463 2809 1656 2864 anima
1685 2809 2022 2880 perciperet,

324 2910 380 2960 et
411 2905 651 2960 haberet
676 2902 821 2957 vires
861 2901 1069 2972 quibus
1100 2904 1290 2971 posset
1322 2900 1391 2953 ad
1425 2899 1615 2952 clausa
1669 2897 1922 2968 pulsare.
1964 2899 2026 2950 In

2114 533 2243 570 cum
2275 516 2428 571 idem
2477 517 2778 570 haereticus
2827 514 3007 569 sancti
3062 514 3299 568 doctoris
3339 517 3650 571 sententiam
3677 520 3747 574 ia-

2114 605 2340 659 tellectu
2395 604 2685 658 difﬁcilem
2744 620 2862 657 esse
2913 605 3243 674 opponeret,
3273 603 3545 672 respondit
3578 607 3750 676 Augu-

2117 693 2299 747 stinus
2329 709 2342 745 :
2381 716 2400 741 ε
2439 695 2675 747 Prorsus
2707 691 3020 762 intelligor,
3055 690 3192 744 velis
3217 691 3390 757 nolis;
3425 693 3512 746 sed
3553 697 3610 746 tu
3636 711 3751 749 con-
3855 751 3857 757 ,

2115 787 2202 835 tra
2233 781 2344 834 ista
2372 781 2513 835 nihil
2557 781 2830 847 dicturus,
2859 780 2942 833 vis
2966 795 3078 832 non
3108 779 3348 848 intelligi
3379 781 3522 850 quod
3558 797 3652 852 ego
3681 799 3755 837 ve-

2117 869 2407 922 rissimum
2450 875 2621 939 atque
2678 867 3072 922 firmissimum
3125 867 3256 921 dixi.
3293 887 3314 916 ι
3369 868 3480 921 Lib.
3537 885 3601 936 iv,
3653 887 3752 942 cap.

2122 957 2239 1012 140.
2277 958 2421 1027 Lege
2451 958 2519 1011 de
2553 957 2640 1011 his
2671 957 2834 1027 plura
2864 955 2924 1009 in
2964 955 3287 1010 Antithetis.

2190 1047 2472 1100 Craterum
2505 1046 2755 1101 Adamus
2788 1051 3000 1099 coctam
3052 1044 3189 1098 olim
3213 1059 3246 1098 a
3271 1043 3570 1115 Pelagianis
3606 1062 3757 1101 cram-

2118 1134 2248 1188 bem
2281 1150 2613 1206 recoquens,
2671 1133 3147 1205 Augustinianam
3197 1132 3502 1187 doctrinam
3529 1133 3653 1187 vitio
3680 1136 3759 1190 ob-
3856 1156 3859 1204 ξ

2120 1224 2403 1279 scuritatis
2432 1225 2690 1290 infamat,
2725 1240 2896 1294 quam
2923 1239 3041 1276 non
3071 1221 3464 1292 mysteriorum
3511 1223 3759 1291 magnitu-

2121 1313 2259 1378 dini,
2293 1330 2410 1368 non
2437 1314 2612 1368 debili
2641 1315 2917 1367 lectorum
2944 1310 3356 1380 intelligentize,
3383 1310 3475 1363 sed
3503 1311 3761 1379 Augustini

2122 1401 2354 1455 malitiae
2385 1402 2642 1472 deputat,
2684 1400 2896 1472 quippe
2927 1399 3027 1470 qui
3054 1415 3186 1453 suos
3210 1414 3402 1451 sensus
3431 1397 3569 1450 clare
3606 1399 3762 1451 dicere
3860 1451 3861 1458 η

2123 1489 2331 1551 noluit,
2386 1490 2476 1542 vel
2525 1489 2727 1544 saltem
2783 1504 2897 1541 non
2945 1487 3141 1552 valuit,
3204 1490 3264 1539 ut
3317 1484 3501 1539 scribit
3527 1501 3644 1556 pag.
3669 1489 3764 1540 615.

2124 1578 2281 1632 Itane
2339 1593 2614 1648 magnum
2647 1578 2784 1631 illud
2818 1575 3213 1634 Africanarum
3269 1574 3600 1646 synodorum
3627 1576 3765 1643 lnge-

2129 1665 2310 1730 nium,
2347 1682 2460 1737 quo
2490 1666 2723 1720 nomine
2777 1664 2993 1719 audivit
3035 1663 3384 1733 Augustinus
3415 1679 3478 1716 ex
3509 1664 3766 1732 Prospero,

2129 1771 2253 1824 cap.
2285 1755 2318 1805 2
2371 1759 2567 1808 contra
2617 1755 2896 1824 Ingratos,
2954 1753 3096 1806 adeo
3145 1751 3387 1805 bardum
3435 1750 3514 1805 vel
3551 1750 3767 1804 invidum

2123 1841 2367 1911 judicas,
2416 1845 2478 1895 ut
2530 1845 2658 1910 post
2703 1840 2904 1910 viginti
2950 1840 3065 1894 fere
3093 1855 3378 1893 annorum
3409 1843 3627 1892 conatus
3652 1855 3767 1891 non-

2130 1930 2266 1984 dum
2315 1945 2477 1983 suam
2528 1929 2872 1983 sententiam
2929 1929 3208 1999 explicare
3255 1927 3520 1999 potuerit,
3554 1932 3655 1993 aut,
3679 1943 3768 1996 quo
3862 1983 3863 1996 χ

2128 2018 2282 2072 solus
2338 2034 2536 2089 sapere
2585 2018 2895 2084 videretur,
2919 2017 3168 2071 noluerit
3222 2021 3378 2070 tanto
3408 2032 3531 2070 cum
3558 2014 3768 2068 Ecclesia!

2123 2106 2303 2177 totius
2360 2107 2703 2161 detrimento
2731 2108 2759 2160 ?
2807 2107 2912 2161 Sed
2951 2105 3248 2160 videamus
3279 2105 3480 2176 quibus
3510 2119 3769 2174 argumen-
3857 2093 3863 2095 ’

2130 2194 2204 2250 tis
2232 2211 2355 2266 cap.
2411 2197 2463 2261 4,
2587 2199 2641 2248 et
2686 2197 2737 2261 6,
2787 2193 3030 2263 probare
3092 2194 3374 2246 recentior
3421 2193 3509 2245 ille
3555 2194 3770 2255 conetur,
3849 2181 3865 2266 ’γ

2131 2283 2313 2337 sancti
2342 2283 2646 2354 Augustini
2676 2282 2992 2336 doctrinam
3037 2282 3106 2336 de
3143 2282 3326 2352 gratia
3355 2285 3412 2335 et
3454 2280 3618 2334 libero
3650 2277 3769 2330 arbi-
3841 2267 3865 2274 '4

2131 2372 2265 2438 trio,
2299 2389 2402 2425 nec
2457 2388 2577 2425 non
2628 2371 2696 2425 de
2727 2370 3230 2441 prmdestinatione
3263 2385 3382 2422 esse
3409 2368 3682 2422 obscuram
3707 2369 3771 2416 at-
3849 2359 3852 2361 “

2133 2477 2244 2532 que
2277 2459 2588 2514 difﬁcilem.
2623 2459 2875 2530 Opponit
2896 2458 3058 2512 initio
3081 2458 3273 2512 statim
3305 2474 3423 2527 cap.
3455 2458 3505 2522 4,
3530 2471 3646 2526 pag.
3675 2455 3770 2518 590,

2135 2551 2366 2603 Florum
2420 2549 2767 2602 monachum
2830 2547 3273 2602 Adrumetinum
3337 2546 3578 2616 primum
3634 2543 3772 2596 fuisse

2133 2637 2253 2709 qui,
2319 2637 2748 2706 Augustinianm
2801 2636 3072 2690 doctrina:
3127 2635 3466 2689 obscuritate
3530 2633 3772 2700 deceptus,
3855 2623 3867 2690 λ

2135 2731 2334 2780 contra
2369 2725 2613 2778 liberum
2658 2724 2959 2778 arbitrium
3010 2723 3428 2794 dogmatizarit.
3461 2720 3661 2775 Etenim
3686 2733 3775 2771 non
3865 2767 3867 2805 ,

2135 2814 2460 2884 intelligens
2506 2813 2811 2885 Augustini
2872 2813 3170 2883 epistolam
3232 2812 3302 2865 ad
3354 2811 3581 2876 Sixtum,
3618 2810 3775 2860 contra

2135 2902 2386 2956 hominis
2416 2902 2735 2956 libertatem
2790 2917 2916 2954 eam
2965 2901 3123 2972 loqui
3155 2899 3550 2954 existimabat:
3597 2901 3648 2950 at
3673 2909 3773 2947 cum

324 2991 663 3046 lectionibus
712 2987 1035 3059 apostolicis
1102 2986 1509 3058 superioribus,
1567 3002 1709 3056 quas
1765 2985 2024 3039 charitati
2063 3000 2100 3055 ρ
2137 2991 2342 3062 reliqui
2374 2989 2638 3044 monachi
2669 2989 3002 3060 oppositum
3051 2989 3445 3055 defenderent,
3475 3003 3559 3040 res
3594 2985 3655 3038 ab
3681 2985 3774 3052 ipso

323 3087 548 3148 vestrae,
577 3085 855 3150 quantum
883 3077 1157 3132 Dominus
1187 3077 1454 3146 adjuvare
1497 3076 1763 3146 dignatus
1793 3080 1895 3143 est,
1931 3092 2024 3129 ex-

325 3167 644 3240 posuimus,
671 3166 912 3219 multum
956 3165 1208 3218 laborem
1273 3169 1330 3218 et
1387 3163 1831 3218 sollicitudinem
1873 3162 2025 3232 passi

327 3271 545 3309 sumus.
603 3251 1108 3322 Compatiebamur
1155 3249 1316 3304 vobis
1369 3255 1424 3304 et
1455 3251 1685 3304 solliciti
1715 3267 1941 3304 eramus
1973 3255 2028 3303 et

326 3361 430 3415 pro
459 3342 620 3398 nobis
651 3347 706 3396 et
733 3357 840 3412 pro
871 3340 1054 3395 vobis.
1083 3341 1370 3404 Quantum
1404 3346 1598 3394 autem
1637 3341 1896 3394 existimo
1927 3340 2025 3392 ad-

317 3433 469 3504 juvit
497 3437 552 3487 et
577 3447 683 3485 nos
724 3434 779 3484 et
809 3445 908 3484 vos
941 3429 1236 3494 Dominus,
1291 3433 1346 3482 et
1379 3445 1443 3482 ea
1475 3445 1604 3499 quae
1651 3446 1886 3500 prorsus
1918 3429 2026 3483 dif-

326 3521 500 3576 ticilia
526 3520 869 3576 videbantur
899 3517 977 3572 sic
1007 3533 1108 3588 per
1150 3533 1254 3571 nos
1313 3518 1558 3572 enodare
1615 3517 1879 3587 dignatus
1919 3522 2024 3587 est,

328 3615 389 3664 ut
418 3610 576 3664 nulla
633 3607 874 3679 quaestio
923 3610 1248 3661 remaneret
1277 3623 1407 3678 quae
1453 3607 1752 3660 conturbet
1777 3610 2028 3660 mentem

328 3702 505 3770 piam.
540 3697 722 3767 Impia
760 3696 917 3750 enim
974 3711 1138 3749 mens
1166 3694 1289 3748 odit
1345 3694 1517 3748 etiam
1548 3694 1734 3764 ipsum
1767 3695 2028 3748 intellec-

327 3792 449 3842 tum
483 3805 510 3838 ››
539 3791 645 3840 etc.
679 3785 844 3839 Libro
885 3783 1059 3838 etiam
1099 3783 1268 3837 tertio
1301 3783 1370 3837 de
1417 3788 1784 3852 peccatorum
1817 3781 2029 3836 Meritis

299 3880 382 3928 «et
426 3871 785 3940 remissione,
831 3887 961 3940 cap.
1001 3873 1054 3936 2,
1115 3869 1323 3924 futuris
1384 3869 1723 3923 adversariis
1781 3867 1881 3938 qui
1923 3866 2029 3922 sibi

325 3961 600 4034 loquendi
657 3960 1066 4015 obscuritatem
1145 3958 1425 4028 objecturi
1483 3962 1665 4025 erant,
1727 3956 1880 4010 hisce
1932 3972 2031 4010 ora

325 4050 606 4105 obstruxit
647 4067 660 4104 :
695 4069 717 4099 ι
745 4048 890 4111 Quia
921 4063 988 4101 ea
1016 4063 1144 4118 quae
1173 4063 1276 4118 pro
1301 4053 1503 4100 natura
1531 4037 1912 4117 quaestionum
1937 4045 2030 4099 di-

326 4139 511 4193 lucide
556 4137 705 4192 dicta
749 4135 1032 4199 existimo,
1095 4134 1280 4189 adhuc
1332 4151 1450 4188 non
1505 4134 1856 4204 intelligunt,
1914 4149 2030 4186 non

326 4227 472 4281 mihi
519 4224 947 4280 calumnientur
978 4239 1083 4294 pro
1126 4223 1480 4295 negligentia
1526 4224 1612 4277 vel
1645 4239 1746 4293 pro
1775 4239 1917 4276 mea:
1946 4221 2029 4275 fa-

327 4314 554 4370 cultatis
595 4312 936 4384 indigentia,
982 4312 1080 4366 sed
1112 4313 1292 4365 Deum
1350 4311 1539 4381 potius
1570 4327 1672 4381 pro
1702 4309 2029 4380 accipienda

327 4401 710 4471 intelligentia
734 4401 1130 4471 deprecentur.
1163 4420 1189 4448 »
1225 4401 1289 4452 Et
1309 4398 1543 4468 quidem
1575 4397 1706 4451 libri
1736 4397 1829 4450 isti
1859 4395 2033 4466 primi

327 4490 486 4543 fuere
513 4488 663 4542 inter
693 4505 787 4542 eos
822 4505 966 4559 quos
1012 4503 1184 4556 supra
1231 4486 1466 4556 triginta
1494 4502 1598 4556 pro
1631 4485 1822 4539 divina
1851 4485 2033 4555 gratia

330 4575 632 4628 asserenda
662 4575 930 4628 adversus
943 4575 1200 4646 ejusdem
1222 4574 1413 4628 hostes
1443 4573 1817 4628 elucubravit.
1847 4574 2032 4637 Quare

330 4678 462 4718 cum
496 4662 849 4732 Augustinus
878 4663 966 4715 vel
993 4661 1156 4716 initio
1189 4662 1586 4731 disputationis
1620 4679 1816 4716 recens
1867 4679 2031 4716 exor-

330 4757 421 4818 tae,
463 4750 710 4822 indeque
755 4751 889 4805 satis
945 4750 1200 4804 obscurae
1253 4767 1316 4804 ac
1381 4751 1652 4820 difﬁcilis,
1695 4751 1942 4806 dilucide
1975 4768 2033 4805 se

331 4841 589 4894 locutum
623 4839 848 4902 dixerit,
885 4854 1026 4910 quos
1055 4839 1384 4893 clarissima:
1436 4840 1710 4894 doctrinm
1736 4840 1926 4894 radios
1975 4856 2034 4893 re

332 4927 470 4983 satis
501 4940 782 5000 superque
830 4931 916 4982 tot
962 4944 1243 4982 annorum
1275 4927 1480 4998 spatio,
1528 4933 1612 4982 tot
1641 4928 1882 4999 publicis
1916 4927 2034 4998 pri-

329 5016 588 5087 vatisque
646 5014 1060 5086 congressibus,
1109 5019 1195 5070 tot
1224 5015 1471 5086 denique
1493 5016 1879 5070 voluminibus
1909 5015 2035 5087 epi—

331 5103 605 5174 stolisque
635 5103 887 5158 discussa
917 5107 1091 5175 atque
1141 5103 1421 5174 explicata
1462 5103 1732 5175 sparsisse
1762 5105 2036 5158 dicendus

332 5194 463 5246 est?
491 5193 638 5247 Sane
676 5209 808 5247 cum
859 5192 1119 5247 Julianus
1163 5198 1355 5246 sancto
1385 5193 1602 5246 doctori
1631 5193 2036 5247 obscuritatem

335 5280 692 5349 objectasset,
740 5281 914 5335 hocce
964 5281 1034 5334 ab
1090 5280 1412 5351 Augustino
1471 5297 1812 5351 responsum
1862 5281 2031 5334 tulit:

339 5391 362 5420 α
388 5369 529 5433 Quia
553 5371 816 5424 tenebras
840 5376 1057 5425 vestras
1100 5371 1472 5441 redarguunt,
1516 5370 1672 5424 vobis
1700 5370 1888 5424 lucida
1919 5387 2036 5424 non

334 5457 620 5524 videntur,
647 5462 702 5511 et
729 5473 1088 5530 quaecunque
1115 5459 1276 5512 vobis
1303 5475 1406 5512 sua
1435 5458 1691 5512 radiante
1735 5460 1860 5512 luce
1913 5475 2036 5512 mo-

336 5546 478 5599 lesta
532 5549 683 5608 sunt,
745 5550 943 5602 contra
996 5546 1096 5601 illa
1153 5546 1436 5615 clauditis,
1484 5561 1558 5601 ne
1612 5546 1744 5600 inde
1790 5562 1901 5600 nox
1946 5545 2034 5602 fu-

2138 3081 2300 3134 Floro
2330 3079 2567 3150 aliisque
2602 3078 2670 3132 ad
2717 3077 3102 3149 Augustinum
3143 3077 3332 3131 delata
3364 3080 3464 3139 est,
3497 3072 3682 3144 quibus
3707 3070 3774 3122 in-

2137 3168 2420 3222 struendis
2451 3171 2676 3221 sanctus
2725 3167 2923 3221 doctor
2966 3165 3127 3220 binas
3168 3166 3240 3220 ad
3269 3163 3614 3219 Valentinum
3645 3158 3773 3212 abba-

2136 3261 2254 3310 tem
2292 3255 2507 3309 litteras
2540 3255 2718 3322 dedit,
2750 3254 2941 3308 addito
2966 3254 3139 3307 etiam
3167 3254 3314 3308 libro
3355 3253 3422 3306 de
3451 3250 3627 3306 Gratia
3651 3251 3697 3301 et
3719 3245 3772 3298 li-
3867 3241 3869 3245 “

2135 3344 2271 3397 bero
2319 3343 2571 3410 arbitrio,
2626 3343 2920 3413 alteroque
2965 3341 3033 3395 de
3061 3341 3430 3412 Correptione
3459 3344 3512 3393 et
3533 3336 3706 3407 gratia,
3732 3332 3775 3384 in

2137 3433 2346 3504 quibus
2372 3449 2437 3486 ea
2467 3448 2595 3503 quae
2635 3431 2929 3486 obscurius
2957 3431 3015 3484 in
3047 3429 3289 3501 epistola
3312 3430 3380 3484 ad
3409 3429 3614 3484 Sixtum
3655 3423 3774 3478 dixe-

2137 3525 2245 3589 rat,
2277 3520 2482 3574 clarius
2505 3518 2792 3588 explicuit.
2827 3519 3034 3572 Verum
3061 3523 3370 3588 antequam
3401 3530 3617 3586 pravam
3657 3509 3776 3564 illius

2139 3609 2394 3678 epistolae
2433 3607 2876 3677 intelligentiam
2899 3623 3015 3660 non
3042 3621 3106 3659 ex
3135 3604 3439 3677 Augustini
3461 3599 3774 3658 obscuritate,

2138 3697 2233 3750 sed
2266 3713 2333 3749 ex
2363 3697 2641 3749 lectorum
2682 3695 2914 3761 duritie,
2944 3701 3006 3748 ut
3039 3694 3311 3748 Victorini
3340 3693 3516 3746 verbis
3545 3695 3675 3754 utar,
3701 3685 3774 3738 de-

2139 3784 2348 3837 rivasse
2404 3782 2721 3847 ostendam,
2779 3781 2986 3852 supina
3038 3782 3243 3835 Adami
3296 3781 3356 3834 in
3390 3775 3680 3849 Augustino
3717 3772 3775 3823 Ie-

2140 3873 2324 3943 gendo
2353 3872 2571 3925 incuria
2603 3871 2929 3941 castiganda
2959 3873 3062 3937 est,
3096 3871 3197 3941 qui
3229 3871 3454 3924 Florum
3484 3863 3776 3921 monachum

2139 3962 2288 4015 haud
2330 3965 2549 4014 rectum
2596 3959 2749 4014 illius
2791 3957 3043 4030 epistolae
3073 3975 3305 4012 sensum
3337 3956 3574 4012 tenuisse
3601 3951 3775 4005 calum-

2139 4050 2352 4118 niatur,
2386 4065 2515 4102 cum
2563 4051 2754 4119 aperte
2814 4047 3169 4118 Augustinus
3220 4049 3384 4101 illum
3423 4043 3635 4116 quidem
3662 4040 3776 4091 recte

2142 4138 2381 4192 sensisse
2410 4141 2669 4204 testetur,
2700 4136 2794 4190 sed
2842 4153 2959 4190 non
3009 4136 3183 4190 fuisse
3206 4137 3277 4190 ab
3301 4134 3424 4189 aliis
3454 4131 3772 4186 intellectum,

2142 4227 2221 4280 ita
2252 4225 2405 4279 enim
2439 4225 2508 4279 ad
2542 4225 2851 4280 monachos
2883 4224 3011 4278 illos
3044 4224 3242 4278 scribit
3272 4240 3392 4294 cap.
3430 4225 3447 4274 1
3474 4221 3538 4275 de
3563 4215 3772 4282 Corrept.

2143 4318 2197 4368 et
2231 4317 2375 4384 grat.
2411 4329 2422 4366 :
2462 4333 2489 4365 α
2522 4313 2675 4366 Hanc
2707 4313 2900 4379 fidem,
2939 4327 3065 4382 quae
3097 4312 3221 4367 sine
3246 4311 3415 4366 dubio
3445 4324 3585 4370 vera,
3606 4309 3653 4358 et
3677 4317 3775 4372 pro-

2142 4402 2386 4473 phetica,
2419 4405 2475 4454 et
2495 4400 2806 4471 apostolica
2837 4401 2974 4455 lides
3005 4405 3110 4465 est,
3143 4401 3317 4455 etiam
3338 4400 3395 4454 in
3427 4399 3587 4453 fratre
3621 4395 3774 4447 nostro

2143 4492 2306 4545 Floro
2349 4490 2630 4543 invenisse
2682 4505 2773 4542 me
2821 4489 3063 4561 gaudeo,
3117 4489 3271 4543 unde
3319 4487 3378 4542 hi
3425 4484 3602 4557 potius
3634 4475 3773 4532 corri-

2142 4579 2316 4650 gendi
2345 4583 2496 4647 sunt,
2528 4595 2670 4649 quos
2700 4579 2935 4650 quidem
2974 4578 3224 4649 propitio
3253 4579 3367 4631 Deo
3393 4575 3651 4629 correctos
3683 4577 3776 4619 esse

2136 4670 2254 4740 jam
2290 4667 2570 4729 existimo,
2624 4667 2723 4738 qui
2763 4683 2898 4721 eum
2952 4683 3066 4720 non
3106 4665 3515 4736 intelligebant.
3547 4679 3571 4711 ιι
3619 4658 3776 4740 Itaque

2143 4738 2411 4810 monachi
2451 4755 2687 4826 quidam
2719 4754 2897 4809 sancti
2917 4754 3163 4808 doctoris
3196 4753 3490 4825 epistolam
3518 4763 3619 4802 non
3644 4738 3776 4796 intel-

2142 4844 2419 4914 ligebant,
2454 4845 2614 4914 cujus
2646 4847 2840 4897 tamen
2867 4859 3096 4896 sensum
3141 4843 3356 4912 optime
3391 4841 3574 4894 Florus
3597 4843 3776 4887 assecu-

2144 4936 2257 4998 tus,
2298 4932 2442 4985 nihil
2467 4948 2533 4985 ex
2566 4931 2872 5002 Augustini
2901 4931 3086 4985 verbis
3107 4927 3462 4985 obscuritatis
3490 4936 3668 4995 passus
3694 4918 3773 4968 est.

2147 5020 2303 5075 Unde
2331 5037 2506 5091 prava
2533 5021 2761 5074 illorum
2793 5019 3174 5090 intelligentia
3204 5035 3320 5074 non
3352 5009 3633 5086 Augustini
3650 5003 3774 5063 vitio,

2145 5109 2302 5179 quod
2330 5109 2576 5162 noluerit
2600 5113 2694 5163 aut
2725 5125 2842 5162 non
2871 5108 3120 5179 potuerit
3146 5109 3292 5162 clare
3324 5102 3495 5174 loqui,
3516 5095 3676 5154 danda
3693 5092 3773 5179 est.

2146 5176 2244 5251 sed
2269 5197 2443 5250 debili
2484 5176 2896 5251 monachorum
2925 5196 3134 5265 captui,
3167 5194 3268 5265 qui
3297 5191 3530 5246 necdum
3551 5176 3774 5251 Augusti-

2146 5284 2376 5338 nianam
2408 5284 2707 5355 epistolam
2736 5300 2852 5337 non
2889 5282 3298 5354 percipiebant,
3331 5277 3425 5332 sed
3455 5290 3548 5329 nec
3587 5271 3772 5355 ΙιἾοιςιιξῐι

2147 5372 2409 5425 eamdem
2438 5349 2700 5442 pluribus
2749 5349 3128 5442 explicantem
3179 5365 3579 5436 intelligebant.
3607 5349 3773 5447 Seduc‘le

2145 5460 2235 5514 his
2260 5437 2708 5514 fusius—diximus
2734 5437 2841 5515 lib:
2873 5476 2889 5513 ι
2923 5460 3066 5514 Hist.
3097 5458 3309 5528 Pelag.,
3343 5470 3458 5524 cap.
3489 5451 3569 5512 23,
3607 5448 3655 5496 et
3693 5437 3768 5491 lili.

2143 5563 2206 5616 ιι,
2237 5561 2359 5620 cap.
2401 5551 2483 5603 l5.
