3906 6182
89 268 155 317 ssi
1319 260 1637 317 VINDICIAB
1678 234 2227 321 ΑυουδΤιΝιΑΝζιΕ.

3419 287 3521 338 582

138 383 280 437 Addit
309 382 569 477 Adamus_
599 397 728 451 pag.
894 397 905 433 :
943 404 967 429 ι
1000 384 1110 477 Hos
1130 382 1346 477 primos
1374 385 1524 477 apud
1553 384 1707 477 Afri-
1737 388 1783 441 A
1823 389 1990 443 siom’s
2040 390 2261 445 obscuro
2310 395 2597 461 impeditos
2634 399 2941 467 Augustini
2983 400 3300 458 doctrinam
3326 412 3517 477 aperte

86 487 178 523 cam
222 474 384 523 motus
433 484 497 521 ex
545 467 984 537 Augustiniauae
1042 469 1312 524 doctrinae
1366 471 1711 526 obscuritate

87 566 205 613 ortos
242 556 494 612 Gallicani
542 557 823 610 tumultus
868 557 1155 610 consecuti
1195 562 1345 611 sunt.
1388 559 1505 613 Viri
1556 559 1710 614 enim

87 654 184 701 tum
215 646 390 717 pietate
427 648 549 696 tum
592 644 847 697 doctrina
881 643 1135 714 insignes
1168 646 1445 701 Massilliie
1476 652 1531 702 et
1559 650 1710 719 apud

87 736 249 789 vicinas
307 731 539 800 insulas,
592 748 744 801 zegre
790 731 1051 786 ferebant
1094 734 1499 804 Augustinum,
1549 739 1710 807 cujus

88 838 245 892 magna
265 821 315 874 in
341 819 577 873 Ecclesia
617 818 918 872 aestimatio
963 823 1102 886 erat,
1155 823 1433 875 nonnulla
1455 824 1709 877 docuisse

88 927 181 982 quae
205 911 263 963 ob
290 908 685 962 obscuritatem
731 908 1373 964 Praedestinatianorum
1414 911 1615 965 haeresi
1645 929 1710 967 ea

87 1005 355 1070 tempestate
401 1015 506 1067 per
535 998 741 1053 Gallias
783 997 1045 1067 gliscenti
1069 997 1321 1052 favorem
1350 999 1605 1069 przebere
1631 1000 1710 1054 vi-

85 1090 317 1142 debantur.
388 1088 563 1139 Porro
638 1102 767 1140 cum
841 1086 965 1139 haec
1025 1085 1193 1139 latius
1252 1086 1703 1153 diffamarantur,

86 1180 269 1246 Prosper
306 1178 358 1228 et
404 1173 649 1228 Hilarius
698 1174 767 1227 de
814 1173 902 1226 his
946 1174 1329 1245 Augustinum
1362 1191 1464 1245 per
1495 1176 1708 1230 litteras

84 1266 318 1319 certiorem
346 1262 666 1326 reddidere,
700 1277 814 1331 quo
846 1260 1051 1314 clarius
1084 1278 1244 1315 suam
1278 1269 1531 1317 mentem
1574 1280 1707 1335 ape-

84 1354 191 1407 riret.
218 1372 240 1401 ι)
269 1352 495 1406 Fabulas
523 1351 699 1405 bellas
728 1350 906 1403 nectit
936 1350 1029 1403 hic
1059 1351 1335 1421 scriptor;
1388 1368 1520 1405 nam
1552 1352 1594 1405 ii
1638 1353 1708 1406 de

82 1444 234 1513 quibus
260 1444 491 1511 Prosper
523 1445 579 1494 et
616 1439 861 1493 Hilarius
905 1440 973 1493 ad
1007 1441 1396 1511 Augustinum
1428 1442 1704 1510 scribunt,

83 1545 375 1601 nequaquam
396 1530 553 1583 fuere
588 1526 1104 1597 Preedestinatiani,
1137 1529 1237 1599 qui
1282 1545 1347 1582 ex
1404 1531 1708 1599 Augustini

82 1619 354 1673 obscuritate
397 1618 458 1672 in
507 1634 731 1672 errores
776 1617 921 1687 lapsi
962 1622 1167 1684 essent,
1211 1619 1305 1671 sed
1336 1619 1493 1671 fuere
1522 1619 1702 1672 Semi-

81 1705 323 1776 Pelagiani,
373 1706 693 1771 Cassianus,
744 1704 1007 1759 Hilarius.
1058 1705 1405 1771 Vincentius,
1446 1707 1700 1773 Faustus,

80 1795 250 1865 aliique,
298 1799 357 1848 ut
401 1794 585 1848 fusius
628 1793 773 1847 libro
815 1810 849 1845 ιι
931 1792 1189 1846 Historiae
1241 1793 1557 1863 Pelagianae
1602 1796 1701 1849 de-

79 1886 386 1935 monstratum
435 1886 550 1947 est;
584 1882 670 1935 illi
721 1881 875 1935 enim
916 1881 1087 1935 ﬁdem
1136 1885 1191 1935 et
1222 1883 1705 1952 perseverantiam

78 1986 159 2023 esse
182 1970 309 2024 dona
353 1971 452 2024 Dei
498 1969 913 2041 pernegabant,
959 1969 1121 2022 nobis
1165 1984 1233 2022 ex
1265 1970 1433 2023 nobis
1462 1970 1598 2039 ipsis
1638 1989 1705 2025 ea

75 2058 309 2127 provenire
344 2058 690 2112 dictitantes.
742 2058 937 2111 Nullos
984 2072 1118 2109 sane
1166 2061 1301 2110 tunc
1342 2058 1514 2111 fuisse
1558 2061 1705 2113 Prae-

76 2146 411 2201 destinatianos
435 2151 597 2217 patet
629 2162 694 2200 ex
721 2146 922 2200 litteris
950 2146 1212 2215 Prosperi
1240 2150 1296 2199 et
1328 2146 1541 2215 Hilarii,
1602 2164 1701 2201 ne-

77 2248 152 2301 que
191 2234 327 2287 enim
367 2233 675 2305 Augustini
718 2233 898 2304 ipsius
936 2234 1251 2288 doctrinam
1298 2233 1357 2286 in
1394 2250 1701 2303 pravorum

76 2322 343 2391 dogmatum
387 2323 829 2378 fundamentum
873 2339 906 2375 a
967 2321 1487 2376 Praedestinatiauis
1530 2322 1701 2388 sumi,

75 2410 140 2463 sed
165 2427 190 2463 a
224 2411 470 2481 plurimis
503 2412 665 2465 illam
700 2410 1028 2481 impugnari
1059 2411 1275 2475 dicunt,
1308 2410 1393 2463 uti
1414 2426 1621 2463 novam
1649 2414 1705 2464 et

73 2496 332 2554 absurdam.
380 2499 537 2554 Dabo
588 2498 818 2553 initium
886 2498 1139 2568 epistolze
1186 2498 1364 2551 sancti
1419 2497 1696 2567 Prosperi,

74 2583 167 2637 inde
205 2585 341 2639 enim
379 2587 602 2658 objecta
662 2586 980 2655 Augustino
1049 2584 1295 2654 obscuri,
1362 2601 1427 2639 ex
1482 2602 1595 2656 qua
1640 2586 1702 2640 in

72 2671 212 2726 Galliis
278 2676 555 2729 tumultus
640 2679 869 2728 exortos
942 2674 1109 2745 ﬁngit
1164 2674 1538 2739 adversarius,
1572 2690 1701 2729 eva-

75 2760 235 2814 nescit:
282 2782 306 2813 ‹ι
334 2764 487 2817 Multi
531 2778 694 2833 ergo,
743 2761 951 2832 inquit,
1003 2778 1295 2816 servorum
1343 2762 1571 2824 Christi,
1601 2764 1699 2833 qui

70 2846 112 2898 in
147 2849 445 2905 Massiliensi
487 2852 634 2905 urbe
675 2850 1016 2918 consistunt,
1079 2849 1138 2903 in
1205 2850 1525 2904 Sanctitatis
1589 2856 1703 2906 ture

1821 492 1883 529 ac
1918 478 2092 547 probe
2141 480 2491 535 intellectam
2555 498 2935 554 oppugnasse,
3011 491 3317 559 Augustini
3384 510 3517 550 vero

1819 570 2216 649 sectatoresex
2246 568 2445 622 iisdem
2477 572 2656 624 sancti
2712 574 2962 626 Doctoris
3009 576 3171 630 libris
3212 581 3515 649 intelligen-

1820 647 1978 699 tiores
2033 648 2197 699 multo
2254 650 2745 719 instructioresque
2768 668 2878 706 esse
2916 657 3112 723 factos,
3171 658 3325 727 quod
3391 647 3515 714 non

1820 738 1903 785 est
1931 733 2000 787 de
2029 734 2334 804 Augustini
2364 742 2554 790 mente
2582 738 2771 792 minus
2800 744 2952 794 recte
2983 748 3219 811 propter
3253 745 3514 801 obscuri-

1818 825 1995 874 tatem
2033 826 2301 891 percepta
2348 839 2608 878 rumores
2657 826 2716 879 in
2747 828 2941 881 Galliis
2972 836 3212 895 exortos,
3249 838 3308 887 ut
3348 834 3515 905 ﬁngit

1818 908 2088 975 Adamus,
2139 910 2234 962 sed
2295 910 2364 963 de
2416 911 2674 981 ejusdem
2727 914 3000 969 doctrinae
3053 918 3320 973 omnibus
3364 927 3513 975 notae

1817 996 2052 1049 veritate
2082 995 2265 1066 litigia
2294 1003 2463 1051 enata
2493 1014 2635 1067 esse,
2668 1002 2965 1071 Prospero,
3001 1004 3213 1059 Hilario
3272 1007 3512 1079 aliisque

1816 1084 2201 1152 Augustinum
2250 1084 2707 1153 defendentibus,
2755 1090 3016 1143 Cassiano
3061 1108 3089 1145 e
3139 1098 3334 1148 contra
3378 1112 3511 1151 cum

1817 1171 2104 1224 foederatis
2154 1171 2421 1225 eumdem
2464 1174 2955 1245 impugnantibus.
3008 1180 3213 1234 Scribit
3258 1184 3510 1238 Adamus

1816 1274 1949 1329 pag.
1999 1260 2121 1324 594,
2173 1260 2515 1329 Prosperum
2564 1268 2619 1315 et
2649 1262 2947 1330 Hilarium,
2982 1267 3131 1335 quod
3156 1284 3188 1321 a
3217 1260 3508 1327 nonnullis

1817 1346 2165 1416 presbyteris
2214 1348 2734 1403 Praedestinatianis
2787 1359 3038 1407 suosmet
3111 1372 3331 1409 errores
3398 1363 3511 1413 Au-

1818 1434 2032 1504 gustini
2074 1436 2308 1489 nomine
2358 1438 2633 1491 sullulciri
2678 1446 2998 1508 cernerent,
3055 1444 3140 1497 rei
3171 1443 3515 1516 indignitate

1816 1528 2134 1577 commotos
2182 1525 2253 1579 ad
2300 1526 2668 1581 Caelestinum
2732 1544 2941 1599 papam
2986 1530 3287 1599 profectos,
3338 1534 3437 1604 qui
3483 1551 3513 1589 e

1815 1614 2052 1684 vestigio
2084 1614 2298 1668 litteras
2319 1616 2389 1668 ad
2421 1614 2613 1669 Galliae
2644 1615 2938 1686 episcopos
2969 1618 3143 1685 dedit,
3175 1618 3404 1688 quibus,
3441 1622 3513 1677 do

1817 1703 1988 1756 verba
2043 1704 2241 1758 Adami
2292 1720 2421 1774 pag.
2476 1708 2599 1768 595,
2655 1720 2756 1758 ora
2808 1706 3037 1759 obstruit
3086 1708 3329 1760 omnibus
3391 1711 3513 1763 istis

1810 1791 2141 1858 presbyteris
2189 1794 2286 1859 qui
2322 1807 2443 1846 suos
2489 1808 2693 1846 errores
2722 1794 2819 1847 sub
2852 1796 3176 1848 obscuritate
3234 1796 3512 1851 verborum

1813 1880 1989 1932 sancti
2038 1882 2345 1946 Augustini
2396 1881 2657 1947 tegebant.
2703 1881 2759 1936 Si
2818 1887 2873 1934 et
2929 1882 3198 1936 delatoris
3249 1886 3511 1955 Prosperi

1814 1966 1985 2032 dicta,
2014 1972 2069 2020 et
2098 1967 2387 2021 Coelestini
2430 1968 2639 2038 judicis
2686 1970 2799 2023 lata
2828 1986 2931 2039 pro
2963 1970 3283 2040 Augustino
3326 1972 3510 2027 vindi-

1814 2055 1992 2108 cando
2024 2054 2307 2107 sententia
2335 2055 2774 2123 intercidissent,
2798 2061 3065 2127 poterant
3094 2060 3190 2112 illa
3215 2065 3510 2131 utcunque

1814 2142 1885 2195 ab
1932 2140 2150 2194 Adamo
2192 2141 2354 2211 tingi,
2406 2160 2519 2213 quo
2580 2144 3058 2213 Augustinianam
3104 2146 3508 2202 obscuritatem

1812 2227 2045 2280 illorum
2086 2230 2439 2283 tumultuum
2499 2230 2713 2284 fontem
2763 2232 3149 2304 persuaderet.
3194 2237 3265 2287 At
3288 2251 3355 2287 ex
3382 2236 3511 2289 Pro-

1814 2316 1964 2386 speri
1996 2322 2051 2371 et
2084 2318 2371 2372 Cielestini
2400 2318 2622 2389 scriptis
2652 2312 2864 2389 aperta:
2894 2320 3152 2374 falsitatis
3180 2337 3310 2375 reus
3357 2327 3507 2376 tene-

1812 2408 1923 2458 tur.
1960 2404 2047 2467 Hi,
2082 2410 2279 2459 contra
2308 2423 2451 2476 quos
2473 2408 2734 2477 Prosper,
2767 2408 3000 2479 ejusque
3022 2410 3241 2479 collega
3262 2410 3510 2464 Hilarius

1814 2492 2055 2544 Romam
2085 2493 2323 2561 profecti
2354 2498 2502 2556 sunt,
2535 2510 2650 2546 non
2674 2494 2832 2548 fuere
2853 2495 3041 2548 nescio
3070 2496 3169 2566 qui
3190 2496 3509 2567 presbyteri

1815 2578 2303 2633 Praedestiuatiani
2330 2580 2433 2633 sub
2490 2580 2793 2649 Augustini
2846 2581 3075 2634 nomine
3119 2599 3339 2636 errores
3377 2599 3507 2637 suos

1812 2666 2187 2731 venditantes,
2237 2667 2331 2720 sed
2380 2668 2540 2720 fuere
2592 2668 2761 2737 plane
2810 2669 3271 2739 Semi-Pelagiani
3309 2671 3505 2725 Massi-

1814 2753 2039 2821 lienses,
2072 2753 2169 2824 qui
2199 2755 2378 2807 sancti
2432 2755 2738 2825 Augustini
2784 2757 2959 2810 libros
2991 2763 3045 2811 et
3072 2759 3387 2813 doctrinam
3424 2762 3504 2815 la-

1814 2842 2100 2895 cerabant.
2164 2843 2278 2895 Hoc
2322 2841 2503 2895 fusius
2544 2859 2575 2895 a
2626 2842 2789 2895 nobis
2847 2844 3151 2912 probatum
3202 2850 3286 2899 est
3312 2846 3408 2901 lib.
3443 2865 3503 2911 ιι,

74 2937 259 3008 scriptis,
298 2956 419 3010 quae
460 2940 732 2993 adversus
777 2938 1115 3008 Pelagianos
1166 2938 1462 2993 bmreticos
1501 2955 1616 2992 coni

1852 2929 1955 2983 list.
1990 2931 2201 2999 Pelag,
2229 2946 2350 3000 cap.
2390 2934 2472 2995 l5,
2507 2947 2634 3000 qua:
2667 2931 2754 2984 liic
2781 2936 3038 3000 repetere
3069 2948 3186 2984 non
3216 2938 3394 2987 vacat.

75 3022 182 3091 disti,
223 3028 560 3081 contrarium
610 3030 817 3096 putant
854 3028 1086 3079 Patrum
1136 3025 1415 3095 opinioni,
1441 3030 1498 3080 et
1527 3028 1698 3083 eccle-

75 3110 236 3166 siastico
282 3114 466 3168 sensui
510 3112 801 3184 quidquid
843 3113 903 3165 in
952 3112 1034 3165 eis
1079 3112 1147 3166 de
1167 3112 1459 3167 vocatione
1499 3115 1697 3169 electo-

76 3212 162 3250 rum
204 3202 493 3256 secundum
545 3201 647 3255 Dei
692 3201 1050 3272 propositum
1090 3200 1412 3270 disputasti.
1454 3203 1519 3257 Et
1565 3219 1695 3258 cum

74 3284 336 3355 aliquandiu
356 3289 689 3343 tarditatem
708 3305 869 3342 suam
900 3289 1132 3358 culpare
1160 3288 1488 3357 maluerint,
1523 3308 1695 3363 quam

76 3388 154 3426 non
173 3376 427 3432 intellecta
466 3378 912 3449 reprehendere,
947 3377 1295 3448 quidamque
1325 3395 1525 3432 eorum
1554 3380 1694 3433 luci-

75 3458 232 3516 diorem
258 3480 417 3535 super
444 3466 578 3528 hoc,
610 3470 782 3535 atque
814 3465 1160 3535 apertiorem
1182 3465 1552 3520 Beatitudinis
1582 3471 1695 3521 tuae

74 3550 409 3617 expositionem
457 3554 751 3607 voluerint
782 3553 1093 3623 postulare,
1145 3554 1331 3607 evenit
1358 3568 1422 3609 ex
1461 3554 1697 3625 disposi-

74 3633 177 3690 tione
214 3640 603 3696 misericordiaz
639 3639 761 3706 Dei,
801 3644 866 3694 ut
910 3656 1041 3693 cum
1066 3640 1344 3711 quosdam
1374 3641 1525 3695 intra
1552 3641 1697 3695 Afri-

75 3738 157 3779 cam
196 3728 383 3783 similia
434 3729 770 3791 movissent,
824 3727 1037 3781 librum
1092 3727 1161 3781 de
1211 3727 1575 3797 Correptione
1640 3732 1697 3780 et

76 3812 204 3875 gratia
246 3816 473 3885 plenum
519 3816 731 3870 divinae
760 3815 1116 3870 auctoritatis
1146 3815 1454 3881 emitteres,
1487 3832 1600 3884 quo
1634 3814 1696 3868 in

76 3900 271 3956 notitiam
298 3908 548 3959 nostram
575 3903 862 3974 insperata
888 3903 1316 3973 opportunitate
1349 3903 1554 3970 delato,
1594 3921 1696 3974 pu-

74 3986 253 4043 tavimus
278 4008 464 4046 omnes
493 3991 758 4063 querelas
794 3990 1181 4044 resistentium
1203 3991 1524 4060 sopiendas,
1562 3990 1696 4061 quia

75 4073 295 4132 universi!
327 4079 761 4151 quaestionibus,
804 4079 873 4133 de
927 4076 1135 4148 quibus
1183 4080 1531 4133 consulenda
1574 4087 1696 4134 erat

77 4162 285 4220 Sanctitas
319 4173 602 4231 tua,.tam
648 4169 818 4237 plene
868 4167 983 4221 illic
1034 4167 1408 4238 absoluteque
1460 4184 1695 4238 respon-

1881 3018 2073 3088 Pergit
2121 3022 2307 3087 coepto
2357 3018 2608 3072 Adamus
2654 3018 2813 3071 novis
2853 3019 3208 3087 argumentis
3241 3020 3505 3091 Augusti-

1807 3106 2039 3160 nianam
2072 3105 2473 3161 obscuritatem
2518 3106 2758 3175 probare
2795 3105 3034 3159 enitens.
3068 3106 3319 3175 Opponit
3347 3108 3501 3177 quod

1808 3199 1876 3248 de
1907 3194 2164 3264 ejusdem
2190 3192 2471 3247 sententia
2507 3193 2574 3246 de
2594 3193 3096 3263 praedestinatione
3128 3194 3330 3264 ingens
3356 3195 3508 3249 inter

1805 3282 2103 3353 theologos
2152 3282 2534 3335 controversia
2575 3286 2680 3349 est,
2737 3298 2876 3351 pag.
2937 3285 3040 3336 596
3088 3282 3298 3336 addens
3365 3283 3506 3336 adeo

1804 3369 1962 3423 illam
1994 3386 2113 3424 esse
2145 3369 2456 3437 difficilem,
2488 3373 2550 3422 ut
2596 3385 2796 3439 graves
2848 3369 3128 3422 tumultus
3170 3368 3232 3422 in
3264 3368 3507 3424 Ecclesia

1805 3457 2084 3512 excitarit.
2127 3457 2320 3510 Tradit
2366 3456 2536 3509 etiam
2564 3455 2839 3528 quosdam
2889 3472 2954 3509 ex
3002 3455 3307 3525 Augustini
3334 3460 3505 3509 secta-

1803 3545 2022 3599 toribus
2052 3544 2109 3598 in
2146 3544 2384 3597 materia
2412 3544 2479 3597 de
2511 3544 2693 3614 gratia
2710 3543 2874 3597 illum
2896 3542 3229 3607 deseruisse,
3257 3544 3342 3597 vel
3391 3560 3504 3598 non

1804 3648 1968 3686 ausos
2020 3632 2193 3685 fuisse
2249 3631 2555 3701 Augustini
2604 3632 2875 3701 dogmata
2927 3631 3154 3701 publice
3198 3632 3503 3686 defendere

1802 3738 1935 3791 pag.
1986 3722 2112 3786 610,
2166 3720 2327 3773 initio
2364 3736 2485 3791 cap.
2523 3723 2606 3774 l0.
2639 3722 2746 3773 Ter
2775 3720 2945 3773 etiam
2978 3721 3315 3774 sententiam
3349 3738 3415 3775 ea
3444 3720 3503 3774 in

1805 3808 2125 3881 quaestione
2170 3813 2421 3862 mutasse
2461 3824 2591 3878 pag.
2642 3812 2765 3873 597,
2822 3813 2879 3861 et
2904 3825 3034 3878 pag.
3066 3812 3160 3863 6H
3200 3808 3359 3863 addit
3380 3810 3502 3863 Au—

1804 3898 2099 3970 gustinum
2147 3914 2299 3967 saepe
2346 3898 2670 3949 confessum
2718 3912 2838 3949 esse
2868 3895 3233 3949 difﬁcultates
3263 3896 3347 3948 vel
3381 3913 3411 3949 a
3442 3912 3501 3951 se

1804 3986 1889 4038 vel
1928 3984 1997 4037 ab
2046 3982 2381 4037 adversariis
2403 3987 2602 4036 contra
2642 3981 2910 4051 mysteria
2937 3982 3134 4052 gratim
3159 3986 3214 4035 et
3244 3982 3498 4052 praedes-

1804 4071 2100 4126 tinationis
2180 4069 2501 4140 propositas
2562 4069 2707 4123 datis
2755 4086 2786 4122 a
2849 4069 2896 4121 si
2944 4070 3322 4123 solutionibus
3388 4086 3503 4124 non

1803 4160 1956 4225 elidi,
1987 4173 2263 4227 suamque
2304 4160 2557 4210 mentem
2612 4157 2738 4226 plus
2785 4156 3201 4225 objectionibus
3245 4174 3497 4211 commo-

76 4262 162 4304 sum
189 4258 273 4317 est,
303 4258 460 4327 quasi
478 4258 591 4311 hoc
619 4231 941 4327 specialiter
970 4255 1278 4323 studueris,
1306 4231 1365 4309 ut
1389 4272 1517 4326 quae
1542 4231 1694 4326 apud
1726 4231 1770 4285 Ῑ)
1806 4256 1921 4305 tam
1952 4249 2145 4315 fuisse,
2170 4262 2344 4317 qnam
2374 4245 2839 4316 responsionibus
2862 4246 3143 4299 sedatam.
3174 4248 3313 4300 Item
3338 4264 3500 4302 eum-

77 4350 145 4388 nos
162 4349 291 4396 erant
315 4346 535 4400 turbata
572 4360 961 4414 componeres.
1012 4342 1309 4397 Recensito
1355 4348 1546 4396 autem
1590 4344 1697 4396 hoc

79 4422 373 4486 Beatitudinis
424 4438 537 4487 tua:
587 4432 756 4497 libro,
821 4432 965 4485 sicut
1033 4431 1133 4502 qui
1206 4436 1456 4485 sanctam
1524 4436 1694 4502 atque

76 4517 365 4576 apostolicam
394 4519 667 4575 doctrinae
706 4524 820 4574 tua:
863 4521 1262 4574 auctoritatem
1302 4525 1470 4574 antea
1501 4537 1697 4591 seque-

78 4594 241 4671 bantur,
288 4607 754 4679 intelligentiores
794 4609 977 4662 multo
1032 4608 1541 4679 instructioresque
1563 4612 1696 4661 sunt

78 4680 179 4757 iam»
216 4692 284 4747 ita
323 4696 417 4767 qui
484 4695 872 4766 persuasionis
920 4712 1037 4749 suae
1076 4694 1541 4765 impediebantur
1572 4694 1695 4748 obs-

76 4785 183 4857 ξιπο,
229 4784 542 4850 aversiores,
589 4800 762 4855 quam
818 4783 1048 4837 fuerant
1094 4787 1526 4837 recesserunt.»
1567 4783 1696 4835 Haec

75 4854 154 4912 ille.
181 4866 353 4921 Audin’
383 4854 754 4923 Massilienses
795 4884 913 4922 non
944 4867 1260 4938 Augustino
1292 4868 1694 4921 obscuritatem

76 4944 296 5016 objecisse,
355 4958 449 5011 sed
519 4958 835 5012 tarditatem
903 4972 1059 5011 suam
1127 4958 1347 5026 culpare
1418 4959 1691 5024 maluisse,

78 5050 190 5098 rluam
208 5056 297 5096 non
324 5046 583 5100 intellecta
610 5045 1039 5116 reprehendere?
1085 5045 1289 5098 Narrat
1333 5048 1525 5098 autem
1558 5060 1695 5097 non-

81 5124 210 5180 nullos
234 5128 552 5187 lucidiorem
583 5133 1002 5205 expositionem
1032 5132 1368 5203 postulasse,
1395 5148 1510 5185 non
1540 5132 1693 5202 quod

80 5206 141 5261 illa
176 5231 283 5284 Quae
323 5221 663 5290 Augustinus
712 5226 1052 5289 astruxerat,
1105 5220 1345 5274 obscura
1376 5225 1558 5287 erant,
1593 5220 1688 5273 sed

80 5300 185 5363 quod
209 5306 387 5361 eadem
419 5309 619 5363 clarius
651 5310 721 5363 ad
746 5309 1005 5380 ipsorum
1045 5312 1274 5379 captum
1324 5308 1532 5377 exponi
1560 5323 1690 5377 per-

82 5388 299 5459 ”Ptdbaut,
333 5412 455 5466 quae
501 5403 691 5452 tamen
724 5396 996 5451 acutioris
1024 5394 1242 5465 ingenii
1274 5394 1410 5448 viris
1442 5392 1579 5448 satis
1610 5410 1693 5449 es-

83 5480 167 5529 sent
189 5482 470 5538 manifesta.
507 5486 714 5540 Rursus
745 5485 825 5539 ait
852 5484 1076 5540 eosdem
1099 5487 1297 5554 postea
1328 5498 1437 5537 suae
1461 5496 1689 5552 persua-

1806 4339 1958 4405 dem,
1991 4353 2122 4390 cum
2150 4336 2390 4406 alicujus
2418 4333 2823 4404 insuperabilis
2864 4334 3214 4388 difficultatis
3243 4336 3500 4406 pondere

1808 4431 2183 4496 premeretur,
2238 4425 2309 4479 ad
2359 4423 2457 4478 illa
2501 4424 2804 4494 Scriptura:
2852 4423 3025 4477 verba
3068 4423 3423 4494 confugisse:
3457 4424 3499 4480 Ο

1804 4516 2034 4569 attitude
2085 4513 2405 4567 divitiarum
2456 4515 2737 4581 sapientia
2798 4516 2846 4566 et
2902 4514 3134 4567 scientiae
3196 4516 3328 4568 Dei!
3379 4518 3490 4568 etc.

1804 4602 1975 4670 (Rom.
2006 4604 2106 4667 x1).
2152 4603 2431 4654 Praeterea
2456 4600 2632 4654 tradit
2655 4599 3179 4655 ibideminclioasse
3224 4601 3498 4671 Augusti-

1804 4707 1942 4743 num
1976 4689 2396 4745 Commentaria
2426 4688 2485 4742 in
2516 4689 2823 4760 Epistolam
2861 4688 3021 4743 Pauli
3070 4690 3142 4744 ad
3189 4691 3495 4755 Romanos,

1805 4776 1904 4830 ubi
1932 4776 2233 4846 Apostolus
2282 4775 2350 4828 de
2396 4775 2666 4844 mysterio
2712 4775 3231 4844 praedestinationis
3277 4780 3496 4844 tractat,

1805 4865 1900 4918 sed
1935 4864 2016 4917 rei
2047 4862 2347 4917 altitudine
2377 4862 2712 4916 deterritum
2745 4879 2885 4932 opus
2916 4863 3316 4933 imperfectum
3367 4861 3498 4915 reli-

1805 4953 2013 5025 quisse.
2064 4952 2313 5005 Tandem
2358 4966 2488 5021 pag.
2533 4952 2636 5003 614
2688 4950 3080 5005 difﬁcultatem
3111 4967 3256 5004 verae
3279 4955 3335 5003 et
3362 4966 3495 5020 ger-

1804 5058 1989 5097 manae
2025 5039 2457 5110 Augustinianas
2488 5037 2781 5091 sententia:
2808 5039 3177 5108 assequendae
3208 5037 3337 5091 inde
3367 5054 3498 5106 pro-

1802 5134 1923 5199 bat,
1958 5131 2111 5202 quod
2145 5146 2263 5183 non
2302 5145 2415 5183 una
2443 5132 2527 5181 est
2553 5126 2808 5197 ejusdem
2847 5143 2910 5179 ac
2957 5130 3219 5179 constans
3271 5141 3496 5195 semper

1804 5219 2024 5291 opinio,
2071 5219 2164 5272 sed
2217 5218 2452 5271 diversas
2515 5222 2683 5288 atque
2740 5218 3079 5286 pugnantes.
3125 5216 3236 5283 Ego
3264 5214 3495 5284 quidem

1804 5306 2231 5377 responsionem
2261 5305 2458 5376 paucis
2488 5304 2848 5375 perstringo;
2900 5318 3086 5373 neque
3125 5301 3279 5356 enim
3312 5319 3487 5374 nego.

1802 5394 1948 5449 tium
1977 5393 2285 5448 adversarii
2314 5393 2535 5463 objecta
2559 5391 2724 5446 nobis
2754 5392 3058 5444 facessunt.
3099 5390 3371 5444 Gallicani
3410 5389 3495 5444 illi

1802 5482 2080 5536 tumultus
2118 5498 2234 5536 non
2266 5481 2397 5535 inde
2444 5480 2551 5535 orti
2581 5483 2730 5547 sunt,
2763 5478 2918 5549 quod
2949 5478 3186 5533 obscura
3216 5479 3304 5532 vel
3343 5478 3492 5533 diffi-
