3906 6182
354 259 454 310 583

1377 237 1930 294 SUPPLEMENTUM
1974 236 2063 288 AD
2102 233 2335 289 OPERA
2373 232 2427 284 S.
2469 227 2854 284 AUGUSTINI.
3691 242 3770 293 58..

345 376 468 430 cilis
510 373 804 428 intellectu
849 364 1153 437 Augustini
1201 359 1480 416 Sententia
1536 358 1874 423 habebatur.
1942 355 2034 408 8θά
2070 376 2114 429 Α
2155 369 2396 423 rissimis
2445 368 2604 422 libris
2650 366 2720 420 de
2771 364 3280 419 Praedestinatione
3322 372 3614 422 sanctorum
3655 377 3776 427 etde

345 463 500 535 quod
557 461 818 532 plerique
867 455 1125 509 eamdem
1174 449 1516 504 sententiam
1563 447 1738 518 probe
1791 447 1862 499 ab
1901 444 2039 513 ipsis

345 553 692 607 intellectam
724 543 1066 600 contrariam
1096 539 1377 611 putabant
1409 537 1776 607 antiquorum
1809 535 2038 586 Patrum

342 637 793 695 definitionibus,
843 636 984 685 teste
1038 632 1319 699 Prospero
1376 627 1433 679 in
1491 623 1731 694 epistola
1797 623 1865 675 ad
1924 625 2037 674 Au-

346 723 660 795 gustinum.
696 720 816 772 Duo
852 715 1007 770 enim
1031 714 1121 768 hic
1141 709 1544 781 distinguenda
1566 711 1696 760 sunt
1724 723 1736 759 :
1771 705 1858 758 vel
1885 703 2037 756 enim

349 791 599 866 difﬁcilis
625 807 894 861 asseritur
923 801 1227 873 Augustini
1269 797 1572 863 sententia,
1613 795 1763 866 quod
1793 791 2039 861 intelligi

347 914 463 952 non
494 895 604 950 nisi
627 893 933 949 difﬁculter
964 890 1164 961 possit,
1193 889 1280 942 vel
1309 887 1460 957 quod
1483 885 1611 938 licet
1652 886 1801 936 recte.
1849 881 2036 951 perci-

344 986 557 1057 piatur,
615 984 868 1038 humano
935 975 1248 1032 intellectui
1313 973 1508 1028 durior
1571 971 1815 1031 videtur,
1879 968 2040 1021 cuive

346 1090 464 1128 non
507 1073 587 1126 ita
631 1071 810 1124 facilis
854 1083 1114 1122 assensus
1177 1064 1521 1134 przebeatur.
1593 1059 1849 1113 Primum
1903 1072 2039 1108 sane

347 1163 553 1216 falsum
585 1165 688 1225 est,
721 1174 854 1212 nam
887 1155 1259 1210 Massilienses
1295 1151 1511 1221 optime
1558 1145 2036 1217 Augustinianam

345 1249 686 1304 sententiam
737 1247 806 1300 de
837 1244 1019 1314 gratia
1047 1241 1249 1296 Adami
1280 1245 1334 1294 et
1365 1238 1564 1293 stantis
1595 1240 1650 1290 et
1674 1233 1944 1305 reparati,
1972 1234 2041 1286 de

341 1335 842 1409 praedestinatione
890 1334 1222 1391 electorum,
1274 1329 1343 1382 de
1371 1325 1701 1381 eorumdern
1749 1327 1902 1376 certo
1935 1337 2039 1373 nu-

344 1442 525 1493 mero,
563 1426 631 1478 de
661 1425 809 1478 dono
843 1419 1280 1492 perseverantiae
1306 1415 1550 1470 assecuti
1573 1418 1726 1478 sunt,
1760 1417 1823 1465 ut
1853 1411 2040 1480 palam

343 1516 408 1569 ﬁt
438 1531 503 1568 ex
532 1512 733 1567 litteris
764 1508 1000 1580 Properi
1031 1513 1086 1562 et
1108 1505 1323 1570 Hilarii,
1368 1503 1468 1574 qui
1499 1502 1698 1556 itidem
1742 1515 1872 1553 cum
1916 1497 2043 1550 aliis

343 1620 540 1658 verum
593 1599 896 1672 Augustini
946 1613 1174 1651 sensum
1232 1596 1561 1655 tenuerunt,
1603 1605 1773 1661 quem
1805 1588 1853 1640 si
1896 1603 2040 1640 non-

2156 461 2317 512 Dono
2369 455 2802 528 perseverantiae
2852 457 3016 506 natos
3064 451 3273 505 ibidem
3347 457 3601 510 tumultus
3650 477 3777 514 com-

2152 551 2426 616 pesceret.
2473 544 2616 598 Cum
2659 540 3012 610 Augustinus
3066 539 3135 592 de
3175 538 3332 592 initio
3359 541 3478 594 ﬁdei
3507 549 3658 613 atque
3684 563 3782 616 per-

2148 632 2481 688 severantia:
2519 632 2670 685 dono
2725 646 2791 682 ea
2840 627 3097 682 docuerit
3127 642 3255 696 quin
3283 629 3550 683 verissima
3578 639 3710 700 sunt,
3739 643 3780 690 et

2150 723 2350 775 eadem
2402 721 2461 774 in
2515 718 2866 789 synodorum
2922 721 3116 786 postea
3183 731 3417 770 canones
3476 722 3778 787 transierint,

2151 809 2469 873 Cassianus,
2551 809 2806 869 Faustus,
2877 804 3124 859 Hilarius
3189 805 3532 872 Arelatensis,
3607 811 3786 881 aliique

2148 896 2604 968 reprehendendi
2652 900 2803 960 sunt,
2856 893 2952 964 qui
3020 891 3337 962 Augustino
3395 897 3788 954 contradicentes

2151 1002 2451 1039 erroneam
2486 983 2806 1037 doctrinam
2834 982 3214 1046 defendendo,
3249 982 3590 1051 gravissimas
3633 988 3789 1042 Galliae

2152 1074 2347 1127 turbas
2385 1088 2686 1144 peperere.
2726 1073 2798 1125 Ex
2831 1071 2920 1124 his
2941 1075 3161 1124 constat
3189 1069 3464 1122 Adamum
3493 1079 3789 1143 praepostere

2151 1161 2219 1214 de
2269 1161 2381 1214 illis
2433 1160 2736 1215 Gallicanis
2783 1157 3031 1212 dissidiis
3054 1157 3356 1228 jndicasse.
3389 1159 3520 1212 Hinc
3547 1169 3677 1214 recte
3704 1165 3786 1217 sub

2152 1247 2453 1319 Bhemigio
2502 1247 2857 1302 sanctissimo
2900 1263 2964 1300 ac
3017 1245 3342 1300 doctissimo
3395 1247 3678 1302 Galliarum
3717 1268 3791 1304 an-

2151 1337 2328 1390 tistite
2357 1337 2599 1390 Ecclesia
2628 1334 3025 1406 Lugdunensis
3081 1340 3212 1388 ante
3270 1333 3605 1403 octingentos
3646 1353 3791 1392 annos

2152 1426 2221 1479 de
2270 1425 2378 1478 hoc
2426 1424 2548 1494 ipso
2593 1423 3019 1494 pronuntiavit:
3073 1441 3101 1472 (ι
3152 1422 3498 1492 Augustinus
3525 1439 3620 1478 nec
3670 1431 3796 1480 tanta

2153 1513 2583 1583 perturbatione
2616 1519 2672 1566 et
2698 1511 3084 1565 commotione
3123 1509 3379 1563 ﬁdelium
3411 1511 3477 1564 ab
3527 1510 3793 1566 intentione

2157 1599 2531 1654 veracissimas
2571 1604 2627 1654 et
2677 1599 3024 1653 ﬁdelissimae
3065 1598 3338 1652 doctrinae
3387 1615 3498 1651 suae
3527 1600 3690 1670 frangi
3717 1618 3796 1670 pu-

341 1690 489 1744 nulli
545 1687 770 1758 assequi
826 1685 1155 1756 nequivere,
1210 1683 1467 1752 ipsorum
1516 1677 1732 1750 ingenii
1767 1677 1883 1730 debi

2252 1692 2398 1742 tant
2447 1687 2721 1741 revocari.
2765 1687 2873 1741 Sed
2913 1686 3095 1756 magis
3144 1702 3241 1739 eos
3291 1691 3345 1739 et
3383 1687 3592 1756 scriptis
3627 1689 3725 1741 suis
3750 1688 3792 1741 in

343 1779 693 1848 deputetur;
745 1791 932 1845 neque
983 1773 1134 1827 enim
1183 1771 1288 1825 soli
1320 1770 1474 1830 _vitio
1507 1768 1646 1821 verti
1687 1769 1871 1837 potest
1901 1763 2051 1834 quod

340 1882 474 1921 eum
506 1867 657 1936 talpa
689 1881 803 1918 non
834 1863 1041 1916 videat.
1076 1863 1139 1915 In
1171 1860 1346 1913 altero
1375 1873 1508 1911 vero
1541 1872 1704 1910 sensu
1760 1852 2047 1908 difﬁcilem

340 1954 519 2008 videri
548 1953 725 2008 sancti
757 1950 1009 2006 Doctoris
1040 1947 1382 2003 sententiam
1413 1946 1482 1999 de
1524 1940 2048 2015 praedestinatione,

339 2059 443 2096 nec
470 2042 592 2113 ipse
637 2040 992 2112 Augustinus
1039 2036 1306 2107 negavit;
1341 2051 1428 2087 res
1482 2033 1632 2086 enim
1671 2029 2048 2084 secretissima

341 2133 446 2198 est,
479 2147 652 2201 quam
682 2134 877 2183 tamen
903 2132 989 2181 tot
1017 2126 1199 2192 libris,
1251 2127 1529 2194 quantum
1562 2119 1770 2190 potuit,
1801 2116 2048 2171 reddidit

339 2219 673 2273 faciliorem.
719 2219 842 2270 Non
879 2216 972 2269 ibo
1024 2213 1243 2268 inﬁcias
1265 2211 1445 2265 sancti
1474 2206 1782 2278 Augustini
1823 2211 2048 2259 senten-

340 2307 480 2360 tiam
508 2307 577 2361 de
625 2304 1128 2376 przedestinatione
1181 2305 1308 2354 ante
1338 2298 1582 2369 praevisa
1612 2295 1815 2349 merita
1852 2295 2045 2364 plures

340 2394 401 2448 in
450 2395 644 2449 Galliis
693 2394 975 2455 turbasse,
1027 2390 1180 2444 unde
1244 2387 1593 2459 gravissimas
1653 2382 2045 2438 contentiones

338 2499 643 2547 emersere,
697 2481 876 2536 doctis
925 2479 1199 2550 quibusve
1249 2477 1308 2529 in
1354 2479 1541 2546 partes
1586 2472 1798 2526 divisis.
1846 2472 2041 2540 Neque

340 2572 494 2626 enim
541 2571 755 2624 indocti
804 2569 1125 2622 absolutam
1157 2563 1722 2636 praedestinationem
1767 2575 1894 2614 cum
1930 2558 2041 2610 hu—

340 2677 509 2714 mana
553 2661 818 2713 libertate
862 2656 1134 2727 componi
1163 2671 1329 2725 posse
1361 2651 1771 2724 percipiebant,
1804 2655 1860 2703 et
1891 2646 2041 2702 docti

339 2748 510 2801 etiam
571 2747 679 2800 viri
726 2746 976 2817 idipsum
1035 2760 1186 2814 aegre
1247 2741 1721 2812 assequebantur.
1755 2739 2037 2794 Caeterum

335 2836 689 2906 Augustinus
752 2835 984 2888 illorum
1038 2831 1403 2887 dissidiorum
1455 2828 1664 2882 certior
1713 2827 1916 2892 factus,
1977 2825 2037 2877 in

2161 1781 2440 1846 quantum
2468 1776 2656 1846 potuit
2688 1774 2986 1828 admonuit
3008 1780 3063 1828 et
3089 1773 3377 1838 instruxit,
3412 1779 3464 1828 et
3501 1775 3797 1830 orationibus

2160 1864 2310 1934 apud
2344 1865 2520 1917 Deum
2551 1862 2798 1933 profusis
2826 1862 3072 1916 ﬁdeliter
3117 1862 3354 1932 adjuvit,
3387 1868 3448 1916 ut
3467 1862 3798 1934 intelligerent

2159 1960 2214 2008 et
2243 1958 2617 2023 agnoscerent
2667 1969 2840 2023 quam
2891 1951 3210 2006 necessario
3243 1958 3303 2006 et
3332 1969 3498 2022 quam
3543 1954 3799 2007 salubriter

2157 2049 2393 2112 propter
2448 2040 3004 2095 commendationem
3071 2040 3283 2094 divinae
3332 2042 3523 2108 gratiae
3587 2043 3796 2112 ejusdem

2155 2129 2680 2201 praedestinationis
2709 2129 2914 2182 veritas
2973 2129 3211 2182 omnino
3237 2136 3297 2182 et
3324 2130 3592 2184 credenda
3619 2135 3666 2184 et
3690 2147 3801 2201 prae-

2158 2217 2401 2270 dicanda
2454 2223 2617 2271 esset.
2660 2239 2687 2265 ››
2744 2217 2863 2272 Lib.
2915 2217 2983 2271 de
3041 2217 3172 2278 trib,
3229 2217 3544 2287 epist.,cap.
3602 2222 3677 2272 35.
3724 2220 3800 2271 lta-

2157 2321 2268 2375 que
2315 2305 2456 2358 falso
2505 2310 2700 2359 contra
2744 2310 3002 2358 sanctum
3059 2307 3444 2376 Augustinum
3492 2307 3694 2359 locutus
3740 2311 3801 2357 est

2155 2393 2474 2448 Ludovicus
2515 2393 2721 2447 Molina
2761 2393 2819 2446 in
2867 2409 2969 2446 sua
3016 2393 3358 2458 Concordia,
3419 2394 3534 2446 haec
3561 2393 3797 2446 scribens:

2154 2504 2178 2531 ο.
2216 2481 2517 2552 Augustini
2562 2481 2821 2536 doctrina
2846 2481 2913 2535 de
2935 2481 3438 2552 prmdestinatione
3483 2482 3733 2550 plurimos
3753 2496 3799 2532 ex

2151 2571 2437 2634 ﬁdelibus,
2479 2569 2799 2640 praesertim
2831 2587 2898 2624 ex
2933 2571 3000 2623 iis
3022 2569 3121 2640 qui
3165 2570 3224 2624 in
3277 2569 3456 2625 Gallia
3484 2571 3803 2624 morabantur

2149 2676 2264 2714 non
2295 2660 2479 2712 solum
2527 2659 2809 2726 indoctos,
2855 2659 2950 2712 sed
2977 2660 3147 2712 etiam
3171 2659 3368 2713 doctos
3398 2659 3602 2712 mirum
3628 2659 3682 2711 in
3704 2675 3799 2710 mo-

2150 2748 2286 2802 dum
2340 2748 2608 2816 turbavit,
2686 2764 2757 2800 ne
2816 2748 3000 2801 dicam
3064 2747 3219 2800 illius
3268 2748 3559 2801 occasione
3604 2748 3800 2800 salutem

2148 2852 2348 2890 eorum
2402 2835 2574 2889 fuisse
2620 2835 3015 2906 periclitatam.
3068 2837 3147 2888 Ne
3198 2835 3357 2889 enim
3404 2836 3664 2905 ejusmodi
3693 2835 3796 2887 dec-

338 2925 500 2979 libris
531 2925 600 2978 de
632 2922 1135 2978 Praedestinatione
1167 2925 1493 2974 sanctorum
1526 2923 1582 2970 et
1611 2917 1679 2970 de
1711 2916 1868 2969 Dono
1910 2930 2036 2982 per-
2076 2946 2117 3000 Ο
2148 2924 2315 2978 trinae
2347 2923 2725 2992 adhmrerent,
2758 2923 2962 2977 haeresi
3005 2923 3196 2993 potius
3235 2925 3555 2993 Pelagiana:
3584 2940 3644 2977 ex
3672 2929 3798 2993 parte

339 3013 672 3066 severantia:
722 3011 982 3066 eamdem
1026 3011 1094 3064 de
1137 3006 1642 3078 prmdestinatione
1697 3002 2034 3057 sententiam

338 3106 394 3154 et
424 3105 748 3153 constanter
786 3099 991 3163 tenuit,
1030 3103 1085 3151 et
1119 3096 1456 3150 solidissime
1479 3091 1853 3147 conﬁrmavit.
1888 3091 2034 3144 Sane

337 3189 397 3242 in
430 3189 574 3241 libro
609 3189 677 3242 de
708 3189 868 3241 Dono
901 3184 1362 3257 perseverantiae,
1396 3199 1520 3252 cap.
1554 3184 1643 3247 20,
1685 3179 2036 3250 respondens

336 3276 800 3342 Massiliensibus,
847 3275 948 3345 qui
996 3275 1288 3328 dicebant:
1327 3291 1355 3323 ς(
1388 3272 1512 3324 Non
1543 3287 1685 3340 opus
1711 3269 1883 3323 fuisse
1928 3267 2028 3320 hu-

329 3365 649 3435 jusccmodi
669 3363 1065 3433 disputationis
1100 3361 1313 3414 incerto
1357 3359 1544 3412 minus
1593 3355 2034 3427 intelligentium

336 3457 420 3506 tot
457 3453 626 3506 corda
666 3452 917 3518 turbari;
969 3450 1243 3521 quoniam
1291 3465 1409 3501 non
1454 3446 1642 3500 minus
1676 3445 1890 3498 utiliter
1915 3444 2034 3496 sine

335 3540 440 3593 hac
471 3540 804 3594 definitione
825 3537 1342 3610 praedestinationis
1363 3551 1466 3606 per
1488 3538 1571 3587 tot
1600 3550 1778 3586 annos
1805 3531 2033 3586 defensa

337 3633 423 3683 est
458 3629 733 3682 catholica
783 3629 943 3694 ﬁdes,
996 3649 1023 3677 ››
1059 3625 1309 3681 ostendit
1332 3626 1452 3695 jam
1480 3623 1616 3676 olim
1644 3625 1774 3675 ante
1804 3626 2033 3675 exortus

337 3717 674 3788 Pelagianos
730 3717 927 3770 eadem
995 3732 1053 3769 se
1110 3713 1384 3779 docuisse,
1435 3728 1563 3782 qum
1611 3714 1809 3781 postea
1837 3714 2034 3762 contra

335 3806 566 3858 eosdem
615 3805 913 3872 operosius
967 3809 1022 3858 et
1082 3802 1414 3873 diligentius
1468 3801 1826 3854 demonstare
1879 3814 2030 3850 com-

335 3893 531 3961 pulsus
581 3893 799 3946 fuerat:
848 3911 874 3942 ‹‹
909 3889 1359 3954 Praedestinatio,
1411 3888 1617 3958 inquit,
1666 3885 2032 3957 prazdicanda

335 3984 435 4043 est,
491 3984 552 4032 ut
597 3979 777 4050 possit
819 3996 950 4032 vera
997 3978 1096 4032 Dei
1142 3976 1342 4048 gratia,
1389 3976 1494 4029 hoc
1543 3980 1773 4045 estquae
1807 3989 1922 4026 non
1951 3990 2031 4026 se-

333 4067 581 4120 cundum
626 4067 830 4120 merita
858 4071 1048 4120 nostra
1076 4065 1263 4130 datur,
1298 4063 1672 4133 insuperabili
1712 4061 2029 4115 munitione

335 4153 637 4220 defendi,»
698 4171 821 4223 cap.
884 4156 978 4209 2t.
1045 4155 1108 4207 Et
1157 4153 1389 4224 quidem
1440 4156 1664 4204 sanctus
1696 4151 1894 4204 doctor
1925 4151 2026 4203 do-

335 4257 474 4294 num
514 4241 649 4295 ﬁdei
696 4246 751 4294 et
795 4241 1041 4310 primam
1084 4241 1327 4312 gratiam
1381 4256 1446 4294 ex
1492 4240 1755 4293 absoluto
1805 4239 2027 4292 decreto

336 4328 436 4381 Dei
506 4328 826 4396 suspendit,
886 4345 999 4397 quo
1057 4328 1252 4380 omnia
1297 4343 1530 4397 prorsus
1576 4327 1780 4380 merita
1835 4327 2028 4380 divina

335 4415 517 4484 gratia
566 4415 947 4470 antecederet.
1005 4417 1145 4468 Hinc
1192 4416 1658 4485 Semi-Pelagiani
1707 4417 2027 4486 Augustino

333 4502 524 4555 hostes
571 4501 703 4554 facti
752 4517 855 4570 per
905 4507 1134 4554 centum
1177 4501 1298 4554 fere
1337 4518 1517 4555 annos
1565 4501 1735 4554 variis
1785 4503 2028 4557 dissidiis

335 4587 541 4642 Gallias
597 4587 928 4656 fatigarunt,
983 4587 1160 4641 donec
1191 4588 1252 4641 in
1281 4589 1625 4642 Arausicana
1650 4591 1865 4660 synodo
1897 4608 1933 4644 ιι
1962 4608 2027 4644 ex

333 4676 636 4746 Augustini
674 4675 835 4729 libris
893 4675 1038 4730 datis
1085 4675 1370 4746 responsis
1415 4677 1700 4730 diuturnm
1739 4678 1850 4732 illm
1880 4679 2029 4732 inter

332 4765 528 4818 doctos
576 4763 840 4818 homines
891 4763 1120 4832 agitatae
1166 4762 1562 4817 contentiones
1607 4765 1782 4818 ﬁnem
1818 4767 2028 4819 sortitm

335 4857 487 4906 sunt.
520 4852 742 4906 Nullius
770 4867 903 4905 sane
951 4851 1134 4920 culpa).
1178 4851 1529 4920 Augustinus
1574 4869 1708 4907 reus
1748 4853 1881 4907 inde
1911 4857 2026 4907 tra-

332 4941 628 4996 ducendus
679 4945 780 5008 est,
831 4940 947 4993 imo
975 4939 1212 4992 summis
1253 4939 1404 4992 idem
1444 4940 1704 4993 laudibus
1734 4956 2025 4993 commen-

334 5030 554 5084 dandus
603 5029 779 5094 venit,
843 5028 942 5100 qui
1012 5028 1625 5098 Semi-Pelagianornm
1671 5046 1774 5083 nec
1818 5029 2030 5099 sapien-

332 5113 414 5169 tia
468 5131 570 5169 nec
627 5115 960 5169 auctoritate
1021 5114 1346 5179 deterritus,
1405 5116 1670 5170 traditam
1725 5118 1898 5171 semel
1957 5118 2026 5172 de

335 5201 525 5255 divina
577 5203 758 5271 gratia
803 5207 972 5272 atque
1019 5201 1523 5272 praedestinatione
1556 5205 1622 5258 ad
1656 5204 1884 5258 initium
1918 5208 2025 5258 sal-

332 5294 447 5343 tem
479 5290 612 5344 ﬁdci
646 5291 824 5361 (quod
856 5290 915 5343 in
946 5289 1203 5344 confesso
1247 5293 1329 5342 est
1376 5291 1526 5359 apud
1556 5293 1769 5353 omnes)
1801 5297 2026 5346 senten-

333 5377 472 5431 tiam
519 5379 781 5448 pluribus
822 5379 1244 5442 demonstravit,
1299 5394 1486 5448 neque
1524 5396 1626 5450 per
1672 5380 1859 5449 ipsum
1913 5383 2027 5434 ullo

335 5465 506 5519 modo
547 5465 705 5520 stetit
753 5464 895 5535 quin
943 5466 1129 5522 missis
1175 5465 1236 5521 in
1264 5466 1503 5522 Galliam
1547 5467 1770 5523 duobus
1790 5471 2025 5539 praecla-

2149 3012 2583 3066 assentiendum
2644 3012 3013 3082 putabant.»
3073 3012 3272 3082 Neque
3333 3012 3485 3064 enim
3535 3010 3797 3080 rejicienda

2146 3104 2279 3152 sunt
2326 3099 2633 3169 pharmaca
2689 3099 2843 3169 quod
2899 3098 3061 3152 initio
3114 3099 3352 3169 quidem
3412 3105 3595 3170 sorpta
3635 3104 3797 3151 stoma-

2145 3189 2314 3242 chum
2366 3188 2754 3242 deiicatiorem
2795 3188 3025 3241 turbare
3065 3189 3272 3242 solent.
3327 3188 3487 3242 Haud
3534 3186 3794 3240 salnsillo-

2144 3293 2273 3330 rum
2322 3276 2640 3346 periclitata
2687 3280 2789 3341 est,
2841 3276 2939 3347 qui
2997 3275 3056 3328 in
3096 3277 3417 3346 quaestione
3470 3274 3703 3328 nondum
3745 3272 3797 3324 ab

2144 3364 2452 3434 apostolica
2495 3364 2624 3418 sede
2666 3364 2854 3418 decisa
2899 3381 3014 3417 non
3063 3363 3141 3416 ita
3185 3381 3245 3417 se
3289 3364 3480 3418 faciles
3511 3361 3797 3433 praebebant

2145 3452 2211 3505 ad
2257 3451 2734 3522 Augustinianam
2793 3452 3134 3506 sententiam
3166 3453 3554 3524 recipiendam
3581 3469 3593 3518 ;
3626 3451 3796 3504 scimus

2145 3539 2296 3591 enim
2357 3539 2710 3605 Cassianum,
2769 3541 3058 3608 Faustum,
3119 3541 3403 3595 Hilarium
3457 3542 3797 3595 Arelatensem

2144 3627 2495 3697 episcopum,
2547 3628 2647 3698 qui
2685 3629 3306 3699 Serui-Pelagianorum
3348 3629 3626 3701 principes
3649 3628 3796 3686 fuere,

2145 3714 2228 3767 uti
2263 3719 2485 3769 sanctos
2518 3716 2578 3768 in
2630 3717 2821 3771 Galliis
2861 3717 2990 3783 coli,
3021 3722 3083 3770 ut
3128 3717 3190 3771 in
3221 3719 3530 3788 Pelagiana
3579 3713 3797 3772 Historia,

2141 3803 2238 3856 lib.
2290 3820 2347 3869 ιι,
2399 3820 2526 3874 cap.
2587 3808 2667 3871 l‘l,
2715 3805 2879 3859 nobis
2929 3805 3282 3876 descriptum
3329 3812 3430 3860 est.
3484 3805 3612 3870 Quis
3640 3808 3796 3856 autem

2141 3907 2256 3944 non
2302 3891 2540 3946 moleste
2584 3892 2728 3946 ferat
2771 3893 3119 3947 recentiores
3169 3895 3479 3964 Augustini
3523 3891 3797 3947 doctrinam

2140 3979 2225 4031 uti
2283 3980 2700 4034 Gallicanarum
2761 3979 3015 4034 rixarum
3081 3998 3315 4036 causam
3366 3982 3670 4046 traducere,
3695 3990 3795 4030 cum

2141 4067 2364 4121 easdem
2411 4068 2648 4121 omnino
2697 4069 3095 4123 contentiones
3144 4086 3263 4124 una
3295 4071 3420 4140 ipsa
3459 4051 3800 4123 sedav’eritat-

2143 4171 2254 4224 que
2311 4156 2620 4222 sustulerit,
2681 4157 3146 4227 quandoquidem
3219 4158 3552 4212 Aransicani
3593 4167 3798 4210 canones

2059 4225 2102 4278 Β
2146 4243 2243 4312 qui
2297 4259 2494 4313 pacem
2541 4225 2732 4298 Galliis
2762 4225 2987 4310 dedere,
3013 4245 3311 4317 exscriptus
3358 4247 3428 4301 ad
3471 4245 3692 4299 verbum
3718 4243 3799 4295 Atl-

2137 4330 2352 4399 gustini
2412 4329 2713 4384 sententia:
2755 4333 2932 4385 sunt?
2954 4332 3115 4396 Quod
3163 4333 3332 4386 initio
3371 4333 3597 4403 quidem
3621 4331 3794 4383 factum

2138 4417 2357 4484 fuisset,
2412 4419 2458 4472 si
2497 4419 2971 4490 Semi-Pelagiani
3012 4422 3189 4474 sancti
3233 4422 3484 4476 doctoris
3528 4415 3798 4473 sententias

2135 4506 2384 4576 recipere
2439 4507 2791 4575 maluissent,
2869 4525 3043 4578 quam
3105 4509 3324 4563 eisdem
3398 4502 3797 4562 contradicendo

2137 4594 2490 4663 provinciam
2520 4595 2968 4650 dissensionibus
3000 4597 3310 4652 involvere.
3357 4599 3431 4651 Ex
3465 4599 3571 4664 his,
3605 4600 3662 4648 ut
3695 4595 3798 4646 ante

2134 4682 2540 4750 inferebamus,
2586 4683 2815 4738 illarum
2855 4686 3153 4739 turbarum
3191 4687 3358 4755 origo
3393 4703 3506 4740 non
3538 4685 3592 4738 in
3617 4688 3800 4750 Augus-

2135 4769 2344 4836 tinum,
2381 4771 2479 4824 sed
2531 4771 2590 4824 in
2631 4773 2887 4842 ejusdem
2932 4774 3120 4827 hostes
3169 4775 3482 4844 rejicienda
3521 4778 3616 4826 est.
3651 4772 3794 4824 Porro

2136 4857 2340 4911 falsum
2386 4863 2488 4922 est,
2539 4859 2695 4928 quod
2748 4860 2941 4914 scribit
2971 4861 3220 4915 Adamus
3244 4879 3380 4933 pag.
3416 4865 3538 4926 6l0,
3570 4861 3624 4913 in
3657 4866 3800 4910 mate-

2137 4944 2218 4997 ria
2263 4946 2330 4998 de
2380 4946 2564 5014 gratia
2621 4952 2676 5000 et
2719 4948 3222 5017 praedestinatione
3264 4951 3572 5003 nonnullos
3591 4950 3796 5000 sectato-

2136 5049 2264 5086 rum
2307 5033 2484 5086 sancti
2537 5036 2842 5105 Augustini
2883 5037 3069 5107 ipsum
3103 5037 3444 5101 deseruisse,
3488 5037 3571 5090 vel
3602 5050 3701 5088 non
3725 5047 3800 5082 au-

2137 5137 2225 5173 sos
2271 5136 2401 5174 eum
2455 5121 2681 5192 publice
2707 5127 2829 5176 tum
2863 5124 3139 5194 temporis
3170 5125 3226 5178 in
3278 5125 3474 5180 Galliis
3512 5120 3795 5178 defendere.

2137 5211 2497 5264 Contrarium
2543 5212 2695 5265 enim
2740 5216 3023 5266 testantur
3070 5215 3317 5284 Prosper
3379 5219 3434 5268 et
3492 5209 3716 5267 Hilarius
3749 5206 3797 5258 in

2137 5298 2387 5367 epistolis
2414 5314 2480 5351 ea
2529 5299 2598 5352 de
2650 5315 2708 5352 re
2741 5300 2887 5354 datis
2917 5301 2985 5354 ad
3014 5303 3436 5372 Augustinum:
3472 5324 3497 5351 «
3534 5295 3795 5354 Recensite

2135 5391 2348 5449 autem,
2401 5387 2589 5457 inquit
2633 5388 2894 5458 Prosper,
2947 5389 3054 5444 hoc
3104 5389 3480 5445 Beatitudinis
3518 5394 3622 5441 tum
3651 5385 3793 5439 libro.

2137 5474 2284 5528 sicut
2321 5474 2422 5544 qui
2474 5480 2728 5531 sanctam
2776 5481 2950 5548 atque
2997 5477 3368 5549 apostolicam
3415 5476 3673 5532 doctrinas
3700 5476 3794 5524 tua:
