3946 6176
131 313 247 364 385

1441 318 1768 374 ἮΝΠΙΟΙέΕ
1811 321 2356 377 ΑΗΒΗΞΤΙΝΙΑΝᾸΞ.

3557 342 3659 395 586

127 432 545 486 auctoritatem
629 438 797 487 antea
873 436 1285 505 sequebantur,
1366 438 1840 511 intelligentiores
1879 446 1922 498 A
1959 447 2221 500 vittarum
2253 449 2536 515 sapientiae
2578 455 2627 503 et
2656 455 2892 506 scientiae
2919 457 3046 508 Dei!
3098 460 3205 510 etc.
3243 476 3270 508 ii
3324 461 3406 513 lta
3453 465 3665 517 summi

128 523 334 576 multo
364 522 864 594 instructioresque
909 529 1041 578 sunt
1085 525 1232 590 facti,
1281 525 1361 580 ita
1382 528 1480 597 qui
1527 530 1846 599 persuasio-

128 611 238 663 nis
298 627 410 664 suaz
459 611 922 681 impediebantur
987 613 1248 684 obscuro,
1311 617 1621 670 aversiores
1673 635 1847 688 quam

122 697 377 752 fuerant
432 704 802 754 recesserunt.
867 720 894 751 »
947 703 1107 756 Unde
1177 705 1479 774 Augustini
1542 711 1844 761 sectatores

123 787 306 839 novis
345 787 587 840 subinde
629 805 659 840 a
691 793 883 842 sancto
929 789 1157 844 doctore
1198 791 1358 845 libris
1407 795 1668 863 acceptis,
1721 796 1841 848 ani-

120 875 358 927 mosius
390 876 650 944 ejusdem
683 883 872 946 partes
903 879 1282 934 sustinebant.
1328 881 1572 936 Hilarius
1602 900 1734 936 vero
1765 885 1844 938 ita

123 964 289 1017 fatur
321 983 335 1017 :
375 983 403 1014 α
437 965 581 1019 Sunt
613 981 675 1018 ex
708 971 870 1035 parte
901 968 1041 1020 tales
1090 985 1353 1038 personae
1413 971 1640 1041 (nempe
1669 973 1844 1026 Semi-

120 1053 480 1122 Pelagiani),
538 1061 598 1107 ut
653 1054 740 1108 his
793 1057 1202 1111 consuetudine
1245 1060 1627 1114 Ecclesiastica
1671 1061 1842 1114 laicos

115 1157 423 1195 summam
474 1144 851 1196 reverentiam
917 1161 1146 1199 necesse
1206 1147 1275 1199 sit
1331 1148 1620 1202 exhibere.
1680 1149 1840 1213 Quod

113 1232 370 1300 quidem
406 1232 481 1284 ita
513 1233 854 1298 curavimus,
891 1235 1004 1287 Deo
1028 1235 1280 1304 juvante,
1318 1252 1560 1302 servare,
1595 1243 1676 1300 ut,
1709 1254 1838 1291 cum

111 1335 270 1388 upus
307 1318 435 1382 fuit,
471 1336 581 1372 non
614 1326 927 1374 taceremus
985 1339 1112 1392 quae
1168 1324 1239 1377 ad
1298 1325 1631 1394 quaestionis
1670 1326 1838 1395 hujus

113 1409 513 1462 assertionem
545 1410 821 1479 exiguitas
852 1416 1175 1466 nostrarum
1207 1412 1412 1466 virium
1448 1422 1831 1484 suggereret.»

108 1497 246 1550 Srio
283 1499 636 1567 Prosperum
688 1499 748 1552 in
796 1499 1036 1569 epistola
1084 1502 1281 1555 eadem
1340 1502 1505 1555 fateri
1558 1505 1836 1573 quosdam

111 1602 235 1639 non
274 1603 454 1640 ausos
487 1587 709 1658 publice
763 1588 1181 1658 Augustiniana
1228 1591 1601 1660 pronuntiata
1633 1592 1832 1646 defen-

107 1675 278 1739 dere,
321 1676 477 1745 quod
511 1693 623 1729 non
672 1676 804 1730 inde
863 1680 1075 1731 factum
1119 1683 1201 1732 est
1261 1680 1414 1749 quod
1465 1680 1561 1732 illa
1618 1681 1830 1734 creditu

108 1741 391 1816 difﬁcilia
423 1780 484 1816 ac
515 1764 800 1834 paradoxa
832 1741 1374 1832 arbitrabantur,-ut
1406 1769 1701 1822 contendit
1731 1770 1830 1822 ad-
1863 1741 1904 1795 Β

105 1852 433 1908 versarius.
469 1853 566 1906 sed
619 1853 773 1922 quod
806 1853 1002 1906 Hilarii
1033 1855 1282 1925 episcopi
1313 1857 1655 1909 Arelatensis
1693 1859 1835 1911 alio-

105 1957 376 2012 rumque
403 1941 861 1996 doctissimorum
896 1944 1199 2012 Augustini
1234 1945 1484 1998 hostium
1519 1946 1762 2014 dignitas
1787 1952 1836 2000 et

104 2035 455 2096 reverentia,
485 2036 622 2084 teste
675 2033 878 2086 eodem
938 2034 1236 2102 Prospero,
1292 2035 1559 2088 timorem
1618 2036 1834 2089 eisdem

103 2119 490 2190 injiciebant.

173 2212 318 2266 Jam
352 2227 490 2264 vero
520 2210 874 2264 discutienda
907 2210 1146 2264 veniunt
1179 2227 1305 2281 qua:
1338 2211 1407 2264 ad
1463 2212 1830 2281 Augustinia-

101 2317 332 2354 norum
383 2301 719 2369 dogmatum
752 2300 1139 2353 difficultatem
1187 2301 1638 2370 persuadendam
1681 2301 1830 2354 idem

99 2389 585 2443 comminiscitur
616 2405 744 2458 pag.
782 2392 906 2452 611,
945 2389 1042 2442 ubi
1075 2389 1155 2442 ait
1189 2406 1200 2442 :
1240 2411 1260 2438 ι
1299 2389 1651 2457 Augustinus
1681 2408 1830 2460 sape

98 2480 421 2532 confessus
453 2483 558 2546 est,
619 2477 981 2530 difficultates
1039 2479 1190 2531 vela
1242 2479 1426 2547 seipso
1484 2480 1569 2532 vel
1633 2479 1699 2531 ab
1731 2480 1828 2532 ad-

99 2566 392 2620 versariis
425 2566 744 2635 propositas
793 2565 851 2618 in
888 2565 992 2618 hac
1051 2566 1288 2619 materia
1325 2567 1454 2620 data
1509 2584 1538 2620 a
1579 2584 1637 2620 se
1678 2570 1822 2621 soln-

96 2657 303 2710 tiones
336 2655 635 2717 excedere,
669 2671 840 2724 seque
871 2655 1000 2724 plus
1030 2655 1440 2724 objectionibus
1479 2663 1826 2710 commotum

98 2762 287 2816 quam
324 2743 800 2813 responsionibus
855 2744 1135 2797 sedatum.
1171 2764 1196 2793 »
1247 2744 1532 2814 Additque
1569 2759 1580 2796 :
1618 2766 1645 2792 ‹‹
1687 2746 1825 2798 Cum

97 2853 242 2889 vero
281 2834 489 2904 aliqua
528 2834 860 2888 difficultate
917 2833 1286 2904 insuperabili
1345 2852 1571 2904 pressus
1603 2841 1704 2900 est,
1757 2838 1826 2890 ad

98 2926 193 2979 illa
226 2925 554 2994 Scriptum
585 2923 754 2976 verba
809 2923 1064 2994 confugit
1098 2939 1110 2976 :
1144 2926 1185 2979 Ο
1229 2924 1462 2978 altitudo
1502 2925 1823 2978 divitiarum

1956 533 2176 603 ingenii
2236 535 2411 588 fasces
2463 540 2692 592 secretis
2753 541 2956 595 divinae
2991 544 3369 602 Providentia
3413 549 3661 606 consiliis

1955 623 2309 692 Augustinus
2351 627 2642 688 submisit.
2695 631 2844 699 quod
2895 637 2950 684 et
2982 635 3322 688 recentiores
3350 637 3516 692 fateri
3567 657 3661 693 co-

1955 717 2186 780 guntur,
2241 712 2286 764 si
2318 719 2595 782 rogentur
2624 731 2724 768 cur
2759 719 2903 771 Deus
2935 721 3067 774 huic
3093 722 3189 776 det
3237 726 3477 794 gratiam
3522 743 3657 782 con-

1954 815 2178 869 grtiam,
2212 802 2374 856 alteri
2398 819 2530 856 vero
2561 806 2771 872 neget?

2023 889 2184 952 Quod
2239 891 2413 957 addit,
2460 894 2844 961 Augustinum
2906 896 3299 967 imperfectam
3356 903 3656 974 reliquisse

1952 977 2277 1033 inchoatam
2307 998 2335 1033 a
2371 997 2428 1033 se
2464 981 2521 1033 in
2567 983 2875 1052 Epistulam
2909 986 3065 1038 Pauli
3099 989 3168 1040 ad
3219 990 3506 1045 Romanos
3552 995 3653 1046 Ex-

1950 1065 2318 1135 positionem,
2360 1069 2416 1122 in
2469 1086 2583 1140 qua
2621 1071 2688 1123 de
2754 1073 3040 1141 mysteriis
3085 1077 3284 1143 gratiae.
3335 1079 3652 1148 disseritur,

1950 1155 2111 1224 quasi
2152 1157 2232 1209 rei
2283 1157 2602 1211 diflicultati
2649 1161 3025 1228 succubuerit,
3061 1179 3177 1216 non
3206 1167 3490 1221 convincit
3535 1173 3649 1222 Au-

1948 1243 2161 1312 gustini
2193 1245 2510 1299 doctrinam
2547 1263 2668 1301 esse
2699 1249 3014 1318 difficilem,
3047 1257 3109 1304 ut
3139 1253 3245 1306 sibi
3287 1255 3650 1323 probandum

1947 1332 2200 1385 Adamus
2240 1351 2306 1387 eo
2337 1334 2394 1388 in
2451 1336 2634 1406 capite
2674 1345 3072 1406 proposuerat,
3124 1341 3423 1396 Rationem
3472 1345 3646 1399 inter-

1949 1420 2249 1474 missorum
2282 1424 2836 1478 Commentariorum
2871 1427 3015 1480 hanc
3046 1428 3220 1482 tradit
3250 1437 3474 1485 sanctus
3515 1434 3647 1487 doc-

1944 1513 2035 1562 tor
2056 1509 2150 1562 lib.
2189 1512 2207 1563 I
2241 1512 2507 1577 Retract.,
2542 1529 2668 1582 cap.
2710 1517 2807 1566 25:
2850 1537 2869 1560 ‹ι
2905 1516 3088 1584 Ipsius
3128 1518 3317 1586 operis
3366 1521 3650 1591 magnitu-

1944 1597 2075 1651 dine
2109 1615 2172 1651 ac
2216 1600 2395 1653 libore
2426 1601 2730 1654 deterritus
2761 1607 2816 1654 et
2846 1602 2904 1655 in
2935 1603 3046 1656 alia
3089 1604 3343 1660 faciliora
3393 1609 3648 1664 deflexus

1945 1701 2098 1752 sum;
2136 1705 2160 1739 ι»
2203 1704 2319 1741 non
2366 1689 2516 1759 quod
2557 1689 2849 1759 ignoraret
2879 1691 3017 1760 quid
3047 1692 3115 1745 de
3147 1695 3646 1763 prmdestinatione

1947 1779 2001 1826 et
2030 1776 2393 1846 gratiajuxta
2426 1777 2680 1846 Apostoli
2715 1780 3056 1833 sententiam
3079 1782 3446 1836 statuendum
3479 1792 3642 1852 esset,

1945 1877 2073 1916 cum
2105 1862 2160 1916 id
2195 1870 2251 1918 et
2282 1865 2339 1917 in
2373 1865 2548 1930 libris,
2580 1870 2635 1918 et
2674 1866 2731 1919 in
2764 1868 3041 1936 epistolis,
3077 1874 3132 1923 et
3179 1869 3237 1922 in
3285 1874 3644 1928 sermonibus

1945 1952 2085 2005 adeo
2120 1970 2268 2023 saepe
2297 1971 2362 2006 ex
2415 1955 2613 2008 eadem
2647 1955 2895 2025 Epistula
2927 1958 3084 2010 Pauli
3116 1959 3184 2011 ad
3232 1960 3513 2015 Romanos
3543 1963 3643 2016 de-

1943 2041 2184 2109 duxerit,
2217 2049 2278 2096 ut
2309 2044 2472 2104 Beda,
2508 2045 2726 2109 Florus,
2769 2045 2958 2098 Victor
2997 2046 3401 2117 Tripolitanus,
3431 2051 3642 2122 aliique

1942 2145 2007 2182 ex
2046 2131 2178 2183 solis
2212 2133 2388 2184 sancti
2447 2132 2750 2200 Augustini
2795 2132 3362 2202 interpretationibus
3413 2137 3472 2190 in
3516 2154 3642 2192 eam

1941 2219 2099 2271 Pauli
2134 2218 2439 2288 Epistulam
2495 2221 2737 2290 sparsim
2794 2222 3052 2291 ejusdem
3113 2224 3383 2292 operibus
3416 2226 3642 2280 insertis

1940 2306 2161 2377 integra
2215 2309 2639 2362 Commentaria
2693 2310 2751 2362 in
2813 2317 3113 2364 centonem
3175 2314 3521 2379 consuerint,
3579 2333 3642 2370 ac

1938 2395 2107 2463 plane
2153 2401 2327 2448 totam
2385 2397 2694 2466 Epistulam
2760 2398 3194 2467 Augustinianis
3236 2402 3421 2455 verbis
3463 2420 3638 2474 expo-

1938 2483 2172 2536 suerint.
2229 2485 2484 2555 Denique
2534 2486 2736 2538 falsum
2790 2492 2892 2552 est,
2949 2489 3098 2557 quod
3147 2489 3400 2543 Adamus
3446 2493 3640 2546 scribit

1934 2587 2066 2641 pag.
2103 2576 2226 2637 612,
2279 2574 2484 2627 dixisse
2531 2575 2911 2642 Augustinum
2955 2593 3118 2628 suam
3162 2579 3230 2631 de
3263 2580 3640 2647 praedestina-

1935 2659 2090 2713 tione
2165 2662 2502 2715 sententiam
2591 2679 2693 2715 non
2767 2679 2877 2716 esse
2916 2667 3133 2732 populis
3205 2667 3634 2733 praedicandum.

1935 2748 2166 2811 Quodve
2214 2767 2452 2803 summa:
2500 2751 2756 2803 falsitatis
2779 2757 2880 2816 est,
2915 2753 2971 2805 id
3008 2755 3258 2822 probans
3298 2771 3365 2808 ex
3409 2773 3531 2826 cap.
3574 2762 3634 2811 15

1933 2837 2001 2890 de
2060 2839 2217 2890 Dono
2261 2839 2728 2908 prcsevcrantiae:
2795 2840 3006 2892 etenim
3063 2840 3276 2895 ibidem
3320 2859 3422 2912 per
3471 2844 3637 2913 plura

1933 2927 2121 2995 capita
2150 2927 2413 2994 inculcat,
2464 2932 2519 2980 et
2565 2928 2986 2995 praedicandam
3021 2945 3142 2982 esse
3194 2931 3533 2985 sententiam
3566 2932 3635 2986 de

97 3015 406 3084 sapimztiae
428 3018 476 3066 et
507 3014 739 3066 scientiae
763 3013 894 3066 Dei!
931 3018 1034 3067 etc.
1070 3015 1244 3080 (Rom.
1294 3021 1388 3066 xu.
1425 3035 1451 3061 »
1489 3016 1739 3076 Peream,
1776 3015 1820 3066 si
1860 3037 1898 3092 ο
1933 3015 2178 3084 gratuita
2210 3015 2729 3085 praedestinatione,
2761 3022 2815 3069 et
2837 3017 3073 3070 modum
3105 3035 3219 3088 quo
3235 3019 3374 3073 citra
3400 3020 3634 3074 rudium

97 3119 381 3175 unquam
413 3101 764 3171 Augustinus
811 3117 877 3154 ea
925 3101 1229 3154 affirmavit
1278 3118 1406 3172 quae
1447 3102 1530 3154 illi
1571 3103 1821 3156 Adamus

96 3192 410 3264 imponit:
447 3191 720 3243 debuerat
747 3189 805 3242 in
852 3205 911 3242 re
953 3189 1287 3259 gravissima
1338 3191 1588 3260 aliquem
1642 3192 1820 3244 sancti

95 3279 370 3334 doctoris
405 3284 620 3330 textum
654 3278 964 3347 appellare.
993 3277 1100 3331 Sed
1136 3294 1246 3330 non
1279 3276 1354 3330 ita
1418 3282 1522 3340 est,
1565 3278 1816 3344 Adame;

94 3372 282 3425 audio
315 3368 478 3422 enim
526 3367 910 3437 Augustinum
960 3368 1080 3420 hinc
1111 3373 1307 3420 contra
1345 3368 1633 3422 Julianum
1691 3385 1816 3422 om-

93 3463 272 3515 nium
327 3457 788 3510 adversariorum
848 3457 1240 3510 acutissimum
1291 3462 1348 3510 et
1379 3457 1815 3523 ferocissimum,

93 3551 406 3604 dicentem
466 3546 524 3599 in
577 3546 690 3599 line
743 3545 838 3599 lib.
874 3563 922 3598 γι
955 3562 966 3598 :
1004 3565 1030 3595 (ι
1083 3545 1166 3598 Ad
1203 3546 1396 3598 omnia
1454 3563 1543 3599 me
1572 3546 1675 3599 tibi
1703 3563 1816 3598 res-

95 3637 408 3710 pondisse,
432 3635 674 3697 Iuliane,
708 3640 764 3687 et
795 3634 990 3687 omnia
1019 3634 1309 3701 refellisse,
1341 3639 1470 3698 etc.,
1495 3640 1632 3703 puto
1663 3635 1817 3705 quod

94 3725 417 3798 prospicis,
478 3724 522 3776 si
551 3723 806 3791 pervicax
837 3739 956 3778 non
990 3723 1126 3776 sis.»
1147 3725 1209 3776 Et
1240 3723 1298 3776 in
1325 3724 1436 3777 fine
1467 3725 1559 3776 lib.
1599 3739 1648 3778 ιε
1678 3746 1703 3771 α
1732 3724 1821 3776 Vi-

95 3823 260 3870 treas
291 3813 552 3883 argutias
595 3819 741 3876 tuas,
791 3817 848 3864 et
879 3812 1123 3881 fragilia,
1176 3812 1383 3882 quibus
1430 3812 1531 3864 tibi
1573 3813 1814 3865 multum

93 3904 325 3959 videris
373 3907 573 3954 acutus
607 3905 663 3953 et
711 3900 944 3965 nitidus,
990 3905 1328 3967 argumenta
1375 3900 1744 3969 confringam.
1789 3921 1811 3947 ι

95 3996 161 4048 Et
197 3992 309 4046 lib.
350 4006 431 4053 ιιι,
465 4006 587 4059 cap.
646 3992 704 4042 3:
743 4013 767 4034 «
804 3991 1049 4042 Tuarum
1103 3987 1257 4042 velut
1303 3994 1593 4041 acutarum
1646 4005 1814 4057 argu-

93 4079 537 4136 mentationum
571 4078 713 4130 nihil
761 4093 876 4131 non
905 4077 1170 4131 'solutnm
1219 4079 1683 4148 destructumque
1728 4077 1813 4130 di-

94 4173 369 4224 mittam.
407 4191 428 4215 »
469 4167 604 4221 Hinc
637 4171 864 4219 sanctus
896 4168 1136 4235 Prosper
1167 4167 1222 4220 in
1255 4183 1377 4236 cap.
1410 4170 1443 4219 2
1483 4177 1677 4219 contra
1720 4167 1814 4219 In-

93 4268 308 4331 gratos
341 4257 491 4310 canit
524 4256 750 4309 nullum
782 4261 1186 4326 argumentum
1218 4255 1654 4326 Pelagianorum
1698 4270 1814 4308 non

92 4350 364 4403 dilutum
394 4345 583 4398 fuisse.

620 4432 946 4501 Nullamque
975 4434 1188 4486 omnino
1219 4433 1463 4484 relictum

245 4523 426 4577 Docta
461 4519 619 4592 ﬁdes,
643 4521 787 4590 quod
814 4537 919 4573 non
952 4521 1266 4574 dissolve-ret
1287 4525 1680 4586 argumentum.

96 4616 165 4668 Et
233 4615 466 4665 sanctus
534 4609 874 4663 Prudentius
915 4607 972 4661 in
1031 4608 1267 4678 epistola
1319 4609 1386 4660 ad
1450 4608 1816 4661 Hincmarum

95 4708 155 4756 et
191 4698 516 4755 Pardulum
566 4697 901 4749 eorumdem
947 4695 1347 4748 haereticorum
1375 4696 1729 4764 argumentis
1786 4713 1817 4749 a

96 4793 311 4843 sancto
353 4783 668 4854 Augustino
726 4783 1193 4836 abundantissime
1248 4787 1297 4835 et
1344 4785 1818 4851 competentissime

95 4879 466 4941 satis/actum
527 4888 647 4925 esse
680 4871 894 4926 scribit.
949 4871 1260 4925 Videantur
1317 4870 1464 4924 dicta
1513 4888 1637 4942 cap.
1675 4875 1690 4925 1
1726 4889 1818 4942 ap-

97 4963 375 5038 pendicis
405 4961 474 5014 ad
508 4960 962 5014 dissertationem
990 4960 1057 5013 de
1087 4959 1304 5029 synodo
1338 4959 1560 5030 quinta.
1605 4963 1703 5014 llla
1732 4967 1815 5014 ta-

100 5071 244 5108 men
279 5047 685 5120 insuperabilis
715 5049 956 5119 queestio
996 5049 1316 5118 Augustino
1371 5049 1488 5100 visa
1544 5048 1670 5113 fuit,
1719 5065 1819 5103 cur

102 5144 265 5196 Deus
305 5141 462 5194 hunc
494 5138 684 5209 potius
717 5154 889 5208 quam
920 5136 1081 5189 illum
1119 5136 1567 5207 prtedestinaret,
1607 5137 1675 5190 de
1707 5151 1819 5204 qua

107 5231 340 5286 erudite
373 5229 490 5298 agit
522 5244 692 5281 serm.
741 5231 826 5282 11.
885 5227 954 5280 de
1008 5227 1170 5279 Vcrb.
1202 5230 1419 5296 Apost.,
1485 5241 1609 5294 cap.
1646 5227 1730 5290 14,
1763 5229 1820 5278 et

107 5321 279 5390 epist.
318 5321 416 5372 105
448 5316 518 5370 ad
559 5316 800 5382 Sixtum,
852 5319 908 5368 et
955 5314 1054 5368 lib.
1117 5331 1166 5368 ιν
1212 5314 1283 5367 ad
1336 5312 1537 5378 Bonif.,
1584 5328 1705 5382 cap.
1761 5317 1816 5380 6,

104 5409 206 5463 ubi
231 5408 313 5462 ait
347 5424 360 5460 :
397 5425 422 5456 α
456 5407 584 5475 Ipsa
610 5410 693 5458 est
723 5403 985 5473 quaestio,
1020 5420 1147 5474 quae
1180 5405 1248 5458 ad
1281 5403 1436 5456 illam
1466 5401 1714 5472 pertinet
1743 5402 1819 5454 al-

105 5498 448 5560 titudinem,
501 5509 673 5564 quam
724 5493 1042 5562 perspicere
1092 5493 1287 5545 volens
1317 5491 1466 5545 idem
1516 5490 1819 5559 Apostolus

111 5585 551 5657 quodammodo
597 5582 839 5652 expavit,
892 5587 948 5634 et
978 5581 1339 5635 exclamavit:
1390 5581 1432 5634 Ο
1463 5579 1696 5632 altitudo
1731 5579 1816 5630 di-

476 5693 752 5758 PATROL.
804 5691 1054 5757 XLVII.

1929 3104 2426 3158 conturbationem
2469 3105 2767 3175 praedicari
2802 3107 3000 3175 possit,
3050 3107 3321 3176 assignat.
3351 3109 3637 3162 Audiatur

1928 3195 2154 3243 sanctus
2185 3191 2380 3244 doctor
2405 3192 2483 3244 ita
2513 3192 2785 3245 inclioans
2816 3209 2938 3262 cap.
2974 3195 3036 3246 14
3065 3194 3134 3246 de
3166 3195 3321 3248 Dono
3375 3211 3625 3264 persev.:

1931 3296 1958 3327 (ι
2008 3279 2115 3332 Sed
2165 3279 2326 3332 aiunt
2380 3280 2898 3349 przedestinationis
2951 3282 3341 3337 deﬁnitionem
3396 3284 3630 3337 utilitati

1925 3366 2349 3436 praedicationis
2378 3368 2698 3422 adversam.
2739 3389 2766 3418 »
2792 3369 3018 3434 Audin’,
3049 3371 3284 3435 Adame,
3313 3372 3469 3425 illam
3501 3389 3628 3426 sen-

1927 3457 2167 3512 tentiam
2211 3455 2385 3510 fuisse
2431 3457 3075 3527 Semi-Pclagianorum,
3134 3477 3276 3530 quos
3318 3461 3397 3513 ibi
3445 3462 3631 3530 rejicit

1925 3552 2153 3598 sanctus
2183 3552 2364 3615 pater,
2403 3562 2574 3616 quam
2603 3547 2737 3599 satis
2784 3548 3160 3617 negligenter,
3190 3555 3252 3602 ut
3302 3549 3494 3602 mitius
3545 3551 3628 3602 lo-

1927 3651 2091 3705 quar,
2146 3635 2330 3688 eidem
2375 3636 2613 3690 alfricas.
2659 3636 2863 3706 Accipe
2911 3637 3141 3690 interim
3177 3637 3481 3705 Augustini
3514 3655 3628 3692 res-

1924 3739 2200 3792 ponsum:
2257 3744 2278 3770 ι
2311 3723 2478 3786 Quasi
2527 3739 2658 3776 vero
2703 3725 2994 3777 adversata
3046 3726 3116 3777 sit
3157 3726 3432 3793 Apostolo
3484 3743 3628 3796 prte-

1925 3812 2154 3866 dicanti.
2193 3813 2389 3864 Nonne
2422 3812 2513 3864 ille
2549 3813 2748 3864 Doctor
2782 3812 3038 3881 gentium
3069 3813 3126 3864 in
3155 3813 3264 3866 fide
3305 3819 3360 3866 et
3391 3815 3626 3867 veritate

1925 3899 2486 3970 praedestinationem
2544 3899 2708 3952 toties
2775 3901 3218 3968 commendavit,
3270 3907 3326 3955 et
3389 3901 3648 3958 verbum.

1926 3989 2026 4042 Dei
2065 3989 2372 4060 praedicare
2405 4005 2518 4040 non
2551 3989 2801 4042 destitit?

1999 4079 2126 4130 Haec
2168 4076 2330 4129 nobis
2360 4075 2737 4128 scribentibus
2784 4080 3106 4144 opportune
3155 4076 3211 4130 S.
3263 4078 3324 4130 D.
3381 4078 3447 4130 N.
3495 4078 3622 4132 Cle-

1923 4181 2086 4219 mens
2124 4166 2164 4218 X
2208 4180 2310 4233 pro
2359 4163 2676 4233 Augustino
2717 4165 3054 4216 sententiam
3082 4165 3488 4234 pronuntiavit,
3523 4183 3624 4219 au-

1921 4255 2034 4307 reis
2062 4255 2230 4323 plane
2263 4252 2680 4306 characteribus
2707 4252 2836 4304 imis
2872 4254 3204 4323 praecordiis
3233 4254 3620 4309 incidendam.

1854 4331 1897 4385 Ῐ)
1933 4341 2163 4396 Etenim
2198 4342 2256 4394 in
2296 4340 2606 4410 diplomate
2652 4357 2778 4394 raro
2822 4357 2886 4394 ac
2933 4341 3230 4410 singulari,
3276 4342 3406 4395 dato
3440 4343 3530 4396 die
3561 4345 3624 4397 18

1929 4431 2272 4496 Decembris,
2303 4447 2454 4483 anno
2491 4434 2641 4494 l67t,
2675 4447 2788 4500 quo
2822 4430 3100 4483 universis
3132 4431 3336 4484 Christi
3362 4431 3625 4485 fidelibus

1925 4521 2065 4574 festa
2117 4520 2295 4573 sancti
2344 4520 2646 4588 Augustini
2714 4520 2804 4573 die
2864 4525 3070 4572 nostrte
3121 4519 3353 4573 familiae
3413 4521 3626 4591 templa

1927 4610 2287 4672 adeuntibus,
2333 4609 2525 4678 ibique
2564 4609 2656 4677 pie
2691 4609 3142 4678 supplicantibus
3191 4608 3504 4679 plenariam
3539 4611 3624 4663 in-

1925 4698 2277 4766 dulgentiam
2307 4697 2655 4766 inipertitur,
2689 4697 2809 4749 haec
2843 4698 3038 4751 habet:
3079 4719 3105 4745 ‹‹
3144 4699 3344 4768 Itaque
3396 4699 3622 4765 eximia,

1925 4788 2226 4856 omnisque
2267 4785 2534 4838 humanas
2585 4785 2768 4838 laudis
2812 4786 3166 4855 praeconium
3203 4788 3372 4856 longe
3432 4803 3625 4856 super-

1925 4892 2118 4946 gressa
2147 4873 2324 4926 sancti
2364 4873 2666 4942 Augustini
2715 4874 2967 4942 episcopi
3029 4880 3086 4927 et
3124 4873 3482 4938 confessoris,
3532 4874 3624 4926 Ec-

1925 4964 2110 5018 clesiaa
2142 4960 2385 5014 doctoris
2424 4960 2951 5030 prmcellentissimi,
2977 4961 3076 5030 qui
3120 4961 3333 5030 Spiritu
3368 4960 3464 5013 Dei
3504 4959 3625 5028 ple-

1927 5066 2034 5103 nus
2065 5051 2346 5102 hzeresum
2378 5061 2755 5114 errorumque
2788 5045 3052 5097 tenebras
3095 5050 3370 5114 tanquam
3406 5043 3623 5113 fulgen-

1926 5137 2211 5192 tissimum
2272 5134 2605 5189 Christiania
2658 5133 2994 5187 eruditionis
3043 5133 3212 5202 jubar
3253 5132 3623 5201 profundissi-

1927 5225 2055 5290 mis,
2087 5224 2371 5293 simulque
2394 5223 2511 5276 sole
2542 5221 2878 5276 clarioribus
2925 5221 3149 5289 scriptis
3181 5220 3521 5290 profligavit,
3570 5225 3624 5274 et

1927 5314 2226 5368 hominum
2278 5312 2448 5364 corda
2495 5327 2581 5376 eo,
2605 5328 2718 5381 quo
2752 5311 2868 5380 ipse
2899 5309 3294 5362 ardentissime
3327 5309 3620 5378 flagrabat.

1927 5403 2218 5456 charitatis
2272 5401 2402 5471 igne
2460 5400 2765 5462 succendit,
2829 5399 3031 5452 decora
3088 5402 3249 5467 grato
3309 5397 3625 5468 devotaque

1926 5490 2134 5544 mentis
2165 5490 2370 5543 affectu
2403 5490 2730 5552 recolentes,
2768 5507 2794 5538 »
2829 5493 2938 5540 etc.
2981 5489 3090 5540 llac
3120 5487 3446 5556 apostolicm
3478 5486 3626 5540 sedis

1927 5578 2212 5633 sententia
2243 5575 2836 5640 bonoriﬁcentissima,
2871 5575 3205 5643 gravissima
3250 5576 3628 5630 sanctissima-

3192 5690 3272 5747 19
