3946 6176
437 238 538 293 587

1448 228 2002 284 SUPPLEMENTUM
2042 193 2132 282 AD
2169 227 2402 293 OPERA
2440 227 2494 281 S.
2538 225 2922 280 AUGUSTINI.
3750 239 3819 292 533

435 373 547 430 que
579 371 779 412 omnes
807 370 841 408 a
871 352 1304 425 quibuscunque
1335 349 1673 404 adversariis
1694 349 2128 420 Augustinianis
2157 353 2198 406 A
2229 349 2538 404 Galliarum
2568 351 2891 421 praesulem,
2924 347 3023 419 qui
3054 347 3208 418 gravi
3232 350 3498 404 sententia
3530 353 3703 409 Adami
3731 362 3819 415 scri-

431 445 590 502 libris
620 446 853 516 objecta:
884 439 1178 496 nubeculae
1207 439 1482 510 fugantur
1512 439 1740 510 penitus
1761 455 1824 492 ac
1855 439 2131 510 dissipari:

433 538 546 590 tur.
571 535 688 588 Hoc
716 533 970 602 diploma
997 530 1058 583 in
1110 529 1300 583 forma
1331 528 1540 595 Brevis,
1570 533 1635 582 ut
1663 529 1842 593 aiunt,
1878 528 2131 582 exaravit

432 621 847 677 illustrissimus
867 621 930 672 D.
961 619 1206 672 Joannes
1235 617 1556 672 Gualterius
1591 616 1830 684 Slusius,
1867 621 2131 688 spectatas

427 709 701 766 doctrinae
727 707 958 778 praesul,
1001 705 1132 760 urbi
1159 711 1216 760 et
1241 704 1368 759 orbi
1398 705 1750 771 notissimus,
1784 705 2061 760 Clementi
2088 706 2129 760 Χ

426 801 582 870 pont.
619 812 771 851 max.
801 812 836 850 a
863 795 1090 849 secretis
1113 793 1395 848 brevium.
1427 793 1574 848 Illud
1614 809 1744 848 vero
1801 794 2129 865 apostolicae

425 902 665 942 camera
693 884 842 957 typis
881 899 1154 938 excusum
1184 882 1256 937 ad
1307 882 1573 937 eumdem
1603 899 1862 937 summus
1891 883 2130 954 pontiﬁ-

423 991 548 1030 cem
570 974 775 1029 detulit
802 971 1223 1027 illustrissimus
1275 972 1340 1026 D.
1370 971 1648 1042 Josephus
1680 971 1958 1026 Eusanius
1989 987 2127 1043 apo-

422 1063 608 1118 stolici
668 1061 902 1116 sacrarii
973 1061 1294 1130 praefectus,
1364 1059 1634 1130 idemque
1691 1059 2127 1131 Augustinianae

422 1151 612 1224 gentis
643 1151 1026 1221 decus,quam
1057 1148 1139 1202 uti
1163 1148 1300 1202 olim
1329 1147 1389 1201 in
1410 1153 1684 1218 suggestu
1714 1153 1770 1202 et
1799 1148 2130 1202 scholastica

425 1240 696 1296 cathedra
714 1239 1036 1304 illustravit,
1081 1237 1160 1291 ita
1189 1237 1451 1291 eamdem
1493 1237 1778 1291 continuis
1822 1253 2126 1308 propemo-

425 1330 566 1384 dum
611 1327 902 1384 beneﬁciis
958 1332 1230 1392 exornat;
1265 1326 1488 1394 detulit,
1521 1326 1779 1397 inquam,
1833 1327 2127 1381 laudatum

429 1419 603 1473 Breve
634 1417 725 1472 die
756 1418 824 1472 24
865 1415 1075 1469 mensis
1105 1415 1381 1485 ejusdem,
1407 1415 1550 1468 hora
1592 1417 1674 1482 14,
1708 1431 1838 1469 cum
1869 1431 2127 1470 summus

426 1506 680 1579 pontifex
712 1509 1066 1560 sacrosancta
1093 1503 1369 1574 mysteria
1394 1504 1730 1574 peregisset.
1778 1505 1994 1558 Horum
2024 1518 2125 1557 au-

425 1599 543 1650 tem
571 1595 810 1648 lectores
839 1591 1216 1663 praemonitos
1243 1591 1419 1660 volui,
1449 1607 1520 1646 ne
1552 1591 1679 1662 quis
1708 1595 1905 1662 postea
1943 1591 2127 1662 diplo-

426 1699 522 1738 ma
542 1681 686 1737 illud
718 1698 749 1735 a
777 1680 1049 1752 pontiﬁce
1110 1695 1216 1734 nec
1249 1679 1431 1733 visum
1486 1696 1590 1734 nec
1619 1680 1830 1734 lectum
1886 1679 2125 1734 commi-

425 1771 696 1834 niscatur,
760 1768 1250 1840 quemadmodum
1319 1769 1388 1822 de
1443 1768 1622 1823 altero
1677 1768 2000 1838 diplomate
2058 1768 2128 1823 ab

423 1859 742 1914 Alexandro
773 1859 869 1912 VII
912 1858 982 1912 ad
1015 1857 1391 1912 Lovanienses
1446 1857 1600 1924 dato,
1634 1857 1695 1910 in
1747 1873 1860 1928 quo
1902 1860 2128 1910 sanctus

425 1947 779 2019 Augustinus
803 1947 1044 2018 ejusque
1073 1946 1330 2000 doctrina
1377 1945 1579 2000 eximie
1629 1945 2124 2014 commendantur,

429 2037 665 2108 quidam
717 2035 1001 2090 recentior
1056 2039 1330 2105 concepto
1399 2035 1725 2104 juramento
1793 2033 2124 2104 publicavit,

427 2125 590 2194 cujus
619 2124 850 2195 quidem
876 2121 1126 2177 hominis
1152 2139 1317 2176 voces
1348 2121 1587 2177 inferius
1618 2122 1801 2193 capite
1830 2125 1861 2176 6
1888 2122 2124 2193 castiga.

425 2229 573 2268 mus.
608 2214 705 2267 Hae
735 2212 971 2283 quidem
1020 2210 1326 2266 Clementis
1371 2212 1412 2265 X
1443 2210 1646 2266 littera:
1679 2211 1983 2282 quotannis
2021 2228 2125 2282 pro

426 2301 732 2373 Augustini
772 2300 1068 2356 solemniis
1121 2301 1190 2355 de
1247 2315 1429 2366 more,
1483 2317 1599 2372 qua
1652 2301 1765 2355 late
1794 2316 1900 2371 per
1929 2301 2126 2355 orbem

425 2390 848 2462 Augustiniana
894 2389 1215 2461 respublica
1266 2389 1516 2444 colonias
1583 2389 1839 2456 deduxit,
1898 2388 2127 2459 populis

431 2483 812 2551 exponentur,
873 2493 936 2532 ac
991 2477 1187 2548 magni
1242 2478 1491 2533 doctoris
1549 2493 1617 2531 ex
1663 2477 1960 2548 apostolici
2013 2476 2126 2530 oris

427 2567 711 2623 sententia
740 2569 848 2622 sole
878 2569 1112 2622 clariora
1141 2569 1375 2638 -scripta
1405 2566 1786 2638 apparebunt,
1819 2566 2126 2637 nullusque

422 2657 661 2729 posthac
689 2672 802 2712 non
827 2655 997 2710 falsas
1025 2672 1105 2725 _ac
1141 2671 1378 2726 prorsus
1431 2655 1632 2710 inanes
1662 2654 1816 2709 illius
1844 2653 2125 2709 recentio-

424 2745 504 2800 ris
531 2762 696 2800 voces
726 2745 1030 2816 intelliget,
1093 2745 1194 2816 qui
1251 2760 1424 2800 ausus
1480 2749 1564 2798 est
1609 2743 1892 2798 blaterare
1947 2742 2126 2797 sancti

421 2834 729 2906 Augustini
759 2835 935 2889 libros
979 2849 1100 2889 esse
1158 2833 1388 2889 tenebris
1445 2849 1510 2888 ac
1561 2833 1796 2888 nubibus
1849 2833 2124 2898 obductos,

2236 439 2415 510 ptoris
2446 438 2587 493 Galli
2615 443 3034 509 praeposterum
3063 437 3457 507 deAugustini
3505 441 3696 510 scriptis
3721 446 3819 515 judi.

2236 525 2388 580 cium
2422 526 2683 596 perculit,
2715 531 2778 579 ut
2803 529 2995 596 pateat
3024 525 3194 578 allata
3244 526 3311 578 ab
3373 526 3657 582 adversario
3705 548 3819 603 argu-

2236 622 2432 670 menta
2481 616 2648 670 nihili
2693 616 2819 670 ﬁeri
2870 616 2941 669 ab
2998 614 3236 669 eruditis
3287 615 3429 669 viris.
3483 619 3813 678 Illustrissimus

2234 705 2443 776 Joseph
2499 705 2672 760 Maria
2719 705 3034 770 Suaresius,
3096 704 3385 775 episcopus
3429 706 3749 774 Vasionensis,
3788 714 3821 766 in

2237 793 2635 850 dissertatione
2682 793 2864 864 priori
2916 793 2986 847 de
3017 793 3389 863 Chronologia
3441 810 3654 864 operum
3686 785 3820 854 Sancti

2235 882 2564 953 Augustini,
2595 883 2717 936 haec
2748 882 2825 936 ait
2853 898 2864 935 :
2903 902 2930 932 (ι
2966 881 3074 936 Sed
3125 881 3274 952 quod
3304 882 3658 937 sanctissimus
3685 888 3821 941 Petrus

2236 973 2627 1041 apostolorum
2658 970 2922 1040 princeps
2951 970 3020 1023 de
3075 972 3384 1041 coapostoli
3413 971 3494 1025 sui
3537 973 3689 1026 sancti
3720 976 3824 1029 Pauli

2235 1059 2410 1113 sensit
2457 1060 2736 1129 Epistolis,
2770 1075 3047 1129 usurpare
3101 1059 3172 1113 de
3228 1058 3486 1130 operibus
3520 1063 3675 1115 sancti
3698 1067 3825 1134 Augu-

2235 1148 2365 1202 stini
2397 1149 2600 1215 audeo,
2633 1148 2844 1202 scilicet
2873 1148 2930 1201 in
2960 1148 3072 1201 illis
3098 1155 3354 1202 sanctum
3385 1149 3532 1220 loqui
3563 1151 3746 1204 Patrem
3786 1153 3824 1205 de

2235 1239 2320 1291 his
2354 1239 2410 1290 in
2441 1239 2634 1306 quibus
2663 1242 2789 1292 sunt
2817 1237 3063 1306 quaedam
3092 1237 3348 1306 difﬁcilia
3369 1239 3631 1304 intellectu,
3657 1255 3748 1307 qua
3769 1243 3826 1293 in-

2234 1325 2379 1378 docti
2405 1331 2454 1380 et
2479 1327 2758 1379 instabiles
2789 1325 3112 1393 depravant,
3160 1328 3299 1380 sicut
3342 1331 3389 1380 et
3433 1333 3628 1381 ceteras
3652 1330 3829 1395 Scriptu-

2233 1429 2345 1482 ras,
2373 1414 2448 1468 ad
2475 1429 2631 1468 suam
2659 1429 2903 1483 ipsorum
2925 1413 3302 1484 perditionem.
3338 1415 3445 1468 Nec
3494 1415 3632 1468 enim
3658 1417 3829 1470 auctori:

2230 1503 2349 1556 ulla
2376 1503 2432 1557 id
2490 1503 2692 1557 accidit
2738 1504 2924 1573 culpa,
2981 1503 3077 1556 sed
3134 1503 3406 1557 lectorum
3456 1504 3602 1570 vitio,
3649 1505 3727 1574 qui
3757 1505 3830 1558 sive

2235 1591 2426 1645 minus
2455 1592 2829 1662 perspicaces,
2857 1607 2956 1644 seu
2989 1591 3146 1661 vagis
3172 1591 3377 1645 imbuti
3430 1592 3578 1662 prius
3605 1592 3829 1658 erroribus,

2236 1679 2496 1734 ordinem
2509 1679 2869 1750 potissimum
2905 1680 3183 1733 librorum
3213 1686 3273 1734 et
3296 1680 3829 1751 disputationumiguo-

2235 1773 2451 1836 rantes,
2482 1773 2734 1822 mentem
2763 1767 3147 1822 acutissimam
3169 1773 3226 1823 et
3265 1769 3578 1822 sanissimos
3604 1770 3830 1823 sententias

2237 1856 2550 1910 doctissimi
2581 1857 2762 1910 Patris
2804 1856 3031 1927 assequi
3061 1874 3173 1910 non
3205 1863 3543 1928 potuerunt;
3578 1873 3634 1910 ex
3675 1857 3830 1919 sai-uati:

2237 1946 2496 2000 occmcati
2527 1945 2632 2000 sibi
2664 1945 2901 2000 nebulas
2949 1946 3272 2013 oifundunt,
3322 1951 3378 2000 et
3423 1945 3606 1999 inania
3648 1951 3833 2015 portenta
3884 1967 3885 1996 δ

2235 2034 2769 2089 comminiscuntur.
2801 2053 2826 2083 »
2856 2035 2984 2088 Haec
3013 2035 3247 2106 quidem
3300 2035 3394 2089 ille
3428 2039 3552 2089 ante
3597 2033 3831 2088 triennium

2235 2123 2480 2194 scripsit,
2511 2125 2673 2193 cujus
2699 2123 2980 2177 sententia
3023 2128 3181 2178 tanto
3230 2124 3472 2196 praesule
3527 2123 3678 2194 digna
3717 2123 3832 2192 priori
3884 2123 3885 2196 ξ

2233 2210 2367 2265 huic
2397 2211 2573 2282 capiti
2602 2211 2779 2266 ﬁnem
2802 2210 3079 2282 imponet.

2920 2345 3144 2427 CAPUT
3183 2345 3260 2399 II.

2238 2453 2563 2507 Recentiores
2593 2456 2851 2506 accusant
2889 2451 3128 2505 eamdem
3156 2453 3337 2505 sancti
3385 2451 3662 2517 Augustini
3705 2449 3833 2502 ἀορτήρ

2665 2544 2792 2594 nam
2821 2543 3115 2609 antilogiw.
3142 2541 3505 2609 Rejiciuntur.

2307 2644 2648 2711 Graviorenf
2669 2656 2905 2709 alteram
2946 2654 3217 2725 injuriam
3267 2655 3444 2709 iidem
3491 2654 3833 2725 scriptoresAu-

2235 2744 2462 2816 gustino
2521 2743 2779 2798 inferunt
2811 2761 2823 2798 :
2855 2743 3128 2814 inquiunt
3187 2744 3345 2798 enim
3377 2743 3628 2798 eumdem
3655 2745 3831 2794 sanctum
3884 2775 3885 2780 η

2235 2833 2530 2887 doctorem
2557 2837 2642 2886 tot
2663 2832 2950 2903 tantisque
2981 2832 3275 2903 antilogiis
3307 2833 3576 2896 laborare,
3619 2835 3673 2884 ut
3696 2845 3745 2882 ex
3767 2826 3833 2879 illiﬁ
3884 2877 3885 2888 χ

423 2921 563 2978 dum
594 2939 665 2977 ex
694 2922 1019 2994 apostolicae
1049 2921 1196 2976 sedis
1227 2921 1458 2976 oraculo
1505 2923 1623 2976 sole
1681 2921 1952 2976 clariores
2003 2920 2122 2974 elu-
2159 2948 2197 3004 ο
2235 2922 2575 2992 praegrande
2604 2922 2738 2975 satis
2769 2922 3038 2975 volumen
3090 2926 3326 2991 possent
3377 2919 3744 2976 consarcinare.
3772 2919 3831 2968 Ac-

423 3014 574 3066 cent.

496 3099 712 3154 Omitto
742 3099 999 3153 consulto
1026 3099 1195 3169 plura
1237 3102 1564 3153 sanctorum
1597 3099 1832 3152 Patrum
1861 3096 2124 3151 testimo-

423 3187 540 3252 nia,
569 3187 777 3260 quibus
799 3188 1154 3257 Augustinus
1182 3187 1254 3242 ab
1285 3188 1508 3258 objecta
1554 3187 1897 3241 obscuritate
1948 3186 2127 3240 vindi-

425 3280 624 3342 catur;
656 3276 755 3330 illa
786 3275 939 3329 enim
971 3275 1282 3346 producam
1339 3275 1400 3329 in
1431 3276 1581 3330 calce
1610 3275 1782 3345 hujus
1830 3275 2036 3345 operis,
2071 3279 2128 3328 et

425 3363 658 3435 quidem
684 3361 1059 3418 nobilissima.
1094 3363 1194 3416 Hic
1223 3367 1418 3416 tamen
1448 3363 1627 3417 sancti
1657 3362 1922 3433 Prosperi
1950 3362 2125 3416 verba

421 3451 484 3507 in
515 3451 783 3524 praesenti
812 3457 1072 3522 repetere
1097 3452 1258 3520 juvat
1307 3451 1368 3505 in
1395 3451 1731 3523 praefatione
1759 3451 1828 3506 ad
1867 3455 2128 3522 excerpta

423 3540 833 3607 Genuensium,
889 3539 1052 3594 initio
1109 3540 1270 3610 cujus
1297 3540 1420 3595 haec
1450 3540 1566 3595 ait:
1604 3559 1632 3592 α
1665 3542 1728 3594 In
1756 3540 1917 3594 libris
1945 3541 2126 3594 beatas

421 3629 717 3686 memoria:
747 3628 1049 3700 Augustini
1081 3629 1358 3701 episcopi,
1388 3634 1533 3699 etc.,
1567 3629 1613 3683 si
1645 3629 1840 3700 aliqua
1871 3646 1966 3682 vos
1999 3646 2123 3683 mo-

421 3719 656 3773 rabatur
693 3718 1031 3784 obscuritas,
1093 3718 1398 3773 decurrere
1442 3718 1733 3773 debebatis
1783 3718 1852 3772 ad
1901 3719 2125 3772 Patrem

418 3807 723 3869 luminum,
753 3823 786 3861 a
815 3823 928 3879 quo
952 3806 1248 3862 descendit
1296 3822 1466 3861 omne
1519 3807 1716 3862 datum
1746 3806 2031 3877 optimum
2072 3810 2128 3860 et

420 3912 590 3952 omne
619 3896 832 3951 donum
864 3896 1203 3966 perfectum,
1232 3899 1290 3949 et
1312 3911 1345 3949 a
1398 3911 1512 3966 quo
1541 3895 1708 3950 datur
1758 3893 1988 3966 spiritus
2021 3895 2124 3962 fsa-

417 3985 652 4058 pientiae
678 3991 735 4040 et
763 3985 1106 4040 intellectus.
1148 4005 1170 4035 ι
1205 3986 1334 4040 Haec
1388 3990 1580 4039 autem
1624 3983 1779 4052 dixit,
1810 3999 1925 4037 non
1974 3983 2124 4053 quod

417 4080 646 4147 putaret
670 4074 977 4146 Augustini
1025 4075 1172 4129 dicta
1215 4091 1336 4130 esse
1402 4075 1663 4143 obscura,
1721 4073 1817 4128 sed
1843 4073 1995 4144 quod
2051 4073 2124 4128 ob

427 4165 713 4220 minutam
749 4163 1190 4234 intelligentiam
1222 4163 1335 4217 illis
1364 4163 1435 4217 ad
1466 4179 1608 4233 quos
1664 4162 1859 4216 scribit
1887 4162 2124 4216 obscura

2235 3011 2588 3065 cusationem
2617 3011 2997 3080 ipsorummet
3025 3010 3210 3064 verbis
3234 3008 3831 3072 recitabo.Adamus,cap.
3884 3055 3885 3058 η

2237 3101 2289 3166 6,
2318 3116 2448 3170 pag.
2483 3101 2609 3167 614,
2645 3101 2765 3153 haec
2795 3099 2936 3153 citra
2962 3099 3243 3170 pudorem
3272 3103 3492 3154 eructat
3528 3115 3540 3153 :
3576 3119 3596 3147 ι
3629 3095 3734 3152 Mihi
3755 3093 3833 3144 licet

2235 3187 2444 3242 addere
2477 3188 2629 3258 quod
2661 3187 2706 3240 si
2751 3188 2998 3242 diversas
3051 3187 3230 3242 sancti
3293 3187 3587 3258 Augustini
3616 3181 3834 3239 sententiis
3884 3225 3885 3282 ι

2234 3275 2296 3330 in
2327 3276 2432 3330 hac
2463 3276 2702 3330 materia
2729 3277 2997 3346 colligere
3028 3276 3254 3344 vellem,
3306 3293 3509 3348 corpus
3541 3274 3773 3347 quoddam
3793 3283 3831 3320 ex
3884 3274 3885 3340 ξ

2236 3365 2636 3420 diversissimis
2689 3365 2948 3436 partibus
3004 3371 3358 3436 coaptarem.
3433 3367 3547 3420 Uno
3605 3365 3706 3418 loco
3752 3357 3834 3414 dicit

2235 3458 2488 3509 nostram
2517 3456 2759 3509 salutem
2781 3455 3043 3508 absoluto
3061 3471 3181 3509 esse
3215 3455 3447 3510 decreto
3469 3445 3833 3516 deﬁnitam,alibi

2233 3542 2609 3597 nihilominus
2638 3544 2888 3598 afﬁrmat
2913 3543 3162 3614 pendere
3197 3543 3356 3598 illam
3390 3561 3422 3598 a
3453 3548 3630 3597 nostra
3654 3541 3833 3593 volunta-

2234 3638 2318 3699 te;
2351 3632 2768 3703 praascientiam
2809 3649 2929 3686 esse
2961 3633 3338 3703 posteriorem
3395 3633 3608 3687 decreto
3635 3625 3832 3698 reproba-

2231 3721 2425 3788 tionis,
2457 3725 2513 3774 et
2541 3736 2662 3774 esse
2691 3720 2831 3774 item
2862 3719 3209 3774 anteriorem
3237 3740 3252 3787 ;
3286 3727 3484 3774 nostra
3511 3718 3730 3772 libertate
3759 3723 3834 3780 gra-

2231 3809 2372 3864 tiam
2404 3808 2721 3879 adimpleri,
2758 3813 2814 3862 et
2836 3807 3158 3862 libertatem
3186 3807 3246 3861 in
3271 3825 3439 3862 usum
3456 3825 3487 3862 a
3503 3808 3664 3879 gratia
3681 3796 3833 3858 deduci;

2233 3898 2477 3969 gratiam
2508 3913 2628 3950 esse
2677 3896 2986 3963 victricem,
3016 3896 3114 3951 sed
3145 3901 3202 3951 et
3253 3897 3444 3952 eidem
3486 3900 3705 3950 nostram
3729 3887 3835 3942 libero

2233 3992 2408 4043 tatem
2439 3987 2738 4052 resistere;
2772 3986 2959 4040 solum
3000 3990 3295 4055 peccatum
3346 3985 3580 4057 originis
3621 3983 3770 4054 plures
3800 3973 3836 4025 in

2233 4075 2664 4131 damnationem
2740 4079 3078 4145 perpetuam
3157 4075 3465 4144 conjicere,
3541 4077 3590 4126 et
3652 4064 3835 4123 homines

2235 4165 2496 4220 damnari
2527 4164 2598 4217 ob
2627 4163 2863 4234 propria
2889 4168 3109 4216 tantum
3131 4162 3337 4216 delicta
3367 4168 3422 4216 et
3449 4158 3693 4216 libertatis
3714 4148 3835 4208 rebel-

417 4253 538 4307 visa
568 4256 777 4306 erant:
840 4267 974 4305 nam
1019 4251 1176 4304 hisce
1207 4250 1375 4318 plane
1427 4250 1616 4303 verbis
1645 4249 1788 4304 illud
1817 4267 1958 4321 opus
1987 4266 2122 4304 con-
2161 4244 2204 4298 D
2236 4253 2469 4308 lionem.
2498 4253 2612 4307 .Hic
2667 4268 2827 4306 arma
2884 4251 3125 4322 sumpsit
3175 4257 3376 4306 contra
3439 4249 3676 4321 gratiam,
3714 4247 3754 4294 et
3778 4238 3834 4290 hic

423 4341 604 4394 cludit
639 4356 652 4393 :
688 4358 714 4390 «
753 4340 816 4392 ln
870 4338 1078 4410 quibus
1130 4336 1285 4390 nulla
1339 4341 1417 4390 est
1445 4336 1768 4404 obscuritas,
1802 4337 1848 4390 si
1905 4338 1974 4392 de
2011 4339 2123 4394 ﬁde

419 4425 938 4497 prmdestinationis
969 4430 1026 4480 et
1080 4422 1280 4494 gratiae
1333 4422 1454 4492 Dei,
1510 4439 1578 4478 ex
1609 4439 1721 4493 qua
1752 4428 1835 4478 est
1864 4426 2122 4482 omnium

417 4513 702 4566 honorum
729 4513 913 4583 origo,
948 4509 1486 4582 perseverantiaque
1515 4511 1876 4582 meritorum,
1909 4513 2017 4567 hoc
2037 4518 2120 4569 te-

417 4604 622 4654 neatur
659 4599 809 4671 quod
837 4599 1012 4653 habet
1039 4597 1267 4652 veritas.
1303 4619 1332 4649 »
1365 4600 1490 4672 Ipse
1519 4601 1893 4672 Augustinus,
1925 4601 1984 4655 in
2005 4603 2120 4658 ﬁne

417 4688 552 4744 libri
581 4689 652 4744 de
682 4688 874 4744 Gratia
903 4691 960 4742 et
988 4687 1167 4742 libero
1202 4688 1460 4760 arbitrio,
1493 4689 1613 4745 hinc
1640 4690 1786 4746 serio
1814 4691 2120 4747 lectoribus

413 4777 766 4833 inculcavit:
805 4777 1122 4848 «Repetite
1171 4777 1392 4833 assidue
1446 4779 1657 4835 librum
1713 4779 1906 4847 istum,
1961 4785 2015 4834 et
2073 4781 2120 4835 si

415 4866 759 4938 intelligitis,
791 4867 907 4920 Deo
929 4865 1140 4936 gratias
1171 4868 1354 4938 agite;
1388 4868 1486 4923 ubi
1515 4873 1707 4923 autem
1738 4885 1854 4923 non
1903 4868 2118 4923 intelli-

415 4957 571 5029 gitis,
607 4959 766 5010 orate
788 4960 852 5010 ut
879 4954 1231 5027 intelligetis,
1265 4956 1422 5012 dabit
1452 4957 1606 5012 enim
1637 4957 1795 5012 vobis
1844 4957 2115 5012 Dominus

413 5045 787 5100 intellectum.
823 5063 851 5096 io
885 5045 950 5102 Et
977 5044 1046 5100 de
1092 5045 1292 5100 eodem
1323 5046 1612 5100 volumine
1650 5047 1892 5118 loquens
1947 5046 2113 5101 initio

408 5133 546 5188 libri
575 5135 650 5189 De
683 5134 1053 5205 Correptione
1103 5139 1159 5188 et
1189 5134 1410 5204 gratia:
1448 5155 1471 5184 α
1505 5134 1694 5189 Semel
1733 5135 1966 5202 lectum,
2019 5135 2108 5189 in-

412 5220 560 5294 quit,
586 5222 745 5277 nullo
777 5222 948 5279 modo
1001 5220 1361 5276 arbitremini
1389 5221 1524 5275 satis
1553 5221 1712 5276 vobis
1756 5221 2109 5278 innotescere

409 5310 688 5384 potuisse.
721 5311 778 5367 Si
806 5328 942 5384 ergo
969 5327 1103 5367 eum
1130 5309 1648 5367 fructuosissimum
1679 5310 1889 5366 habere
1913 5311 2104 5380 vultis,

407 5413 526 5456 non
555 5415 654 5456 vos
676 5399 872 5472 pigeat
903 5400 1210 5472 relegendo
1239 5398 1452 5456 habere
1482 5399 1867 5456 notissimum.
1909 5420 1933 5449 ι
1967 5401 2103 5457 Volo

407 5493 602 5547 autem
649 5491 930 5560 Prospero
981 5505 1290 5561 supparem
1343 5488 1659 5560 producere
1713 5489 2104 5545 doctissimum

2233 4341 2494 4396 eamdem
2551 4339 2753 4395 evexit.
2826 4339 2966 4393 Hinc
3017 4339 3295 4393 concludo
3345 4339 3499 4410 quod
3540 4337 3583 4390 si
3606 4330 3723 4390 mihi
3760 4339 3834 4380 non

2228 4429 2360 4483 licet
2388 4428 2596 4497 dicere,
2652 4433 2909 4482 sanctum
2939 4428 3323 4498 Augustinum
3377 4429 3436 4482 in
3489 4424 3645 4480 variis
3670 4428 3832 4498 suorum

2227 4517 2508 4572 librorum
2539 4515 2675 4570 locis
2705 4515 2812 4569 sibi
2841 4515 3272 4582 contradixisse,
3307 4517 3508 4570 saltem
3536 4515 3611 4569 fas
3636 4513 3704 4565 est
3741 4497 3830 4558 mihj

2229 4607 2459 4660 credere
2489 4605 2668 4676 ipsius
2723 4605 3044 4659 doctrinam
3101 4621 3222 4658 esse
3251 4603 3724 4661 intricatissimam,
3749 4604 3829 4683 cuni

2228 4696 2385 4750 nulla
2413 4693 2654 4764 reperiri
2679 4693 2859 4764 possit
2891 4693 3231 4763 intricatior,
3263 4710 3437 4765 quam
3485 4707 3604 4764 quae
3646 4685 3731 4740 sibi
3763 4681 3830 4768 ipsi

2226 4797 2547 4852 repugnare
2588 4780 2836 4835 videtur.
2872 4798 2899 4831 ι)
2931 4781 3014 4834 Ita
3063 4781 3346 4834 recentior
3391 4778 3565 4834 sancti
3606 4768 3833 4842 Augustin1

2227 4870 2508 4924 defensor.
2561 4870 2690 4923 Haec
2735 4884 2803 4923 eo
2859 4869 3153 4922 collimant
3206 4874 3270 4924 ut
3323 4882 3603 4923 summum
3643 4854 3831 4916 Ecclesia?

2222 4958 2562 5029 magistrum
2595 4957 2752 5012 omni
2777 4973 3008 5027 prorsus
3048 4962 3257 5016 exuant
3299 4957 3634 5012 auctoritate.
3662 4949 3834 5033 Quotus

2223 5047 2464 5119 quisque
2495 5046 2648 5101 enim
2679 5051 2763 5100 est
2807 5045 2907 5116 qui
2955 5046 3148 5100 credat
3195 5047 3316 5100 viro
3373 5047 3454 5100 illi
3508 5041 3599 5115 qui
3640 5053 3724 5093 nec
3759 5029 3830 5122 sibi

2220 5138 2446 5192 credit?
2479 5138 2717 5190 Certane
2757 5135 2897 5189 mihi
2929 5141 3099 5189 erunt
3129 5135 3223 5189 illa
3253 5151 3383 5206 quae
3428 5133 3642 5204 ipsimet
3674 5126 3832 5178 auctori

2218 5223 2598 5278 incertissima
2629 5224 2743 5277 visa
2773 5224 2948 5278 sunt?
2981 5224 3083 5278 Ubi
3103 5228 3162 5279 et
3190 5211 3388 5278 divisio
3407 5239 3470 5277 ac
3496 5213 3830 5274 sententiarum

2217 5311 2460 5367 varietas
2489 5317 2593 5375 est,
2617 5311 2757 5382 inde
2781 5313 2977 5383 procul
3009 5313 3214 5367 veritas
3245 5313 3415 5383 degit,
3447 5325 3586 5382 quas,
3613 5318 3719 5360 cum
3753 5308 3830 5389 {le

2215 5399 2304 5467 sit,
2329 5401 2532 5472 nequit
2561 5380 2620 5454 in
2650 5380 2840 5472 partes
2871 5400 3065 5456 dividi.
3099 5402 3206 5467 Qui
3261 5380 3514 5473 opposita
3543 5397 3696 5451 docet.
3724 5380 3826 5440 nihil

2214 5507 2347 5546 sane
2377 5491 2555 5559 docet,
2585 5491 2738 5545 enim
2770 5507 2903 5545 vero
2935 5491 3112 5547 diruit
3140 5491 3514 5561 aediﬁcatque.
3550 5484 3691 5540 Solus
3713 5483 3828 5530 ειτοτ
