3906 6182
102 248 192 297 589
1408 250 1518 304 VIN
1528 248 1644 303 DIC

1408 248 1729 304 VINDICI/E
1770 248 2316 305 AUGUSTINIANAE.

3510 258 3613 309 590

101 370 201 424 sibi
228 384 335 423 nec
365 370 615 423 cohaeret
657 385 758 423 nec
788 373 1025 425 constat.
1060 371 1218 434 Quod
1250 370 1298 424 si
1324 387 1458 426 vera
1488 378 1642 439 sunt,
1675 389 1803 444 quae
1838 375 1882 429 A
1919 372 2168 426 maximo
2222 373 2481 427 Ecclesiae
2540 374 2761 429 doctori
2805 375 3071 429 audacter
3130 375 3407 430 affricant.
3476 376 3613 441 Quis

105 459 464 513 adversarius
493 458 815 530 Augustino
878 458 1091 529 objicit,
1170 460 1279 513 erit
1322 461 1673 530 Augustinus
1701 461 1810 514 im-

104 553 305 619 postor
348 552 400 601 et
450 549 712 614 mendax,
749 551 804 602 et
834 548 973 602 dum
1023 548 1091 603 de
1142 565 1256 603 uno
1288 550 1345 603 in
1378 550 1533 604 aliud
1564 551 1811 604 transilit

105 638 409 691 immemor
441 653 645 691 eorum
678 653 807 708 quae
840 637 1079 703 dixerat,
1135 643 1191 692 et
1232 638 1433 693 tibiam
1466 639 1573 692 sibi
1604 644 1661 693 et
1688 655 1808 693 cer-

100 726 287 795 vicem
328 726 567 797 frangit.
630 726 689 781 Si
716 726 1069 797 Augustinus
1099 743 1283 798 usque
1328 728 1469 782 adeo
1522 728 1810 799 antilogiis

106 819 292 882 scatet,
346 820 411 868 ut
460 815 759 884 quodlibet
802 815 994 885 potius
1047 816 1279 887 enigma
1318 817 1605 887 intelligas
1637 834 1809 889 quam

114 920 291 957 veram
320 904 444 973 ejus
495 920 946 974 germanamque
996 905 1341 958 sententiam
1390 906 1729 975 expisceris;
1763 907 1809 959 si

113 992 358 1045 obscuris
391 992 698 1045 verborum
728 992 1033 1045 involucris
1060 993 1378 1059 veritatem,
1414 1009 1587 1063 quam
1628 994 1805 1064 expli-

111 1080 339 1133 candam
391 1084 737 1149 susceperat,
788 1079 1138 1148 implicuisse
1188 1081 1505 1135 credendus
1553 1086 1655 1147 est,
1693 1098 1805 1151 quo

105 1169 226 1238 jure
263 1185 447 1238 quove
478 1169 643 1221 titulo
684 1169 944 1223 Clemens
978 1170 1099 1222 Vlll
1158 1169 1218 1223 in
1262 1169 1528 1223 maximis
1588 1170 1699 1223 illis
1737 1171 1804 1225 de

107 1257 328 1311 auxiliis
364 1257 570 1310 divinae
605 1256 1021 1327 gratimlitigiis
1037 1274 1220 1311 unum
1250 1259 1636 1328 Augustinum
1670 1276 1803 1313 con-

108 1348 410 1401 sulendum
435 1348 625 1417 jussit,
659 1364 692 1401 a
722 1364 835 1418 quo
870 1348 1121 1402 veritatis
1169 1354 1383 1402 secreta
1431 1349 1804 1418 peterentur?

108 1437 356 1490 Pessimo
398 1452 535 1489 sane
590 1436 823 1490 consilio
879 1436 939 1490 in
1001 1438 1253 1491 obscuris
1304 1438 1511 1499 lucem,
1569 1442 1625 1492 et
1654 1439 1804 1492 inter

105 1542 293 1579 secum
324 1524 571 1579 invicem
618 1531 941 1596 pugnantes
969 1526 1273 1595 Augustini
1303 1526 1613 1579 sententias
1641 1526 1804 1580 dissi-

103 1613 193 1665 dia
222 1612 614 1683 componendi
640 1613 873 1667 modum
898 1613 1269 1683 quassivisset.

169 1702 472 1771 Pelagiani
513 1702 672 1767 olim,
715 1719 777 1757 ac
832 1708 1029 1773 postea
1058 1702 1541 1774 Sami-Pelagiani,
1575 1704 1801 1759 easdem

100 1790 416 1844 calumnias
474 1791 533 1845 in
562 1791 944 1862 Augustinum
986 1792 1293 1863 projecere,
1348 1809 1594 1863 quorum
1635 1794 1805 1848 verba

100 1879 236 1932 alibi
288 1880 422 1933 data
480 1884 631 1945 sunt,
701 1896 795 1933 eos
864 1885 1055 1934 autem
1104 1879 1379 1934 acerrime
1436 1882 1805 1951 reprehendit

96 1974 325 2022 sanctus
378 1969 621 2039 Prosper
659 1974 855 2022 contra
903 1968 1238 2023 Collatorem
1291 1986 1412 2039 cap.
1440 1962 1536 2036 41,
1570 1975 1633 2024 ut
1660 1972 1803 2025 nihil

93 2058 162 2110 ab
224 2058 452 2111 Adamo
500 2062 701 2111 contra
758 2063 1017 2111 sanctum
1086 2058 1373 2112 doctorem
1425 2064 1799 2129 proponatur,

91 2147 249 2217 quod
283 2163 398 2200 non
430 2162 498 2199 ex
524 2151 781 2199 veterum
813 2146 1069 2216 ejusdem
1102 2146 1351 2200 hostium
1381 2162 1477 2200 ore
1506 2147 1798 2216 prodierit,

92 2251 243 2305 quos
278 2238 473 2288 tamen
504 2250 702 2289 omnes
722 2234 879 2288 brevi
909 2234 1007 2287 illo
1036 2234 1187 2288 dicto
1216 2235 1574 2306 Augustinus
1603 2236 1800 2290 confu-

85 2326 230 2378 tavit
259 2340 272 2377 :
307 2342 334 2374 α
372 2324 513 2378 Hinc
544 2327 627 2377 est
678 2324 832 2394 quod
870 2323 1177 2376 sententias
1206 2339 1363 2376 meas
1394 2323 1544 2377 inter
1583 2340 1640 2376 se
1672 2340 1801 2377 con-

86 2414 301 2466 trarias
323 2413 615 2482 putas,vel
629 2412 1011 2483 putaricupis,
1026 2417 1298 2482 tanquam
1314 2412 1629 2483 improbem
1644 2413 1799 2484 quod

82 2507 217 2555 ante
231 2501 684 2572 approbaveram
697 2505 815 2563 ,aut
827 2500 1136 2570 amplectar
1148 2499 1300 2571 quod
1316 2506 1443 2553 ante
1456 2500 1792 2570 respuerim.

81 2590 233 2644 Audi
265 2606 406 2660 ergo
436 2594 693 2660 apertam
720 2588 1060 2643 sententiam
1092 2604 1302 2656 meam,
1333 2592 1388 2641 et
1414 2589 1666 2659 intellige
1711 2605 1796 2642 ve.

80 2678 203 2732 sine
230 2676 566 2746 intelligere
601 2676 762 2743 alios,
794 2692 912 2730 non
934 2675 1283 2729 offundendo
1312 2674 1585 2745 caligines
1620 2675 1797 2727 nebu-

83 2767 216 2819 losa
286 2765 691 2834 disputationis
712 2764 1004 2818 serenitati
1036 2763 1432 2817 sincerissimas
1458 2762 1728 2815 veritatis.
1766 2782 1792 2813 »

85 2856 204 2909 Lib.
237 2870 291 2918 v,
312 2860 516 2908 contra
543 2855 751 2910 Julian.
776 2870 898 2924 cap.
915 2856 966 2907 9.
986 2854 1048 2907 Et
1072 2851 1634 2923 quidemAugustino
1658 2851 1794 2922 quid

81 2958 401 2996 commune
430 2959 561 2995 cum
592 2942 829 3013 reliquis
865 2941 1087 3004 accidit,
1134 2940 1232 3012 qui
1264 2940 1335 2994 ob
1385 2940 1673 3011 singulare
1704 2940 1789 2993 in-
1830 2969 1867 3023 ρ

83 3032 339 3101 genium
358 3047 533 3100 supra
559 3035 794 3085 caeteros
815 3029 1203 3085 doctrinarum
1226 3030 1388 3099 copia
1420 3028 1598 3082 evecti
1629 3030 1794 3082 scho-

85 3122 278 3174 larum
335 3119 598 3189 magistri
674 3136 919 3174 evasere.
996 3119 1221 3173 Etenim
1282 3122 1604 3185 sectatores,
1663 3134 1791 3172 cum

84 3208 345 3262 certatim
382 3208 805 3278 diligentiorem
855 3224 1087 3278 operam
1124 3207 1184 3261 in
1232 3212 1396 3261 sectze
1428 3211 1669 3277 patrono
1722 3207 1795 3260 le-

83 3297 275 3364 gendo
309 3312 527 3367 ponere
555 3296 838 3355 studeant.
863 3313 964 3350 suo
979 3302 1168 3349 tamen
1210 3296 1339 3366 plus
1362 3295 1538 3348 nimio
1564 3294 1793 3365 ingenio

84 3385 480 3454 indulgentes,
521 3384 742 3437 diversa
772 3384 1027 3438 docendo
1056 3383 1357 3453 magistros
1385 3382 1446 3436 in
1475 3384 1792 3437 contradic-

82 3474 261 3527 tionis
327 3472 715 3542 suspicionem
793 3474 1046 3527 trahunt.
1120 3475 1232 3527 Hoc
1300 3472 1613 3541 Aristoteli,
1685 3473 1794 3527 hoc

86 3563 313 3616 Platoni
341 3561 600 3632 contigit,
632 3562 737 3615 hoc
764 3567 957 3615 sancto
998 3562 1227 3615 Thomas
1274 3566 1471 3631 postea
1515 3578 1577 3615 ac
1627 3562 1791 3615 Scoto

85 3650 585 3704 nobilissimarum
632 3650 954 3705 scholarum
984 3650 1339 3721 principibus
1370 3650 1594 3716 accidit,
1626 3651 1792 3704 toties

84 3739 389 3809 discipulis
470 3740 838 3809 praeceptoris
906 3744 1097 3793 mente
1173 3739 1447 3793 acerrime
1505 3738 1655 3793 inter
1733 3756 1789 3793 se

80 3828 570 3882 conﬂictantibus.
605 3829 804 3882 Nullus
832 3832 1025 3882 tamen
1048 3832 1390 3882 sectatorum
1414 3828 1652 3881 summis
1681 3828 1791 3882 illis

80 3917 216 3970 viris
240 3916 706 3970 contradictionis
733 3916 949 3970 crimen
980 3916 1272 3987 impingit,
1305 3917 1401 3970 sed
1434 3932 1562 3987 quas
1591 3916 1659 3969 ab
1691 3918 1792 3970 ad-

78 4004 351 4059 versariis
438 4005 821 4072 adducuntur,
914 4005 1183 4076 congruis
1263 4005 1788 4075 interpretamentis

77 4094 370 4166 explicare
401 4099 698 4148 conantur.
732 4094 915 4158 Quare
946 4110 1075 4148 cum
1116 4093 1469 4163 Augustinus
1510 4094 1787 4148 librorum

80 4184 269 4254 copia,
306 4182 581 4235 doctrinae
621 4183 953 4245 subtilitate,
986 4187 1061 4248 ct,
1094 4183 1247 4253 quod
1275 4187 1444 4252 caput
1478 4187 1580 4248 est,
1623 4199 1790 4252 argu-

1919 460 2071 514 enim
2103 460 2484 515 recentiorum
2515 478 2581 515 ea
2608 467 2797 515 mente
2841 462 3019 516 sancti
3050 463 3295 516 doctoris
3324 463 3617 517 volumina

1918 549 2119 620 aperit,
2142 554 2207 604 ut
2237 551 2456 620 ejurata
2487 551 2658 605 etiam
2706 553 2937 622 propria
2970 552 3262 622 opinione,
3302 552 3473 605 unius
3504 555 3615 606 Au-

1917 638 2133 707 gustini
2161 639 2457 693 sententias
2488 640 2885 694 inhaerendum
2915 640 3024 693 sibi
3054 639 3366 695 decernat?
3398 641 3503 695 Sed
3526 657 3615 695 ve-

1917 726 1982 778 lit
2012 726 2176 794 nolit,
2218 727 2575 797 Augustinus
2605 728 2663 780 in
2703 735 2892 797 partes
2922 729 3009 782 vel
3054 728 3332 782 machinis
3388 730 3615 783 trahen-

1917 812 2023 866 dus
2075 817 2178 878 est,
2229 819 2399 883 atque
2449 814 2708 867 Ecclesiae
2759 815 3046 885 magister,
3109 816 3156 869 si
3179 815 3399 886 superis
3430 817 3618 887 placet

1915 900 2172 970 ipsorum
2206 901 2517 972 discipulus
2546 902 2939 971 publicandus.

1990 991 2157 1043 Hanc
2197 992 2457 1045 eamdem
2511 992 2928 1045 accusationem
2974 1008 3325 1063 prosequens
3356 994 3614 1047 adversa-

1912 1076 2033 1131 rius
2061 1095 2106 1133 c.
2138 1082 2191 1144 6,
2222 1095 2353 1149 pag.
2391 1083 2516 1147 611,
2549 1079 2739 1150 inquit
2770 1096 2782 1133 :
2821 1102 2847 1129 ‹‹
2870 1081 3232 1134 Ostendimus
3250 1081 3422 1135 etiam
3455 1098 3614 1135 sanc-

1915 1171 2039 1221 tum
2084 1170 2470 1238 Augustinum
2502 1169 2560 1221 in
2593 1170 2695 1222 hac
2725 1169 2960 1223 materia
2992 1174 3078 1222 ter
3118 1170 3457 1223 sententiam
3488 1187 3612 1224 mu-

1911 1259 2075 1310 tasse.
2112 1276 2139 1309 ›)
2173 1258 2321 1311 Citat
2359 1263 2551 1310 autem
2598 1258 2659 1310 in
2690 1258 2948 1327 margine
2989 1275 3111 1328 cap.
3150 1261 3179 1311 3
3213 1258 3282 1311 de
3314 1258 3607 1327 praedesti—

1910 1345 2145 1399 natione
2172 1350 2517 1399 sanctorum.
2548 1347 2756 1399 Verum
2788 1347 2964 1399 semel
3002 1349 3225 1399 tantum
3277 1362 3333 1399 se
3365 1352 3613 1399 mutasse

1913 1434 2257 1487 sententiam
2301 1439 2529 1487 sanctus
2577 1433 2774 1487 doctor
2822 1434 3035 1487 ibidem
3086 1434 3312 1497 scribit;
3343 1450 3476 1488 nam
3505 1433 3615 1487 ini-

1910 1521 2054 1575 tium
2084 1521 2220 1575 ﬁdei
2248 1538 2311 1575 ex
2332 1521 2517 1583 nobis,
2548 1537 2662 1575 non
2698 1538 2763 1575 ex
2805 1523 2918 1576 Deo
2950 1538 3069 1575 esse
3123 1522 3263 1576 olim
3305 1522 3614 1576 arbitraba-

1914 1614 2029 1676 tur,
2085 1626 2257 1681 quem
2310 1615 2507 1681 postea
2556 1625 2807 1664 errorem
2865 1626 2927 1664 re
2978 1611 3180 1664 melius
3240 1626 3305 1664 ex
3344 1612 3613 1680 Apostolo

1916 1699 2140 1770 cognita
2184 1698 2522 1769 repudiavit.
2587 1700 2723 1762 Quae
2772 1704 2964 1753 tamen
3023 1699 3263 1752 mutatio
3316 1700 3612 1753 sententiae

1916 1804 2035 1842 non
2056 1788 2214 1853 vitio,
2247 1788 2340 1842 sed
2371 1788 2527 1841 laudi
2565 1788 2649 1841 illi
2678 1789 3005 1859 deputanda
3035 1792 3138 1852 est,
3162 1804 3291 1841 cum
3323 1787 3392 1841 al)
3423 1804 3612 1841 errore

1915 1878 1982 1932 ad
2014 1877 2311 1931 veritatem
2356 1876 2685 1943 deﬂexerit;
2727 1877 2843 1931 imo
2882 1878 3168 1931 revelante
3231 1878 3345 1931 Deo
3377 1893 3501 1930 eam
3555 1893 3612 1930 se

1913 1963 2164 2033 priorem
2192 1964 2525 2035 opinionem
2577 1965 2799 2020 exuisse
2859 1965 3053 2020 scribit
3096 1982 3219 2036 cap.
3269 1967 3340 2020 4:
3395 1984 3421 2016 «
3478 1966 3611 2020 Ecce

1913 2051 2121 2123 inquit,
2154 2069 2331 2123 quare
2362 2053 2479 2107 dixi
2510 2054 2772 2124 superius
2811 2050 2919 2108 hoc
2960 2054 3271 2124 apostolico
3320 2054 3611 2124 praecipue

1910 2140 2237 2195 testimonio
2309 2142 2482 2195 etiam
2560 2160 2651 2197 me
2709 2142 2898 2213 ipsum
3007 2143 3183 2197 fuisse
3266 2143 3609 2211 convictum,

1910 2246 2041 2283 cum
2071 2230 2139 2283 de
2173 2230 2277 2283 hac
2305 2247 2367 2284 re
2399 2232 2565 2285 aliter
2590 2248 3058 2303 saperem,quam
3082 2232 3223 2286 mihi
3247 2233 3392 2285 Deus
3419 2232 3478 2285 in
3508 2231 3613 2285 hac

1911 2321 2228 2391 quaestione
2284 2322 2571 2388 solvenda,
2622 2339 2751 2376 cum
2811 2324 2881 2377 ad
2922 2322 3251 2394 episcopum
3300 2322 3613 2393 Simplicia-

1909 2426 2069 2477 num,
2109 2411 2253 2464 sicut
2284 2410 2424 2479 dixi,
2457 2412 3094 2477 scriberem,revelavit.
3124 2432 3151 2461 »
3171 2412 3407 2482 Sapiens
3432 2411 3612 2481 igitur

1908 2498 1995 2551 vir
2026 2499 2140 2552 Deo
2174 2500 2460 2553 revelante
2517 2502 2770 2553 monitus
2830 2501 2938 2554 sibi
2987 2500 3200 2555 erranti
3246 2500 3608 2566 contradixit,

1909 2592 1963 2641 et
1994 2588 2171 2658 priori
2203 2604 2395 2641 errore
2427 2588 2731 2657 posteriori
2764 2588 3044 2642 sententia
3076 2589 3399 2657 emendato,
3433 2604 3607 2642 unam

1908 2692 2028 2729 esse
2082 2676 2280 2741 voluit,
2323 2676 2439 2729 imo
2504 2676 2636 2729 fecit
2667 2676 2736 2730 de
2776 2676 2955 2746 gratia
3013 2693 3075 2731 ac
3111 2676 3609 2747 praedestinatione

1906 2761 2220 2816 doctrinam
2254 2762 2314 2816 in
2346 2763 2611 2818 omnibus
2643 2764 2752 2817 sibi
2797 2765 3201 2819 cohaerentem.
3250 2764 3467 2818 Scimus
3520 2771 3607 2818 ta-

1903 2866 2036 2904 men
2067 2852 2135 2905 de
2166 2852 2468 2921 Augustini
2505 2852 2788 2905 sententia
2819 2853 3116 2923 theologos
3167 2854 3319 2907 inter
3344 2870 3401 2906 se
3433 2852 3609 2922 digla-

1904 2940 2082 3007 diari;
2133 2946 2189 2995 at
2227 2941 2269 2995 ii
2298 2941 2407 3013 ipsi
2435 2943 2692 2997 certatim
2734 2959 2919 2997 sacras
2947 2943 3162 2997 litteras
3218 2942 3326 2997 sibi
3355 2943 3606 2997 faventes

1902 3031 2249 3099 producunt,
2280 3046 2467 3099 neque
2499 3030 2723 3086 minore
2769 3031 3131 3086 contentione
3178 3032 3246 3085 de
3298 3031 3605 3101 Scriptura:

1903 3134 2075 3189 quam
2107 3119 2175 3172 de
2203 3119 2506 3188 Augustini
2540 3135 2709 3174 sensu
2767 3120 3075 3174 decertant.
3139 3122 3309 3173 Porro
3362 3120 3487 3190 quis
3538 3136 3605 3174 eo

1904 3206 2207 3261 dementiae
2238 3207 2458 3278 impetu
2485 3207 2723 3271 feratur,
2756 3213 2821 3262 ut
2851 3208 3037 3262 dicere
3069 3208 3215 3262 ausit
3245 3208 3389 3262 sacri
3443 3207 3604 3262 codi-

1902 3295 1979 3349 cis
2035 3296 2345 3350 sententias
2395 3312 2516 3351 esse
2568 3296 3041 3363 intricatissimas,
3101 3297 3297 3351 turbas
3347 3297 3605 3351 Ecclesia:

1901 3384 2144 3454 dedisse,
2175 3385 2371 3440 doctos
2396 3386 2547 3440 viros
2600 3386 2659 3440 in
2693 3387 2967 3441 factiones
3009 3386 3285 3449 divisisse,
3318 3387 3496 3441 aliave
3528 3386 3602 3440 si-

1900 3472 2081 3541 milia,
2122 3490 2251 3543 quas
2299 3474 2366 3529 de
2402 3475 2724 3546 Augustino
2772 3476 3022 3529 Adamus
3072 3474 3420 3545 scripturit?
3479 3475 3605 3529 Non

1903 3562 2134 3615 defuere
2162 3567 2356 3617 tamen
2384 3564 2720 3631 nebulones,
2754 3564 3090 3619 Christianas
3120 3564 3416 3635 religionis
3469 3564 3601 3618 hos—

1898 3654 2004 3714 tes,
2060 3651 2159 3722 qui
2212 3668 2396 3705 sacras
2463 3652 2680 3707 litteras
2749 3652 3216 3707 contradictionis
3275 3657 3598 3723 arguerent,

1899 3755 2042 3809 quos
2072 3744 2303 3793 cmteros
2340 3740 2490 3794 inter
2514 3740 2723 3795 refellit
2761 3746 2987 3795 sanctus
3044 3742 3394 3812 Augustinus
3442 3741 3503 3794 in
3532 3741 3600 3794 li-

1898 3827 2000 3881 bro
2029 3828 2097 3882 de
2128 3830 2422 3883 Consensu
2458 3830 2959 3900 evangelistarum.

1966 3918 2039 3968 At
2086 3932 2215 3985 qua:
2265 3916 2618 3970 adversarius
2671 3918 2741 3971 ad
2791 3916 3244 3986 Augustinianas
3298 3916 3600 3987 antilogias

1898 4003 2215 4057 suadendas
2249 4003 2499 4069 adducit,
2537 4004 2722 4058 futilia
2754 4021 2988 4075 prorsus
3035 4008 3167 4057 sunt
3196 4004 3402 4075 vixque
3460 4005 3601 4057 citra

1897 4107 2170 4145 nauseam
2202 4091 2385 4161 repeti
2434 4096 2694 4160 possunt.
2756 4093 3008 4162 Opponit
3047 4092 3201 4145 enim
3248 4093 3434 4163 primo
3473 4093 3599 4147 loco

1894 4180 2280 4249 Augustinum
2312 4180 2566 4234 docuisse
2612 4185 2866 4235 nostram
2915 4182 3157 4235 salutem
3209 4182 3465 4236 absoluto
3500 4182 3599 4235 Dei

78 4277 420 4325 mentorum
452 4288 627 4342 prope
659 4271 1079 4325 contrariorum
1130 4271 1572 4342 pertractatione
1623 4277 1787 4326 caete»
1820 4267 1863 4321 D
1897 4269 2124 4323 decreto
2157 4268 2450 4323 deﬁnitam
2475 4286 2616 4336 esse,
2650 4275 2705 4324 et
2733 4269 2870 4325 alibi
2909 4270 3207 4325 tradidisse
3266 4287 3390 4324 eam
3442 4270 3597 4324 nihi-

77 4376 167 4413 ros
198 4362 384 4430 longo
413 4365 541 4430 post
573 4376 630 4413 se
680 4359 979 4413 intervallo
1038 4360 1355 4430 reliquerit,
1398 4360 1584 4413 eidem
1617 4360 1787 4414 etiam

78 4449 342 4517 periculo
376 4448 671 4517 proximus
697 4448 877 4501 factus
907 4452 1010 4513 est,
1043 4464 1254 4517 nempe
1284 4452 1348 4501 ut
1376 4449 1661 4501 contraria
1692 4449 1787 4503 do-

78 4537 267 4589 cuisse
318 4538 605 4598 credatur,
667 4536 803 4591 dum
847 4554 877 4590 a
924 4536 1227 4591 contrariis
1279 4552 1342 4589 ac
1389 4536 1497 4590 sibi
1543 4536 1785 4592 invicem

78 4625 544 4695 repugnantibus
574 4624 947 4695 scriptoribus
1003 4625 1260 4679 certatim
1301 4624 1407 4678 sibi
1440 4624 1630 4679 favens
1685 4642 1787 4696 pu-

78 4713 346 4768 blicator.
374 4715 605 4785 Maligni
638 4719 831 4768 tamen
853 4731 915 4767 ac
936 4713 1241 4785 irreligiosi
1272 4730 1504 4783 prorsus
1562 4715 1786 4769 lectoris

75 4802 167 4868 sit,
208 4803 501 4856 affirmare
559 4808 782 4857 tantum
828 4803 1117 4857 doctorem
1166 4803 1449 4857 contraria
1503 4803 1782 4859 docuisse.

73 4891 292 4945 Verum
324 4891 578 4945 Adamus
606 4892 759 4946 haud
790 4891 857 4945 iis
885 4890 1166 4963 scrupulis
1191 4890 1528 4961 perstrictus
1578 4893 1785 4947 clamat

80 4994 210 5050 pag.
240 4982 370 5047 590,
410 5001 431 5028 ι
464 4980 848 5050 Augustinum
875 4980 1278 5051 theologorum
1310 4979 1529 5033 scholas
1558 4980 1616 5033 in
1646 4997 1783 5050 par-

78 5072 183 5133 tes,
260 5084 328 5121 ac
411 5067 669 5122 doctores
740 5068 800 5122 in
854 5068 1126 5122 factiones
1184 5067 1457 5122 divisisse.
1510 5087 1537 5119 ι)
1579 5070 1778 5123 Erras:

81 5170 279 5211 name
336 5162 534 5211 contra
593 5157 782 5228 potius
855 5157 1091 5211 diversae
1156 5157 1473 5211 scholarum
1532 5173 1594 5211 ac
1647 5157 1780 5211 doc-

80 5248 273 5297 torum
337 5243 610 5297 factiones
665 5243 969 5314 Augustini
1040 5243 1358 5297 doctrinam
1435 5243 1494 5296 in
1553 5248 1778 5297 contra-

80 5331 193 5383 rias
221 5336 412 5401 partes
439 5331 823 5385 dilaniarunt:
852 5331 1063 5385 etenim
1097 5331 1232 5384 dum
1288 5330 1355 5384 ad
1402 5329 1779 5400 Augustinum

80 5419 394 5489 legendum
425 5420 836 5491 praeoccupatis
866 5418 1074 5473 animis
1104 5419 1398 5486 accedunt,
1432 5435 1536 5472 nec
1550 5420 1671 5489 ejus
1700 5420 1780 5473 uti

80 5508 283 5564 volunt
324 5509 675 5580 magisterio,
702 5509 800 5564 sed
844 5508 1183 5580 patrocinio,
1212 5524 1341 5563 suas
1382 5508 1780 5579 opiniunculas

1898 4359 2148 4412 lominus
2170 4376 2203 4412 a
2233 4364 2427 4413 nostra
2456 4361 2743 4415 voluntate
2780 4361 3050 4431 pendere.
3089 4364 3159 4414 At
3198 4362 3319 4415 hzec
3358 4362 3480 4431 ipsa
3515 4366 3601 4416 est

1896 4448 2326 4502 sanctiThomas
2356 4450 2658 4512 sententia,
2688 4467 2860 4521 quam
2906 4466 3026 4504 non
3062 4450 3247 4504 solum
3272 4454 3596 4517 sectatores,

1897 4537 1993 4590 sed
2022 4536 2276 4589 melioris
2314 4537 2488 4591 etiam
2520 4543 2670 4592 nota!
2701 4540 2953 4610 theologi
2980 4539 3362 4607 subscribunt,
3396 4539 3595 4593 dicen-

1894 4628 1979 4679 tes
2011 4625 2255 4693 gloriam
2286 4625 2343 4678 in
2372 4625 2686 4681 intentione
2718 4628 2981 4682 absoluto
3039 4628 3136 4681 Dei
3167 4629 3392 4683 decreto
3450 4646 3595 4699 pras-

1896 4712 2191 4767 destinatis
2222 4712 2516 4781 prmﬁxam
2574 4714 2770 4782 fuisse,
2829 4720 2886 4769 at
2913 4716 2971 4769 in
3022 4718 3381 4771 exsecutione
3412 4717 3481 4769 ab
3510 4734 3598 4771 eo-

1893 4801 2158 4855 rumdem
2191 4800 2410 4855 meritis
2431 4801 2679 4872 pendere
2706 4819 2720 4869 ;
2755 4802 2825 4856 de
2862 4820 2976 4873 qua
3019 4820 3079 4857 re
3111 4805 3461 4875 Augustinus
3490 4805 3592 4860 lib.

1894 4890 1963 4944 de
1995 4890 2148 4944 Grat.
2208 4894 2265 4943 et
2314 4890 2411 4944 lib.
2464 4890 2602 4957 arb,
2645 4907 2767 4960 cap.
2814 4893 2899 4955 18,
2941 4892 3040 4945 ubi
3072 4893 3279 4962 quaerit
3308 4893 3595 4963 quomodo

1891 4977 2008 5031 vita
2038 4983 2252 5031 aeterna
2285 4978 2451 5031 detur
2478 4977 2687 5032 nostris
2714 4977 2931 5032 meritis
2957 4983 3231 5049 tanquam
3265 4980 3590 5051 praamium,

1892 5070 1948 5120 et
2001 5066 2173 5119 simul
2225 5065 2391 5120 detur
2440 5083 2507 5121 ex
2556 5066 2740 5137 gratia
2783 5067 2939 5121 nulla
2975 5066 3181 5121 merita
3210 5073 3589 5138 supponente.

1890 5156 2142 5210 Alteram
2198 5155 2707 5210 contradictionem
2756 5156 3017 5228 opponit,
3077 5172 3281 5227 nempe
3334 5156 3592 5213 docuisse

1890 5244 2273 5315 Augustinum
2320 5245 2741 5314 prmscientiam
2773 5262 2894 5299 esse
2941 5245 3312 5311 posteriorem
3363 5246 3590 5303 decreto

1889 5333 2329 5403 reprobationis,
2364 5338 2420 5387 et
2445 5350 2563 5388 esse
2594 5336 2764 5388 etiam
2797 5335 3160 5388 anteriorem.
3195 5335 3302 5389 Sed
3356 5334 3591 5390 debuis-

1892 5427 1976 5476 set
2022 5422 2113 5475 liic
2155 5422 2709 5477 recentiorindicare
2760 5424 2931 5477 libros
2964 5428 3018 5478 et
3045 5424 3231 5494 capita
3290 5424 3385 5479 ubi
3423 5426 3589 5481 hasce

1890 5511 2336 5581 Augustinianas
2362 5512 2668 5583 antilogias
2710 5517 2990 5583 notasset;
3016 5529 3201 5586 neque
3231 5514 3387 5569 enim
3417 5519 3590 5571 tanta;
