3946 6176
456 282 552 337 591

1461 276 2025 334 SUPPLEMENTUM
2065 279 2156 334 AD
2194 277 2427 333 OPERA
2455 277 2509 332 s.
2555 244 2946 336 AUGUSTINl.
3754 299 3825 350 392

453 405 792 462 ﬁdeivipum
822 404 985 458 illum
1026 403 1315 473 putamus,
1366 402 1431 454 ut
1471 399 1682 455 dicenti
1712 405 1770 456 et
1798 402 1952 456 nullo
1984 399 2143 456 testi-
2180 403 2226 457 A
2253 398 2349 454 lib.
2385 398 2529 465 arb.,
2593 415 2714 470 cap.
2770 403 2862 466 l6;
2911 401 3289 468 occultissima,
3335 403 3666 471 efﬁcacissima
3704 419 3825 479 potes-

453 494 650 551 monio
695 490 959 566 probanti
1006 490 1237 545 credere
1269 490 1596 555 debeamus,
1644 491 1705 544 in
1734 508 1795 545 re
1828 490 2147 563 praesertim

454 583 805 656 gravissima,
836 581 936 635 ubi
986 584 1312 634 sanctorum
1344 579 1663 634 doctrinam
1697 585 1867 651 atque
1899 580 2146 635 auctori-

452 676 629 727 tatem
678 671 738 724 in
782 668 1160 741 quaestionem
1211 668 1408 723 trahit.
1455 667 1689 722 Interim
1737 668 1979 722 dicimus
2008 668 2148 723 falso

451 757 626 812 asseri
655 763 912 812 sanctum
943 757 1329 829 Augustinum
1377 756 1634 827 posuisse
1690 757 2148 828 reprobationem

451 845 579 896 ante
626 841 1033 897 demeritorum
1082 842 1502 912 prmscientiam
1524 858 1540 913 ;
1574 847 1707 897 nota
1739 848 1824 898 est
1866 844 1964 898 illa
2004 844 2148 914 ejus-

448 930 579 985 dem
635 930 919 985 sententia
965 930 1133 985 toties
1189 930 1469 1002 repetita:
1529 950 1558 982 ι(
1589 933 1779 986 Bonus
1837 936 1922 986 est
1978 932 2144 999 Deus,

440 1020 630 1091 justus
659 1024 741 1074 est
771 1020 939 1086 Deus,
994 1023 1185 1089 potest
1228 1019 1350 1073 sine
1407 1018 1574 1073 bonis
1612 1019 1830 1074 meritis
1878 1020 2143 1086 liberare,

446 1108 581 1180 quia
608 1108 793 1163 bonus
819 1112 939 1173 est;
971 1124 1089 1161 non
1120 1111 1307 1178 potest
1336 1106 1456 1161 sine
1500 1107 1664 1161 malis
1717 1108 1937 1162 meritis
1987 1109 2146 1163 dam-

443 1214 602 1266 nare,
635 1198 772 1270 quia
793 1199 981 1269 justus
1006 1203 1106 1252 est.
1137 1217 1163 1249 »
1199 1198 1340 1252 Hinc
1361 1201 1556 1252 contra
1580 1198 1913 1269 Pelagianos
1944 1200 2147 1270 probat

446 1288 624 1342 Deum
657 1288 917 1341 futurum
945 1287 1244 1357 injustum,
1278 1286 1324 1340 si
1355 1287 1615 1358 rejiceret
1643 1303 1676 1341 a
1709 1287 1889 1359 gloria
1934 1304 2143 1359 pueros

443 1376 591 1431 nulli
616 1380 841 1447 peccato
873 1376 1160 1441 obnoxios,
1202 1375 1376 1445 idque
1414 1376 1530 1431 fere
1561 1376 1773 1447 ubique
1820 1381 2057 1447 prmstat
2083 1376 2142 1430 in

445 1482 618 1536 opere
646 1465 947 1536 posteriori
977 1470 1171 1519 contra
1208 1464 1519 1534 Iulianum,
1573 1470 1627 1519 et
1673 1466 1733 1519 in
1758 1465 1940 1536 priori
1969 1464 2143 1518 etiam

442 1554 543 1609 lib.
576 1571 657 1620 nr,
688 1570 810 1624 cap.
846 1554 879 1606 4
929 1559 986 1608 et
1036 1556 1139 1623 l2;
1189 1570 1363 1609 serm.
1424 1556 1489 1608 14
1527 1553 1597 1608 de
1645 1554 1811 1608 Verb.
1843 1556 2057 1625 Apost.,
2088 1558 2143 1608 et

443 1643 610 1713 epist.
648 1645 766 1697 106.
799 1643 911 1696 Nec
963 1642 1147 1695 ullum
1205 1643 1394 1696 locum
1440 1642 1597 1696 dabit
1650 1642 2010 1697 adversarius
2042 1642 2140 1696 ubi

441 1731 637 1786 doceat
682 1729 1037 1802 Augustinus
1087 1731 1382 1803 reprobari
1428 1731 1759 1803 quempiam
1810 1748 1843 1785 a
1886 1733 2019 1799 Deo,
2053 1747 2144 1785 cu-

434 1821 530 1892 jus
552 1820 775 1875 nullum
815 1821 963 1874 Deus
994 1820 1339 1875 demeritum
1370 1820 1716 1890 praeviderit.
1768 1820 1945 1875 Addit
1972 1819 2141 1873 tertio

438 1911 563 1965 loco
592 1909 816 1964 tradere
836 1908 1243 1980 Augustinum,
1279 1929 1306 1960 «
1330 1911 1377 1963 A
1402 1914 1593 1963 nostra
1620 1910 1881 1963 libertate
1899 1908 2143 1979 gratiam

439 1996 736 2068 compleri,
761 2000 818 2050 et
846 1995 1409 2067 agratialibertatem
1439 1995 1498 2049 in
1530 2012 1700 2050 usum
1731 1995 1954 2050 deduci.
1989 1995 2141 2049 nSed

438 2088 564 2142 haec
589 2087 735 2142 bene
783 2086 933 2140 inter
965 2101 1024 2140 se
1065 2085 1444 2141 conveniunt:
1474 2102 1608 2141 nam
1655 2087 1774 2139 sola
1820 2085 2002 2156 gratia
2027 2102 2141 2139 non

437 2176 804 2248 ponitactum
835 2173 1125 2229 bonumin
1154 2174 1338 2241 nobis,
1355 2174 1453 2229 sed
1478 2191 1594 2229 una
1606 2190 1735 2229 cum
1752 2174 1930 2229 libera
1948 2175 2143 2229 volun-

439 2269 573 2333 tate,
609 2280 782 2336 quam
812 2262 936 2334 ipsa
967 2268 1282 2332 praemovet
1309 2266 1363 2317 et
1392 2262 1453 2316 in
1484 2267 1673 2316 actum
1698 2261 1964 2317 deducit:
1988 2263 2140 2317 unde

439 2368 508 2408 ex
531 2352 714 2424 gratia
745 2356 800 2406 et
830 2352 1008 2405 libero
1041 2350 1276 2405 arbitrio
1306 2351 1372 2405 fit
1408 2353 1757 2422 completum
1787 2349 2141 2421 principium

439 2446 669 2497 actuum
699 2440 1001 2507 bonorum,
1032 2439 1113 2493 ita
1141 2442 1333 2493 tamen
1365 2443 1427 2493 ut
1457 2439 1688 2493 libertas
1719 2438 1918 2510 gratiae
1962 2439 2138 2493 ancil-

438 2531 606 2585 letur.
638 2531 704 2584 Et
736 2545 870 2583 sane
897 2544 1029 2582 cum
1058 2527 1179 2582 sine
1209 2528 1394 2599 gratia
1422 2527 1567 2582 nihil
1598 2528 1722 2582 ﬁeri
1750 2527 1928 2599 possit
1965 2533 2140 2598 prout

438 2622 664 2692 oportet
683 2617 756 2673 ad
785 2618 1048 2687 salutem,
1080 2633 1112 2671 a
1142 2617 1261 2671 sola
1299 2617 1484 2688 gratia
1535 2617 1789 2671 humana
1820 2616 2049 2670 libertas
2078 2617 2138 2671 in

436 2709 653 2765 bonum
685 2711 742 2761 et
776 2706 1134 2761 meritoriam
1164 2722 1333 2760 usum
1366 2705 1460 2777 agi
1504 2708 1711 2775 potest.
1760 2706 1885 2759 Non
1923 2704 1994 2759 do
2019 2708 2139 2760 Au-

436 2796 653 2871 gustini
680 2799 883 2864 textus,
917 2794 1054 2866 quia
1082 2810 1173 2848 res
1202 2793 1263 2848 in
1294 2794 1452 2848 omni
1484 2794 1674 2848 schola
1702 2797 1785 2848 est
1814 2794 2137 2864 manifesta,

434 2888 570 2943 licet
625 2886 695 2941 de
727 2884 901 2940 modo
939 2900 1052 2955 quo
1108 2883 1222 2937 illa:
1261 2882 1545 2937 motiones
1600 2882 1741 2937 fiant
1769 2882 2133 2954 disceptetur.

438 2973 696 3028 Primum
723 2972 839 3043 legi
868 2976 1057 3042 potest
1074 2970 1134 3024 in
1163 2971 1483 3040 Augustino
1516 2986 1703 3025 sermo
1748 2974 1810 3026 13
1838 2971 1907 3025 de
1952 2971 2138 3026 verbis
2165 2997 2205 3053 ρ

435 3061 713 3132 Apostoli,
765 3076 886 3130 cap.
944 3063 1026 3123 ll,
1078 3057 1383 3129 §Agnosce
1437 3058 1574 3128 quid
1620 3074 1835 3129 poscas,
1872 3064 2003 3126 etc.,
2038 3061 2137 3115 ubi

437 3150 590 3204 inter
618 3149 730 3203 alia
774 3146 971 3202 scribit
1003 3163 1015 3201 :
1049 3167 1076 3196 α
1109 3146 1168 3201 Si
1215 3163 1332 3201 non
1373 3163 1521 3201 esses
1575 3154 1863 3218 operator,
1897 3148 1991 3202 ille
2021 3165 2139 3202 non

445 3242 593 3293 esset
635 3240 1059 3309 cooperatorg»
1119 3234 1215 3288 lib.
1278 3252 1317 3289 ιι
1366 3236 1435 3290 de
1488 3241 1853 3307 peccatorum
1906 3237 2135 3307 Meritis,

443 3343 568 3399 cap.
601 3329 653 3392 5,
695 3329 751 3378 et
768 3322 925 3378 alibi.
958 3324 1217 3377 Alterum
1264 3340 1397 3378 vero
1429 3324 1486 3378 in
1520 3324 1680 3379 omni
1707 3325 1918 3396 pagina
1970 3324 2138 3378 libro-

441 3432 574 3472 rum
598 3418 798 3469 contra
827 3411 1177 3483 Pelagianos,
1213 3412 1311 3466 ubi
1354 3413 1694 3467 catholicum
1743 3413 1887 3468 illud
1931 3413 2140 3484 dogma

442 3518 672 3575 semper
698 3501 964 3567 inculcat,
1005 3499 1146 3555 nihil
1175 3500 1314 3555 boni
1343 3500 1628 3557 meritorii
1662 3502 1789 3556 ﬁeri
1817 3518 1981 3574 posse
2014 3502 2137 3557 sine

442 3594 646 3665 gratia.

511 3682 725 3746 Quarta
763 3676 1023 3749 sequitur
1075 3675 1298 3747 objecta
1352 3677 1673 3747 Augustino
1722 3677 2131 3732 contradictio:

441 3789 471 3824 ‹‹
503 3768 752 3825 Gratiam
783 3782 902 3821 esse
948 3764 1259 3834 victricem,
1323 3765 1424 3819 sed
1453 3770 1510 3820 et
1546 3766 1733 3822 eidem
1782 3772 2035 3821 nostram
2066 3765 2135 3820 li-

438 3860 720 3916 bertatem
751 3856 1034 3911 resistere.
1064 3874 1092 3907 n
1116 3857 1187 3909 At
1216 3854 1285 3909 de
1307 3854 1505 3909 eadem
1534 3856 1716 3927 gratia
1747 3855 1811 3909 in
1839 3856 2132 3911 individuo

437 3963 737 4019 nunquam
779 3945 888 4000 hoc
907 3942 1259 4015 Augustinus
1278 3944 1604 4011 somniavit,
1637 3949 1701 3998 ut
1733 3945 1933 3999 eadem
1963 3944 2132 3999 simul

437 4043 496 4093 et
544 4036 795 4091 vinceret
823 4034 1165 4101 libertatem,
1221 4049 1462 4105 eamque
1502 4032 1607 4088 sibi
1639 4034 1927 4102 subderet,
1958 4038 2014 4088 et
2042 4033 2131 4088 ni-

434 4126 750 4183 hilominus
776 4141 807 4179 a
836 4123 1095 4178 libertate
1151 4122 1520 4193 rejiceretur;
1571 4123 1619 4176 si
1662 4123 1817 4177 enim
1856 4121 2128 4193 rejicitur,

429 4216 553 4288 jam
581 4231 699 4269 non
722 4218 806 4268 est
832 4211 1051 4278 victrix,
1084 4210 1183 4264 sed
1226 4210 1372 4263 victa
1426 4210 1741 4279 repellitur.
1794 4210 1953 4274 Quod
1984 4210 2030 4263 si
2061 4210 2130 4265 de

2261 492 2370 541 tate
2400 488 2496 541 lib.
2531 504 2548 541 ι
2578 488 2650 542 ad
2703 488 2913 557 Bonif.,
2955 505 3080 559 cap.
3113 492 3218 544 20:
3268 507 3407 557 cum,
3458 494 3680 565 inquam,
3724 517 3826 556 sanc-

2258 583 2352 633 tus
2376 579 2575 633 doctor
2602 579 2690 633 his
2718 579 2957 650 aliisque
2989 578 3254 649 epithetis
3280 580 3503 635 victricis
3534 584 3699 653 gratim
3723 604 3827 643 ener-

2259 667 2411 738 giam
2444 668 2730 738 exprimit,
2754 669 2822 722 de
2843 683 3102 738 congrua
3130 672 3186 721 et
3213 668 3414 722 efﬁcaci
3435 672 3741 741 accipiendas
3762 684 3825 744 est;

2257 760 2316 809 at
2344 772 2474 809 cum
2504 757 2677 810 debili
2704 757 2930 810 cuidam
2969 756 3170 826 gratim
3209 762 3447 811 nostram
3490 759 3754 815 libertatem
3777 781 3828 817 re

2257 844 2452 900 sistere
2503 845 2696 908 tradit,
2746 850 2809 899 ut
2862 850 3019 915 patet
3074 860 3139 898 ex
3187 845 3281 898 lib.
3314 862 3350 911 ι,
3383 850 3562 915 quaest.
3589 852 3636 912 ‘2,
3664 849 3719 901 ad
3741 850 3830 904 Sim-

2254 934 2605 1004 plicianum;
2650 950 2715 988 ex
2762 950 2887 1003 cap.
2946 935 2977 988 9
3021 933 3090 987 de
3142 933 3407 987 Prmdest.
3461 942 3749 1003 sanctorum,
3772 941 3830 993 ubi

2256 1022 2372 1077 ait:
2411 1045 2431 1071 «
2468 1023 2546 1076 Ex
2594 1022 2817 1077 duobus
2864 1026 3030 1075 aetate
3076 1022 3196 1092 jam
3249 1021 3540 1092 grandibus
3578 1022 3734 1093 impiis
3773 1043 3832 1080 cur

2254 1110 2358 1164 iste
2387 1116 2633 1172 vocetur,
2695 1115 2759 1164 ut
2800 1116 3100 1164 vocantem
3143 1114 3429 1179 sequatur,
3469 1110 3556 1164 ille
3599 1120 3752 1166 autem
3776 1122 3833 1169 aut

2254 1213 2371 1252 non
2392 1203 2645 1263 vocetur,
2677 1202 2777 1252 aut
2805 1213 2919 1251 non
2950 1198 3028 1250 ita
3052 1202 3301 1263 vocetur,
3334 1202 3393 1250 ut
3413 1203 3670 1251 vocantem
3704 1216 3833 1270 sequa-
3880 1202 3881 1215 ‘

2254 1290 2368 1352 tur,
2400 1286 2792 1340 inscrutabilia
2834 1290 2966 1340 sunt
2990 1287 3205 1357 judicia
3233 1286 3369 1352 Dei;
3400 1305 3426 1337 π
3452 1288 3620 1357 palam
3653 1288 3705 1341 ﬁt
3727 1304 3835 1358 quos-
3880 1350 3881 1353 η

2255 1373 2387 1428 dam
2416 1375 2640 1428 vocanti
2673 1376 2785 1428 Deo
2812 1375 3074 1428 resistere
3127 1390 3257 1445 quae
3289 1375 3455 1428 etiam
3491 1391 3550 1428 ex
3573 1392 3675 1444 cap.
3718 1380 3756 1429 ll
3796 1378 3835 1429 de

2255 1462 2510 1533 Corrept.
2544 1468 2599 1517 et
2626 1469 2772 1534 grat.
2829 1463 3209 1529 deducuntur,
3260 1479 3388 1517 cum
3437 1463 3735 1534 adjutorium
3770 1466 3836 1518 mi-
3880 1472 3881 1503 ³

2251 1551 2557 1605 nistratum
2609 1552 2827 1621 angelis
2882 1558 3015 1605 ante
3072 1553 3294 1624 lapsum
3340 1553 3458 1607 dari
3496 1553 3647 1605 etiam
3674 1553 3720 1605 in
3744 1558 3837 1606 statu

2250 1645 2473 1694 naturae
2526 1642 2699 1711 lapsae
2744 1641 3109 1712 quibusdam.
3162 1640 3290 1695 aliis
3340 1640 3399 1695 in
3455 1656 3656 1713 poenam
3692 1642 3838 1711 peccati

2250 1742 2369 1781 non
2396 1728 2517 1782 dari
2543 1729 2763 1794 scribit;
2796 1745 2927 1782 cum
2972 1729 3233 1800 inquam,
3278 1728 3385 1783 ista
3431 1730 3596 1795 docet,
3641 1730 3698 1783 de
3722 1731 3838 1782 altera

2250 1816 2448 1887 gratiae
2475 1818 2660 1887 specie
2702 1817 2897 1883 debili,
2949 1815 3266 1888 incongrua
3296 1823 3353 1872 et
3398 1824 3598 1872 remote
3623 1817 3838 1871 sufﬁcienti

2248 1904 2524 1975 loquitur,
2554 1905 2706 1959 unde
2739 1907 2896 1959 nulla
2933 1905 3025 1959 hic
3063 1905 3520 1960 contradictionis
3548 1905 3750 1975 suspicio
3768 1911 3838 1958 Au-

2249 1994 2542 2063 gustinum
2577 1994 2778 2062 tangit.
3224 2026 3255 2046 .

2322 2081 2532 2146 Quinta
2587 2081 2957 2136 contradictio
3035 2086 3155 2137 est:
3189 2100 3219 2135 ι(
3288 2083 3482 2137 Plures
3552 2080 3762 2137 damnari
3798 2081 3839 2135 ob

2247 2170 2433 2224 solum
2459 2178 2754 2241 peccatum
2789 2170 3048 2241 originis,
3082 2191 3110 2223 »
3138 2175 3194 2225 et
3232 2172 3370 2226 item
3397 2172 3568 2235 docet,
3597 2191 3621 2223 α
3661 2169 3838 2224 homines

2251 2274 2368 2313 non
2399 2259 2658 2313 damnari
2699 2260 2807 2313 nisi
2849 2260 2923 2314 ob
2963 2265 3198 2330 peccata
3236 2261 3570 2331 personalia,
3614 2265 3662 2314 et
3684 2259 3838 2329 proprie

2245 2346 2527 2401 libertatis
2585 2348 2978 2402 rebellionem.
3014 2367 3041 2399 ι)
3084 2349 3207 2401 Νοη
3242 2349 3321 2402 ita
3362 2354 3462 2414 est,
3504 2349 3704 2402 Adams.
3732 2349 3837 2400 Docet

2244 2437 2602 2506 Augustinus
2651 2451 2861 2506 pueros
2914 2438 3256 2491 decedentes
3313 2437 3433 2492 sine
3472 2438 3716 2508 baptismo
3738 2436 3836 2489 dam-

2246 2525 2371 2579 nari
2401 2526 2473 2579 ob
2514 2526 2695 2579 solum
2735 2530 3032 2595 peccatum
3065 2526 3325 2597 originis,
3360 2528 3591 2597 majores
3618 2542 3723 2579 vero
3752 2529 3836 2576 natu

2246 2615 2533 2685 homines,
2589 2621 2645 2670 et
2694 2620 2931 2686 propter
2973 2622 3271 2687 peccatum
3325 2616 3575 2686 originis,
3616 2619 3663 2669 et
3686 2618 3840 2685 propter

2251 2704 2381 2772 alia,
2440 2721 2569 2775 qum
2610 2705 2866 2776 ipsorum
2905 2705 3123 2759 malitia
3162 2706 3583 2776 superaddidit;
3625 2704 3674 2757 in
3707 2702 3839 2773 quibus

2245 2794 2405 2847 nulla
2469 2794 2884 2847 contrarietatis
2951 2793 3155 2848 umbra
3238 2793 3593 2865 conspicitur.
3649 2790 3840 2846 Audiam:

2244 2887 2468 2935 sanctus
2528 2882 2723 2936 doctor
2775 2883 2869 2937 lib.
2929 2883 2998 2937 de
3047 2884 3308 2954 Corrept.
3355 2888 3411 2936 et
3458 2886 3591 2954 grat.
3635 2897 3734 2950 cap.
3776 2880 3837 2930 l3:

2249 2991 2270 3021 ι
2307 2971 2374 3025 Hi
2421 2987 2555 3041 ergo
2587 2971 2686 3040 qui
2711 2987 2825 3025 non
2853 2971 3147 3042 pertinent
3171 2971 3244 3025 ad
3283 2971 3453 3025 istum
3489 2968 3793 3024 certissimum
3808 2967 3839 3016 et

2247 3058 2640 3112 felicissimum
2671 3074 3000 3125 numerum,
3033 3075 3136 3129 pro
3183 3059 3407 3113 meritis
3427 3056 3706 3130 justissima
3740 3052 3837 3125 judi-

2247 3151 2461 3201 cantur.
2499 3150 2613 3200 Aut
2643 3147 2799 3201 enim
2834 3147 3028 3218 jacent
3060 3147 3164 3201 sub
3209 3153 3443 3218 peccato
3486 3147 3625 3219 quod
3668 3144 3835 3213 origina-

2247 3234 2378 3289 liter
2406 3235 2475 3289 de
2502 3235 2872 3306 generatione
2902 3240 3219 3302 traxerunt,
3246 3241 3447 3291 etcum
3467 3236 3558 3290 illo
3578 3230 3837 3291 haereditario

2248 3323 2442 3378 debito
2474 3324 2607 3378 hinc
2650 3328 2881 3387 exeunt,
2924 3325 3076 3395 quod
3107 3340 3225 3378 non
3275 3331 3361 3381 est
3397 3324 3769 3395 regeneratione
3788 3318 3839 3370 di-

2246 3412 2503 3481 missum,
2540 3417 2639 3466 aut
2685 3428 2788 3482 per
2816 3412 3065 3466 liberum
3096 3412 3404 3483 arbitrium
3449 3414 3554 3468 alia
3580 3412 3765 3480 insuper
3789 3404 3841 3459 att

2248 3500 2536 3566 diderunt,
2568 3501 2891 3568 arbitrium,
2926 3500 3184 3572 inquam,
3218 3502 3486 3569 liberum,
3518 3501 3603 3555 sed
3631 3515 3723 3553 non
3754 3495 3841 3549 libe-

2244 3594 2452 3653 ratum,
2484 3589 2727 3642 liberum
2745 3589 3006 3660 justitim,
3041 3591 3263 3660 peccati
3312 3601 3501 3645 autem
3546 3601 3748 3648 servum,
3771 3596 3840 3652 quo

2245 3679 2549 3732 volvuntur
2572 3694 2675 3748 per
2703 3677 2953 3732 diversas
2982 3677 3182 3731 noxias
3210 3680 3567 3750 cupiditates,
3605 3675 3684 3729 alii
3708 3670 3839 3740 magis

2244 3765 2342 3821 alii
2372 3765 2582 3832 minus,
2624 3766 2722 3820 sed
2740 3781 2952 3832 omnes
3001 3766 3157 3832 mali,
3200 3772 3260 3822 et
3304 3784 3407 3839 pro
3450 3768 3567 3838 ipsa
3607 3762 3839 3820 diversitate

2244 3853 2479 3909 diversis
2526 3855 2819 3925 suppliciis
2859 3855 3174 3926 judicandi.
3212 3875 3244 3908 »
3290 3858 3503 3911 Rursus
3563 3844 3839 3926 quomodoii

2243 3944 2452 4015 quibus
2478 3943 2537 3996 in
2568 3943 2851 4013 baptismo
2885 3944 3184 3998 dimissum
3210 3950 3297 3999 est
3327 3950 3609 4016 peccatum
3646 3933 3840 4009 originale

2240 4032 2463 4103 possint
2493 4031 2605 4085 dici
2651 4032 2738 4086 ob’
2764 4039 3056 4103 peccatum
3083 4034 3365 4105 originale
3408 4032 3581 4089 relicti
3620 4032 3668 4085 in
3719 4036 3842 4080 massa

2239 4119 2603 4191 perditionis,
2633 4122 2809 4175 tradit
2840 4127 3068 4176 sanctus
3105 4123 3311 4178 doctor
3348 4140 3472 4194 cap.
3516 4127 3566 4188 7,
3617 4122 3664 4173 et
3695 4130 3773 4170 nos
3792 4111 3841 4162 in-

2239 4208 2415 4263 ferius
2447 4209 2720 4276 dicemus,
2757 4210 2853 4264 ubi
2898 4211 2966 4264 de
3009 4212 3301 4267 erroribus
3350 4209 3651 4282 Augustino
3680 4197 3842 4273 objeclis
3880 4194 3881 4257 ἶ

435 4304 657 4359 diversa
684 4317 749 4354 ac
775 4298 1038 4354 distincta
1067 4296 1253 4367 gratia
1303 4313 1371 4350 ea
1399 4297 1753 4366 Augustinus
1806 4298 1967 4363 dixit,
2004 4314 2130 4353 om-
2164 4294 2207 4348 D
2241 4313 2562 4352 sermonem
2592 4298 2980 4369 instituemus,
3017 4304 3073 4354 et
3116 4306 3270 4355 certe
3311 4302 3372 4355 bi
3410 4300 3561 4354 nullo
3586 4299 3720 4368 pacto
3740 4291 3840 4343 dan?

435 4390 525 4445 nis
568 4384 1031 4443 contradictionis
1080 4384 1285 4437 umbra
1316 4383 1386 4437 ab
1415 4383 1673 4453 ejusdem
1716 4384 1880 4438 dictis
1936 4387 2132 4456 procul

436 4478 612 4533 abest.
642 4476 787 4530 Sane
833 4472 1176 4528 recentiores
1206 4472 1378 4543 pleno
1424 4487 1522 4526 ore
1572 4472 1861 4527 afﬁrmant
1889 4474 2131 4544 gratiam

435 4578 746 4635 congruam
771 4576 999 4633 semper
1022 4576 1143 4615 esse
1166 4558 1473 4627 victricem,
1505 4575 1623 4613 non
1648 4576 1961 4630 congruam
1998 4578 2130 4616 vero

434 4655 725 4726 repulsam
754 4651 874 4723 pati
901 4649 1133 4704 alibero
1164 4648 1419 4718 arbitrio,
1448 4648 1602 4720 quod
1658 4654 1714 4703 et
1757 4665 1956 4705 eorum
1982 4656 2134 4705 anta-

432 4743 673 4817 gonistae
716 4741 785 4796 de
814 4739 997 4813 gratia
1019 4738 1557 4810 prmdeterminante
1587 4742 1646 4793 et
1663 4755 1805 4810 pure
1827 4740 2133 4794 sufﬁcienti

430 4833 694 4902 tradunt;
727 4846 856 4902 quae
890 4828 938 4883 si
968 4826 1475 4882 contradictionem
1516 4826 1837 4895 involvunt,
1888 4828 2129 4899 publica:

430 4922 627 4995 gratiae
655 4918 893 4992 agendae
919 4916 1136 4971 Adamo
1167 4921 1357 4984 erunt,
1392 4915 1491 4987 qui
1519 4914 1812 4969 universos
1843 4916 2132 4969 scholasti-

429 5026 524 5067 cos
551 5010 622 5066 ab
645 5009 960 5064 inveterato
993 5021 1184 5060 errore
1214 5004 1560 5059 liberaverit.
1621 5005 1818 5076 Itaque
1849 5021 1980 5059 cum
2021 5009 2131 5061 Au-

430 5100 694 5171 gustinus
749 5095 947 5151 scribit
990 5094 1088 5149 lib.
1150 5093 1219 5149 de
1249 5092 1750 5147 Praedestinatione
1782 5099 2125 5162 sanctorum,

431 5202 555 5258 cap.
590 5190 660 5241 8:
697 5205 725 5237 ι(
756 5187 885 5241 Haec
914 5183 1110 5255 itaque
1151 5180 1354 5253 gratia,
1404 5197 1534 5252 quae.
1592 5182 1809 5236 occulte
1857 5183 2126 5238 humanis

430 5275 698 5332 cordibus
724 5274 916 5329 divina
941 5270 1205 5342 largitate
1231 5268 1521 5336 tribuitur,
1571 5285 1606 5323 a
1650 5270 1804 5323 nullo
1832 5269 1975 5324 duro
2002 5287 2124 5326 cor-

429 5363 499 5420 de
530 5361 856 5433 respuitur;
890 5380 918 5413 »
949 5375 1079 5413 cum
1111 5357 1371 5412 eamdem
1400 5356 1539 5412 dicit
1575 5373 1802 5412 movere
1833 5359 2124 5415 indeclina-

430 5452 629 5517 biliter,
662 5448 1124 5520 insuperabiliter,
1178 5447 1551 5514 invictissime,
1600 5462 1722 5517 cap.
1786 5449 1849 5501 l2
1894 5448 1963 5502 de
1989 5451 2121 5505 Cer-

2243 4384 2368 4437 nari
2417 4392 2657 4455 possunt
2712 4387 2783 4441 ob
2816 4394 3035 4442 reatum
3065 4389 3285 4458 peccati
3315 4388 3570 4459 originis,
3621 4389 3669 4438 et
3712 4381 3761 4434 de
3786 4374 3840 4429 his

2240 4472 2498 4544 loquitur
2526 4476 2898 4546 Augustinus,
2929 4477 3067 4531 dum
3092 4476 3169 4531 ait
3210 4479 3503 4533 neminem
3533 4468 3748 4529 damnari
3770 4459 3837 4518 nisi

2242 4562 2314 4616 ob
2337 4564 2568 4634 propria
2602 4565 2862 4620 crimina.
3642 4616 3645 4619 .

2311 4651 2536 4706 Sextam
2576 4653 3078 4709 contradictionem
3107 4655 3187 4709 ita
3241 4656 3531 4711 efformat:
3567 4674 3593 4703 (ι
3621 4650 3703 4705 Hic
3734 4654 3834 4698 arma

2239 4740 2482 4810 sumpsit
2509 4742 2860 4812 Augustinus
2880 4748 3076 4797 contra
3107 4744 3377 4815 gratiam,
3407 4750 3463 4798 et
3488 4740 3612 4797 alibi
3652 4732 3834 4791 eamdem

2240 4829 2443 4884 evexit.
2468 4849 2495 4881 »
2528 4834 2598 4885 At
2614 4833 2837 4886 nullum
2867 4833 3171 4902 Augustini
3200 4835 3441 4887 verbum
3471 4823 3836 4903 proferentium1

2237 4916 2317 4971 ita
2366 4918 2585 4973 facilem
2664 4936 2957 4975 assensum
3016 4921 3237 4977 damus.
3292 4922 3528 4976 Ubinam
3570 4909 3837 4998 Augustinus

2236 5010 2433 5061 contra
2479 5008 2730 5063 divinam
2786 5010 3030 5080 gratiam
3084 5026 3240 5064 arma
3284 5009 3520 5064 induit?
3565 5005 3755 5059 ubinam
3783 4992 3837 5047 illi

2235 5094 2481 5165 injurius
2493 5097 2599 5151 fuit
2614 5098 2642 5151 ?
2661 5114 2774 5171 quo
2797 5099 2969 5153 verbo
2996 5099 3151 5153 illam
3166 5100 3252 5153 vel
3267 5100 3549 5153 tantillum
3571 5087 3723 5147 laesit?
3738 5085 3837 5139 Sane

2234 5183 2295 5238 in
2326 5184 2483 5239 libris
2511 5192 2706 5240 contra
2753 5188 3091 5241 Manithmos
3120 5174 3191 5242 de
3237 5187 3474 5241 humani
3501 5178 3693 5238 arbitrii
3717 5174 3838 5228 liber-

2233 5275 2348 5327 tate
2408 5273 2667 5335 exaratis,
2727 5275 2985 5329 nondum
3050 5277 3257 5329 exortis
3337 5270 3652 5344 Pelagianis,
3691 5260 3838 5317 divina3

2233 5362 2434 5433 gratim
2473 5362 2823 5417 mentionem
2863 5364 3017 5427 fecit,
3068 5365 3338 5434 illiusque
3393 5364 3460 5418 ad
3506 5362 3643 5432 juste
3687 5352 3837 5423 Ρίθίιυθ

2230 5451 2537 5506 vivendum
2571 5452 2965 5507 necessitatem
2998 5453 3357 5509 memorabili
3386 5452 3530 5507 dicto
3570 5436 3838 5518 pronuntia-

429 5546 578 5613 rept.
605 5544 661 5595 et
689 5544 830 5611 grat.
862 5557 879 5604 ;
906 5536 1321 5607 efﬁcacissimus
1359 5536 1591 5601 viribus,
1624 5535 1719 5590 lib.
1756 5535 1825 5590 de
1871 5536 2021 5593 Grat.
2067 5542 2122 5592 et
2228 5540 2329 5605 vit,
2362 5557 2425 5595 ac
2478 5541 2525 5594 si
2566 5541 2792 5597 futuros
2838 5543 3068 5613 ejudem
3112 5544 3310 5615 gratiae
3350 5543 3532 5598 hostes
3557 5527 3837 5607 praevidissel
