3946 6176
61 238 217 289 593

1418 241 1740 296 VINDICLE
1777 241 2326 297 AUGUSTINIANIE.

3529 242 3634 298 594

51 355 298 418 Quare
327 359 436 413 lib.
473 376 492 413 1
522 360 792 422 Retract.,
845 377 965 431 cap.
1021 367 1072 428 9,
1107 363 1354 417 recitatis
1400 364 1661 434 pluribus
1694 369 1812 420 tex-
1853 367 1893 421 A
1928 369 2068 419 aestu
2118 363 2511 435 disputationis
2565 364 2890 436 abreptum,
2924 382 2953 416 ‹‹
2986 362 3287 418 excessisse
3318 363 3496 418 lineas
3524 382 3626 421 ne-

47 443 268 500 tibus
300 465 370 501 ex
399 448 553 520 libris
589 449 658 502 de
699 449 900 503 Libero
931 451 1206 520 Arbitrio,
1237 452 1298 505 in
1324 453 1574 507 favorem
1617 456 1817 525 gratiae

44 536 433 589 concludit:
468 555 494 585 α
529 537 662 590 Ecce
709 554 885 608 quam
935 539 1103 610 longe
1152 547 1459 611 antequam
1512 544 1817 612 Pelagiana

47 619 351 676 hmresis
381 623 696 690 exstitisset,
731 625 812 679 sic
842 626 1278 694 disputavimus,
1304 629 1453 682 velut
1477 630 1596 699 jam
1621 637 1815 685 contra

49 706 240 762 illos
300 709 798 778 disputaremus.»
861 715 1001 769 Ilinc
1039 732 1170 769 cum
1223 716 1278 769 in
1321 717 1463 770 libro
1517 719 1706 788 primo
1741 721 1814 774 ad

45 797 547 868 Simpliciannm
609 803 789 855 multa
840 819 944 873 pro
998 804 1178 858 libero
1247 807 1482 860 arbitrio
1559 808 1809 876 dixisset,

49 884 243 939 illud
272 893 468 941 tamen
499 891 698 959 gratim
750 892 1008 961 subjecit,
1058 910 1172 947 non
1221 911 1393 964 supra
1428 897 1684 950 eamdem
1717 915 1810 951 ex-

53 975 255 1040 tulit,
304 976 456 1029 unde
491 978 587 1031 lib.
622 978 690 1030 de
707 980 990 1033 Praedest.
1041 981 1396 1048 Sanctorum,
1427 1000 1550 1053 cap.
1601 986 1654 1050 4,
1689 985 1808 1038 ait:

59 1083 99 1108 ‹‹
146 1064 223 1116 In
253 1066 423 1132 cujus
449 1065 783 1134 qumstionis
817 1067 1101 1122 solutione
1156 1069 1511 1124 elaboratum
1542 1075 1626 1124 est
1681 1073 1808 1142 qui-

55 1151 230 1204 dem
272 1169 380 1222 pro
416 1153 598 1206 libero
630 1155 866 1209 arbitrio
893 1157 1199 1211 voluntatis
1233 1159 1522 1225 humanae,
1555 1160 1650 1213 sed
1679 1160 1811 1214 vicit

55 1241 194 1294 Dei
233 1242 449 1311 gratia.
476 1264 503 1290 ››
545 1243 686 1312 Ergo
719 1243 764 1298 si
796 1244 1147 1314 Augustinus
1204 1246 1289 1300 vel
1320 1264 1450 1300 cum
1480 1264 1583 1318 pro
1614 1249 1808 1302 deten-

55 1329 263 1383 sione
299 1331 464 1383 liberi
499 1331 719 1384 arbitrii
774 1332 1089 1386 decretoria
1146 1351 1305 1388 arma
1358 1337 1653 1402 tractabat,
1685 1353 1810 1407 gra-

49 1416 178 1470 tia:
228 1417 532 1472 victoriam
585 1418 772 1487 dabat,
831 1419 1064 1474 ubinam
1119 1427 1317 1475 contra
1364 1422 1520 1477 illam
1551 1424 1805 1495 gladium

56 1506 338 1560 eduxit?

156 1597 391 1650 Harum
415 1595 650 1666 quidem
703 1597 1184 1654 contradictiones
1239 1600 1647 1654 sententiarum
1688 1602 1804 1655 Au-

58 1685 332 1754 gustino
387 1685 675 1740 recentior
721 1686 816 1740 ille
862 1689 1104 1757 scriptor
1150 1689 1408 1760 opponit,
1461 1690 1559 1760 qui
1609 1695 1802 1746 tamen
1837 1666 1876 1720 Β

56 1773 242 1826 haud
283 1790 454 1826 ausus
506 1778 591 1827 est
643 1779 865 1829 tantum
920 1776 1129 1830 erroris
1156 1779 1476 1847 Augustino
1522 1779 1800 1847 alfricare,

53 1860 179 1912 sed
244 1876 382 1914 cum
434 1861 542 1914 hoc
598 1862 682 1916 illi
736 1863 796 1918 in
852 1863 1194 1935 religionem
1255 1867 1496 1930 veniret,
1559 1868 1797 1937 adjecit:

56 1966 92 1997 α
139 1947 306 2001 Hinc
378 1950 657 2003 concludo
719 1953 867 2022 quod
931 1953 978 2006 si
1049 1954 1192 2008 mihi
1255 1972 1373 2008 non
1430 1955 1563 2010 licet
1614 1957 1801 2010 dicere

52 2042 360 2090 sanctum
389 2039 769 2108 Augustinum
812 2040 871 2094 in
902 2042 1072 2094 variis
1101 2059 1334 2097 suorum
1361 2044 1632 2098 librorum
1667 2045 1803 2100 locis

54 2125 190 2178 sibi
227 2127 669 2193 contradixisse,
709 2129 910 2182 saltem
943 2130 1024 2183 fas
1055 2135 1139 2184 est
1169 2132 1311 2186 mihi
1361 2133 1589 2186 credere
1623 2133 1800 2204 ipsius

53 2215 420 2269 doctrinam
502 2207 628 2271 esse.
695 2217 1255 2285 intricatissimam,»
1325 2228 1430 2276 etc.
1502 2225 1625 2277 Non
1699 2225 1796 2292 ait,

55 2307 228 2358 Hinc
267 2305 547 2373 concludo,
601 2323 719 2361 cum
760 2310 899 2361 mihi
943 2325 1049 2364 non
1101 2312 1258 2363 liceat
1287 2311 1479 2376 dicere,
1538 2317 1664 2377 etc.,
1701 2314 1798 2367 sed

54 2393 264 2463 quasi
320 2395 713 2462 subdubitans,
755 2397 993 2451 liceatne
1015 2399 1127 2452 sibi
1161 2401 1542 2470 Augustinum
1575 2406 1797 2456 contra-

57 2481 368 2535 dictionis
401 2471 758 2549 incusare,lsi
787 2488 942 2553 mihi,
992 2486 1219 2558 inquit,
1253 2505 1362 2542 nox
1391 2507 1557 2544 LICET.
1593 2493 1664 2544 At
1695 2507 1798 2544 nec

55 2571 352 2640 primum
384 2571 490 2624 tibi
519 2573 652 2627 licet
685 2574 891 2640 dicere,
925 2591 1112 2646 neque
1144 2579 1387 2632 alterum
1427 2579 1510 2632 fas
1563 2583 1647 2632 est
1676 2596 1796 2632 crc-

55 2661 246 2726 dere,
296 2676 510 2731 nempe
535 2662 851 2716 doctrinam
878 2665 1058 2718 sancti
1084 2667 1387 2736 Augustini
1427 2683 1535 2722 esse
1565 2671 1793 2722 intrica-

55 2751 384 2810 tissi-mam,
459 2749 666 2820 insigni
713 2752 871 2805 enim
927 2758 1061 2806 nota
1085 2755 1504 2823 prwclarissimi
1537 2757 1793 2810 Ecclesiae

55 2836 355 2908 magistri
397 2837 573 2891 libros
601 2839 798 2908 efﬁcis,
831 2855 1004 2910 quam
1047 2846 1146 2894 tuo
1182 2843 1380 2896 Suario
1421 2845 1505 2896 vel
1553 2844 1792 2915 Vasquio

53 2924 351 2978 inferria
409 2926 682 2996 quopiam
741 2927 980 2981 minime
1032 2930 1328 2998 patereris.
1392 2929 1567 2984 Crede
1627 2930 1787 2999 mihi,
1822 2961 1859 3015 ρ

55 3014 234 3067 haud
266 3013 380 3066 tibi
413 3013 628 3067 licitum
679 3020 763 3068 est
817 3021 934 3070 tam
967 3017 1180 3086 abjecte
1210 3019 1279 3072 de
1309 3019 1628 3088 Augustino
1661 3035 1789 3073 sen-

60 3103 208 3156 tire.
268 3102 421 3166 Quid
471 3103 624 3156 enim
656 3104 1026 3174 irreligiosins
1086 3107 1208 3160 fieri
1256 3113 1444 3175 potest
1471 3124 1644 3176 quam
1673 3109 1788 3163 Au-

59 3191 388 3260 gustinum
418 3193 594 3245 veluti
627 3194 1022 3248 multiformem
1059 3194 1118 3248 in
1152 3196 1444 3249 sentiendo
1478 3198 1787 3251 Protheum

62 3275 384 3344 indiicere,
421 3281 590 3334 modo
620 3283 1020 3348 afﬁrmantem,
1058 3283 1223 3337 modo
1255 3291 1580 3354 negantem,
1617 3287 1786 3340 modo

55 3370 301 3434 album,
336 3370 503 3423 modo
532 3371 788 3440 nigrum,
821 3377 905 3434 tot
932 3373 990 3426 in
1023 3374 1219 3427 eadem
1267 3391 1435 3428 scena
1480 3375 1788 3430 cothurnos

54 3459 326 3512 subinde
378 3463 738 3514 mutantem?
793 3462 914 3515 Non
970 3461 1147 3531 igitur
1197 3464 1517 3516 contrarius
1547 3464 1653 3517 sibi
1706 3467 1789 3516 est

57 3547 456 3618 Augustinus,
487 3549 588 3602 sed
617 3550 867 3603 Adamus
920 3556 1117 3603 contra
1146 3567 1202 3603 se
1255 3556 1492 3620 pugnat,
1529 3552 1626 3622 qui
1657 3568 1785 3605 cum

60 3641 119 3692 in
157 3639 320 3691 libro
369 3637 720 3707 inscripserit
749 3639 1014 3694 titulum:
1049 3641 1302 3696 Calvinus
1332 3643 1509 3696 sancti
1557 3644 1784 3708 Augus-

62 3731 179 3780 lini
240 3729 418 3779 armis
491 3727 812 3795 destructus,
868 3729 1118 3782 mirabili
1170 3729 1488 3782 constantia
1537 3730 1787 3783 affirmat

61 3815 284 3884 cap.4,
335 3831 468 3885 pag.
512 3818 633 3879 596,
686 3817 891 3886 scripta
932 3817 1109 3870 sancti
1147 3817 1452 3886 Augustini
1502 3833 1616 3870 non
1665 3834 1784 3871 esse

63 3903 211 3956 satis
271 3907 408 3972 apta
455 3903 528 3956 ad
563 3904 926 3958 emat-mandas
983 3906 1330 3960 Calvinistas.
1392 3905 1546 3958 Unde
1599 3905 1786 3975 lepida

63 3989 277 4059 magni
307 3990 556 4044 doctoris
588 3992 890 4046 sententia.
923 3992 1022 4046 lib.
1057 4009 1088 4043 ν
1117 3997 1315 4045 contra
1343 3992 1551 4046 Julian.
1574 4009 1696 4063 cap.
1728 3997 1781 4060 5,

64 4082 253 4133 hocce
307 4084 479 4148 caput
531 4080 895 4134 clandamus:
959 4082 1138 4135 «Non
1193 4085 1326 4134 sunt
1373 4097 1525 4150 ergo,
1572 4079 1779 4150 inquit,

66 4167 251 4221 verba
282 4180 412 4218 mea
443 4166 591 4219 inter
645 4184 703 4220 se
750 4167 1052 4232 contraria,
1084 4168 1344 4240 quamvis
1370 4172 1422 4221 te
1470 4168 1778 4238 patiantur,

65 4258 155 4310 vel
193 4271 318 4308 non
346 4255 736 4326 intelligendo,
764 4259 852 4311 vel
885 4258 1023 4310 alios
1046 4257 1364 4328 intelligere
1398 4274 1510 4311 non
1537 4257 1777 4311 sinendo
1818 4253 1862 4307 D

65 4343 461 4399 contrarium.
499 4365 526 4396 ν
561 4346 882 4416 Additque:
921 4368 940 4395 ι
976 4348 1060 4401 Tn
1090 4364 1250 4418 ergo,
1285 4346 1383 4417 qui
1415 4346 1471 4398 in
1504 4363 1594 4399 me
1625 4345 1787 4416 quasi

67 4432 402 4487 sententias
429 4435 576 4486 inter
605 4450 662 4487 se
693 4438 1013 4505 pugnantes
1045 4434 1272 4496 notasti,
1309 4439 1364 4487 et
1406 4433 1783 4500 nlomordisti,

67 4536 302 4592 expone
355 4521 848 4590 quemadmodum
877 4524 982 4578 tibi
1025 4524 1148 4595 ipse
1175 4522 1513 4589 constiteris,
1546 4539 1650 4576 nec
1679 4523 1785 4576 tibi

65 4611 197 4679 ipse
228 4608 529 4665 restiteris.
561 4631 589 4661 »

765 4681 990 4736 CAPUT
1023 4683 1094 4736 Ill

73 4787 418 4845 Recentiores
466 4791 644 4843 sancti
690 4790 993 4854 Augustini
1048 4790 1351 4843 doctrinam
1389 4792 1575 4844 contra
1632 4788 1786 4841 Pela-

508 4862 697 4928 gianos
727 4876 971 4914 excessus
1018 4862 1354 4915 insimulant.

148 4966 430 5022 Nonnulli
461 4967 764 5037 scriptores
788 4971 1064 5032 recentes,
1096 4968 1193 5038 qui
1231 4969 1300 5022 de
1347 4983 1408 5021 re
1463 4966 1785 5037 theologica

73 5055 260 5111 libros
291 5054 541 5118 edidere,
572 5072 700 5109 cum
734 5056 912 5109 sancti
958 5056 1264 5126 Augustini
1319 5055 1653 5109 auctoritate
1693 5054 1782 5108 ni-

75 5145 267 5199 mium
301 5159 360 5196 se
389 5144 575 5212 premi
605 5161 728 5198 sero
767 5147 885 5216 jam
921 5146 1151 5200 tandem
1184 5144 1451 5209 sentiant,
1509 5143 1781 5212 illamque

75 5235 270 5305 palam
306 5232 542 5299 rejicere
566 5233 958 5296 reformident,
993 5251 1063 5288 ne
1095 5250 1162 5286 co
1193 5234 1252 5287 in
1281 5249 1482 5303 campo
1524 5232 1781 5286 hostibus

75 5322 174 5392 qui
203 5320 514 5391 Augustini
540 5337 749 5374 nomen
791 5322 1001 5393 ubique
1058 5323 1390 5386 inclamant,
1448 5320 1646 5375 cedere
1703 5320 1781 5373 vi-

77 5411 342 5466 deantur.
375 5425 525 5464 novo
557 5410 793 5466 crimine
825 5415 1018 5466 sancto
1046 5411 1263 5466 doctori
1293 5411 1562 5481 impacto,
1592 5408 1778 5463 eidem

79 5516 134 5552 se
164 5499 482 5552 subducere
513 5504 818 5567 conantur;
865 5499 1132 5570 inquiunt
1164 5499 1319 5554 enim
1370 5497 1776 5569 Augustinum,

1923 453 2179 507 cessariae
2209 453 2480 520 veritatis,
2514 458 2579 508 ut
2607 453 2679 507 sit
2708 454 2888 507 nimia
2937 453 3200 525 quaedam
3251 453 3518 507 severitas
3572 461 3627 510 et

1923 542 2119 612 iniqua
2153 541 2394 608 vexatio,
2428 559 2555 612 qua:
2588 542 3071 596 mediumilludin
3102 558 3215 612 quo
3233 542 3442 595 veritas
3468 543 3626 596 sedet

1923 630 2244 702 transgredi
2270 631 2453 700 jubet,
2491 629 2536 683 si
2565 636 2778 700 praceat
2826 631 3199 702 Augustinus.
3231 650 3258 682 »
3300 631 3480 685 Verba
3510 633 3623 685 An-

1922 719 2041 772 nati
2071 725 2202 772 sunt
2259 719 2353 773 lib.
2394 734 2488 772 vni
2543 719 2632 772 sui
2685 720 3008 789 Augustini,
3053 736 3174 790 cap.
3215 723 3266 782 2,
3322 735 3456 790 pag.
3497 723 3620 774 862.

1920 807 2169 860 Adamns
2193 807 2342 860 hunc
2364 807 2536 876 capiti
2565 807 2809 876 septimo
2856 808 3084 861 titulum
3117 808 3307 861 dedit:
3367 809 3622 863 Sanctth

1917 896 2287 964 Augustinum
2321 898 2631 964 permisisse
2679 911 2731 949 se
2797 897 3022 949 nimium
3069 896 3254 965 abripi
3308 901 3440 950 aestu
3509 897 3622 951 dis-

1914 987 2218 1053 putationis
2248 989 2436 1038 contra
2465 985 2806 1052 Pelagianos,
2857 989 2906 1037 et
2965 986 3176 1051 longius
3222 1000 3384 1052 quam
3413 986 3622 1038 volebat

1913 1078 2355 1143 praetergressum
2451 1087 2577 1126 esse.
2679 1073 2888 1129 Celebre
2989 1076 3168 1128 sancti
3234 1076 3621 1130 Bonaventurw

1917 1161 2121 1216 dictum
2165 1163 2263 1216 hac
2304 1162 2368 1214 de
2424 1178 2481 1215 re
2535 1163 2863 1230 explicatur,
2913 1177 3052 1231 pag.
3110 1164 3234 1215 616.
3277 1161 3426 1225 Quas
3455 1179 3620 1216 voces

1916 1251 2214 1315 Moraines,
2251 1249 2616 1320 Decampsius
2647 1250 2952 1321 caaterique
2984 1250 3334 1304 recentiores
3364 1251 3618 1321 integras

1916 1339 2181 1393 reddunt.
2219 1341 2410 1409 Neque
2448 1355 2581 1392 vero
2615 1340 2787 1392 semel
2840 1339 3119 1392 iterumve
3167 1338 3272 1392 hoc
3301 1340 3617 1410 Augustino

1915 1428 2218 1498 contigisse
2247 1432 2465 1498 putant,
2517 1428 2613 1481 sed
2658 1428 2719 1490 in
2767 1428 3034 1482 omnibus
3085 1427 3203 1481 fere
3257 1427 3372 1481 suis
3422 1433 3620 1483 contra

1915 1517 2249 1586 Pelagianos
2283 1516 2788 1585 disputationibus.
2826 1515 3011 1570 Iniere
3034 1516 3267 1586 quidem
3288 1517 3435 1570 hanc
3464 1517 3617 1572 facil-

1915 1605 2112 1659 limam
2168 1605 2444 1658 evadendi
2500 1605 2672 1669 viam,
2734 1621 2805 1658 ne
2857 1603 2919 1658 in
2975 1605 3295 1673 Augustino
3336 1605 3615 1676 interpre-

1914 1693 2089 1747 tando
2117 1693 2330 1746 diutius
2359 1693 2592 1762 ingenia
2618 1699 2987 1747 macerarent.
3025 1695 3231 1747 Verum
3254 1693 3333 1747 nil
3359 1694 3616 1747 moderni

1913 1781 2009 1835 isti
2047 1782 2354 1852 Augustini
2407 1797 2669 1835 censores
2723 1783 3061 1853 producunt,
3119 1782 3270 1853 quod
3323 1783 3614 1853 Pelagiani

1914 1887 1978 1924 ac
2002 1869 2486 1940 Semi—Pelagiani
2507 1876 2639 1925 ante
2671 1871 2971 1924 duodecim
2999 1871 3205 1924 saecula
3254 1876 3447 1924 sancto
3479 1872 3610 1924 doc-

1911 1959 2024 2013 tori
2055 1975 2169 2013 non
2201 1959 2595 2029 opposuerint.
2652 1959 2913 2014 Julianus
2967 1959 3406 2029 Pelagianorum
3457 1959 3610 2013 inso-

1910 2047 2260 2102 lentissimus
2289 2049 2396 2101 hoc
2420 2047 2740 2117 Augustino
2773 2047 2974 2100 vitium
3022 2047 3297 2118 objiciens
3355 2047 3605 2102 dicebat:

1914 2158 1940 2184 α
1965 2137 2022 2191 Si
2049 2137 2176 2208 quis
2205 2141 2304 2190 aut
2337 2141 2437 2190 aut
2467 2136 2712 2190 liberum
2741 2136 2801 2189 in
2833 2136 3162 2190 hominibus
3181 2135 3481 2191 arbitrium
3513 2140 3612 2190 aut

1912 2228 2092 2280 Deum
2139 2242 2258 2279 esse
2292 2225 2644 2280 nascentium
2675 2225 3029 2279 conditorem
3063 2223 3286 2289 dixerit,
3322 2224 3608 2278 Coelestia-

1908 2329 2016 2366 nus
2039 2295 2101 2367 let
2131 2313 2472 2384 Pelagianus
2498 2318 2750 2368 vocatur.
2787 2315 2865 2368 Ne
2895 2313 3072 2384 igitur
3112 2317 3384 2366 vocentur
3433 2313 3611 2367 luere-

1908 2401 2028 2470 tici,
2060 2403 2206 2456 liunt
2263 2402 2579 2471 Manichaci,
2639 2406 2693 2456 et
2746 2402 2883 2456 dum
2929 2402 3125 2455 falsam
3168 2399 3609 2474 vercnturlinfa-

1907 2490 2109 2557 miam,
2142 2507 2336 2544 verum
2365 2492 2583 2544 crimen
2612 2491 2935 2558 incurrunt,
2966 2490 3146 2544 instar
3177 2489 3448 2556 ferarum,
3481 2505 3609 2559 qua:

1907 2579 2335 2632 circumdantur
2365 2578 2577 2648 pinnis,
2635 2582 2699 2632 ut
2755 2583 3033 2647 cogantur
3082 2578 3140 2630 in
3190 2577 3350 2632 retia.
3388 2598 3409 2625 ι
3440 2576 3609 2645 Apud

1905 2667 2292 2738 Augustinum
2350 2667 2448 2720 lib.
2507 2684 2546 2720 ιι
2594 2666 2663 2720 de
2719 2665 2943 2735 Nuptiis
3001 2670 3057 2718 et
3125 2664 3602 2735 conCUpiscentia,

1905 2771 2028 2826 cap.
2065 2760 2116 2821 3,
2168 2771 2338 2825 quam
2390 2771 2421 2808 a
2478 2770 2536 2807 se
2572 2759 2628 2807 et
2658 2753 2875 2807 caeteris
2928 2752 3220 2806 catholicis
3257 2751 3602 2805 calumniam

1905 2844 2125 2897 erudite
2158 2844 2370 2896 ibidem
2419 2846 2644 2896 sanctus
2702 2842 2898 2896 doctor
2951 2841 3215 2894 excussit.
3270 2842 3382 2893 Hoc
3412 2839 3602 2910 ipsum

1903 2932 2375 3003 Semi-Pelagiani
2408 2931 2792 3001 publicabant,
2822 2934 2886 2984 ut
2910 2930 3167 3000 ejusdem
3208 2929 3600 2984 auctoritatem

1899 3022 2300 3076 convellerent.
2362 3021 2489 3074 Haec
2556 3023 2688 3073 sunt
2761 3019 3012 3073 Cassiani
3077 3017 3267 3083 verba,
3329 3034 3452 3089 cap.
3513 3021 3600 3088 ll,

1899 3110 2084 3163 collat.
2143 3112 2242 3163 l3:
2289 3107 2449 3163 Multi
2502 3108 2655 3161 enim
2711 3107 2940 3178 singula
2990 3108 3111 3162 haec
3168 3107 3482 3172 credentes,
3536 3121 3599 3160 ac

1892 3197 2050 3268 justo
2102 3197 2348 3267 amplius
2402 3201 2741 3262 asserentes,
2788 3196 2958 3250 variis
3019 3195 3241 3266 sibique
3299 3194 3597 3249 contrariis

1899 3291 2034 3340 sunt
2059 3286 2346 3340 erroribus
2375 3285 2636 3340 involuti.
2672 3305 2700 3336 »
2736 3286 2892 3339 Idem
2927 3285 3096 3339 habet
3145 3286 3382 3338 Faustus
3423 3283 3522 3337 lib.
3556 3300 3595 3350 1,

1898 3391 2024 3444 cap.
2060 3377 2108 3438 l,
2145 3377 2174 3428 6
2219 3379 2275 3429 et
2333 3378 2416 3431 l7.
2465 3375 2530 3428 Et
2580 3374 2641 3428 hi
2699 3375 2934 3445 quidem
2980 3373 3067 3427 uti
3111 3371 3598 3442 impudentissimi

1899 3464 2254 3518 oblocutores
2285 3463 2488 3517 acriter
2522 3463 3025 3548 reprehenduntur
3062 3463 3121 3515 in
3152 3461 3393 3532 epistola
3424 3477 3598 3531 quam

1899 3552 2197 3607 leestino
2249 3568 2416 3622 papae
2470 3553 2815 3606 recentiores
2863 3551 3205 3624 quibuscum
3243 3549 3598 3620 disputamus

1895 3641 2231 3695 ascribunt:
2295 3658 2322 3691 α
2356 3641 2500 3705 Quia
2570 3639 2856 3710 nonnulli,
2906 3640 3115 3712 inquit,
3176 3638 3276 3710 qui
3323 3639 3595 3694 catholico

1896 3730 2131 3784 nomine
2161 3728 2502 3800 gloriantur,
2534 3729 2597 3782 in
2642 3730 2924 3784 damnatis
2963 3734 3155 3782 autem
3192 3727 3594 3782 haereticorum

1896 3819 2174 3884 sensibus,
2207 3834 2307 3870 seu
2368 3817 2648 3887 pravitate
2706 3818 2821 3871 sive
2871 3815 3160 3887 imperitia
3207 3815 3590 3881 demorantes,

1893 3906 2164 3976 piissimis
2211 3905 2657 3975 disputatoribus
2690 3906 2920 3960 obviare
2951 3907 3332 3974 praesumunt,
3378 3907 3591 3956 etcum

1896 3994 2192 4064 Pelagium
2224 3998 2394 4063 atque
2427 3993 2753 4048 Cuelestinm
2781 3992 3260 4047 anathematizare
3282 4007 3396 4044 non
3426 3989 3591 4044 dubi-

1892 4085 2033 4148 tent,
2088 4081 2373 4151 magistris
2411 4085 2603 4134 tamen
2646 4081 2852 4134 nostris
2889 4085 3163 4150 tanquam
3197 4078 3593 4135 necessarium

1893 4170 2137 4223 modum.
2184 4168 2552 4234 excesserint,
2623 4169 3030 4239 obloquuntur.
3066 4188 3093 4220 »
3147 4169 3215 4221 Ut
3294 4167 3366 4221 sit
3416 4166 3594 4221 nimia

1893 4257 2157 4330 qumdam
2204 4255 2582 4310 recentiorum
2640 4255 2992 4322 animositas,
3047 4256 3312 4310 damnata
3343 4254 3594 4309 convicia

1892 4347 2104 4400 iterum
2157 4344 2217 4398 in
2270 4344 2657 4416 Augustinum
2709 4345 2880 4415 pleno
2937 4360 3034 4398 ore
3084 4343 3486 4397 eructantium.
3529 4343 3595 4397 Et

1891 4434 2124 4506 quidem
2178 4434 2551 4504 Augustinus,
2602 4449 2734 4488 cum
2788 4432 3051 4486 universa
3109 4431 3209 4485 abs
3261 4447 3319 4484 se
3368 4433 3594 4484 exarata

1892 4523 2188 4577 volumina
2244 4524 2501 4577 censoria
2552 4523 2850 4577 severitate
2912 4520 3249 4591 corrigeret,
3301 4523 3475 4590 atque
3532 4519 3593 4574 in

1891 4611 2192 4667 laudandis
2242 4611 2543 4666 Platonicis
2598 4612 2833 4666 modum
2885 4626 2944 4664 se
2998 4608 3300 4664 excessisse
3349 4609 3590 4678 ingenue

1888 4699 2164 4754 fateretur
2192 4699 2290 4753 lib.
2325 4717 2340 4752 1
2391 4701 2635 4754 Retract.
2696 4715 2819 4770 cap.
2878 4703 2926 4767 l,
2958 4702 3046 4752 tot
3075 4698 3136 4752 in
3195 4697 3592 4768 expugnandis

1889 4787 2209 4858 Pelagianis
2237 4803 2497 4840 excessus
2532 4804 2663 4841 suos
2689 4804 2804 4840 non
2828 4787 3248 4853 animadvertit,
3284 4802 3409 4840 eam
3441 4785 3589 4839 forte

1889 4891 2188 4931 censuram
2220 4874 2629 4929 recentioribus
2658 4875 3008 4946 relinquens,
3042 4891 3215 4946 quam
3253 4873 3340 4927 uti
3368 4885 3590 4941 appen-

1890 4966 2075 5021 dicem
2120 4965 2607 5019 Retractationum
2662 4963 2823 5018 libris
2883 4967 3257 5034 apponerent.
3292 4962 3436 5016 Sane
3480 4960 3587 5013 hoc

1887 5055 2084 5125 clypeo
2117 5069 2172 5106 se
2205 5053 2394 5106 munit
2421 5052 2682 5106 Calvinus
2712 5055 2911 5106 contra
2955 5054 3185 5106 Patrum
3229 5045 3578 5103 testimonia.

1888 5143 2044 5197 Illius
2107 5141 2279 5195 verba
2328 5145 2462 5196 sunt
2532 5141 2683 5211 apud
2729 5142 3012 5209 Taperum
3052 5143 3154 5192 art.
3191 5141 3220 5190 7
3258 5136 3326 5190 de
3382 5135 3581 5189 Libero

1887 5229 2139 5285 Arbitrio
2165 5246 2176 5283 :
2215 5250 2243 5278 ‹‹
2275 5229 2473 5296 Graeci,
2503 5232 2560 5282 et
2579 5245 2698 5298 prae
2724 5227 2850 5282 aliis
2867 5232 3036 5298 atque
3065 5225 3218 5279 inter
3247 5240 3344 5277 eos
3381 5221 3580 5292 singu-

1887 5318 2082 5372 lariter
2120 5318 2578 5388 Chrysostomus,
2607 5318 2667 5372 in
2723 5315 3046 5372 extollenda
3074 5314 3337 5367 humanae
3379 5312 3581 5365 volun-

1886 5407 2015 5462 tatis
2042 5407 2305 5462 facultate
2348 5423 2537 5462 Monuu
2577 5422 2892 5462 excesssna.
2918 5424 2945 5456 ν
2977 5405 3043 5458 Et
3074 5402 3206 5458 licet
3236 5401 3580 5473 quandoque

1892 5512 2042 5566 aegre
2073 5495 2270 5550 tulerit
2296 5495 2446 5550 hunc
2506 5511 2792 5549 excessum
2829 5510 2862 5547 a
2918 5491 3120 5563 Pighio
3169 5489 3231 5545 in
3261 5489 3578 5562 Augustino
