3906 6182
361 287 463 338 595

1371 276 1926 332 SUPPLEMENTUM
1966 277 2055 330 AD
2095 275 2325 330 OPERA
2365 277 2418 331 S.
2463 275 2855 332 AUGUSTINI.
3718 281 3800 334 596

362 415 594 472 quoque
625 397 862 470 culpari,
915 399 1168 450 attamen
1225 393 1430 449 eodem
1479 395 1616 451 vitio
1677 377 2065 469 Augustinum
2092 405 2136 457 Α
2174 395 2309 450 sarii
2346 400 2540 451 contra
2564 398 2706 452 duos
2729 395 2978 451 illustres
3003 394 3262 450 Ecclesiae
3304 393 3545 452 doctores
3584 401 3803 455 sanctum

361 489 538 544 etiam
567 489 850 544 laborasse
871 485 1073 539 eadem
1103 483 1338 538 audacia
1367 489 1724 540 commentus
1783 490 1886 552 est,
1930 486 2085 546 seria

362 579 505 634 hens
558 577 713 649 quod
773 589 901 628 «ne
957 572 1264 643 Augustini
1335 573 1572 644 quidem
1625 574 1907 629 sententia
1967 591 2065 629 PER

364 683 537 722 ouum
591 661 920 732 recipienda
981 665 1086 714 est.
1120 679 1146 711 »
1207 659 1425 724 Quibus
1484 663 1678 731 palam
1723 661 2066 732 signiﬁcavit

363 756 494 827 plus
523 751 830 823 aliquando
861 752 1120 803 sanctum
1166 748 1458 804 doctorem
1513 750 1716 804 dixisse
1747 767 1919 822 quam
1971 767 2063 805 ve-

364 841 539 908 ritati,
599 856 656 893 se
702 837 919 908 judice,
978 837 1350 908 congruebat.
1402 837 1663 892 Profecto
1705 839 1751 892 si
1809 855 2067 893 excessus

360 930 475 997 isti,
508 932 564 982 et
593 927 828 998 quidem
849 926 1014 996 juxta
1053 925 1406 980 adversarios
1462 926 1596 980 satis
1653 927 1712 980 in
1743 927 2066 997 Augustino

362 1021 713 1089 frequentes,
740 1014 1136 1079 admittuntur,
1172 1014 1478 1085 eidemque
1510 1015 1647 1070 vitio
1686 1016 1783 1070 alii
1836 1032 2067 1088 quoque

367 1110 561 1163 Patres
600 1103 997 1176 subjiciantur,
1056 1104 1210 1157 nullo
1265 1104 1685 1175 propemodum
1742 1110 2069 1159 sanctorum

368 1194 694 1251 testimonio
752 1191 1008 1246 haeretici
1065 1190 1325 1246 convinci
1397 1196 1705 1263 poterunt;
1763 1193 1858 1247 ubi
1914 1192 2069 1246 enim

369 1285 563 1357 aliqua
593 1285 827 1338 Patrum
867 1281 1148 1335 sententia
1201 1297 1260 1336 se
1309 1282 1494 1352 premi
1546 1282 1846 1349 senserint,
1881 1297 2069 1336 exces-

370 1374 509 1428 sisse
547 1372 776 1427 eosdem
820 1371 1167 1438 clamabunt,
1219 1387 1332 1442 qua
1374 1370 1595 1425 ratione
1660 1372 1920 1426 omnium
1975 1387 2069 1426 ve-

372 1469 562 1518 terum
593 1461 900 1515 auctoritas
943 1459 1198 1529 labascit,
1257 1465 1312 1514 et
1354 1459 1540 1514 omnis
1592 1460 1662 1515 ad
1695 1460 2071 1516 heterodoxos

373 1549 792 1606 convinecndos
813 1549 903 1603 via
931 1548 1322 1620 praecluditur.

375 1675 402 1746 §
434 1678 475 1731 Ι.
712 1677 925 1758 nomine
969 1689 1228 1758 excessus
1282 1676 1598 1758 recentiores
1638 1675 1950 1758 intelligant
1979 1677 2065 1758 in-
2108 1704 2151 1758 Β

443 1750 704 1816 quiritur.
764 1747 1082 1800 Sanctorum
1134 1745 1344 1800 Thomas
1390 1761 1452 1800 ac
1503 1747 1889 1800 Bonaventura
1920 1749 2067 1800 testi-

444 1821 628 1872 monia
684 1817 881 1888 eisdem
930 1831 1037 1870 non
1092 1817 1416 1885 suffragari.
1478 1819 1742 1872 Excessus
1783 1833 2073 1888 perperam

446 1891 760 1955 Augustino
790 1887 974 1956 objici.

445 1993 500 2050 Si
533 1993 874 2049 recentiores
905 1992 1325 2064 interrogemus
1354 1993 1489 2065 quid
1520 1993 2074 2064 Augustinianorum

375 2098 708 2137 excessuum
765 2081 999 2136 nomine
1045 2081 1392 2152 intelligant,
1447 2083 1755 2152 respondet
1800 2079 2071 2151 Adamus,

373 2187 506 2242 pag.
541 2173 665 2237 626,
696 2169 1084 2240 Augustinum
1106 2171 1254 2224 ultra
1273 2173 1520 2224 veritatis
1552 2172 1746 2225 limites
1776 2174 2075 2226 emcurrisse

372 2260 544 2314 nimio
569 2259 960 2329 disputationis
989 2263 1124 2313 aestu
1154 2273 1452 2328 accensum,
1483 2261 1764 2328 visumque
1812 2262 2074 2315 hareticis

371 2350 582 2415 favere.
622 2347 793 2402 Addit
821 2348 1103 2414 Annatus,
1135 2362 1266 2418 pag.
1302 2349 1442 2402 862:
1480 2349 1546 2402 Ut
1588 2350 1662 2401 sit
1704 2350 1883 2405 nimia
1924 2364 2074 2404 seve-

371 2439 510 2490 ritas
540 2439 591 2490 et
645 2437 838 2504 iniqua
897 2437 1132 2503 vexatio,
1185 2451 1304 2504 quae
1380 2435 1613 2489 medium
1671 2437 1812 2490 illud
1864 2439 1921 2490 in
1971 2452 2074 2507 quo

370 2527 574 2580 veritas
603 2525 749 2579 sedet
781 2523 1093 2593 transgredi
1130 2524 1304 2592 jubet,
1360 2525 1411 2577 si
1460 2529 1671 2594 praeut
1711 2527 2073 2591 Augustinus.

375 2614 644 2668 Fatentur
693 2617 887 2667 tamen
938 2627 1053 2666 non
1084 2611 1157 2666 ob
1187 2611 1293 2666 hoc
1335 2613 1722 2683 Augustinum
1770 2614 2075 2668 mentitum

373 2719 515 2767 esse,
545 2701 663 2769 sed,
696 2706 759 2756 ut
789 2700 1018 2771 egregie
1049 2700 1328 2755 Moraines
1358 2701 1792 2772 interpretatur,
1823 2719 2076 2757 INSOLEN-

371 2807 468 2845 rea
499 2789 758 2859 loquendo
792 2790 1029 2858 quidem,
1061 2794 1120 2844 ut
1150 2790 1433 2858 sentiebat,
1491 2791 1584 2845 sed
1631 2796 1765 2846 aestu
1818 2793 2076 2861 disputa-

374 2881 534 2934 tionis
564 2883 614 2933 et
639 2879 972 2933 vehementia
994 2879 1223 2947 spiritus
1276 2878 1351 2932 ad
1379 2879 1614 2934 alterum
1657 2883 1955 2934 extremum
1983 2882 2075 2932 in-

373 2968 588 3024 terdum
643 2967 937 3022 declinasse
1005 2983 1326 3022 INTELLECTU
1373 2984 1529 3029 moue
1565 2985 1629 3022 sc
1679 2985 1890 3035 VERBIS,
1933 2967 2078 3039 quod

372 3073 478 3112 non
537 3060 616 3112 est
661 3058 900 3123 mentiri,
958 3055 1052 3110 sed
1107 3072 1280 3121 FALLI,
1340 3073 1404 3110 nr
1449 3073 1640 3112 Diceae
1696 3073 1905 3114 FALSUM
1960 3059 2076 3112 sine

374 3145 668 3200 mendacio.
714 3143 866 3214 Disp.
919 3145 988 3198 40
1030 3143 1480 3213 Anti-Jansenii,
1511 3149 1647 3201 sect.
1693 3148 1744 3210 6,
1777 3160 1939 3201 num.
1974 3148 2067 3200 65.

376 3233 557 3303 Igitur
588 3231 635 3285 si
664 3247 780 3285 non
808 3229 1112 3296 mendacii,
1147 3230 1405 3285 falsitatis
1458 3235 1652 3288 tamen
1705 3239 1917 3304 aperte
1949 3250 2077 3288 reus

375 3320 729 3392 Augustinus
775 3319 928 3390 apud
972 3318 1356 3373 recentiorum
1399 3320 1654 3375 tribunal
1699 3321 2074 3377 convincitur.

376 3409 500 3473 Quo
529 3424 663 3462 vero
688 3407 838 3478 juste
868 3422 926 3461 se
966 3407 1045 3461 ita
1079 3407 1147 3461 de
1179 3408 1500 3477 Augustino
1526 3409 1812 3480 judicasse
1851 3426 2078 3481 persua-

378 3497 570 3567 deant,
627 3496 937 3551 nonnullos
990 3511 1096 3550 nec
1141 3495 1330 3550 infimi
1388 3497 1645 3553 subsellii
1697 3499 1988 3571 theologos
2017 3499 2078 3553 in

377 3590 545 3640 testes
596 3587 818 3644 vocant,
851 3582 951 3655 qui
981 3582 1174 3638 dixere
1211 3588 1470 3639 sanctum
1526 3586 1816 3642 doctorem
1879 3592 2080 3642 contra

378 3673 717 3745 Pelagianos
773 3672 1158 3744 disputantem
1223 3674 1548 3742 excessisse,
1600 3692 1848 3747 quorum
1907 3676 2080 3731 verba

377 3777 500 3834 cap.
537 3766 566 3817 5
599 3778 666 3817 ex
698 3762 953 3832 professo
985 3761 1470 3830 examinabimus;
1520 3765 1589 3819 de
1621 3765 1827 3820 sanctis
1864 3766 2080 3821 Thoma

380 3867 443 3906 ac
475 3852 870 3906 Bonaventura
900 3849 1026 3922 (hos
1069 3849 1225 3905 enim
1283 3851 1367 3906 illi
1418 3854 1738 3926 opponunt)
1779 3871 1958 3925 pauca
1988 3855 2080 3909 hic

379 3940 733 3995 adnotamus.
768 3940 910 3995 Cum
957 3939 1061 3994 sub
1090 3940 1396 4011 Augustini
1444 3943 1677 3997 nomine
1731 3943 2018 4014 legeretur
2048 3961 2079 3998 a

378 4028 668 4100 prioribus
695 4026 1040 4082 scholasticis
1081 4028 1228 4082 liber
1277 4029 1456 4084 sancti
1505 4029 1792 4102 Fulgentii
1841 4032 1910 4087 de
1943 4032 2078 4088 Fide

379 4119 450 4174 ad
480 4120 734 4185 Petrum,
783 4117 845 4171 in
870 4117 1031 4188 cujus
1060 4133 1185 4187 cap.
1219 4121 1283 4172 27
1347 4119 1622 4174 asseritur
1675 4136 1886 4191 pueros
1943 4137 2074 4176 cum

378 4207 499 4261 solo
533 4205 800 4278 originali
819 4209 1049 4276 peccato
1083 4205 1379 4261 defunctos
1409 4208 1560 4279 ignis
1587 4210 1919 4281 sempiterni
1951 4227 2079 4282 sup-

2171 487 2450 541 Tbomam
2481 491 2536 541 et
2586 491 2845 540 sanctum
2877 487 3347 553 Bonaventuram,
3399 484 3492 556 qui
3542 485 3694 540 hosce
3733 504 3802 542 ex-

2173 591 2361 629 cessus
2413 576 2474 629 in
2531 575 2690 630 libris
2743 575 2934 647 sancti
2975 574 3281 645 Augustini
3327 574 3556 629 confessi
3611 577 3802 630 sunt?»

2174 667 2309 735 Pag.
2342 667 2463 720 629.
2502 665 2694 736 Erigat
2744 669 3049 734 utramque
3107 679 3302 716 aurem
3331 663 3584 732 Adamus,
3627 664 3804 718 audiat-

2175 770 2286 825 que
2343 753 2480 825 quid
2534 769 2894 823 reponamus.
2930 754 3038 806 Vos
3079 751 3454 822 Augustinum
3493 751 3547 804 in
3595 768 3807 807 excessus

2174 843 2509 913 prolapsum
2541 841 2831 908 dictitatis,
2866 842 3014 912 quod
3048 845 3152 906 est,
3186 839 3430 893 veritatis
3460 840 3651 894 limites
3694 858 3807 911 prai-

2177 935 2524 1001 tergressum
2555 931 2744 993 fuisse,
2787 931 3057 984 intellectu
3084 945 3231 998 aeque
3276 945 3335 982 ac
3362 930 3548 990 verbis,
3581 929 3707 998 quod
3729 945 3809 984 non

2177 1025 2254 1073 est
2283 1021 2521 1085 mentiri,
2569 1019 2663 1073 sed
2698 1021 2846 1086 falli,
2896 1034 3024 1089 quae
3067 1017 3327 1072 Morainii
3355 1017 3619 1070 confessio
3649 1022 3744 1082 est;
3770 1023 3812 1070 at

2177 1107 2514 1178 Seraphicus
2549 1108 2754 1161 Doctor
2805 1122 3094 1160 excessum
3151 1105 3314 1159 illum
3373 1121 3485 1158 non
3530 1104 3809 1163 intellectui.

2179 1195 2276 1250 sed
2303 1196 2486 1250 verbis
2531 1200 2753 1249 tantum
2805 1193 3112 1265 Augustini
3141 1192 3450 1264 deputavit,
3497 1193 3613 1260 plus
3651 1192 3811 1255 dicens,

2178 1283 2386 1356 inquit,
2412 1287 2590 1340 minus
2648 1285 2826 1339 volens
2856 1283 3106 1349 intelligi,
3141 1280 3291 1352 quod
3335 1284 3435 1345 est,
3466 1284 3698 1333 sanctum
3727 1282 3814 1334 Au-

2180 1373 2472 1444 gustinum
2524 1390 2637 1428 non
2694 1377 2906 1439 mente,
2963 1371 3059 1425 sed
3102 1370 3438 1424 verbotenus
3487 1369 3814 1434 solummodo,

2179 1478 2297 1516 non
2327 1479 2546 1534 reapse,
2604 1462 2699 1516 sed
2761 1464 3102 1532 apparenter
3161 1459 3304 1512 citra
3351 1459 3520 1512 ullam
3567 1457 3816 1510 falsitatem

2183 1551 2521 1621 expressiori
2551 1551 2802 1622 quodam
2853 1549 3126 1603 vocabulo
3159 1565 3346 1611 usum,
3378 1563 3576 1617 nempe
3604 1548 3726 1613 ignis
3766 1546 3818 1599 ad

2180 1640 2487 1693 infantium
2519 1655 2713 1710 pcenas
2745 1637 3128 1710 explicandas,
3177 1651 3312 1691 cum
3359 1640 3545 1689 tamen
3574 1633 3626 1686 id
3672 1649 3728 1686 ex
3753 1634 3820 1687 Se-

2183 1727 2403 1797 raphici
2437 1727 2708 1798 opinione
2762 1725 2916 1780 haud
2963 1724 3058 1778 ille
3107 1727 3299 1778 mente
3357 1722 3600 1777 sentiret.
3645 1721 3819 1774 Adver-

2184 1816 2318 1870 sarii
2357 1820 2549 1870 autem
2607 1814 2984 1886 Augustinum
3014 1829 3330 1868 INTELLECI‘U
3383 1827 3534 1872 moue
3572 1827 3629 1864 ac
3673 1825 3819 1863 vanius

2183 1905 2390 1959 falsum
2420 1904 2669 1958 tenuisse
2699 1904 3072 1958 contendunt.

2255 1994 2375 2058 Qua
2401 2010 2536 2046 vero
2592 1992 2809 2047 ratione
2867 2008 2962 2046 eos
3020 1993 3432 2045 Bonaventura:
3487 1987 3818 2043 testimonium

2176 2082 2358 2154 juvet,
2392 2083 2559 2154 plane
2616 2097 2734 2135 non
2788 2081 2975 2144 video,
3029 2096 3159 2134 cum
3218 2094 3396 2150 quam
3450 2076 3819 2148 Augustiuiana

2183 2170 2366 2225 menti
2399 2169 2700 2224 falsitatem
2748 2168 2857 2240 ipsi
2881 2169 3214 2239 important,
3250 2166 3324 2220 ad
3367 2165 3561 2220 eadem
3605 2163 3820 2234 Seraphi-

2184 2275 2281 2314 cus
2310 2259 2509 2330 procul
2569 2262 2843 2312 amoveat.
2899 2258 3026 2311 Non
3057 2260 3140 2311 est
3167 2255 3350 2328 igitur
3387 2271 3485 2309 cur
3533 2253 3672 2308 illius
3711 2253 3818 2306 cele-

2185 2347 2418 2402 berrimi
2447 2346 2691 2401 doctoris
2723 2345 3059 2416 suffragium
3095 2344 3358 2416 jactetis:
3391 2344 3486 2398 ille
3517 2342 3676 2408 enim,
3703 2341 3820 2412 quod

2186 2436 2256 2490 ad
2304 2435 2610 2507 Augustini
2644 2451 2900 2489 excessus
2951 2433 3227 2506 pertinet,
3289 2433 3446 2487 nullo
3499 2436 3649 2502 pacto
3679 2429 3819 2482 vobis-

2186 2540 2314 2579 cum
2342 2523 2604 2579 concinit.
2653 2523 2762 2578 Sed
2805 2539 2991 2594 neque
3035 2521 3214 2576 sancti
3241 2522 3476 2576 Thomas
3525 2519 3712 2574 dictum
3753 2533 3822 2569 vo-

2185 2613 2273 2668 bis
2305 2613 2686 2684 sufl‘ragatur:
2733 2627 2866 2666 nam
2921 2611 3060 2666 dum
3117 2609 3260 2665 dicit
3303 2609 3673 2680 Augustinum
3713 2607 3822 2671 large

2187 2703 2461 2768 locutum,
2514 2701 2729 2755 indicat
2774 2700 2938 2754 illum
2995 2698 3324 2771 expressius
3375 2702 3594 2752 tantum
3640 2693 3824 2748 verbum

2187 2789 2534 2856 adhibuisse,
2613 2805 2732 2844 non
2787 2789 3052 2844 eumdem
3116 2786 3375 2842 veritatis
3427 2786 3597 2840 lineas
3647 2787 3824 2854 prater-

2187 2895 2464 2951 gressum.
2498 2881 2677 2949 Large
2734 2877 3129 2948 accipiendum
3159 2876 3402 2931 verbum
3448 2873 3583 2928 illud
3610 2872 3824 2933 afﬁrmat,

2187 2985 2299 3039 qua
2344 2967 2564 3022 ratione
2623 2967 2692 3021 ab
2748 2965 3083 3036 Augusnino
3138 2969 3439 3036 acceptum
3483 2961 3715 3017 credidit.
3757 2960 3824 3013 Et-

2187 3055 2343 3110 enim
2371 3059 2436 3110 ut
2463 3055 2686 3111 dicatur
2711 3054 3062 3125 Augustinus
3090 3054 3242 3107 ultra
3267 3055 3550 3110 ueritatem
3564 3049 3824 3121 processisse

2184 3145 2326 3216 (quo
2351 3145 2519 3199 modo
2549 3160 2806 3198 excessus
2837 3143 2992 3196 illius
3017 3142 3264 3214 explicat
3292 3142 3542 3197 Adamus
3570 3155 3684 3211 pag.
3714 3138 3822 3203 626),

2186 3233 2394 3300 stricte,
2445 3247 2636 3303 presse
2683 3249 2748 3287 ac
2807 3231 3042 3286 omnino
3095 3231 3358 3302 rigorose
3417 3228 3670 3284 dicendus
3717 3225 3825 3280 foret

2187 3323 2494 3393 sumpsisse
2541 3337 2751 3378 nomen
2803 3321 2950 3376 illud
2984 3321 3268 3391 supplicii,
3322 3319 3571 3390 itemque
3610 3317 3822 3386 gehennam

2186 3414 2480 3473 cruciatus,
2503 3420 2604 3464 etc.
2639 3426 2652 3477 ;
2683 3409 2823 3463 alias
2854 3409 2900 3462 si
2956 3410 3111 3480 large
3162 3409 3406 3480 accepit,
3455 3407 3598 3461 intra
3627 3401 3822 3458 veritatis

2186 3500 2466 3554 cancellos
2517 3515 2638 3553 sese
2694 3497 2964 3559 cohibuit.
3021 3497 3200 3568 Igitur
3256 3497 3436 3552 sancti
3490 3496 3570 3550 illi
3617 3495 3824 3549 doctores

2187 3593 2384 3641 contra
2434 3587 2817 3642 recentiorum
2869 3586 3077 3658 placita
3143 3586 3286 3640 adeo
3342 3591 3544 3657 aperte
3594 3585 3739 3648 stant,
3783 3583 3825 3631 ut

2185 3675 2398 3730 mirum
2431 3676 2503 3729 sit
2545 3675 2685 3730 adeo
2726 3675 3143 3730 inconsiderate
3167 3675 3338 3746 juxta
3369 3691 3434 3728 ac
3462 3688 3643 3727 secure
3670 3671 3824 3722 contra

2185 3764 2574 3836 Augustinum
2603 3763 2830 3830 adduci,
2864 3767 3035 3834 atque
3066 3763 3127 3817 in
3149 3779 3355 3818 eorum
3385 3761 3567 3817 verbis
3595 3763 3754 3814 tantos
3772 3753 3822 3806 ab

2187 3854 2404 3908 Adamo
2460 3869 2719 3907 rumores
2766 3857 2888 3907 toto
2937 3851 3121 3922 capite
3157 3851 3406 3924 septimo
3435 3847 3670 3905 excitari.
3717 3839 3826 3897 Illud

2186 3960 2320 3998 vero
2348 3943 2586 3998 minime
2617 3942 3000 3998 omittendum
3048 3946 3152 4008 est,
3207 3957 3387 4012 penes
3429 3940 3644 3995 unicam
3671 3931 3826 3990 dictio-

2191 4049 2323 4087 nem
2355 4037 2407 4087 et
2437 4032 2613 4087 semel
2643 4037 2872 4087 tantum
2894 4030 3070 4085 asseri
3121 4030 3188 4084 ab
3241 4030 3358 4085 illis
3392 4033 3637 4084 sanctum
3666 4026 3825 4079 Docto-

2188 4137 2314 4177 rem
2344 4121 2665 4192 expressius
2702 4122 2973 4175 locutum.
3007 4123 3078 4174 At
3115 4135 3230 4191 quo
3280 4118 3515 4173 crimine
3545 4133 3599 4170 se
3633 4111 3826 4168 involvet

2190 4210 2568 4265 ducentorum
2619 4214 2677 4263 et
2706 4207 2952 4278 amplius
3000 4205 3365 4266 voluminum
3396 4205 3644 4276 scriptor,
3672 4199 3710 4254 si
3736 4209 3824 4250 ver-

379 4295 550 4368 plicio
581 4294 793 4366 puniri,
826 4299 1050 4349 sanctus
1089 4295 1335 4349 Thomas
1366 4298 1537 4352 verba
1565 4301 1708 4366 ignis
1759 4316 1823 4354 ac
1865 4281 2076 4370 suppli-
2113 4299 2156 4354 D
2190 4299 2327 4352 bum
2359 4315 2473 4352 non
2525 4298 2604 4352 ita
2655 4297 2887 4368 proprie
2922 4295 3096 4350 semel
3143 4300 3370 4350 tantum
3416 4286 3723 4362 usurpavit?
3747 4281 3823 4338 Sed

379 4384 478 4452 cii,
530 4385 661 4451 etc.,
699 4382 858 4453 large
898 4381 1229 4452 accipienda
1288 4399 1408 4437 esse
1465 4385 1627 4449 dixit,
1687 4393 1889 4458 quaast.
1935 4391 1964 4442 5
2009 4389 2078 4444 de

379 4472 544 4536 Malo,
565 4475 670 4524 art.
704 4470 762 4538 2,
804 4474 866 4523 ut
895 4473 1143 4540 ponatur
1165 4469 1381 4540 species
1419 4488 1525 4543 pro
1539 4489 1788 4544 genere;
1831 4476 2076 4533 addens:

383 4577 410 4609 «
443 4558 574 4612 Ideo
605 4561 797 4610 autem
836 4557 1014 4611 sancti
1051 4557 1150 4611 tali
1192 4559 1360 4613 modo
1400 4560 1677 4632 loquendi
1713 4564 1801 4618 usi
1834 4571 1984 4628 sunt,
2022 4569 2081 4620 ut

382 4644 775 4701 detestabilem
822 4645 1127 4700 redderent
1168 4662 1418 4703 errorem
1473 4651 1938 4728 Pelagianorum,
1981 4654 2081 4725 qui

381 4734 712 4789 asserebant
745 4733 807 4788 in
857 4733 1107 4804 parvulis
1165 4734 1391 4791 nullum
1445 4754 1566 4793 esse
1617 4746 1933 4810 peccatum,
1976 4758 2080 4796 nec

381 4822 462 4879 eis
489 4837 718 4894 pcenam
761 4821 1016 4892 aliquam
1047 4823 1260 4880 deberi.
1310 4846 1338 4875 »
1398 4827 1635 4882 Sanctus
1687 4831 2079 4886 Bonaventura

380 4912 556 4968 etiam
611 4910 768 4966 idem
811 4911 1222 4981 testimonium,
1269 4915 1422 4986 quod
1463 4918 1947 4988 Augustinianum
1980 4937 2080 4990 pu-

377 5000 538 5065 tavit,
569 5000 876 5070 explicans,
895 4999 1035 5054 dixit
1064 5002 1219 5072 quod
1250 5018 1316 5057 ea
1347 5005 1540 5074 posuit
1572 5007 1926 5077 Augustinus
1950 5010 2078 5077 plus

379 5089 578 5154 dicens,
631 5093 682 5144 et
724 5089 904 5143 minus
963 5090 1141 5145 volens
1200 5093 1448 5161 intelligi,
1513 5094 1572 5148 in
1629 5095 1837 5166 quibus
1891 5097 2079 5151 verbis

376 5177 740 5248 triumphum
796 5177 907 5231 sibi
960 5183 1173 5234 canunt
1225 5181 1551 5237 adversarii.
1611 5185 1833 5239 INSIGNE
1886 5201 2077 5241 mcrun

379 5265 698 5335 appellatur
726 5265 794 5320 ab
829 5265 1068 5336 Adamo,
1103 5268 1162 5322 in
1204 5267 1368 5323 titulo
1400 5286 1523 5341 cap.
1557 5275 1611 5325 7.
1671 5273 1877 5327 Eadem
1909 5273 2079 5328 verba

374 5353 652 5416 Annatus,
683 5351 782 5407 lib.
816 5369 934 5423 VIII,
980 5370 1029 5409 c.
1081 5357 1136 5421 2,
1198 5356 1602 5426 grandioribus
1655 5359 2077 5415 characteribus

378 5438 674 5511 expressit,
730 5455 845 5512 quo
887 5442 1080 5498 statim
1122 5444 1437 5515 legentium
1485 5447 1676 5501 oculos
1737 5448 2072 5519 implerent;

374 5527 510 5584 hinc
538 5527 746 5584 clamat
767 5529 1016 5585 Adamus
1043 5547 1055 5589 :
1090 5553 1111 5582 ι
1149 5533 1294 5600 Quid
1353 5539 1634 5605 reponent
1663 5536 1843 5590 nostri
1875 5537 2074 5592 adver-

2189 4388 2280 4441 hic
2312 4387 2658 4441 adversarios
2687 4401 2956 4457 rogamus
2986 4384 3230 4440 verbone
3288 4399 3405 4438 uno
3453 4386 3661 4437 tantum
3701 4378 3825 4428 tenus

2188 4476 2443 4530 docuerit
2471 4474 2822 4546 Augustinus
2847 4472 3414 4545 preedestinationem
3466 4473 3592 4524 ante
3639 4461 3825 4536 ρτωνίδε

2187 4564 2411 4629 merita,
2447 4564 2745 4619 libidinem
2777 4579 2897 4618 esse
2953 4562 3183 4628 malam,
3235 4562 3422 4632 legem
3465 4563 3695 4612 veterem
3733 4549 3824 4602 sine

2187 4653 2580 4723 Redemptoris
2601 4653 2783 4724 gratia
2813 4668 2936 4706 reos
2969 4655 3190 4706 tantum
3217 4651 3424 4716 facere,
3471 4647 3579 4702 no'n
3609 4659 3712 4699 esse
3738 4638 3827 4691 abs-

2187 4755 2297 4810 que
2330 4741 2517 4811 gratia
2561 4756 2716 4794 veras
2764 4738 3004 4794 virtutes
3050 4738 3109 4792 in
3163 4737 3509 4798 infidelibus,
3561 4733 3617 4786 in
3663 4725 3826 4811 quibus

2188 4810 2429 4899 aliisque
2457 4827 2722 4899 plurimis
2775 4827 3080 4882 excessisse
3124 4826 3289 4882 illum
3347 4820 3669 4897 publicant?
3703 4810 3826 4870 Haud

2187 4916 2457 4988 equidem
2522 4916 2692 4971 credo
2781 4915 2839 4971 id
2891 4931 2988 4970 eos
3037 4915 3443 4980 afﬁrmaturos,
3472 4927 3595 4966 cum
3645 4906 3826 4959 sanctus

2185 5007 2384 5060 doctor
2411 5022 2530 5059 non
2577 5005 2764 5060 solum
2821 5005 3085 5076 pluribus
3137 5001 3489 5074 argumentis
3540 5014 3626 5053 eas
3652 4994 3828 5048 senten-

2185 5095 2293 5150 tias
2370 5094 2623 5148 stabilire
2700 5099 2936 5148 conatus
2997 5093 3087 5158 sit,
3149 5093 3244 5146 sed
3311 5090 3592 5145 universas
3639 5088 3826 5153 quoque

2186 5183 2397 5237 summi
2447 5181 2666 5253 ingenii
2728 5181 2876 5236 vires
2931 5181 3000 5236 ad
3029 5181 3256 5235 easdem
3316 5171 3708 5250 persuadendas
3732 5179 3828 5218 exe-

2185 5272 2387 5337 ruerit,
2421 5271 2534 5325 imo
2565 5275 2621 5325 et
2653 5270 2931 5342 quasdam
2961 5269 3045 5324 uti
3085 5269 3388 5324 catholicas
3435 5261 3700 5321 habendas
3729 5267 3823 5307 esse

2185 5360 2543 5416 contenderit
2595 5361 2715 5414 Non
2757 5359 2865 5414 hoc
2894 5363 2998 5425 est,
3029 5359 3165 5413 boni
3196 5357 3474 5423 homines,
3517 5353 3634 5423 plus
3661 5346 3821 5402 dicere,

2184 5454 2234 5504 et
2262 5453 2442 5504 minus
2463 5450 2594 5503 velle
2624 5450 2888 5515 intelligi;
2938 5464 3058 5502 non
3087 5448 3194 5503 hoc
3223 5450 3309 5501 est
3355 5447 3500 5511 large
3543 5438 3693 5527 unica
3727 5437 3821 5527 tall'

2184 5542 2307 5592 tum
2339 5554 2493 5606 voce,
2525 5541 2580 5591 et
2611 5537 2788 5592 semel
2843 5537 3076 5608 quidem
3133 5536 3211 5591 uti
3244 5555 3255 5600 ;
3318 5533 3413 5588 sed
3454 5529 3579 5601 quid
3608 5525 3686 5588 sit,
3725 5525 3819 5589 lam
