3946 6176
96 216 206 267 597
256 192 263 193 7

1437 217 1767 273 VINDICIA‘]
1804 216 2348 275 AUGUSTINIANE.

3543 229 3647 283 598

94 339 287 406 puto,
324 352 427 391 vos
461 335 688 399 videtis,
718 337 855 392 dum
888 341 1213 393 sanctorum
1273 339 1527 395 Thomas
1562 345 1618 395 et
1645 341 1827 395 Bona-
1866 340 1911 396 A
1948 356 2115 394 suum
2146 341 2305 413 origo
2336 341 2576 397 dicenda
2603 345 2689 397 est
2721 358 2734 398 :
2766 340 2978 397 etenim
3008 341 3057 397 si
3084 342 3437 414 Augustinus
3465 362 3495 401 e
3523 363 3640 403 ros-

96 430 394 480 venturas
424 426 708 498 suffragiis
734 427 995 481 destituti
1027 428 1452 483 convincimini.

182 516 407 569 Risum
432 531 565 568 sane
618 515 763 569 mihi
822 521 1053 570 movent
1106 518 1296 586 lepida
1349 520 1607 589 exempla
1641 535 1833 573 recen-

97 602 351 658 tiorum
403 604 711 674 Augustini
752 620 1009 658 excessus
1049 604 1476 676 explicantium,
1527 608 1643 661 imo
1692 608 1834 661 forte

97 692 527 746 excusantium
561 709 573 746 :
610 712 636 743 α
665 692 753 747 Uti
780 693 1039 746 viridarii
1059 696 1323 759 cultores,
1347 696 1537 767 inquit
1561 698 1829 762 Adamus,

98 795 246 851 cap.
283 784 344 845 8,
375 798 510 852 pag.
552 785 672 848 111,
706 782 1005 835 distortam
1054 784 1310 852 plantam
1344 785 1607 850 erecturi,
1639 785 1697 838 in
1731 803 1834 856 op-

102 869 381 940 positam
427 875 647 940 partem
698 872 957 925 eamdem
1003 872 1256 937 ﬂectunt,
1308 890 1419 927 non
1465 876 1614 945 quod
1665 890 1731 928 eo
1775 875 1836 928 in

108 958 235 1012 situ
269 963 426 1012 stare
459 959 616 1013 illam
673 961 888 1025 volunt,
946 962 1037 1014 sed
1092 966 1153 1015 ut
1183 961 1402 1016 facilius
1432 962 1492 1016 in
1548 963 1836 1017 rectitudi-

106 1063 257 1102 nem
291 1048 609 1113 attollatur,
643 1048 722 1101 ita
752 1049 965 1118 pariter
990 1050 1361 1119 Augustinus,
1395 1051 1582 1122 inquit
1633 1051 1835 1106 Morai-

108 1136 277 1201 nius,
306 1136 466 1207 disp.
499 1140 585 1202 19,
616 1153 774 1190 num.
805 1137 1461 1207 35,disputandocontra
1475 1140 1831 1209 Pelagianos,

111 1224 223 1296 qui
251 1241 392 1278 cum
452 1225 625 1278 nimis
664 1226 1002 1280 extollerent
1052 1227 1199 1281 vires
1229 1229 1517 1282 naturales
1546 1229 1711 1282 liberi
1743 1246 1832 1282 ar-

111 1314 314 1380 bitrii,
351 1313 822 1385 afﬁrmarentque
852 1315 1113 1369 sufficere
1153 1316 1273 1369 sine
1302 1316 1485 1386 gratia
1514 1332 1632 1370 non
1663 1317 1833 1371 modo

110 1404 189 1458 ad
244 1404 496 1458 virtutes
527 1405 816 1457 naturales
845 1420 1231 1475 quascunque,
1294 1406 1386 1459 sed
1426 1406 1600 1459 etiam
1640 1407 1709 1460 ad
1740 1423 1832 1459 sa-

109 1493 337 1560 lutem,
378 1492 732 1565 Augustinus
775 1498 839 1546 ut
882 1493 1009 1547 illos
1046 1494 1117 1547 ab
1164 1510 1230 1546 eo
1257 1510 1447 1547 errore
1478 1495 1740 1559 abducat,
1772 1494 1833 1548 in

107 1582 484 1636 contrarium
521 1587 836 1635 extremum
867 1586 1010 1635 aestu
1060 1581 1461 1651 disputationis
1520 1583 1703 1652 abripi
1738 1583 1829 1637 in-

112 1670 359 1724 terdum
390 1670 634 1724 videtur.
670 1690 699 1722 »
732 1672 871 1725 Cum
904 1687 1017 1741 quo
1046 1671 1353 1724 concinens
1382 1671 1533 1725 idem
1582 1671 1834 1725 Adamus

115 1758 345 1825 scribit,
379 1775 501 1829 cap.
540 1764 597 1829 7,
628 1775 757 1830 pag.
792 1762 916 1822 631,
955 1780 977 1808 ι
1013 1759 1399 1829 Augustinum
1465 1775 1597 1813 suos
1646 1760 1836 1814 hostes

117 1849 185 1902 in
217 1852 482 1901 extrema
513 1848 832 1917 periculosa
888 1847 1221 1917 conjecisse,
1252 1863 1367 1901 non
1403 1851 1465 1901 ut
1511 1863 1604 1901 eos
1633 1847 1714 1901 ibi
1743 1864 1834 1901 re-

112 1934 437 2003 linqueret,
466 1934 561 1987 sed
593 1938 655 1987 ut
685 1934 915 1988 eosdem
945 1934 1017 1987 ad
1070 1934 1543 2001 mediocritatem,
1573 1934 1723 1987 unde
1762 1934 1832 1988 il—

122 2024 215 2077 los
246 2022 487 2075 haaresis
513 2022 885 2087 abstraxerat,
930 2026 1235 2075 revocaret.
1281 2041 1308 2073 η
1349 2024 1421 2075 At
1466 2022 1592 2088 quis
1622 2022 1836 2076 nesciat

118 2110 394 2164 futurum
425 2110 599 2163 fuisse
631 2126 697 2163 eo
723 2114 886 2180 pacto
906 2110 1290 2181 Augustinum
1314 2110 1573 2181 ineptum
1604 2127 1834 2181 prorsus

119 2203 307 2269 atque
360 2198 785 2268 imprudentem
844 2198 1277 2268 disputatorem,
1314 2202 1361 2252 si
1400 2204 1517 2253 toto
1547 2200 1686 2254 coelo
1740 2216 1835 2270 op-

117 2288 385 2358 positam
433 2288 773 2341 sententiam
804 2291 999 2341 contra
1032 2288 1362 2358 Pelagianos
1393 2294 1828 2359 propugnasset,

121 2392 245 2446 quo
287 2377 361 2430 ab
409 2392 600 2430 errore
650 2376 779 2429 illos
838 2376 1175 2430 reduceret?
1205 2376 1424 2430 Etenim
1476 2393 1603 2430 cum
1640 2377 1834 2431 omnia

122 2464 211 2518 illi
236 2464 421 2519 libero
459 2464 695 2518 arbitrio
729 2464 949 2530 darent,
983 2466 1139 2518 nullo
1179 2464 1377 2534 gratiae
1409 2466 1533 2519 loco
1591 2470 1829 2533 servato,

122 2555 292 2609 illam
314 2570 345 2607 e
378 2554 656 2608 diametro
685 2553 993 2624 Augustini
1049 2553 1410 2617 sententiam,
1442 2570 1555 2624 qua
1609 2570 1713 2623 per
1739 2570 1833 2608 ex-

120 2658 354 2696 cessum
389 2641 532 2695 nihil
563 2641 744 2695 libero
798 2641 1034 2695 arbitrio
1065 2642 1393 2708 concedere,
1427 2642 1519 2696 sed
1552 2642 1745 2696 omnia
1772 2643 1831 2697 in

114 2732 254 2800 jure
288 2731 492 2800 gratia:
522 2746 800 2801 reponere
841 2730 1157 2795 videbatur,
1206 2730 1649 2784 obstinatissime
1705 2732 1832 2785 sub-

124 2820 382 2873 scribere
412 2824 782 2874 recusassent.
839 2820 1028 2889 Longe
1087 2818 1289 2872 melius
1344 2818 1568 2872 fecisset
1613 2821 1831 2889 Augus-

124 2907 304 2970 tinus,
340 2906 390 2959 si
419 2906 682 2976 qumdam
719 2905 897 2960 libero
927 2905 1163 2959 arbitrio
1211 2909 1267 2959 et
1318 2906 1581 2976 quaedam
1628 2907 1827 2976 gratiae
1869 2934 1906 2989 ρ

124 2996 303 3049 etiam
336 2994 604 3061 dedisset,
641 2998 706 3048 ut
753 2995 879 3049 illos
933 2994 1002 3048 ab
1059 3010 1250 3047 errore
1305 3000 1661 3049 removeret:
1693 2994 1829 3049 faci-

127 3083 241 3135 lius
269 3082 427 3136 enim
460 3083 703 3153 quisque
734 3082 803 3135 ab
837 3087 1089 3136 extremo
1120 3082 1191 3136 ad
1235 3082 1511 3150 medium,
1546 3099 1720 3154 quam
1759 3082 1830 3136 ad

128 3177 452 3224 extremum
491 3172 734 3224 alterum
766 3161 1126 3241 propellitur.
1163 3170 1303 3224 Hinc
1333 3177 1559 3225 sanctus
1588 3173 1831 3225 Thomas

128 3257 398 3327 superius
423 3256 565 3311 dixit
595 3256 981 3326 Augustinum
1012 3258 1161 3325 large
1201 3258 1474 3326 locutum,
1507 3275 1621 3313 non
1675 3263 1737 3312 ut
1766 3274 1831 3311 ea

131 3345 423 3400 locutione
480 3345 777 3400 haereticos
829 3345 890 3398 in
947 3361 1107 3398 suam
1164 3346 1501 3401 sententiam
1560 3348 1828 3414 traheret,

132 3436 229 3490 sed
263 3440 327 3488 ut
363 3434 734 3489 haeretiorum
783 3450 1034 3488 errorem
1086 3434 1342 3491 redderet
1397 3436 1684 3490 catholicis
1716 3453 1829 3499 ma:

132 3525 217 3595 gis
250 3523 667 3578 detestabilem.
699 3524 780 3577 Ita
823 3523 870 3575 si
909 3523 1251 3577 recentiores
1307 3528 1556 3578 veterem
1612 3524 1832 3594 opinio-

135 3629 263 3667 nem
294 3612 364 3666 de
412 3610 636 3665 auxiliis
684 3627 888 3665 exuere
940 3616 1301 3680 cogerentur,
1334 3612 1555 3665 facilius
1606 3612 1832 3666 descen-

133 3702 335 3754 derent
365 3699 425 3753 in
457 3698 797 3753 sententiam
831 3699 1124 3753 moraliter
1176 3699 1473 3753 arbitrium
1519 3701 1830 3770 praedeter-

136 3789 472 3853 minantem,
500 3804 672 3859 quam
706 3788 766 3841 in
792 3786 1099 3858 illam'quaa
1132 3787 1420 3858 physicam
1452 3789 1832 3858 prmdetermi-

134 3879 427 3932 nationem
459 3877 679 3943 astruit,
714 3878 860 3930 hanc
885 3876 1037 3930 enim
1070 3876 1312 3929 nimium
1337 3876 1526 3930 odere.
1556 3878 1831 3933 Ridendse

136 3966 310 4020 etiam
343 3966 579 4019 veniunt
634 3981 817 4019 causa;
847 3965 916 4019 ab
953 3963 1289 4019 adversariis
1329 3965 1647 4034 assignatas,
1702 3983 1831 4037 quas

136 4052 521 4125 Augustinum
550 4053 611 4107 in
639 4069 900 4107 excessus
932 4053 1061 4107 illos
1090 4052 1391 4123 impulere.
1462 4055 1591 4107 Haec
1645 4055 1831 4124 loqui-

136 4148 227 4198 tur
258 4142 532 4209 Adamus,
594 4158 727 4212 pag,-
758 4143 897 4196 024:
944 4162 967 4191 ι
1000 4141 1185 4212 Ipsius
1244 4141 1497 4212 corporis
1549 4147 1830 4213 tempera-

1945 429 2049 483 tris
2079 435 2277 484 contra
2326 431 2661 501 Pelagianos
2718 416 3111 503 declamasset,
3151 448 3311 487 more
3352 433 3646 492 rhetorum

1945 534 2059 571 non
2091 524 2209 573 tam
2238 519 2529 574 rationum
2574 521 2880 575 momentis
2909 537 3082 593 quam
3130 523 3433 578 verborum
3484 527 3648 596 copia

1946 606 2246 676 insultans,
2300 614 2592 680 utcunque
2648 610 2981 679 hyperbole,
3036 610 3142 665 hoc
3194 616 3299 680 est,
3348 613 3645 669 veritatem

1946 697 2229 750 sententia
2255 698 2562 752 excedente
2616 698 2719 751 uti‘
2738 698 3040 768 potuisset,
3095 715 3159 753 ac
3213 701 3493 755 nonnulla
3542 719 3649 772 per

1946 785 2445 855 exaggerationem
2476 785 2706 852 addere,
2736 802 2865 856 quas
2910 792 3204 841 oratorum
3263 788 3491 844 licentia
3539 795 3645 845 est.

1944 876 2013 927 At
2038 890 2170 927 cum
2203 874 2490 945 dogmata,
2527 891 2655 944 quae
2709 892 2813 945 per
2842 892 3133 929 excessum
3179 878 3500 947 Augustino
3553 895 3646 933 ex-

1944 961 2145 1015 cidisse
2178 962 2394 1029 dicunt,
2427 966 2511 1016 tot
2538 963 2895 1032 argumentis
2933 964 3308 1033 conﬁrmarit,
3354 969 3524 1035 atque
3577 983 3643 1020 ex

1944 1050 2117 1104 sacris
2148 1052 2368 1105 arcanis
2400 1052 2594 1121 petitis
2626 1051 2967 1105 testimoniis
3021 1056 3179 1106 tanto
3219 1058 3419 1107 conatu
3471 1055 3645 1108 stabi-

1946 1138 2157 1206 liverit,
2186 1144 2247 1193 ut
2303 1144 2594 1194 sexcentos
2624 1145 2681 1194 et
2711 1140 2958 1210 amplius
3012 1157 3206 1194 versus
3253 1140 3465 1196 eisdem
3521 1159 3646 1197 sua-

1945 1227 2145 1282 dendis
2176 1244 2290 1281 non
2322 1229 2498 1282 semel
2529 1229 2864 1293 exaraverit,
2922 1228 3076 1283 haud
3125 1229 3390 1299 equidem
3440 1247 3644 1285 vanam

1946 1316 2189 1369 oratoris
2228 1332 2499 1387 pompam
2552 1332 2654 1387 per
2704 1316 3075 1387 hyperbolem
3127 1318 3414 1372 affectasse
3458 1319 3647 1373 dicen-

1945 1400 2051 1469 dus
2093 1406 2198 1465 est,
2228 1403 2327 1456 sed
2369 1404 2563 1474 potius
2593 1403 2745 1473 ipsas
2798 1404 3086 1474 periodos,
3143 1404 3260 1458 imo
3304 1405 3474 1460 verba
3523 1405 3647 1476 ipsa

1943 1489 2077 1542 satis
2109 1495 2330 1545 mature
2361 1492 2727 1561 ponderasse,
2761 1492 2874 1558 tuti
2932 1493 3016 1545 rei
3063 1492 3331 1564 dignitas,
3388 1492 3647 1565 tantique

1943 1578 2190 1633 doctoris
2218 1580 2465 1650 gravitas
2496 1584 2551 1634 et
2576 1581 2857 1651 sapientia
2886 1581 3206 1650 exigebant.
3260 1584 3435 1636 Porro
3492 1586 3548 1635 et
3578 1583 3645 1635 il-

1872 1636 1914 1690 Β
1945 1667 2042 1720 lud
2073 1667 2379 1722 ridiculum
2434 1673 2535 1733 est,
2585 1684 2652 1722 ea:
2696 1670 3094 1724 Platonicorum
3143 1686 3323 1724 amore
3375 1670 3645 1741 Augusti-

1945 1772 2084 1809 num
2114 1755 2175 1809 in
2205 1772 2302 1809 eos
2361 1772 2617 1810 excessus
2676 1757 3033 1827 prolapsum.
3091 1759 3352 1828 Impense
3412 1758 3647 1829 quidem

1942 1844 2297 1914 Augustinus
2326 1844 2647 1898 Platonicos
2699 1845 2893 1913 coluit,
2942 1850 3114 1917 atque
3163 1846 3223 1899 in
3276 1862 3475 1900 eorum
3513 1847 3646 1900 scri-

1941 1931 2053 2003 ptis
2083 1948 2307 1986 summa
2335 1948 2465 1985 cum
2514 1932 2679 1987 laude
2710 1938 2962 1987 versatus
3021 1934 3146 2000 fuit,
3180 1935 3335 2005 quod
3360 1950 3425 1989 ex
3483 1934 3644 1989 libris

1942 2026 2140 2075 contra
2170 2021 2535 2076 Academicos
2584 2022 2822 2075 exaratis
2859 2022 3219 2092 intelligitur.
3251 2025 3323 2077 At
3352 2023 3642 2094 quomodo

1941 2127 2006 2164 ex
2040 2126 2239 2164 eorum
2268 2109 2508 2164 lectione
2558 2110 2620 2164 in
2654 2111 3135 2181 disputationibus
3167 2111 3235 2165 de
3291 2111 3483 2166 divina
3514 2127 3640 2182 gra-

1942 2199 2022 2253 tia
2052 2200 2199 2253 ultra
2229 2199 2411 2253 lineas
2450 2199 2785 2253 necessariae
2837 2199 3089 2253 veritatis
3146 2200 3539 2265 exundaverit,
3570 2215 3644 2254 ne

1945 2287 2222 2358 suspicari
2253 2288 2487 2358 quidem
2519 2304 2864 2359 possumus;
2892 2288 3009 2341 imo
3040 2304 3141 2342 nec
3196 2288 3255 2342 id
3306 2288 3549 2356 Adamo,
3579 2288 3645 2342 li-

1939 2382 2028 2431 cet
2057 2377 2325 2430 audacter
2350 2376 2680 2443 aflirmauti,
2739 2378 3034 2447 cognitum
3090 2376 3263 2430 fuisse
3300 2382 3461 2447 puto.
3503 2377 3643 2440 Qua:

1940 2466 2092 2520 enim
2121 2466 2318 2535 gratias
2347 2466 2520 2519 virtus
2579 2482 2647 2519 ex
2680 2466 3103 2520 Platonicorum
3158 2465 3320 2519 libris
3352 2465 3595 2519 habetur
3615 2464 3643 2520 ?

1940 2553 2058 2608 Nisi
2088 2553 2245 2607 malit
2274 2553 2556 2624 impetum
2612 2553 2775 2607 illum
2813 2554 3157 2624 disputando
3186 2553 3527 2623 Augustino,
3578 2558 3644 2607 ut

1938 2643 2039 2709 ait,
2088 2641 2433 2696 familiarem
2488 2657 2518 2695 e
2578 2643 3004 2696 Platonicorum
3081 2642 3276 2695 schola
3334 2642 3638 2707 derivasse,

1941 2732 2093 2801 quod
2127 2747 2255 2784 cum
2284 2747 2348 2784 ex
2381 2746 2583 2783 eorum
2614 2730 2774 2783 libris
2806 2746 2909 2783 nec
2966 2729 3243 2797 Plotinus,
3297 2744 3400 2782 nec
3452 2728 3637 2796 Philo,

1937 2836 2043 2873 nec
2077 2818 2300 2872 Ficinus
2351 2817 2712 2883 tradiderint,
2757 2818 2825 2870 ab
2879 2817 3004 2886 ipso
3034 2817 3253 2870 Adamo
3283 2816 3341 2870 id
3382 2832 3642 2887 compro-

1938 2907 2189 2961 bandum
2223 2909 2329 2973 est,
2360 2904 2566 2958 veteris
2622 2903 2945 2958 Academiae
3003 2904 3162 2958 libris
3215 2903 3479 2958 excussis.
3528 2905 3638 2959 Sed

1939 3011 2127 3066 neque
2160 3009 2416 3047 excessus
2444 2992 2527 3046 illi
2570 3008 2636 3046 ear:
2683 2993 2827 3060 odio,
2858 3008 2961 3061 quo
3006 2994 3349 3059 Augustinus
3392 2995 3638 3047 veritatis

1940 3085 2112 3138 hostes
2134 3082 2582 3153 prosequebatur,
2611 3081 2893 3152 originem
2925 3082 3178 3135 habuere
3208 3098 3221 3135 :
3248 3098 3382 3135 nam
3413 3086 3639 3135 sanctus

1940 3174 2126 3240 Pater,
2158 3187 2286 3225 cum
2318 3176 2514 3224 contra
2559 3169 2858 3224 hzereticos
2916 3170 3217 3235 scribebat,
3273 3186 3470 3224 omnes
3522 3169 3639 3224 odii

1938 3278 2137 3315 causas
2164 3276 2221 3313 se
2252 3259 2450 3329 procul
2499 3259 2710 3313 habere
2750 3258 3188 3328 protestabatur.
3253 3258 3453 3312 Nullus
3504 3272 3640 3312 con-

1936 3353 2026 3404 tra
2053 3347 2443 3419 Augustinum
2473 3362 2661 3417 neque
2695 3346 2992 3412 infensior,
3026 3362 3214 3416 neque
3244 3344 3507 3400 infestior
3546 3347 3640 3399 Ju-

1938 3439 2091 3493 liano
2122 3436 2301 3492 hostis
2327 3435 2655 3501 insurrexit,
2692 3440 2753 3489 ut
2776 3436 2946 3506 plane
2994 3435 3326 3490 universum
3384 3434 3639 3505 Pelagia-

1937 3542 2143 3581 norum
2172 3525 2327 3579 virus
2345 3523 2517 3578 unius
2544 3523 2753 3578 Juliani
2786 3540 2884 3578 ore
2914 3524 2974 3578 in
3000 3524 3388 3595 Augustinum
3419 3528 3637 3578 crucia-

1937 3620 2061 3670 tum
2090 3614 2262 3669 fuisse
2287 3612 2567 3667 videatur.
2622 3615 2693 3667 At
2738 3628 2855 3667 non
2904 3613 3088 3667 solum
3120 3612 3262 3667 citra
3291 3612 3485 3667 odium
3517 3618 3640 3683 sty-

1938 3705 2058 3758 lum
2131 3706 2329 3757 contra
2393 3701 2661 3756 eumdem
2725 3701 3082 3772 Augustinus
3135 3702 3382 3767 strinxit,
3442 3716 3641 3754 verum

1939 3792 2112 3846 etiam
2142 3792 2264 3845 haec
2294 3805 2549 3844 amorem
2589 3805 2725 3859 erga
2780 3790 3005 3844 hostem
3067 3793 3125 3843 et
3180 3789 3412 3859 quidem
3467 3788 3641 3842 maxi-

1940 3895 2099 3934 mum
2148 3876 2523 3949 exprimentia
2577 3876 2801 3946 scripsit
2859 3876 2954 3930 lib.
3012 3893 3029 3929 ι
3082 3880 3279 3929 contra
3323 3875 3636 3944 lulianum,

1939 3985 2057 4040 cap.
2088 3973 2118 4021 7
2152 3985 2164 4021 :
2198 3988 2225 4017 ς
2259 3968 2372 4037 Ego
2404 3966 2639 4037 quidem
2668 3981 2772 4034 pro
2822 3963 3122 4018 dilectione
3178 3978 3308 4034 quae
3358 3961 3499 4016 mihi
3554 3966 3641 4017 est

1940 4071 2075 4126 erga
2105 4059 2180 4121 te,
2215 4069 2389 4125 quam
2425 4056 2538 4106 Deo
2569 4051 2821 4121 propitio
2854 4050 3207 4121 quibuslibet
3233 4048 3513 4104 conviciis'
3538 4049 3637 4104 ab-

1941 4143 2032 4209 sit,
2077 4147 2142 4196 ut
2188 4142 2257 4196 de
2297 4139 2565 4195 medullis
2613 4138 2730 4192 mei
2777 4138 2965 4193 cordis
3026 4137 3322 4209 exstirpes,
3382 4137 3637 4202 mallem,

138 4237 417 4297 mentum,
467 4229 649 4300 ipsius
677 4230 934 4300 genium,
965 4230 1144 4302 ipsius
1174 4230 1519 4300 eloquentia,
1566 4232 1831 4287 veritates
1859 4226 1903 4280 D
1942 4232 2024 4287 fili
2062 4230 2304 4296 Iuliane,
2358 4249 2385 4279 ι)
2442 4232 2549 4283 etc.
2608 4228 2791 4292 Quare
2851 4242 2980 4280 cum
3050 4241 3249 4280 omnes
3306 4240 3638 4280 excessuum

137 4319 271 4375 lidei
310 4319 689 4390 pertractandi
736 4319 939 4373 modus
984 4320 1167 4373 eidem
1219 4319 1534 4386 familiaris,
1595 4337 1834 4391 magnus

138 4425 273 4479 erga
306 4407 623 4462 Platonicos
653 4423 829 4471 amor,
867 4423 1114 4477 quorum
1146 4407 1465 4476 excogitata
1494 4408 1834 4479 plerumque

140 4497 342 4552 altiora
394 4500 545 4562 sunt,
597 4495 907 4565 odiumque
961 4495 1021 4548 in
1078 4511 1274 4548 omnes
1335 4495 1587 4549 veritatis
1644 4496 1835 4550 hostes

140 4583 523 4655 Augustinum
554 4584 611 4637 in
641 4583 1058 4655 propositiones
1096 4587 1238 4638 adeo
1291 4587 1631 4654 apparenter
1678 4583 1834 4637 inso-

138 4676 318 4729 lentes
368 4674 678 4743 conjecere.
740 4692 769 4723 π
824 4672 985 4726 Afros
1062 4672 1383 4727 fervidioris
1450 4677 1670 4727 naturas
1731 4673 1835 4727 sub

138 4763 276 4817 coelo
305 4761 560 4815 calidiori
590 4760 870 4826 novimus,
903 4764 958 4813 at
988 4776 1058 4813 an
1089 4760 1442 4830 Augustinus
1486 4760 1666 4814 calido
1696 4764 1838 4813 tem-

140 4855 472 4923 peramento
502 4850 672 4904 fuerit
708 4865 853 4903 unus
890 4849 1145 4902 Adamus
1190 4849 1311 4903 sine
1362 4852 1505 4903 teste
1551 4848 1835 4915 affirmet;

142 4956 248 5010 ego
281 4937 511 5010 quidem
537 4954 653 4991 non
682 4936 890 5007 ignoro
924 4941 1182 4990 sanctum
1215 4937 1506 4991 doctorem
1535 4936 1725 4990 minus
1746 4935 1839 4989 fri-

147 5028 299 5101 goris
352 5027 663 5096 patientem
719 5026 893 5080 fuisse
965 5041 1033 5079 ex
1101 5024 1265 5095 epist.
1337 5028 1461 5086 227,
1528 5030 1586 5079 at
1635 5030 1837 5094 pacato

150 5116 335 5171 animo
368 5121 423 5169 et
448 5114 642 5168 sedato
683 5114 894 5185 stylum
945 5118 1141 5167 contra
1194 5112 1494 5167 haereticos
1550 5113 1839 5167 strinxisse

149 5208 497 5275 compertum
528 5208 631 5269 est,
668 5203 750 5257 uti
788 5219 917 5257 mox
979 5201 1402 5256 demonstrabo.
1452 5200 1686 5255 Interim
1739 5202 1842 5255 mi-

156 5292 266 5347 rari
297 5292 426 5347 licet
468 5292 774 5363 Augustini
830 5291 1064 5362 genium
1110 5290 1333 5346 homini
1380 5294 1509 5361 post
1542 5289 1840 5344 duodecim

152 5382 348 5436 saecula
376 5380 449 5434 ab
496 5379 652 5435 illius
709 5380 865 5435 obitu
920 5379 1131 5435 viventi
1182 5385 1302 5433 tam
1353 5386 1544 5433 exacte
1590 5378 1840 5433 innotes-

156 5487 274 5525 cere
314 5469 599 5541 potuisse!
663 5469 773 5524 Sed
831 5485 934 5523 nec
990 5468 1320 5539 eloquentia
1368 5468 1600 5521 illorum
1658 5483 1843 5521 exces-

1942 4336 2159 4385 causas,
2192 4335 2333 4390 quas
2364 4317 2423 4372 in
2461 4316 2780 4387 Augustino
2840 4315 3092 4369 Adamus
3138 4314 3448 4386 indagavit,
3504 4329 3640 4367 san-

1943 4414 2065 4465 ctus
2086 4409 2281 4462 doctor
2327 4407 2527 4477 procul
2554 4404 2841 4469 habuerit,
2875 4404 3044 4475 longe
3077 4402 3252 4458 etiam
3282 4403 3353 4458 ab
3393 4400 3641 4457 excessi-

1944 4497 2050 4551 bus
2079 4496 2232 4551 idem
2272 4495 2631 4549 collocandus
2654 4492 2825 4548 venit.

2016 4586 2199 4639 Instat
2241 4585 2495 4639 Adamus
2554 4599 2678 4653 cap.
2718 4586 2802 4651 16,
2855 4597 2988 4652 pag.
3019 4582 3167 4635 760:
3203 4601 3229 4631 κ
3262 4580 3499 4645 Quando
3528 4581 3642 4634 Au-

1944 4673 2207 4744 gustinus
2246 4672 2500 4727 defendit
2525 4671 2847 4725 libertatem
2880 4674 3075 4725 contra
3104 4668 3461 4735 Manichaaos,
3492 4668 3641 4723 vide-

1943 4766 2038 4815 tur
2086 4760 2285 4833 gratia:
2334 4758 2732 4813 necessitatem
2788 4759 3120 4825 destruere;
3163 4775 3293 4812 cum
3350 4773 3482 4811 vero
3536 4771 3640 4825 pro

1945 4849 2131 4921 gratia
2182 4851 2381 4902 contra
2430 4846 2768 4917 Pelagianos
2799 4846 3069 4912 decertat,
3116 4846 3437 4899 libertatem
3480 4857 3639 4897 ever-

1944 4942 2091 4991 tere.
2132 4955 2160 4988 »
2197 4938 2261 4990 Et
2312 4951 2443 5006 pag.
2478 4938 2603 5001 632,
2650 4934 2709 4988 in
2738 4933 2853 4987 fine
2892 4950 3014 5004 cap.
3073 4938 3128 4999 7,
3181 4932 3425 4986 miratur
3480 4944 3644 4999 quos-

1948 5026 2079 5080 dam
2111 5045 2132 5075 ι
2166 5040 2465 5095 nunquam
2497 5023 2727 5077 scivisse
2760 5022 3073 5093 ipsummet
3092 5024 3349 5075 sanctum
3379 5016 3644 5087 Augusti-

1946 5130 2086 5168 num
2117 5114 2269 5167 hunc
2299 5111 2387 5166 sui
2412 5112 2646 5183 spiritus
2698 5111 2977 5182 impetum
3008 5108 3067 5162 in
3094 5108 3352 5180 pluribus
3411 5120 3644 5161 suorum

1948 5204 2231 5257 librorum
2263 5202 2402 5257 locis
2461 5201 2783 5256 confessum
2842 5200 3033 5255 fuisse.
3071 5218 3093 5247 ι
3131 5197 3325 5251 Libeat
3381 5195 3472 5250 hic
3512 5211 3642 5249 cum

1946 5292 2270 5362 Augustino
2301 5292 2655 5346 exclamare:
2691 5310 2717 5342 «
2750 5289 2885 5354 Quis
2916 5304 3031 5343 non
3084 5289 3369 5357 exspectet
3426 5284 3645 5356 sapien-

1950 5383 2090 5435 tiam
2120 5380 2467 5440 disserentis.
2509 5380 2609 5451 qui
2636 5379 2809 5433 fidem
2839 5375 3171 5449 cognoverit
3209 5373 3583 5430 mentientis?
3613 5395 3640 5421 n

1952 5470 2048 5524 lib.
2076 5487 2127 5523 γι
2158 5474 2354 5524 contra
2382 5469 2695 5533 lulianum,
2724 5484 2848 5537 cap.
2882 5469 2933 5521 8.
2967 5465 3111 5531 Quid
3169 5464 3321 5520 enim
3377 5464 3644 5534 frequen-
