3946 6176
325 217 427 269 599

1337 207 1889 265 SUPPLEMENTUM
1934 209 2023 264 AD
2060 209 2293 265 OPERA
2331 211 2385 263 S.
2429 207 2816 264 AUGUSTINI.
3687 216 3766 268 eoo

319 335 434 390 tius
476 352 510 389 a
576 333 890 401 Pelagianis
934 333 1249 404 Augustino
1298 331 1690 402 objiciebatur,
1727 349 1900 404 quam
1949 333 2018 388 il-
2056 338 2103 392 Α
2139 349 2315 388 cessu.
2359 333 2520 398 Quod
2546 347 2679 386 vero
2707 330 2908 403 negari
2937 330 3193 386 videatur
3230 330 3418 402 gratia
3459 336 3775 392 commenda-

318 425 438 479 lum
466 422 869 495 Pelagianismi
906 421 1035 476 odio
1066 421 1127 474 in
1160 419 1651 476 Manichaeismum
1693 422 2019 478 declinare?

319 514 390 568 At
428 512 816 567 sanctissimus
854 510 1125 582 magister
1163 510 1333 564 hasce
1377 526 1410 564 a
1448 527 1507 564 se
1550 512 1867 565 calumnias
1912 529 2016 567 saa-

320 601 553 674 pissime
582 601 844 655 excussit.
882 602 1127 671 Legatur
1158 598 1252 653 lib.
1289 616 1327 653 n
1358 599 1425 652 de
1461 601 1631 669 Nupt.
1668 609 1722 654 et
1751 618 2018 671 concnp.,

323 707 441 761 cap.
480 694 509 745 3
550 694 606 744 et
649 693 737 755 23,
788 688 892 744 lib.
932 706 971 743 11
1018 689 1088 742 ad
1121 688 1325 755 Bonif.,
1372 704 1494 759 cap.
1537 693 1554 743 t
1589 693 1646 743 et
1688 692 1740 749 2,
1787 690 1885 743 ubi
1929 690 2021 744 fu-

323 778 540 833 sissime
593 777 887 831 recensitis
936 777 1204 831 extremis
1256 776 1699 847 Pelagianorum
1742 795 1804 832 ac
1845 779 2020 833 Mani-

321 868 610 922 chaeorum
663 866 978 933 erroribus,
1025 866 1215 920 media
1254 866 1510 921 Ecclesiae
1546 869 1836 923 catholicae
1874 869 2024 923 inter

321 961 593 1026 utrosque
642 956 928 1009 sententia
976 955 1298 1009 concludit:
1345 976 1374 1005 ‹‹
1403 957 1653 1011 Possunt
1703 956 1859 1011 enim
1907 957 2021 1012 duo

321 1060 543 1099 errores
574 1044 726 1098 inter
775 1060 833 1097 se
882 1060 1004 1097 esse
1056 1044 1347 1111 contrarii,
1408 1045 1505 1099 sed
1536 1045 1706 1100 ambo
1761 1051 1895 1100 sunt
1932 1047 2023 1101 de-

320 1132 588 1198 testandi,
622 1131 760 1203 qula
790 1136 924 1186 sunt
947 1131 1114 1186 ambo
1164 1132 1435 1186 contrarii
1494 1133 1735 1187 veritati.
1787 1135 1928 1187 Nam
1975 1133 2023 1188 si

320 1226 628 1293 propterea
684 1225 819 1275 sunt
870 1220 1152 1292 diligendi
1206 1222 1523 1291 Pelagiani,
1576 1223 1715 1293 quia
1780 1223 2025 1277 oderunt

323 1310 660 1366 Manichasos
711 1309 989 1381 diligendi
1045 1315 1177 1364 sunt
1229 1315 1287 1365 et
1338 1311 1653 1378 Manichaei,
1714 1312 1849 1382 quia
1895 1313 2023 1368 ode-

326 1402 471 1453 runt
499 1398 853 1467 Pelagianos.
902 1399 1012 1455 Sed
1066 1399 1213 1454 absit
1240 1403 1305 1453 ut
1346 1400 1620 1454 catholica
1663 1406 1845 1455 mater
1898 1418 2025 1471 pro-

323 1491 454 1558 pter
484 1488 798 1541 alterorum
855 1487 1053 1542 odium
1116 1490 1320 1542 alteros
1376 1489 1551 1560 eligat
1606 1506 1819 1559 amare,
1869 1507 2023 1560 cum,

324 1581 594 1631 monente
625 1581 795 1647 atque
825 1576 1132 1647 adjuvante
1194 1577 1457 1647 Domino,
1491 1578 1695 1633 debeat
1749 1583 2023 1651 utrosque

322 1665 523 1731 vitare,
551 1669 606 1719 et
636 1666 829 1736 cupiat
883 1671 1152 1737 utrosque
1186 1673 1419 1721 sanare!
1456 1686 1483 1717 ››
1537 1669 1755 1722 Rursus
1788 1668 1886 1723 lib.
1944 1679 2061 1749 Νη

323 1771 453 1824 cap.
513 1757 565 1823 3,
597 1753 678 1808 ita
716 1754 1044 1808 exorditur:
1085 1777 1107 1804 ι
1141 1756 1254 1809 Ista
1302 1754 1522 1810 nefaria
1578 1760 1633 1811 et
1678 1756 2028 1813 damnabilia

327 1843 599 1913 dogmata
625 1841 688 1897 in
720 1844 827 1897 hac
863 1843 1152 1915 tripertita
1209 1843 1488 1899 divisione
1533 1844 1794 1916 quisquis
1832 1851 2026 1902 mente

326 1931 603 1986 catholica
666 1932 953 2001 exhorret,
1020 1931 1176 1986 illius
1241 1932 1728 2004 quinquepartitze
1780 1936 2025 1991 latebras

324 2020 675 2091 insidiasque
707 2019 940 2087 devitet,
972 2025 1144 2091 atque
1174 2020 1253 2074 ita
1282 2020 1433 2075 inter
1464 2026 1773 2092 utrumque
1799 2022 1871 2075 sit
1899 2038 2027 2075 cau-

324 2112 433 2173 tus,
465 2112 531 2163 ut
558 2108 638 2161 sic
665 2109 913 2163 declinet
942 2109 1337 2174 Manichaaum,
1372 2125 1443 2163 ne
1472 2126 1530 2163 se
1569 2109 1807 2165 inclinet
1836 2110 1897 2164 in
1927 2112 2027 2166 Pe-

323 2196 574 2266 lagium;
602 2211 913 2267 rursusque
944 2197 1024 2251 ita
1072 2198 1339 2269 sejungat
1366 2214 1397 2251 a
1427 2199 1768 2267 Pelagianis,
1792 2215 1863 2253 ne
1895 2215 2025 2253 con-

318 2282 526 2353 jungat
560 2283 903 2351 Manichaeis,
961 2288 1061 2339 aut
1116 2285 1163 2339 si
1191 2286 1252 2339 in
1306 2286 1595 2341 alterutris
1616 2287 1740 2358 jam
1775 2293 2023 2355 tenetur,

325 2386 431 2424 nec
462 2370 542 2424 sic
568 2387 627 2425 se
659 2388 689 2425 a
712 2371 1063 2441 quibuslibet
1102 2372 1296 2427 alteris
1347 2380 1551 2441 servet,
1610 2379 1671 2428 ut
1726 2375 1787 2429 in
1815 2377 2026 2430 alteros

328 2458 528 2515 irruat.
561 2479 589 2511 π
622 2460 664 2515 Ο
695 2461 993 2530 egregium
1022 2461 1362 2533 magistrum
1395 2479 1459 2517 ac
1489 2469 1910 2536 praeceptorum
1942 2469 2025 2520 te-

325 2546 732 2603 nacissimum!
767 2548 980 2620 quippe
1006 2550 1126 2621 qui,
1160 2551 1208 2605 si
1239 2551 1456 2605 Adamo
1504 2552 1644 2607 ﬁdes
1694 2559 1799 2619 est,
1832 2556 1891 2608 in
1918 2554 2029 2609 dis-

319 2637 698 2706 putationibus
727 2643 915 2692 contra
958 2640 1281 2707 Pelagianos
1312 2646 1361 2694 et
1399 2642 1728 2697 Manichaeos
1767 2643 1898 2697 adeo
1938 2645 2024 2697 in-

323 2726 511 2792 caluit,
544 2728 694 2780 utin
724 2741 955 2782 errorem
999 2731 1301 2797 oppositam
1351 2732 1439 2784 illi
1477 2747 1642 2799 quam
1690 2733 2022 2801 impugnan-

326 2814 457 2868 dum
480 2818 733 2884 suscepit,
792 2816 1099 2884 declinarit,
1156 2835 1287 2889 pag.
1348 2822 1473 2875 632.
1530 2819 1640 2874 Sed
1695 2836 1840 2891 pura
1888 2825 2027 2891 puta

2127 422 2283 477 tione
2314 421 2477 477 liberi
2524 421 2764 487 arbitrii,
2814 425 3042 490 propter
3087 423 3398 490 quastionis
3443 422 3772 490 difficultatem

2130 511 2319 566 minus
2349 510 2797 580 intelligentibus
2828 509 2886 563 id
2925 509 3102 563 videri
3131 525 3297 579 posse
3342 508 3497 563 dixit.
3542 511 3776 568 Praeterea

2129 601 2377 671 appellat
2402 599 2499 654 lib.
2536 616 2585 664 ν,
2617 614 2741 669 cap.
2776 601 2829 665 9,
2859 603 3060 651 contra
3113 597 3427 656 lulianum.
3483 603 3538 652 et
3564 599 3660 653 lib.
3691 602 3775 655 ide

2129 689 2361 760 Origine
2393 688 2623 756 animas,
2650 703 2774 757 cap.
2829 690 2912 741 15.
2963 689 3036 740 At
3073 686 3133 740 in
3181 686 3363 756 priori
3417 688 3533 741 loco
3560 687 3627 742 de
3675 705 3777 744 con-

2130 778 2728 850 cupiscentiatantum
2750 776 3022 846 disputat,
3054 775 3113 830 in
3145 774 3452 847 posteriori
3480 775 3546 830 de
3593 777 3779 847 origine

2129 867 2355 931 animm,
2388 872 2445 921 et
2471 866 2849 937 neutrobique
2895 865 2964 919 de
3014 865 3195 918 animi
3249 864 3339 917 sui
3398 864 3626 934 impetu,
3666 867 3780 933 zelo,

2128 957 2368 1022 fervore,
2403 971 2632 1009 excessu
2664 955 2900 1009 verbum
2934 954 3118 1008 ullum
3144 953 3341 1008 habet.

2202 1045 2483 1099 Caeterum
2512 1047 2794 1115 quantum
2840 1043 3082 1113 periculi
3132 1058 3199 1096 ex
3235 1042 3473 1111 objectis
3504 1043 3781 1099 excessibus

2130 1133 2435 1204 Augustini
2458 1133 2718 1189 doctrina
2744 1132 2963 1199 subeat,
3016 1147 3187 1185 nemo
3235 1147 3353 1184 non
3382 1130 3568 1197 videt;
3609 1133 3781 1187 etenim

2132 1221 2178 1276 si
2208 1222 2266 1276 in
2288 1221 2401 1276 illis
2431 1221 2753 1276 excessibus
2794 1220 3149 1289 Augustinus
3195 1219 3368 1274 liberi
3397 1220 3612 1274 arbitrii
3667 1222 3785 1274 vires

2131 1311 2259 1382 plus
2282 1312 2438 1382 justo
2468 1309 2767 1381 depressit,
2821 1325 2884 1362 ac
2931 1308 3075 1362 vires
3124 1307 3332 1380 gratiae
3385 1307 3551 1360 altius
3601 1307 3783 1375 extulit,

2131 1405 2267 1455 tunc
2312 1398 2576 1455 Calvinus
2632 1396 2987 1452 concinuisse
3017 1411 3149 1451 cum
3206 1396 3532 1466 Augustino
3585 1395 3782 1462 dicetur,

2134 1488 2235 1560 qui
2265 1488 2323 1543 in
2356 1488 2469 1542 illis
2499 1487 2818 1542 excessibus
2848 1501 3019 1540 suum
3044 1484 3259 1556 dogma
3304 1482 3576 1538 fundavit.
3607 1483 3783 1537 Scimus

2136 1577 2433 1632 Calvinum
2470 1576 2608 1630 falso
2648 1591 2811 1647 aeque
2867 1591 2931 1628 ac
2983 1573 3231 1644 superbe
3289 1572 3527 1643 gloriari
3578 1572 3785 1641 solitum,

2136 1682 2305 1719 suum
2335 1681 2456 1719 csse
2480 1669 2663 1719 totum
2691 1663 3100 1734 Augustinum,
3132 1662 3214 1715 ita
3271 1661 3537 1715 eumdem
3577 1661 3785 1714 claman-

2131 1760 2247 1809 tem
2277 1753 2495 1831 indngit
2536 1754 2656 1824 ipse
2707 1753 2957 1807 Adamus
3009 1767 3138 1823 pag.
3174 1754 3274 1805 561
3317 1766 3331 1804 :
3382 1752 3785 1817 Augustinusto—

2134 1848 2218 1898 ius
2248 1848 2427 1898 noster
2455 1848 2551 1897 est.
2583 1841 2771 1896 Nostri
2802 1840 3066 1895 homines
3121 1839 3479 1910 respondent
3528 1836 3786 1908 Augustini

2134 1932 2452 1988 doctrinam
2485 1947 2796 2001 parumper
2823 1930 3096 1984 excedere
3123 1929 3346 1983 limites
3376 1927 3638 1991 veritatis,
3667 1931 3713 1980 et
3735 1943 3785 1979 ex

2132 2023 2238 2076 hac
2267 2026 2427 2092 parte
2462 2019 2693 2074 Calvino
2736 2019 2945 2088 favere,
2992 2034 3094 2072 nec
3125 2034 3250 2073 esse
3306 2016 3618 2070 doctrinam
3666 2016 3783 2085 ejus-

2132 2110 2264 2165 dem
2313 2108 2722 2178 recipiendam,
2773 2107 2881 2162 nisi
2939 2106 3195 2161 detonsis
3240 2105 3356 2160 illis
3387 2104 3702 2170 excessibus,
3740 2104 3781 2157 in

2132 2215 2274 2271 quos
2301 2197 2491 2252 nativo
2519 2197 2697 2251 animi
2722 2196 2913 2251 furore
2943 2212 3197 2266 praeceps
3223 2194 3462 2249 corruit.
3502 2194 3629 2247 Hinc
3669 2191 3782 2246 Ada-

2133 2305 2283 2355 mus,
2310 2303 2433 2357 cap.
2464 2290 2518 2354 8,
2547 2303 2678 2357 pag.
2732 2288 2856 2353 640,
2915 2284 3111 2343 scribit
3144 2302 3157 2339 :
3192 2302 3223 2335 α
3268 2284 3435 2339 Modo
3483 2299 3552 2336 ne
3579 2282 3632 2336 in
3659 2283 3779 2336 Pela-

2133 2376 2438 2447 gianorum
2469 2391 2710 2441 errores,
2743 2390 2889 2446 quos
2911 2373 3270 2444 Augustinus
3302 2370 3634 2443 insequitur,
3674 2369 3780 2422 iur-i-

2135 2466 2288 2533 dam,
2321 2464 2462 2518 mihi
2494 2464 2625 2518 licet
2655 2464 2959 2517 verborum
2988 2462 3196 2533 quibus
3231 2462 3306 2516 ad
3366 2476 3464 2515 eos
3514 2473 3781 2530 expugnan-

2135 2553 2236 2607 dos
2267 2552 2444 2607 utitur
2473 2554 2753 2623 impetum
2809 2568 2925 2605 non
2979 2551 3163 2622 sequi.
3225 2550 3363 2605 Inde
3405 2550 3469 2603 fit
3499 2553 3557 2601 ut
3604 2545 3779 2600 medius

2136 2646 2280 2696 stem
2306 2641 2455 2695 inter
2486 2641 2782 2712 Pelagium
2806 2646 2864 2695 et
2889 2639 3208 2696 Calvinum.
3245 2639 3306 2695 Si
3334 2639 3490 2692 enim
3518 2636 3670 2690 verba
3694 2636 3777 2688 Au-

2135 2728 2350 2800 gustini
2376 2729 2692 2799 mitigando
2725 2746 2815 2784 me
2842 2729 3090 2784 nimium
3134 2729 3519 2789 demitterem,
3569 2723 3773 2795 Pelagia-

2134 2834 2243 2872 nus
2272 2833 2473 2872 essem.
2508 2817 2566 2872 Si
2613 2834 2747 2872 vero
2778 2834 2978 2872 eorum
3034 2817 3409 2873 altitudinem
3464 2820 3645 2869 tenere
3691 2811 3773 2864 vel-

326 2901 441 2956 sint
470 2901 665 2957 isthmc
703 2903 1426 2977 Anti-Augustinianorum
1470 2908 1763 2979 figmenta.
1825 2910 2025 2963 Nullus
2061 2926 2100 2980 ο
2134 2907 2268 2973 lem,
2301 2905 2607 2961 Calvinista
2634 2906 2855 2971 forem;
2888 2905 3143 2960 medium
3173 2922 3317 2976 ergo
3346 2921 3437 2959 me
3491 2919 3611 2958 cum
3640 2902 3776 2955 Eccle-

327 2991 656 3047 mortalium
681 2993 824 3047 adeo
876 2998 1068 3049 exacte
1101 2996 1543 3066 Pelagianorum
1586 3014 1651 3051 ac
1689 2999 2026 3053 Manichaeo-

331 3094 463 3132 rum
491 3094 714 3134 errores
742 3086 1069 3151 perspectos
1118 3084 1319 3138 habuit
1369 3084 1452 3138 uti
1509 3086 1878 3155 Augustinus,
1925 3088 2026 3159 qui

334 3182 450 3220 non
480 3168 652 3221 modo
681 3168 931 3223 mediam
960 3169 1111 3224 inter
1156 3177 1426 3243 utrosque
1487 3173 1632 3226 viam
1690 3176 1890 3238 tenuit.
1926 3178 2026 3232 sed

333 3254 596 3309 eamdem
639 3256 850 3327 ubique
901 3258 962 3312 in
1018 3258 1180 3312 libris
1232 3260 1303 3314 ad
1362 3260 1716 3317 Bonifacium
1769 3268 2028 3334 posteros

332 3344 546 3413 docuit,
579 3345 832 3417 quinque
877 3347 1184 3418 praecipuis
1234 3349 1681 3420 Pelagianorum
1736 3368 1801 3407 ac
1857 3353 2028 3409 Mani-

332 3434 623 3488 chaeorum
653 3434 943 3489 erroribus
972 3451 1002 3489 e
1032 3434 1310 3490 diametro
1364 3437 1640 3509 oppositis
1695 3440 1906 3495 ibidem
1935 3457 2026 3496 re-

333 3520 539 3591 citatis,
592 3522 880 3594 simulque
929 3524 1121 3579 media
1164 3526 1374 3581 tradita
1425 3527 1685 3583 Ecclesiae
1741 3529 1893 3585 inter
1936 3547 2025 3585 er-

334 3613 525 3664 rantes
549 3610 852 3679 sententia,
901 3617 965 3668 ut
1011 3613 1208 3669 mirari
1262 3615 1430 3670 liceat
1476 3616 1831 3673 adversarios
1886 3619 2025 3674 adeo

332 3714 528 3754 secure
577 3700 743 3756 hasce
804 3701 873 3755 de
934 3706 1126 3757 sancto
1195 3704 1423 3759 doctore
1478 3705 1700 3760 fabulas
1756 3707 2020 3762 vendere.

332 3788 496 3854 Quod
519 3793 710 3844 autem
738 3789 975 3857 addunt,
1004 3792 1385 3864 Augustinum
1409 3795 1624 3866 Lipsum
1652 3795 1817 3850 hosce
1847 3796 2028 3851 animi

332 3876 421 3932 sui
445 3877 694 3950 impetus
722 3879 1042 3950 agnovisse,
1071 3884 1128 3935 et
1155 3882 1417 3952 pluribus
1470 3884 1530 3938 in
1559 3884 1697 3939 locis
1732 3884 1786 3939 id
1818 3885 2025 3941 falsum

332 3982 470 4035 esse,
503 3966 873 4022 falsissimum
893 3972 993 4023 est.
1029 3969 1174 4025 Citat
1216 3972 1467 4026 Adamus
1506 3972 1737 4029 initium
1768 3974 1903 4028 libri
1955 3976 2027 4031 de

329 4054 519 4111 Gratia
548 4060 603 4110 et
631 4056 811 4111 libero
841 4056 1076 4112 arbitrio
1108 4076 1121 4125 ;
1155 4060 1254 4114 sed
1304 4059 1383 4115 ibi
1428 4060 1551 4116 haec
1603 4065 1829 4116 tantum
1886 4062 2024 4116 scri-

329 4143 412 4199 bit
443 4160 456 4198 :
491 4162 519 4196 ‹‹
541 4145 681 4200 Sunt
712 4146 949 4217 quidam
979 4147 1080 4218 qui
1110 4148 1187 4202 sic
1243 4149 1486 4220 gratiam
1531 4150 1631 4203 Dei
1688 4150 2022 4220 defendunt,

2135 2995 2220 3049 sia
2247 3000 2431 3049 teneo.
2467 3014 2494 3046 υ
2531 2995 2676 3050 Sane
2732 2995 2939 3050 videris
2996 2995 3289 3050 crudelem
3348 2993 3507 3048 illam
3554 2991 3774 3046 feminam

2135 3083 2363 3147 imitari,
2394 3099 2523 3154 quae
2554 3089 2617 3138 ut
2646 3084 2706 3138 in
2735 3083 2970 3138 Arcanis
2998 3083 3264 3151 habetur,
3299 3099 3490 3137 coram
3524 3081 3768 3137 Salomone

2135 3189 2340 3243 regum
2372 3172 2793 3243 sapientissimo
2845 3171 3103 3227 medium
3155 3172 3427 3227 dissecari
3456 3183 3694 3241 puerum,
3726 3179 3771 3217 ac

2135 3261 2346 3332 partim
2378 3261 2488 3315 sibi
2526 3261 2849 3333 partimque
2903 3260 3244 3316 adversarius
3302 3259 3449 3315 tradi
3503 3255 3766 3329 gaudebat;

2135 3349 2521 3420 Augustinum
2549 3349 2703 3404 enim
2758 3350 2819 3404 in
2842 3354 3033 3421 partes
3072 3349 3445 3407 dividendum
3492 3345 3700 3417 judicas,
3724 3345 3769 3394 ut

2137 3454 2251 3510 qua
2277 3444 2438 3509 parte
2466 3439 2526 3492 in
2555 3454 2886 3493 excessuum
2927 3438 3294 3493 altitudinem
3346 3435 3636 3499 extollitur,
3672 3429 3763 3486 Cal-

2135 3528 2267 3581 vino
2298 3527 2462 3582 cedat
2490 3548 2505 3595 ;
2535 3543 2647 3598 qua
2672 3543 2805 3581 vero
2834 3526 3108 3581 humilior
3134 3531 3240 3593 est,
3274 3532 3425 3591 tuus,
3453 3524 3581 3578 .imo
3627 3516 3767 3575 Eccle-

2135 3616 2232 3669 siae
2257 3614 2348 3670 sit.
2380 3618 2454 3670 At
2480 3616 2589 3670 hoc
2617 3615 2756 3687 quid
2776 3615 2930 3671 aliud
2959 3620 3041 3670 est
3071 3630 3247 3686 quam
3294 3611 3652 3683 Augustinum
3685 3600 3770 3657 Cal-

2134 3702 2267 3758 vino
2296 3704 2560 3774 prodere,
2584 3720 2756 3776 quem
2787 3721 2818 3758 a
2849 3704 3077 3759 Calvino
3107 3703 3208 3757 abs
3257 3707 3312 3757 te
3350 3696 3606 3755 vindicari
3640 3689 3763 3785 jacti:

2135 3792 2340 3848 tabas?
2386 3793 2772 3863 Augustinum
2820 3797 3018 3847 tamen
3068 3792 3129 3846 in
3186 3795 3382 3862 partes
3409 3786 3574 3843 secari
3620 3792 3767 3852 super!

2134 3887 2348 3950 vetant,
2381 3886 2532 3938 totus
2585 3887 2768 3937 totum
2806 3881 3134 3952 petentibus
3186 3876 3575 3936 concedendus
3617 3871 3761 3964 estet

2136 3970 2237 4041 qui
2285 3970 2590 4044 Augustini
2618 3976 2779 4041 parte
2810 3976 3108 4025 contentos
3159 3986 3220 4025 se
3251 3971 3465 4036 dicunt,
3519 3981 3586 4019 ne
3634 3958 3760 4052 mini:

2136 4077 2296 4115 mum
2332 4061 2566 4132 quidem
2623 4061 2777 4115 illius
2833 4076 3088 4131 unguem
3144 4060 3457 4115 obtineant.
3510 4052 3606 4110 Sed
3642 4049 3760 4103 inani

2134 4165 2371 4221 prorsus
2398 4151 2711 4205 assertione
2762 4149 3053 4204 Calvinus‘
3082 4154 3270 4206 totum
3323 4161 3487 4202 suum
3537 4155 3639 4197 esse
3674 4138 3758 4191 Au'

328 4237 393 4288 ut
430 4240 645 4305 negent
671 4235 922 4289 hominis
952 4236 1199 4292 liberum
1258 4238 1577 4300 arbitrium,
1642 4243 1741 4293 aut
1793 4240 2025 4311 quando
2062 4225 2105 4279 Ῑ)
2137 4240 2433 4311 gustinum
2489 4240 2673 4307 tinxit,
2730 4256 2866 4294 nam
2912 4239 3150 4294 veritate
3206 4242 3444 4310 cogente
3491 4234 3680 4303 partem
3718 4225 3759 4274 et

328 4322 511 4392 gratia
562 4323 907 4388 defenditur,
969 4325 1169 4397 negari
1214 4326 1539 4381 existiment
1569 4326 1813 4381 liberum
1873 4328 2022 4383 arbi-

328 4410 524 4477 trium,
558 4430 585 4462 »
618 4414 724 4466 etc.
753 4413 826 4465 Te
855 4411 950 4467 hic
971 4413 1224 4485 judicem
1272 4415 1423 4481 volo,
1480 4415 1718 4484 Adame,
1773 4431 1913 4470 num
1962 4416 2022 4472 in

329 4498 673 4569 disputando
728 4505 919 4567 aestus,
980 4502 1248 4572 impetus,
1308 4518 1568 4558 excessus
1618 4519 1749 4557 suos
1791 4503 1871 4558 ibi
1901 4507 2021 4559 Au-

328 4588 592 4659 gustinus
625 4586 891 4645 fateatur.
934 4591 1045 4644 Hoc
1098 4606 1279 4644 unum
1322 4590 1509 4646 dicere
1566 4593 1799 4664 poteris,
1835 4598 2018 4649 extre—

328 4692 450 4735 mos
477 4675 643 4730 illum
669 4691 888 4733 errores
935 4678 1078 4733 inibi
1136 4679 1417 4735 recitasse.
1481 4681 1753 4737 Producit
1797 4682 1894 4737 lib.
1945 4700 2016 4757 iv,

326 4771 524 4822 contra
550 4761 863 4835 Julianum,
897 4784 1021 4838 cap.
1054 4771 1106 4823 8.
1142 4768 1348 4824 Verum
1378 4769 1462 4824 ibi
1516 4770 1868 4842 Augustinus
1915 4774 2019 4827 Ju-

324 4855 545 4912 lianum
574 4856 659 4911 uti
689 4857 983 4928 publicum
1017 4857 1489 4913 calumniatorem
1536 4861 1849 4931 redarguit,
1884 4860 2020 4915 scri-

323 4944 553 5001 bentem
579 4945 787 5000 dixisse
814 4945 1198 5016 Augustinum
1219 4947 1419 5015 negari
1444 4947 1690 5003 liberum
1719 4949 2017 5003 arbitrium

326 5033 373 5087 si
404 5035 587 5105 gratia
614 5034 1074 5103 commendetur,
1104 5039 1160 5089 et
1183 5037 1383 5106 negari
1414 5037 1656 5107 gratiam
1687 5041 1744 5091 et
1773 5037 2015 5092 liberum

322 5120 623 5176 arbitrium
654 5123 1010 5178 defendatur.
1062 5123 1389 5195 Respondet
1432 5130 1621 5180 autem
1654 5131 1879 5180 sanctus
1909 5128 2015 5180 Pa-

322 5210 437 5262 ter:
471 5227 503 5263 α
533 5211 659 5265 Non
688 5212 807 5267 dixi
835 5212 1035 5284 negari
1064 5214 1330 5283 gratiam,
1361 5215 1456 5269 sed
1511 5219 1575 5268 ut
1606 5215 1803 5285 negari
1833 5216 2015 5285 gratia

324 5296 599 5352 videatur.
630 5300 756 5354 Non
775 5301 892 5357 dixi
917 5302 1113 5374 negari
1142 5302 1446 5357 arbitrium
1495 5302 1763 5368 liberum,
1799 5304 1884 5356 vel
1913 5319 2011 5356 au-

321 5384 480 5460 ferri,
513 5386 612 5440 sed
639 5388 773 5453 dixi,
810 5395 871 5446 ut
897 5395 1132 5462 putetur
1185 5391 1417 5447 auferri.
1453 5410 1481 5443 »
1515 5393 1587 5445 At
1614 5408 1718 5446 nec
1774 5391 2013 5446 verbum

321 5474 392 5530 de
421 5474 619 5530 innata
652 5475 759 5531 sibi
790 5478 847 5533 in
900 5479 1241 5550 disputando
1297 5480 1657 5535 vehementia
1709 5486 1877 5551 atque
1917 5498 2009 5535 ex-

2132 4329 2256 4398 ipse
2287 4329 2593 4401 Augustini
2625 4345 2682 4382 se
2715 4328 2959 4399 abjicere
3016 4329 3197 4383 fassus
3227 4334 3315 4383 est
3351 4326 3444 4381 lib.
3490 4338 3546 4377 Ill
3587 4312 3752 4372 Institu

2132 4436 2253 4490 cap.
2292 4422 2376 4485 tl,
2407 4419 2675 4489 inquiens
2710 4434 2724 4472 :
2757 4437 2785 4469 ς(
2814 4420 2893 4472 Ac
2940 4433 3011 4472 ne
3040 4415 3345 4488 Augustini
3397 4411 3607 4497 quidem
3641 4413 3752 4497 stm-

2130 4507 2310 4563 tentia
2342 4523 2445 4578 per
2486 4507 2681 4562 omnia
2732 4506 3064 4576 recipienda
3120 4510 3224 4560 est.
3262 4527 3284 4554 ι
3341 4506 3544 4572 Itaque,
3574 4492 3750 4550 Calvino

2120 4597 2334 4668 judice,
2366 4596 2670 4665 Augustini
2697 4595 2979 4650 sententia
3028 4595 3240 4665 partim
3285 4587 3604 4661 accipienda,
3652 4589 3749 4647 Ρω-

2130 4685 2232 4739 tim
2288 4684 2636 4755 repudianda
2688 4688 2808 4752 est;
2861 4683 2953 4737 cui
3005 4683 3258 4754 perbelle
3316 4684 3503 4735 noster
3547 4668 3745 4755 Adamut

2125 4752 2417 4827 consonat.
2448 4774 2520 4826 At
2548 4773 2668 4827 haec
2696 4771 2908 4843 injuria
2955 4788 3133 4843 usque
3187 4772 3327 4826 adeo
3378 4764 3558 4823 nociva
3579 4761 3678 4850 est,
3704 4752 3747 4850 ιξι

2125 4861 2451 4915 universam
2513 4841 2821 4931 Augustini
2890 4861 3306 4927 auctoritatem,
3378 4854 3538 4910 velint
3589 4841 3742 4901 nolint.

2124 4953 2354 5004 evertat.
2391 4949 2612 5004 Etenim
2639 4965 2752 5021 quo
2798 4949 3066 5020 praesidio
3111 4948 3295 5019 adiuti
3337 4944 3622 5002 discernere
3643 4935 3742 5021 lall-

2123 5038 2253 5094 dem
2281 5038 2596 5109 poterimus
2652 5018 2743 5092 hic
2793 5018 3193 5109 Augustinum,
3238 5037 3299 5091 in
3356 5026 3581 5088 veritatis
3627 5018 3739 5073 ωθίδ

2122 5127 2338 5194 sistere,
2397 5126 2536 5181 alibi
2584 5142 2718 5181 vero
2779 5128 2932 5181 ultra
3012 5123 3355 5182 excurrere?
3417 5112 3645 5204 Viderint

2120 5216 2433 5271 maximum
2495 5215 2751 5270 Ecclesiae
2800 5216 3092 5271 doctorem
3170 5215 3239 5270 de
3303 5222 3512 5269 excessu
3567 5199 3733 5263 ιώῖίῐυθ

2122 5310 2448 5376 suspectum
2477 5304 2707 5359 faciant.
3516 5379 3519 5380 ν
3628 5370 3636 5380 ,
3688 5364 3695 5373 .

2192 5394 2292 5447 Hic
2319 5394 2461 5449 mihi
2489 5393 2913 5448 discutiendum
2942 5394 3190 5449 occurrit
3220 5408 3292 5448 an
3322 5391 3433 5446 haec
3473 5378 3725 5438 dicteriaw

2123 5497 2300 5536 unum
2330 5483 2713 5554 Augustinum
2743 5483 2966 5551 cadant,
3016 5499 3092 5539 an
3126 5483 3305 5554 ipsius
3355 5484 3552 5561 quoque
3591 5456 3725 5514 Mt”
