3946 6176
147 280 230 331 60t
1433 271 1750 329 VINDICIAS
1787 273 2327 329 AUGUSTINIANA‘Z.

3530 283 3632 336 602

140 400 230 454 sire
272 397 726 454 venustissimam
796 415 858 452 ac
913 397 1316 454 nitidissimam
1371 398 1576 454 faciem
1629 400 1822 454 detur-
1862 407 1902 460 Α
1936 399 2214 454 centiores
2257 401 2595 456 sententiam
2628 401 2786 456 illam
2808 403 2989 458 sancti
3017 405 3320 476 Augustini
3342 406 3627 477 rejiciunt,

141 494 280 561 pent.
362 488 581 542 Scimus
638 487 998 542 Hormisdaru
1073 506 1105 542 a
1171 490 1496 542 Possessore
1553 489 1817 542 Africano

143 579 386 649 episcopo
414 577 826 645 interrogatum
853 577 988 646 quid
1020 577 1379 631 sentiendum
1409 578 1558 632 foret
1577 578 1638 631 in
1659 595 1816 649 quie-

142 668 398 721 stionibus
446 666 515 719 de
566 666 744 734 gratia
785 671 840 719 et
887 667 1066 719 libero
1123 666 1363 731 arbitro,
1427 667 1813 736 respondisse:

144 775 172 808 α
201 759 266 810 De
290 755 475 825 gratia
502 755 600 808 Dei
630 760 685 808 et
733 754 912 808 libero
945 755 1182 808 arbitrio
1231 755 1368 825 quid
1402 756 1678 821 Romana,
1712 757 1817 808 hoc

137 850 211 898 est
254 845 550 909 catholica,
596 849 872 914 sequatur
903 849 958 898 et
987 851 1272 898 asseveret
1299 844 1562 909 Ecclesia,
1597 845 1726 898 licet
1756 844 1816 897 in

142 935 294 987 variis
327 935 385 987 Β.
419 933 725 1003 Augustini
756 933 914 986 libris
961 932 1142 1003 possit
1171 934 1455 1003 cognosci,
1490 954 1516 985 »
1553 938 1657 986 etc.
1700 933 1813 987 Sci-

137 1038 251 1075 mus
306 1020 680 1090 Bonifacium,
741 1037 870 1074 cum
926 1025 1074 1074 esset
1122 1021 1499 1085 doctissimus,
1548 1022 1814 1076 adversus

135 1113 311 1162 tamen
369 1109 704 1179 Pelagianos
760 1109 1066 1179 Augustini
1123 1126 1393 1179 responsa
1443 1115 1810 1179 exspectasse.

127 1197 331 1252 Scimus
382 1198 735 1252 Clementem
775 1198 867 1250 VlI
904 1197 1298 1266 gravissimam
1340 1199 1496 1251 illam
1531 1198 1600 1251 de
1647 1198 1810 1251 auxi-

127 1285 206 1339 liis
230 1287 438 1339 diviuae
471 1285 669 1356 gratiae
719 1286 1157 1340 controversiam
1191 1288 1259 1339 ad
1287 1287 1456 1340 unius
1507 1287 1814 1357 Augustini

122 1381 370 1428 mentem
402 1375 832 1446 expendendam
857 1375 1110 1445 jussisse.
1153 1377 1334 1430 Porro
1366 1392 1493 1446 quas
1527 1377 1811 1430 Romano-

119 1480 242 1517 rum
276 1466 584 1534 praesulum
623 1464 681 1518 in
713 1465 968 1518 ﬁdelium
1017 1480 1188 1535 grege
1233 1465 1556 1519 salubribus
1587 1465 1812 1536 pabulis

119 1553 421 1607 nutriendo
469 1569 606 1607 cura
663 1554 882 1620 fuisset,
944 1553 990 1606 si
1029 1554 1295 1607 eumdem
1345 1554 1416 1608 ad
1459 1555 1812 1625 Augustiana

117 1647 278 1711 prata
321 1641 631 1706 duxissent,
691 1640 789 1694 ubi
823 1646 906 1694 tot
939 1641 1219 1694 lethiferae
1271 1643 1809 1710 contradictionum,

114 1746 450 1783 excessuum
496 1735 666 1801 atque
705 1745 966 1784 errorum
1013 1730 1204 1784 herbae
1235 1730 1636 1785 luxuriabant?
1668 1734 1739 1785 At
1769 1731 1816 1785 si

112 1819 177 1872 in
203 1818 686 1888 disputationibus
717 1819 785 1872 de
813 1819 997 1887 gratia
1029 1819 1272 1874 Romani
1304 1820 1602 1889 pontiﬁces
1629 1822 1815 1888 Augu-

112 1907 330 1960 stinum
370 1906 546 1960 secuti
589 1914 724 1962 sunt
759 1908 996 1979 ejusque
1028 1913 1083 1961 et
1130 1908 1292 1962 lateri
1329 1915 1385 1962 et
1427 1909 1680 1978 vestigiis
1728 1910 1813 1962 in-

109 1996 347 2063 haesere,
382 1995 572 2048 nescio
617 2011 730 2066 qua
775 1995 962 2050 fronte
1010 1996 1262 2049 Adamus
1312 1997 1559 2051 mediam
1611 2013 1814 2068 quam-

107 2085 246 2138 dam
275 2083 432 2154 ipsos
462 2084 612 2138 viam
640 2085 792 2138 inter
840 2085 1136 2155 Pelagium
1184 2092 1236 2139 et
1266 2087 1651 2156 Augustinum
1699 2087 1812 2140 cal-

105 2189 268 2228 casse
316 2179 599 2226 asseveret
642 2175 992 2227 exclamans:
1026 2175 1275 2228 Medium
1322 2191 1445 2241 ergo
1479 2192 1597 2229 cum
1630 2177 1812 2230 Eccle-

105 2256 198 2307 sia
229 2258 392 2306 teneo.
443 2253 593 2307 Scito
646 2253 946 2306 Ecclesiam
978 2252 1036 2306 in
1087 2253 1153 2306 iis
1197 2270 1375 2307 unum
1421 2260 1547 2324 post
1595 2260 1814 2308 sanctas

107 2331 432 2402 Scripturas
476 2333 858 2402 Augustinum
899 2338 1148 2386 secutam
1180 2349 1320 2400 esse,
1352 2339 1413 2387 ut
1446 2333 1695 2387 medium
1741 2334 1812 2386 il-

107 2413 206 2466 lud
258 2412 386 2476 iter,
436 2414 588 2482 quod
620 2412 774 2465 illam
807 2413 1052 2466 tenuisse
1082 2413 1268 2484 ﬁngis,
1303 2414 1371 2467 de
1416 2414 1605 2467 medio
1636 2414 1811 2467 dubio

113 2493 310 2561 procul
339 2491 654 2545 tollendum
681 2492 958 2544 videatur.

110 2578 142 2648 §
172 2580 242 2632 ll.
275 2581 369 2632 An
398 2585 616 2633 sanctus
654 2580 996 2646 Augustinus
1029 2582 1331 2647 excesserit,
1365 2583 1600 2635 scribens
1621 2598 1811 2635 concu-

181 2653 503 2718 piscentiam
536 2653 741 2704 rationi
792 2653 1121 2704 contrarium
1170 2667 1278 2704 esse
1324 2655 1549 2711 malam.
1578 2659 1627 2707 ct
1656 2655 1811 2718 defe—

182 2727 326 2775 ctum
372 2728 585 2775 natura
631 2724 878 2775 humanm
925 2738 992 2774 ea:
1037 2727 1250 2790 peccato
1295 2725 1554 2789 originali
1611 2731 1806 2790 ortum,

181 2796 498 2862 neutiquam
526 2809 646 2846 vero
679 2793 872 2846 bonum
898 2796 1150 2848 naturate
1179 2795 1345 2847 illius.

184 2882 360 2935 Unius
387 2882 659 2935 Antonini
689 2881 967 2936 Moraiues
1000 2882 1146 2935 dicta
1177 2882 1650 2951 examinabimus,
1709 2882 1808 2953 qui

103 2969 164 3023 in
210 2986 314 3023 suo
365 2969 793 3024 Auti-Jausenio
833 2971 1162 3040 frequenter
1205 2976 1463 3024 sanctum
1519 2971 1809 3025 doctorem
1843 2995 1880 3048 ρ

106 3075 371 3112 excessus
433 3058 748 3113 insimulat.
796 3060 889 3112 Est
937 3064 1130 3112 autem
1189 3058 1343 3112 illius
1390 3059 1521 3113 libri
1573 3060 1812 3130 scriptor

106 3149 357 3201 Joannes
407 3147 780 3215 Martinouus,
831 3155 892 3200 ut
922 3147 1062 3201 mihi
1089 3151 1326 3201 testatus
1358 3152 1441 3201 est
1468 3149 1526 3201 P.
1559 3149 1806 3211 Macedo,

110 3254 223 3308 quo
255 3236 642 3290 eruditissimo
674 3237 794 3289 viro
825 3236 915 3290 hic
944 3236 1156 3290 Patavii
1182 3236 1623 3290 familiarissime
1679 3243 1810 3291 utor

108 3324 270 3396 isque
303 3325 550 3378 vicissim
602 3325 880 3396 singulari
912 3341 1002 3378 me
1048 3325 1441 3379 benevolentia
1480 3326 1806 3396 complecti-

108 3419 220 3482 tur,
248 3415 353 3484 qui
384 3415 557 3468 etiam
588 3414 730 3468 mihi
757 3418 954 3467 auctor
982 3414 1090 3467 fuit
1111 3420 1174 3467 ut
1203 3419 1324 3467 tum
1371 3415 1673 3468 Historiam
1705 3417 1806 3469 Pe-

103 3504 419 3573 lagianam,
453 3508 574 3556 tum
626 3504 792 3557 hasce
823 3502 1103 3580 Vindicias
1135 3505 1494 3573 evulgarem;
1544 3503 1804 3558 decreve-

101 3608 222 3646 ram
247 3592 407 3646 enim
435 3591 613 3645 instar
641 3591 916 3660 Aspendii
947 3592 1102 3644 intus
1143 3591 1288 3644 mihi
1333 3607 1538 3645 conere
1579 3596 1634 3644 et
1681 3607 1804 3644 mu-

98 3697 195 3746 sis,
229 3696 340 3735 nec
369 3680 582 3750 publici
623 3680 824 3750 judicii
850 3680 1170 3748 periculum
1203 3679 1415 3734 subire.
1468 3682 1533 3734 Et
1571 3679 1802 3750 quidem

96 3768 448 3824 Morainium
496 3784 615 3821 esse
647 3767 1028 3822 Martinouum
1069 3767 1220 3822 idem
1260 3767 1523 3822 laudatus
1566 3768 1806 3838 scriptor

92 3857 414 3926 publicavit
439 3857 499 3910 in
529 3873 702 3910 aureo
733 3856 940 3926 scripto
973 3858 1033 3910 D.
1081 3856 1407 3926 Augustini,
1450 3872 1572 3926 cap.
1629 3861 1716 3926 13,
1749 3862 1806 3911 et

90 3964 159 4001 ex
189 3952 628 4017 anagrammate
659 3946 774 4000 ﬁcti
812 3945 1063 3999 nominis
1092 3950 1264 4016 patet.
1303 3946 1427 3999 Non
1461 3950 1547 3999 est
1565 3946 1658 3999 hic
1687 3947 1805 4000 aui-

84 4052 223 4089 mus
279 4035 671 4106 Operosiorem
727 4051 832 4104 pro
889 4034 1206 4104 Augustino
1266 4034 1593 4104 apologiam
1640 4034 1802 4088 insti-

83 4128 292 4189 tuere;
356 4124 694 4194 compendio
754 4124 934 4178 sancti
987 4123 1169 4177 Patris
1226 4140 1393 4177 causa
1447 4123 1799 4192 tractabitur,

80 4229 222 4267 cum
260 4213 631 4266 ostendemus
661 4228 729 4266 ea
758 4212 881 4282 ipsa
912 4212 1182 4282 dogmata
1212 4211 1267 4265 in
1299 4211 1508 4283 quibus
1538 4212 1802 4283 Augusti-

1931 489 2262 558 objicientes
2309 506 2440 544 cum
2495 491 2762 544 Morainio
2793 491 2936 563 disp.
2987 495 3069 557 13,
3114 509 3280 546 num.
3314 497 3402 560 87,
3440 509 3623 549 arcesA

1928 581 2060 632 sisse
2097 580 2250 633 illum
2294 584 2427 632 aestu
2477 580 2884 648 disputationis,
2944 585 2994 635 et
3049 585 3106 636 in
3164 583 3348 636 odium
3405 585 3619 637 haeresis

1928 683 2090 736 quam
2144 669 2520 736 impugnabat,
2568 670 2839 722 interdum
2895 670 2969 722 ad
3016 676 3257 724 extrema
3305 673 3618 726 declinasse.

1927 756 2034 809 Sed
2066 763 2218 809 errat
2248 757 2542 823 Moraines,
2568 773 2630 810 ac
2652 758 3066 826 simpliciorum
3109 759 3436 830 ignorantia
3479 762 3620 816 abu-

1927 844 2084 912 titur,
2118 845 2254 899 dum
2287 847 2578 899 contendit
2628 847 3012 915 Augustinum
3060 848 3351 905 interdum
3403 850 3474 905 ad
3525 866 3619 904 ex-

1925 937 2108 987 trema
2157 934 2468 988 declinasse
2497 937 2556 987 in
2586 951 2651 987 ea
2672 936 2949 988 sententia
2974 953 3145 1006 quam
3179 939 3388 1008 passim
3421 945 3476 992 et
3509 941 3622 994 uti-

1926 1039 2036 1093 que
2079 1023 2421 1077 solidissime
2476 1039 2539 1076 ac
2585 1025 3036 1079 constantissime
3082 1026 3340 1081 inculcat.
3395 1029 3498 1081 Illa
3551 1029 3619 1082 de

1925 1112 2385 1182 concupiscentia
2425 1112 2665 1183 queas-tio
2707 1117 2828 1166 erat
2859 1129 2971 1166 una
3019 1129 3082 1167 ex
3113 1115 3368 1185 quinque
3421 1115 3620 1186 praeei-

1924 1200 2051 1269 puis
2082 1217 2221 1270 quas
2260 1207 2482 1254 sanctus
2513 1202 2862 1272 Augustinus
2893 1219 3019 1256 cum
3054 1204 3369 1274 Pelagianis
3399 1204 3620 1269 imbuit,

1925 1289 2076 1343 unde
2103 1306 2232 1344 cum
2268 1291 2525 1344 Julianus
2567 1291 2810 1344 diceret:
2857 1311 2883 1341 ί(
2916 1292 3401 1361 Coucupisceutiae
3447 1295 3615 1346 natu-

1925 1378 2057 1432 ralis
2089 1379 2189 1448 qui
2218 1380 2450 1432 modum
2472 1384 2644 1444 tenet,
2683 1396 2828 1434 BONO
2843 1381 2990 1434 bene
3020 1381 3232 1447 utitur;
3263 1381 3362 1452 qui
3385 1381 3618 1435 modum

1923 1483 2038 1521 non
2071 1472 2247 1532 tenet,
2277 1485 2419 1522 BONO
2447 1469 2591 1522 male
2625 1472 2832 1535 utitur;
2867 1469 2967 1540 qui
2996 1475 3188 1523 autem
3226 1469 3398 1522 etiam
3430 1469 3620 1538 ipsum

1924 1557 2162 1611 modum
2201 1562 2410 1611 sanctae
2434 1557 2775 1628 virginitatis
2807 1575 2998 1612 amore
3017 1558 3446 1628 contempserit,
3477 1572 3620 1612 BONO

1926 1647 2128 1699 melius
2179 1663 2294 1699 non
2340 1646 2548 1712 utitur;
2591 1666 2617 1697 ››
2661 1647 3032 1716 Augustinus,
3065 1652 3264 1701 contra
3307 1648 3427 1700 haec
3458 1663 3616 1717 repo-

1927 1735 2011 1788 nit
2039 1735 2140 1788 lib.
2174 1752 2237 1790 tu
2266 1739 2462 1788 contra
2515 1735 2826 1799 Julianum,
2860 1753 2981 1805 cap.
3016 1739 3075 1788 2t
3103 1752 3115 1789 :
3161 1754 3187 1786 «
3226 1737 3337 1806 Ego
3382 1752 3513 1790 vero
3545 1736 3625 1789 sic

1925 1823 1994 1876 ad
2036 1827 2134 1876 tua
2170 1823 2280 1877 ista
2323 1824 2672 1892 respondeo:
2719 1824 3202 1893 Coucupiscentim
3238 1824 3480 1877 carnalis
3522 1825 3624 1895 qui

1924 1912 2157 1964 modum
2188 1917 2364 1978 tenet,
2400 1928 2540 1965 MALO
2589 1913 2733 1966 bene
2760 1912 2964 1978 utitur;
3001 1912 3099 1982 qui
3130 1911 3362 1965 modum
3396 1928 3510 1966 nou
3537 1917 3620 1966 te-

1923 2004 2040 2065 net,
2076 2016 2216 2053 MALO
2246 2001 2393 2053 male
2436 2001 2650 2066 utitur;
2703 2000 2800 2070 qui
2832 2007 3022 2054 autem
3051 1999 3223 2054 etiam
3266 2001 3452 2070 ipsum
3494 2017 3620 2055 mo-

1923 2090 2060 2142 dum
2108 2095 2313 2143 sanctae
2362 2089 2702 2158 virginitatis
2750 2105 2945 2142 amore
2994 2089 3426 2158 contempserit,
3479 2105 3619 2144 MALO

1923 2179 2128 2231 melius
2176 2195 2288 2232 non
2320 2179 2518 2232 utitur.
2551 2161 2581 2228 ’››
2625 2178 2760 2232 Inde
2802 2178 2978 2232 veluti
3028 2194 3238 2248 pugna:
3274 2177 3436 2247 signo
3488 2178 3620 2231 dato

1923 2267 2156 2321 clamat:
2191 2287 2216 2316 α
2269 2269 2334 2321 In
2363 2267 2468 2320 hac
2507 2266 2892 2321 controversia
2949 2267 3017 2320 de
3055 2267 3200 2320 bene
3247 2265 3458 2320 utendo
3512 2265 3619 2319 isto

1925 2373 2099 2410 manu
2132 2373 2292 2423 BONO,
2326 2373 2394 2409 ΑΝ
2429 2372 2588 2422 MALO,
2621 2359 2741 2409 tota
2763 2356 2911 2408 inter
2941 2371 3042 2408 nos
3073 2371 3241 2408 causa
3281 2358 3554 2408 versatur.
3597 2375 3616 2402 ι

1925 2445 1989 2497 Et
2017 2444 2252 2515 quidem
2297 2444 2555 2498 Julianus
2597 2444 2735 2498 adeo
2766 2444 2969 2497 acriter
3017 2459 3119 2514 pro
3166 2441 3623 2512 concupiscentia

1922 2536 2194 2602 tanquam
2244 2533 2490 2590 naturali
2537 2533 2883 2603 perfectione
2928 2533 3256 2600 decertavit,
3305 2536 3366 2584 ut
3406 2531 3461 2585 id
3516 2536 3620 2586 toto

1923 2622 2079 2682 libro,
2119 2626 2258 2675 teste
2287 2622 2500 2675 ibidem
2552 2621 2893 2692 Augustino,
2927 2625 3224 2674 exsecutus
3272 2619 3462 2673 fuerit.
3514 2619 3620 2690 0p-

1921 2714 2142 2778 ponunt
2172 2709 2318 2762 eain
2352 2710 2621 2779 opinione
2666 2716 2926 2763 sanctum
2957 2709 3245 2762 doctorem
3281 2707 3614 2772 excessisse;

1921 2802 1979 2850 at
2020 2797 2417 2851 contendimus
2461 2797 2618 2851 illam
2659 2797 2998 2851 sententiam
3045 2813 3160 2849 non
3212 2795 3484 2849 excidisse
3532 2794 3619 2848 ei-

1921 2887 2049 2940 dem
2072 2885 2235 2957 quasi
2265 2886 2419 2940 aliud
2463 2885 2674 2955 agenti,
2725 2885 2819 2938 sed
2851 2885 2983 2938 totis
3014 2885 3226 2937 viribus
3261 2889 3458 2937 contra
3497 2884 3616 2938 Ηίθ-

1919 2978 2126 3028 reticos
2155 2975 2418 3029 eamdem
2451 2975 2597 3027 serio
2619 2990 2683 3027 ac
2711 2975 2967 3027 consulto
2997 2972 3403 3043 propugnanti.
3457 2971 3618 3036 Quod

1920 3063 1967 3117 si
2019 3063 2368 3133 Augustinus
2423 3063 2678 3128 excessit,
2719 3063 2918 3116 eodem
2980 3062 3116 3116 vitio
3166 3061 3402 3131 antiqua
3444 3061 3617 3116 etiam

1921 3153 2162 3206 Ecclesia
2217 3152 2511 3213 laboravit,
2569 3167 2697 3222 quae
2737 3137 3034 3204 recitatam
3090 3151 3430 3204 sententiam
3486 3154 3617 3205 ante

1917 3240 2301 3311 Augustinum
2335 3246 2391 3294 et
2420 3256 2550 3293 cum
2595 3240 2913 3310 Augustino
2953 3244 3142 3292 secuta
3175 3242 3278 3304 est,
3309 3238 3464 3308 quod
3516 3239 3618 3292 ad-

1916 3328 2151 3382 versarii
2197 3345 2230 3382 a
2271 3327 2437 3382 nobis
2479 3327 2719 3382 docendi
2760 3331 2912 3392 sunt,
2965 3325 3432 3397 quandoquidem
3477 3325 3618 3380 illud

1915 3418 2200 3487 ignorant,
2249 3419 2335 3471 vel
2376 3418 2576 3471 saltem
2623 3416 2999 3471 dissimulant.
3031 3416 3403 3485 Augustinus,
3448 3414 3548 3467 lib.
3587 3432 3616 3464 γ

1914 3511 2108 3560 contra
2151 3506 2460 3572 Julianum,
2503 3521 2625 3576 cap.
2664 3510 2745 3568 t2,
2789 3505 2847 3559 in
2897 3507 3028 3570 ﬁne,
3064 3505 3320 3575 quinque
3347 3503 3615 3574 quaestio-

1915 3611 2016 3649 nes
2044 3596 2314 3666 proponit
2334 3597 2403 3649 de
2429 3595 2906 3666 concupiscentia,
2943 3611 3084 3666 quas
3113 3609 3244 3647 cum
3295 3593 3614 3664 Pelagianis

1915 3684 2191 3738 habebat:
2225 3684 2429 3738 harum
2462 3683 2628 3738 tertia
2654 3683 2762 3738 ista
2795 3688 2906 3737 est:
2942 3704 2967 3731 κ
3006 3684 3205 3737 Utrum
3245 3683 3462 3736 malum
3496 3698 3611 3736 non

1913 3773 2002 3838 sit,
2053 3772 2144 3826 cui
2193 3773 2543 3843 repugnanti
2593 3772 3064 3826 consentiendum
3114 3788 3233 3825 non
3271 3778 3374 3838 est,
3427 3789 3498 3826 ne
3552 3772 3612 3826 iu

1912 3877 2081 3915 suum
2136 3867 2340 3931 pergat
2379 3877 2693 3915 excessum.
2746 3883 2776 3934 ι¹
2814 3860 3147 3930 Additisque
3208 3860 3432 3914 duabus
3483 3860 3610 3914 aliis

1912 3947 2345 4017 quaestionibus,
2378 3947 2492 4001 ait:
2526 3967 2554 3996 α
2585 3949 2696 4001 l-loc
2734 3947 2884 4001 inter-
2920 3963 3023 4000 uos
3055 3946 3368 4000 disseritur.
3420 3947 3482 4000 lu
3521 3946 3610 4000 his

1912 4035 2322 4105 quaestionibus
2352 4036 2623 4090 catholica
2653 4035 2887 4090 veritate
2919 4036 3234 4106 antiquitus
3281 4036 3490 4090 tradita
3520 4050 3611 4089 ve—

1910 4130 2024 4177 stra
2052 4123 2232 4194 impia
2258 4123 2474 4177 novitas
2505 4122 2828 4176 suffocatur.
2884 4142 2911 4174 »
2948 4126 3124 4178 Porro
3156 4141 3269 4196 qua
3302 4125 3609 4194 reprehen-

1910 4212 2067 4270 sione
2099 4213 2307 4284 dignus
2335 4211 2871 4282 essetAugustiuus,
2904 4213 2950 4266 si
2979 4211 3284 4282 opiniones
3311 4212 3504 4282 falsas,
3552 4218 3611 4267 et

77 4319 197 4356 nus
260 4302 563 4357 excessisse
615 4302 843 4367 dicitur,
882 4302 1068 4366 ",fuisse
1115 4303 1386 4356 Romanis
1434 4302 1798 4367 pontiﬁcibus
1832 4290 1874 4344 Ι)
1909 4301 1966 4354 in
2009 4318 2149 4373 quas
2198 4317 2267 4356 ex
2311 4300 2712 4371 disputationis
2762 4302 2954 4355 furore
2986 4318 3240 4374 praceps
3288 4307 3442 4356 actus
3485 4302 3606 4356 fue-

73 4408 145 4445 ac
179 4393 424 4445 Patrum
473 4391 702 4461 synodis
731 4391 986 4461 probata.
1039 4390 1256 4444 Asserit
1282 4390 1635 4459 Augustinus
1669 4407 1798 4444 con-

71 4479 508 4550 cupiscentiam
550 4497 670 4533 esse
708 4496 810 4550 per
839 4496 897 4533 se
937 4480 1166 4543 malam,
1203 4483 1260 4532 et
1291 4478 1490 4532 vitium
1529 4479 1796 4532 humanm

70 4575 318 4623 naturae
346 4586 410 4623 ex
463 4569 648 4639 primo
689 4573 920 4638 peccato
950 4568 1291 4632 derivatum,
1319 4583 1426 4620 nec
1474 4567 1631 4620 illam
1676 4583 1795 4621 esse

67 4657 422 4728 passionem
482 4657 799 4711 naturalem
850 4657 1120 4724 hominis,
1177 4656 1352 4726 idque
1409 4655 1578 4709 variis
1626 4672 1795 4726 argu-

66 4745 303 4800 mentis
331 4746 394 4800 iu
424 4745 586 4799 libris
625 4746 844 4800 ultimis
883 4751 1130 4816 quatuor
1166 4744 1375 4816 prioris
1407 4749 1603 4798 contra
1626 4746 1793 4799 Julia-

63 4852 223 4889 num
261 4835 456 4904 operis
486 4836 858 4889 demonstrat.
895 4837 1163 4888 Attamen
1195 4838 1419 4887 sanctus
1448 4833 1646 4887 doctor
1682 4850 1795 4888 non

59 4922 482 4978 arbitrabatur
547 4923 1069 4994 concupiscentiam
1143 4939 1262 4976 esse
1310 4928 1626 4994 peccatum,
1697 4923 1794 4977 sed

56 5030 197 5067 esse
229 5012 414 5066 veluti
435 5013 693 5067 habitum
737 5012 1004 5066 vitiosum
1032 5011 1103 5064 ad
1140 5013 1356 5065 malum
1396 5013 1792 5067 inclinantem.

60 5104 104 5157 Ε
166 5107 386 5156 contra
441 5101 730 5171 Pelagiani
793 5101 1218 5156 contendebant
1278 5100 1794 5171 concupiscentiam

57 5207 198 5245 esse
257 5190 688 5261 perfectionem,
728 5207 791 5244 ac
818 5191 1034 5245 bonum
1082 5190 1339 5242 naturate
1381 5189 1448 5242 ad
1491 5189 1794 5244 hominum

55 5279 565 5351 propagationem
597 5280 784 5349 primo
823 5279 1048 5350 parenti
1078 5277 1347 5345 inditum,
1387 5277 1538 5331 unde
1584 5293 1685 5348 per
1723 5278 1794 5331 ir-

53 5369 366 5423 risionem
398 5369 860 5439 concupiscentia
914 5368 984 5422 ab
1013 5367 1355 5437 Augustino,
1387 5367 1484 5421 lib.
1519 5383 1571 5420 ιγ
1598 5372 1794 5422 contra

48 5459 402 5526 Julianum,
432 5473 558 5528 cap.
595 5462 680 5524 tt,
709 5457 1004 5512 dicebatur
1040 5455 1477 5526 Pelagianorum
1524 5462 1790 5525 suscepta,

52 5554 116 5602 et
139 5547 253 5602 lib.
289 5565 344 5613 v,
378 5563 503 5618 cap.
537 5551 590 5613 ὅ,
620 5547 954 5602 eorumdem
997 5547 1369 5616 pulcherrima
1394 5547 1628 5612 famula.
1681 5547 1790 5601 Re-

1908 4395 2015 4460 rat,
2073 4407 2178 4461 pro
2229 4390 2506 4445 catholica
2558 4390 2793 4446 veritate
2846 4391 3232 4462 publicasset?
3302 4391 3608 4460 Audiatur,

1910 4480 2138 4547 Suarez,
2173 4482 2500 4551 prolegom.
2548 4483 2578 4534 6
2617 4481 2685 4535 de
2734 4480 2943 4546 Gratia,
2982 4497 3103 4550 cap.
3145 4486 3206 4534 h‘:
3247 4499 3276 4532 »
3335 4480 3601 4542 Ulterius,

1904 4569 2114 4640 inquit,
2147 4570 2409 4624 addimus
2443 4569 2719 4641 quidquid
2757 4570 2819 4624 in
2846 4571 2948 4624 hac
2976 4569 3217 4624 materia
3255 4571 3610 4642 Augustinus

1910 4665 1971 4713 ut
1995 4664 2210 4712 certum
2242 4659 2506 4723 afﬁrmat,
2539 4663 2596 4712 et
2632 4658 2704 4712 ad
2747 4659 3015 4729 dogmata
3046 4659 3179 4724 ﬁdei
3231 4660 3544 4730 pertinere,
3573 4676 3606 4713 a

1907 4748 2164 4818 quolibet
2191 4747 2472 4816 prudente
2501 4751 2557 4800 et
2589 4748 2811 4802 erudito
2842 4749 3108 4821 theologo
3139 4766 3260 4804 esse
3290 4749 3602 4803 tenendum

1906 4841 1962 4890 et
2007 4836 2424 4890 defendendum
2466 4836 2689 4892 etiamsi
2738 4854 2853 4891 non
2902 4844 3056 4892 certo
3103 4843 3321 4892 constet
3364 4853 3485 4892 esse
3533 4837 3603 4890 ab

1906 4924 2148 4980 Ecclesia
2178 4924 2502 4991 deﬁnitum,
2531 4930 2653 4979 tum
2681 4926 2818 4996 quia
2847 4943 2978 4980 cum
3011 4927 3258 4981 Ecclesia
3296 4930 3519 4979 tantum
3542 4925 3601 4978 in

1904 5014 2010 5068 bac
2053 5013 2292 5066 materia
2325 5013 2592 5067 detulerit
2645 5014 2993 5083 Augustino,
3026 5017 3086 5066 ut
3132 5015 3254 5083 ejus
3286 5012 3598 5068 doctrinam

1903 5103 1963 5157 in
2003 5102 2342 5157 damnandis
2372 5102 2663 5157 erroribus
2715 5103 2912 5173 gratiae
2956 5103 3056 5158 Dei
3080 5101 3381 5156 contrariis
3411 5106 3604 5156 secuta

1903 5191 2095 5261 fuerit,
2134 5208 2342 5263 magna
2388 5197 2534 5247 esset
2587 5194 2882 5247 temeritas
2926 5191 3133 5266 privati
3178 5191 3444 5257 doctoris,
3501 5191 3602 5262 qui

1902 5279 2222 5350 Augustino
2288 5279 2506 5351 aliquid
2556 5280 2626 5335 de
2675 5281 2858 5350 gratia
2908 5280 3006 5334 Dei
3072 5285 3346 5351 tanquam
3413 5281 3602 5335 ortho-

1902 5369 2110 5424 doxum
2136 5370 2362 5424 docenti
2391 5371 2776 5425 contradicere
2825 5371 3076 5436 auderet,
3117 5369 3435 5440 praesertim
3469 5387 3599 5425 cum

1902 5462 1987 5514 tot
2007 5460 2192 5527 annis,
2228 5463 2387 5513 tanta
2415 5459 2715 5530 sapientia,
2762 5463 2918 5514 tanto
2964 5458 3220 5531 ingenio,
3260 5463 3418 5514 tanta
3464 5459 3595 5514 dili-

1906 5549 2098 5618 gentia
2123 5553 2179 5602 et
2203 5548 2490 5614 instantia,
2524 5552 2599 5615 et,
2633 5549 2784 5622 quod
2819 5553 3007 5620 caput,
3041 5553 3123 5604 tot
3153 5549 3314 5604 donis
3343 5555 3401 5604 et
3438 5550 3596 5615 ειυκὶ-
