3946 6176
303 269 405 322 603

1314 261 1874 336 SUPPLEMENTUM
1915 263 2004 316 AD
2041 261 2278 316 OPERA
2316 261 2370 315 S.
2414 260 2798 317 AUGUSTINI.
3461 239 3474 258 Ι
3665 270 3740 322 ὓθίι

302 391 394 448 liis
422 388 698 462 praditus
730 405 834 461 pro
867 387 1059 444 divina
1095 385 1278 458 gratia
1300 386 1525 453 {tuenda
1564 391 1621 440 et
1668 386 2000 458 explicanda
2037 387 2085 442 A
2118 389 2204 439 tra
2264 385 2581 452 Pelagianos
2652 385 3133 454 concupiscentiam
3201 399 3311 439 esse
3361 386 3571 442 malam.
3624 387 3752 452 Quod

306 478 668 534 laboraverit.
705 497 731 529 ι)
760 479 900 533 Cum
930 475 1129 532 Suario
1159 475 1330 530 sentit
1376 475 1678 530 cardinalis
1720 474 2003 530 Bellarmi-

308 584 435 624 nus.
487 567 586 624 lib.
629 586 666 622 ιι
713 568 781 622 de
839 565 1026 622 Gratia
1080 569 1137 618 et
1191 564 1371 619 libero
1421 564 1673 632 arbitrio,
1723 581 1846 636 cap.
1901 568 1996 618 H:

313 676 340 709 ‹‹
402 659 527 713 Non
570 659 774 727 posset,
823 654 1028 725 inquit,
1076 653 1226 708 idem
1267 654 1622 723 Augustinus
1665 653 1736 708 ab
1787 653 2003 725 ingenti

310 745 630 801 temeritate
665 743 909 808 defendi,
959 741 1172 813 quippe
1217 742 1316 813 qui
1347 758 1462 796 non
1491 743 1675 796 solum
1701 747 1816 796 tam
1853 741 2000 795 acri-

312 840 400 889 ter
444 851 549 904 pro
588 832 830 887 falsitate
878 836 1163 898 certasset,
1209 832 1305 886 sed
1354 831 1528 886 etiam
1577 848 1704 886 eam
1739 848 1844 902 pro
1892 832 2002 886 ﬁde

315 922 589 977 catholica
609 921 899 976 venditare
931 937 1100 974 ausus
1125 924 1289 975 esset.
1323 943 1350 970 »
1390 923 1518 975 Hac
1546 921 1646 974 illi.

382 1011 535 1066 Hanc
594 1009 772 1062 sancti
818 1009 995 1063 Patris
1040 1009 1109 1062 de
1156 1008 1613 1078 concupiscentia
1665 1007 2004 1062 sententiam

311 1099 570 1169 ejusdem
607 1098 869 1168 discipuli
896 1097 1074 1152 secuti
1107 1102 1255 1152 sunt.
1289 1098 1524 1152 Sanctus
1561 1096 1908 1166 Fulgentius,
1946 1096 2004 1149 in

314 1188 555 1258 epistola
587 1187 654 1241 de
685 1188 837 1241 Bono
871 1187 1179 1258 conjugali,
1215 1203 1337 1257 cap.
1374 1190 1425 1253 3,
1457 1185 1678 1240 scribit:
1719 1204 1746 1234 α
1784 1187 1848 1239 In
1893 1184 2006 1238 illis

313 1293 522 1348 nempe
553 1276 739 1342 bonis,
773 1293 900 1347 qua
927 1276 1058 1330 fecit
1088 1278 1256 1342 Deus,
1283 1275 1571 1330 invenitur
1600 1281 1752 1329 casta
1779 1275 2006 1346 copula-

311 1365 392 1420 tio
423 1365 618 1419 uxoris
646 1371 702 1418 et
738 1365 866 1431 viri,
890 1365 949 1418 in
980 1365 1186 1436 quibus
1219 1364 1316 1419 Dei
1357 1364 1626 1434 operibus
1674 1364 1847 1418 libido
1890 1379 2007 1416 non

311 1458 499 1526 potest
540 1453 801 1519 inveniri,
831 1470 934 1507 nec
975 1453 1279 1524 aliquando
1305 1452 1540 1524 justitia
1562 1451 1847 1523 congruit,
1879 1469 2007 1522 qua

314 1559 426 1598 non
458 1543 784 1598 hominibus
823 1559 887 1596 ex
923 1543 1074 1597 dono
1100 1542 1459 1607 conditionis,
1491 1542 1590 1596 sed
1618 1541 2008 1613 peccatoribus

316 1648 385 1685 ex
433 1631 570 1685 vitio
628 1632 828 1701 prima
885 1629 1366 1701 pravaricationis
1424 1629 1715 1684 accessit.»
1773 1631 2008 1684 Sanctus

315 1723 580 1791 Prosper,
610 1737 708 1774 seu
739 1719 1035 1774 Pomerius
1063 1719 1159 1773 lib.
1193 1737 1251 1773 ιιι
1283 1719 1351 1774 de
1380 1719 1503 1774 Vita
1545 1718 2005 1788 contemplativa,

317 1826 439 1880 cap.
474 1813 540 1864 2:
589 1827 616 1860 ε(
651 1809 788 1877 Piis,
820 1809 1028 1880 inquit,
1067 1809 1365 1863 conatibus
1406 1809 1612 1862 nostris
1657 1807 1868 1862 resistit
1893 1807 2014 1877 ipsa

315 1898 778 1969 concupiscentia
809 1898 1030 1964 vitiosa,
1061 1915 1177 1952 non
1216 1898 1517 1965 naturalis,
1541 1897 1637 1951 sed
1668 1902 1887 1950 natura
1917 1912 2013 1949 no-

315 1991 447 2042 stra
506 1987 687 2042 indita
721 1988 1022 2057 panaliter
1067 1992 1122 2040 et
1168 1987 1399 2051 inserta,
1434 2003 1563 2057 qua
1613 1990 1838 2056 peccato
1872 1984 2016 2038 facta

311 2081 420 2145 est,
455 2081 512 2130 et
555 2081 876 2147 peccatum,
919 2075 966 2130 si
1011 2075 1227 2141 vicerit,
1268 2074 1422 2132 facit.
1468 2094 1494 2125 »
1550 2076 1714 2128 Favet
1742 2073 2012 2144 Augusti-

318 2164 507 2220 niana
554 2164 855 2218 sententia
911 2164 1159 2234 synodus
1223 2163 1554 2217 Tridentina
1604 2163 1662 2215 in
1685 2162 1913 2216 decreto
1945 2162 2014 2218 de

314 2257 546 2324 peccato
572 2252 858 2323 originali,
893 2252 992 2306 ubi
1019 2251 1189 2306 tradit
1219 2251 1736 2322 concupiscentiam
1767 2252 1836 2304 ab
1869 2254 2017 2322 Apo-

317 2342 464 2396 stolo
515 2345 812 2412 peccatum
858 2340 1217 2412 appellatam,
1241 2342 1372 2408 quia
1400 2357 1467 2394 ea:
1491 2346 1709 2409 peccato
1746 2345 1842 2408 est,
1866 2345 1916 2394 et
1945 2341 2019 2395 ad

315 2433 596 2499 peccatum
651 2429 899 2482 inclinat.
959 2427 1240 2482 lnclinare
1299 2432 1489 2481 autem
1538 2428 1605 2482 ad
1667 2429 1882 2482 malum
1935 2433 2021 2482 est

318 2515 618 2587 proprium
649 2515 876 2569 habitus
907 2514 1114 2580 vitiosi,
1146 2515 1440 2569 hominem
1471 2515 1540 2568 ad
1580 2531 1754 2583 prava
1795 2531 2021 2586 semper

323 2604 717 2675 propellentis.
753 2605 865 2658 Nec
885 2603 1116 2658 defuere
1147 2603 1382 2674 plurimi
1428 2620 1496 2657 ex
1532 2604 1881 2658 scholasticis
1921 2604 2021 2674 qui

323 2693 618 2747 recitatam
664 2692 968 2763 Augustini
1019 2692 1363 2746 sententiam
1411 2698 1641 2746 strenue
1690 2709 2022 2763 propugna-

325 2785 482 2836 rent:
526 2783 727 2835 Petrus
780 2781 1079 2845 Aureolus,
1135 2779 1398 2834 acerrimi
1449 2779 1668 2850 ingenii
1715 2780 1816 2844 vir,
1865 2779 1923 2832 in
1967 2782 2019 2849 ἱ),

319 2867 448 2922 dist.
485 2870 572 2934 30,
605 2873 710 2923 art.
761 2872 818 2936 2,
849 2869 1070 2924 scribit:
1115 2891 1142 2917 «
1177 2869 1489 2923 Habitualis
1536 2869 1770 2924 rebellio
1801 2867 2022 2938 appeti-

319 2959 412 3010 tus
437 2955 691 3010 sensitivi
716 2972 830 3010 non
861 2962 946 3010 est
979 2956 1040 3010 in
1064 2956 1228 3011 nobis
1265 2961 1469 3011 natura
1506 2957 1792 3029 appetitus
1841 2955 2017 3009 sensi-
2049 2981 2087 3036 α

322 3044 423 3100 tivi
454 3050 701 3099 tantum.
749 3047 864 3100 Hoc
879 3045 1005 3100 dico
1027 3051 1263 3116 propter
1291 3046 1618 3116 opinionem
1639 3044 2019 3116 quorumdam

325 3134 428 3205 qui
457 3133 652 3188 dicunt
683 3135 836 3204 quod
872 3134 1157 3205 appetitus
1186 3134 1417 3188 relictus
1452 3150 1610 3204 pura
1645 3139 1864 3188 natura
1907 3147 2023 3185 sua

326 3222 514 3276 adhuc
562 3222 799 3277 haberet
827 3222 886 3276 in
933 3238 992 3276 se
1023 3222 1374 3276 habitualem
1426 3222 1585 3276 illam
1626 3221 2019 3276 rebellionem.

330 3313 444 3382 Ego
477 3311 604 3365 dico
634 3311 789 3382 quod
819 3327 886 3365 ex
919 3327 976 3365 se
1007 3316 1092 3364 est
1132 3311 1464 3366 indifferens
1513 3311 1580 3364 ad
1640 3309 2024 3364 obediendum

325 3401 411 3455 vel
449 3416 567 3454 non
595 3400 979 3454 obediendum
1012 3400 1261 3466 rationi;
1293 3399 1659 3470 per'aliquod
1706 3403 1895 3452 autem
1927 3398 2024 3451 ad-

327 3491 534 3556 ditum,
576 3495 716 3560 puta
754 3505 857 3560 per
885 3489 1216 3560 qualitatem
1235 3487 1576 3554 morbidam,
1612 3488 1672 3542 lit
1697 3487 2027 3541 inobediens

325 3578 557 3633 rationi.
593 3580 657 3632 Et
709 3578 830 3632 hac
858 3577 1148 3632 'conclusio
1178 3581 1369 3647 posset
1404 3576 1635 3648 probari
1681 3575 2028 3630 auctoritati-

331 3668 438 3722 bus
477 3672 532 3721 et
575 3666 926 3734 rationibus;
965 3672 1050 3722 est
1107 3666 1262 3720 enim
1307 3681 1571 3736 expressa
1613 3664 1892 3719 sententia
1919 3667 2028 3717 Au-

333 3755 568 3828 gustini.
607 3777 628 3804 ι
679 3756 947 3810 Eamdem
991 3755 1169 3810 sancti
1211 3754 1458 3809 doctoris
1507 3754 1847 3808 sententiam
1887 3758 2027 3807 stre-

333 3861 445 3901 nue
478 3848 675 3898 tuetur
701 3849 896 3898 noster
925 3844 1228 3914 Gregorius
1258 3842 1655 3910 Ariminensis,
1690 3847 1744 3910 2,
1777 3843 1906 3897 dist.
1939 3844 2026 3908 30,

334 3939 537 4006 quast.
587 3939 635 4001 1,
689 3939 791 3997 art,
827 3937 880 4000 2,
917 3934 1013 3988 ubi
1045 3934 1150 3988 ait:
1198 3953 1223 3984 ‹‹
1269 3935 1420 3988 Hanc
1460 3933 1767 4005 Augustini
1808 3935 2030 3985 senten-

335 4023 477 4079 tiam
503 4027 730 4078 secutus
759 4027 842 4077 est
863 4022 1143 4092 Magister,
1175 4023 1238 4076 ut
1267 4022 1502 4093 patetin
1533 4022 1640 4077 ista
1667 4020 2029 4075 distinctione

333 4114 400 4166 3O
433 4116 488 4166 et
509 4128 653 4183 seq.,
682 4111 740 4165 in
768 4110 975 4181 quibus
1005 4116 1207 4165 tractat
1246 4111 1313 4165 de
1342 4110 1448 4164 ista
1475 4110 1731 4176 materia,
1764 4116 1820 4162 et
1864 4107 2030 4162 multi

342 4201 516 4255 etiam
569 4199 792 4272 antiqui
825 4217 886 4254 ac
915 4200 1178 4256 moderni
1207 4205 1528 4270 sequuntur
1554 4199 1830 4253 doctores.
1867 4218 1891 4247 υ
1926 4199 2029 4266 Ita,

2112 478 2308 544 postea
2336 474 2594 544 pluribus
2644 472 2998 543 argumentis
3043 488 3108 526 ex
3134 472 3443 542 Augustino
3487 475 3756 546 desumptis

2111 563 2480 617 demonstrat.
2564 563 2836 617 Octavum
2880 565 3280 633 argumentum
3340 562 3579 631 ejusdem
3621 581 3756 636 repe-

2110 655 2259 706 tam:
2287 671 2313 702 «
2349 651 2557 706 Malum
2606 655 2707 712 est,
2756 651 2963 722 inquit,
3003 656 3065 703 ut
3107 650 3374 704 inferiora
3419 652 3759 720 superioribus

2113 742 2482 807 reluctentur,
2515 740 2573 794 id
2604 739 2759 794 enim
2793 744 2988 793 contra
3019 739 3349 810 aquitatem
3400 743 3452 792 et
3480 745 3668 794 rectam
3697 759 3760 796 ra-

2110 827 2332 882 tionem
2363 832 2474 894 est;
2511 831 2566 881 at
2611 831 2848 898 propter
2877 825 3395 896 concupiscentiam
3430 842 3556 896 pars
3591 829 3760 884 anima

2110 916 2350 971 inferior
2382 916 2686 988 superiori,
2719 916 2777 969 id
2807 920 2910 981 est,
2944 915 3152 969 rationi
3183 919 3482 986 repugnat,
3509 916 3612 988 legi
3637 934 3762 972 men-

2111 1006 2184 1059 tis
2213 1022 2330 1060 non
2375 1011 2554 1077 paret,
2592 1004 2815 1077 spiritui
2844 1005 3208 1070 adversatur;
3242 1004 3368 1074 quis
3398 1005 3563 1074 igitur
3610 1006 3758 1060 ambi-

2113 1099 2208 1166 gat
2238 1111 2308 1149 an
2335 1111 2402 1149 ea
2435 1095 2585 1148 mala
2616 1095 2689 1148 sit
2717 1094 3094 1164 appellanda?
3126 1113 3146 1140 ι
3178 1093 3342 1157 Quod
3385 1096 3468 1146 est
3500 1109 3760 1164 argumen-

2113 1188 2235 1238 tum
2265 1183 2594 1254 Augustini,
2629 1183 2726 1238 lib.
2764 1200 2795 1236 v
2833 1187 3028 1236 contra
3060 1182 3374 1250 Iulianum,
3399 1199 3512 1253 cap.
3555 1186 3602 1238 3.
3628 1184 3760 1238 Joan-

2113 1289 2215 1326 nes
2271 1272 2564 1343 Bagocius,
2624 1272 2726 1327 lib.
2784 1275 2813 1326 5
2875 1273 3255 1326 Demonstrat.
3320 1271 3504 1342 dogm.
3575 1271 3762 1336 Christ,

2116 1361 2327 1432 disput.
2380 1363 2433 1428 8,
2475 1377 2597 1432 cap.
2647 1365 2697 1428 1,
2744 1365 2878 1416 sect.
2932 1365 2982 1426 3,
3024 1360 3203 1413 sancti
3249 1359 3548 1430 Augustini
3583 1364 3765 1415 senten-

2115 1451 2254 1504 tiam
2297 1450 2562 1520 pluribus
2610 1449 2836 1521 probat,
2881 1454 2937 1504 et
2973 1449 3291 1503 concludit:
3355 1470 3375 1495 ι
3421 1448 3573 1502 Absit
3611 1454 3765 1503 autem

2117 1544 2181 1594 ut
2224 1539 2524 1612 quisquam
2576 1539 2886 1593 catholicus
2926 1539 3106 1593 Deum
3150 1537 3232 1591 rei
3277 1541 3394 1591 tam
3437 1536 3590 1591 fada
3629 1541 3676 1591 et
3713 1537 3766 1590 ad

2115 1628 2333 1682 malum
2386 1628 2710 1699 importune
2749 1626 3036 1681 iucitantis
3081 1631 3377 1680 auctorem
3423 1625 3620 1690 credat,
3667 1640 3769 1678 cum

2121 1722 2305 1771 tamen
2355 1715 2403 1769 si
2443 1715 2736 1770 hominem
2779 1716 2937 1769 nullo
2996 1715 3358 1785 pracedente
3414 1717 3627 1784 peccato
3667 1728 3769 1766 cum

2120 1805 2216 1858 illo
2247 1804 2462 1875 peccati
2514 1803 2710 1858 fomite
2739 1803 3102 1866 condidisset,
3136 1807 3254 1857 tam
3288 1802 3410 1872 ejus
3452 1817 3613 1872 quam
3638 1806 3770 1854 natu-

2122 1909 2201 1947 ra
2240 1894 2528 1960 humana,
2571 1897 2627 1946 et
2667 1892 2926 1946 omnium
2969 1892 3321 1946 naturalium
3367 1891 3682 1961 qualitatum
3717 1888 3772 1942 la-

2122 1983 2515 2052 cultatumque
2571 1986 2766 2035 auctor
2813 1985 2963 2035 esset
3001 1979 3444 2035 existimandus!
3510 1999 3532 2028 r
3595 1979 3652 2031 ln
3693 1977 3771 2030 hac

2123 2071 2323 2124 eadem
2380 2069 2660 2124 sententia
2718 2085 2850 2123 cum
2903 2068 3225 2140 Augustino
3257 2066 3504 2121 concinit
3559 2065 3771 2120 doctissi-

2122 2176 2252 2214 mus
2284 2161 2352 2214 P.
2399 2159 2660 2226 Elisalda,
2716 2159 2817 2229 qui
2868 2175 2998 2212 cum
3027 2157 3372 2228 theolgicam
3411 2156 3706 2210 cathedram
3729 2155 3773 2208 in

2123 2246 2366 2318 collegio
2425 2247 2684 2300 Romano
2735 2247 3155 2312 moderaretur,
3202 2245 3467 2299 eamdem
3509 2243 3773 2298 doctrinam

2123 2335 2370 2392 dictavit.
2419 2335 2558 2389 Hinc
2589 2335 2648 2389 in
2693 2334 2934 2405 publicis
2969 2334 3226 2388 thesibus
3258 2339 3308 2402 ξε
3351 2332 3602 2387 Patribus
3634 2329 3771 2384 socie-

2124 2425 2254 2479 tatis
2295 2441 2445 2478 anno
2504 2426 2638 2478 1658
2682 2424 2752 2478 de
2795 2440 2955 2478 more
2999 2422 3206 2477 astivis
3261 2421 3419 2476 horis
3457 2417 3774 2492 prapugnatis

2125 2514 2544 2585 Augustiniana
2597 2513 2878 2568 sententia
2936 2511 3025 2566 his
3083 2512 3254 2582 plane
3330 2509 3512 2566 verbis
3554 2511 3775 2577 concepta

2126 2603 2583 2674 proponebatur;
2639 2624 2661 2652 ι
2718 2604 2846 2656 Hac
2891 2600 3378 2671 concupiscentia,
3429 2615 3537 2670 quo
3581 2597 3670 2650 sub
3699 2611 3773 2648 no-

2129 2692 2282 2746 mine
2321 2692 2500 2745 multa
2531 2690 3098 2761 comprehenduntur
3126 2687 3466 2743 reducibilia
3509 2686 3574 2740 ad
3617 2699 3773 2747 unum,

2128 2785 2332 2835 natura
2364 2797 2466 2834 sua
2489 2783 2570 2834 est
2618 2780 2703 2833 vel
2753 2795 2884 2848 pars
2927 2777 3143 2848 peccati
3174 2778 3264 2830 vel
3313 2777 3537 2831 affectus
3589 2771 3774 2844 peccati,

2129 2876 2325 2941 estque
2357 2869 2415 2924 in
2446 2875 2650 2924 natura
2681 2869 2932 2922 humana
2962 2868 3185 2932 vitium,
3211 2867 3390 2921 etiam
3429 2863 3692 2934 corruptio
3736 2864 3774 2914 et

2127 2957 2450 3024 infirmitas,
2527 2961 2583 3011 et
2658 2957 2994 3027 neutiquam
3067 2957 3349 3009 naturalis
3416 2950 3708 3008 constitutio
3736 2951 3776 3001 et

2129 3045 2446 3116 complexio
2495 3045 2667 3099 illius.
2720 3043 2987 3098 Consistit
3014 3043 3075 3097 in
3122 3043 3330 3097 habitu
3365 3041 3600 3113 quodam
3643 3050 3774 3109 pravo

2132 3139 2184 3188 et
2215 3139 2504 3204 corrupto,
2537 3133 2636 3204 qui
2669 3133 2912 3203 languor
2941 3131 3150 3186 anima
3180 3137 3269 3186 est
3298 3135 3357 3186 et
3389 3131 3602 3193 dicitur,
3637 3132 3684 3179 et
3705 3140 3772 3178 eo-

2131 3224 2261 3278 dem
2301 3223 2472 3277 niodo
2521 3221 2876 3276 reducendus
2912 3225 2996 3274 est
3024 3221 3110 3274 vel
3143 3237 3261 3274 non
3309 3224 3394 3274 est
3443 3219 3510 3273 ad
3555 3213 3774 3288 pradiw

2131 3315 2390 3367 mentum
2421 3311 2712 3382 qualitatis
2732 3315 2900 3381 atque
2930 3309 3287 3363 infirmitatis
3307 3306 3625 3379 corporalis,
3650 3301 3773 3372 cujus

2132 3402 2371 3456 modum
2415 3400 2696 3454 imitatur.
2748 3400 2931 3454 Minus
2962 3399 3114 3452 illius
3157 3398 3390 3453 habitus
3433 3391 3772 3452 estinordina-

2133 3491 2211 3546 tio
2259 3490 2468 3543 virium
2521 3489 2729 3543 anima
2772 3489 2923 3542 inter
2959 3504 3038 3555 se,
3082 3491 3140 3541 et
3176 3503 3298 3542 non
3345 3484 3608 3556 subjectio
3641 3476 3774 3552 partis

2132 3577 2418 3633 inferioris
2450 3578 2520 3632 ad
2552 3578 2926 3647 superiorem.
2962 3595 2991 3628 ν

2205 3667 2376 3741 Plura
2404 3670 2597 3720 autem
2627 3670 2968 3737 argumenta
3011 3668 3237 3719 sanctus
3281 3665 3474 3719 doctor
3513 3663 3685 3716 contra
3709 3656 3774 3710 Ju-

2135 3756 2352 3810 lianum
2445 3755 2961 3826 concupiscentiam
3043 3753 3450 3808 defendentem
3531 3743 3773 3819 congessit.

2133 3861 2307 3917 quem
2340 3843 2511 3898 etiam
2559 3844 2740 3898 acutis
2786 3843 3027 3898 subinde
3077 3843 3293 3896 salibns
3328 3838 3639 3912 perstringit
3675 3831 3774 3888 irri-

2135 3934 2340 4004 detque
2381 3933 2704 3992 hareticus,
2761 3937 2901 3986 teste
2930 3931 3148 4002 Leodem
3188 3931 3294 3985 lib.
3345 3948 3382 3984 ιι
3418 3932 3599 3983 contra
3638 3922 3773 3977 lulia-

2137 4036 2298 4086 num,
2323 4037 2444 4091 cap.
2485 4024 2541 4085 7,
2573 4024 2693 4073 toto
2726 4019 2871 4073 libro
2903 4018 3171 4082 secundo,
3205 4021 3263 4070 et
3300 4015 3479 4087 priori
3520 4017 3662 4085 parte
3698 4012 3776 4060 ter-

2138 4107 2203 4162 tii
2239 4111 2434 4161 contra
2491 4106 2701 4161 librum
2758 4106 3011 4177 primum
3064 4105 3134 4159 de
3182 4103 3410 4174 Nuptiis
3454 4105 3508 4156 et
3557 4091 3773 4163 concupi-

2138 4196 2350 4250 scentia
2402 4195 2472 4250 ab
2519 4195 2841 4264 Augustino
2872 4194 2943 4248 ad
2988 4192 3279 4247 Valerium
3317 4191 3546 4246 missum
3573 4201 3660 4258 pro
3684 4195 3774 4236 sus-

337 4294 482 4347 teste
511 4290 777 4357 Aureolo,
808 4289 1090 4343 contraria
1117 4288 1436 4359 Augustin
1467 4287 1742 4344 sententia
1778 4303 2030 4356 quorum-
2066 4276 2106 4329 Ι)
2144 4289 2306 4356 cepta
2361 4283 2600 4350 laborat,
2676 4299 2847 4354 quem
2903 4287 3128 4336 sanctus
3179 4283 3348 4335 Pater
3412 4279 3508 4334 lib.
3581 4291 3625 4329 iv
3668 4275 3710 4325 et
3742 4283 3774 4359 _V

345 4379 473 4433 dam
532 4383 757 4433 tantum
817 4378 942 4439 fuit,
1007 4377 1109 4432 ubi
1165 4393 1231 4430 ex
1279 4375 1551 4446 Gregorio
1591 4379 1780 4430 sancto
1819 4375 2036 4428 doctori

245 4536 252 4537 ί
341 4467 502 4521 multi
551 4465 792 4537 antiqui,
841 4482 904 4520 ac
955 4464 1217 4520 moderni
1256 4464 1560 4534 scriptores
1597 4468 1720 4518 tum
1765 4462 2036 4534 temporis

347 4554 742 4608 adharebant.
777 4554 918 4609 Hinc
943 4554 1152 4608 factum
1184 4556 1287 4618 est,
1328 4556 1393 4607 ut
1419 4551 1694 4606 famosam
1724 4552 1878 4606 illam
1912 4567 2038 4621 qua-

345 4644 555 4699 litatem
589 4643 891 4697 morbidum
937 4641 1279 4698 nobilissimi
1319 4640 1636 4696 scholastici
1685 4657 1714 4695 e
1771 4640 2038 4695 Nomina-

341 4731 488 4787 lium
519 4737 670 4786 secta
715 4731 1031 4801 antiquitus
1064 4732 1225 4802 juxta
1255 4730 1671 4801 Augustiniana
1700 4729 1906 4800 placita
1948 4728 2038 4782 de-

345 4822 650 4879 fenderint.
714 4821 786 4876 Ex
851 4821 1264 4876 recentioribus
1319 4836 1468 4875 unus
1525 4820 1783 4874 mihi‘sit
1860 4818 2040 4871 instar

347 4913 606 4968 omnium
649 4913 712 4966 P.
761 4910 1006 4976 Macedo,
1053 4910 1152 4981 qui
1190 4911 1286 4965 lib.
1321 4927 1371 4964 1v
1400 4910 1470 4964 de
1513 4909 1771 4964 Clavibus
1820 4909 1885 4961 D.
1932 4908 2038 4960 Pe-

347 5002 440 5068 tri,
475 5019 596 5073 cap.
634 5003 717 5067 l0,
760 5006 908 5071 part.
942 5002 996 5067 2,
1031 4999 1208 5054 sancti
1239 4999 1486 5054 doctoris
1533 4997 1871 5052 sententiam
1903 4995 2039 5049 soli-

353 5089 603 5156 dissime,
641 5095 705 5145 ut
729 5093 955 5154 caetera,
999 5088 1332 5142 communit.
1362 5089 1484 5141 Imo
1516 5086 1763 5140 celebres
1803 5085 1975 5139 etiam
2011 5100 2041 5137 e

354 5178 620 5233 societate
663 5179 972 5250 scriptores
1009 5176 1530 5248 concupiscentiam
1575 5180 1630 5228 et
1677 5175 1885 5228 malam
1921 5188 2041 5226 esse

349 5268 406 5318 et
431 5266 589 5322 nulla
625 5268 847 5322 ratione
889 5267 1040 5321 inter
1081 5265 1182 5320 Dei
1213 5280 1388 5336 opera
1432 5263 1818 5333 deputandam
1869 5259 2043 5314 tradi—

351 5352 508 5409 dere.
588 5354 984 5421 Bellarminus,
1035 5354 1250 5426 grande
1299 5367 1416 5406 non
1472 5350 1754 5405 societatis
1796 5352 2042 5416 tantum,

351 5441 452 5496 sed
499 5441 792 5497 catholica
829 5444 1000 5498 etiam
1031 5442 1286 5498 Ecclesia
1321 5440 1510 5507 decus,
1539 5439 1636 5494 lib.
1670 5457 1721 5493 vi
1757 5439 1825 5493 de
1865 5435 2047 5491 Amis-

351 5529 508 5585 sione
556 5529 756 5602 gratia
810 5537 982 5603 caput
1031 5536 1090 5587 14
1115 5533 1196 5586 ita
1252 5529 1508 5585 inscribit
1562 5527 1875 5585 Ostenditur
1923 5543 2044 5582 con-

2141 4355 2350 4445 prioris
2379 4371 2567 4441 operis
2605 4371 2831 4425 refellit.
2879 4371 3030 4424 Dabo
3067 4385 3193 4424 eam
3225 4368 3287 4422 in
3319 4384 3440 4423 rem
3460 4379 3625 4420 unum
3651 4355 3772 4445 et

2143 4444 2334 4516 terum
2387 4460 2642 4530 ejusdem
2699 4463 3128 4530 argumentum,
3166 4457 3288 4513 Lib.
3348 4473 3422 4525 iv,
3463 4470 3578 4523 cap.
3626 4451 3695 4508 l3,
3720 4444 3774 4498 ita

2148 4555 2341 4620 urget:
2375 4568 2404 4600 «
2445 4550 2568 4602 Duo
2610 4547 2764 4601 enim
2804 4547 2954 4600 bona
2991 4563 3120 4616 qua
3150 4562 3182 4598 a
3213 4546 3380 4599 Patre
3421 4544 3528 4597 Deo
3555 4540 3680 4596 sunt,
3709 4532 3771 4585 in-

2146 4643 2233 4693 ter
2265 4654 2322 4692 se
2354 4653 2613 4709 pugnare
2642 4652 2755 4690 non
2786 4640 3040 4706 possunt,
3074 4637 3336 4706 pugnant
3379 4636 3562 4686 autem
3590 4627 3712 4680 inter
3733 4633 3774 4672 se

2147 4725 2502 4782 continentia
2535 4730 2592 4780 et
2635 4723 3113 4794 concupiscentia.
3164 4722 3313 4786 Quid
3366 4721 3562 4775 horum
3602 4731 3627 4768 a
3653 4713 3775 4767 Pah‘e

2147 4815 2331 4886 magis
2371 4815 2510 4868 velis
2541 4829 2659 4868 esse
2712 4813 3016 4882 responde.
3077 4811 3254 4864 Video
3308 4825 3445 4881 quas
3475 4801 3678 4879 patiaris
3707 4811 3776 4886 au-

2151 4904 2394 4976 gustias:
2429 4904 2579 4957 faves
2618 4902 2854 4971 quidem
2893 4899 3390 4970 concupiscentia,
3421 4896 3512 4950 sed
3550 4883 3776 4947 erubescis

2151 4992 2534 5048 continentia.
2577 5012 2598 5042 ι
2645 4992 3030 5046 Conﬁrmatur
3058 4988 3245 5060 primo
3283 5004 3349 5042 ex
3383 4985 3476 5039 lib.
3509 5000 3554 5048 v,
3591 4994 3696 5048 cap.
3727 4977 3773 5025 ’ἴε

2155 5103 2182 5134 ‹‹
2213 5083 2379 5136 Nulla
2406 5097 2600 5152 pugna
2631 5084 2715 5133 est
2743 5079 2864 5132 sine
2887 5079 3058 5132 malo.
3082 5076 3321 5142 Quando
3351 5074 3496 5129 enim
3525 5068 3772 5140 pugnatur.

2153 5176 2251 5226 aut
2278 5171 2493 5225 bonum
2522 5172 2739 5240 pugnat
2764 5173 2820 5222 et
2846 5168 3091 5233 malum;
3135 5170 3232 5220 aut
3265 5165 3474 5219 malum
3492 5164 3544 5214 et
3574 5153 3771 5240 malum:

2154 5264 2252 5314 aut
2298 5260 2344 5313 si
2376 5258 2488 5312 duo
2523 5237 2690 5312 bona
2733 5257 2884 5311 inter
2931 5273 2989 5309 se
3030 5260 3308 5327 pugnant,
3359 5253 3478 5322 ipsa
3521 5258 3685 5318 pugna
3711 5237 3772 5290 est

2153 5363 2431 5419 magnum
2479 5347 2715 5402 malum.
2773 5367 2795 5393 ι
2839 5345 2981 5400 Cum
3020 5351 3213 5399 autem
3257 5337 3580 5397 continentia
3622 5332 3771 5385 contra

2155 5435 2676 5508 concupiscentiam
2726 5439 2963 5506 pugnet,
2997 5433 3145 5488 hanc
3193 5433 3396 5486 malam
3439 5442 3549 5482 esse
3605 5419 3766 5508 ibidem

2155 5505 2504 5597 Augustinus
2537 5505 2783 5580 deducit.
2821 5505 2962 5579 Hinc
2995 5523 3105 5578 ait:
3138 5543 3164 5566 σι
3196 5523 3389 5576 Adhuc
3421 5531 3527 5571 non
3568 5505 3764 5575 cvigilas.
