3946 6176
162 293 264 344 605

1476 285 1795 342 νΙΝΒΙΟΙᾸε]
1835 283 2376 338 AUGUSTINIAN/E.

3567 281 3669 333 606

160 415 227 467 ut
254 409 555 481 intelligas,
581 413 833 465 nostram
854 413 1117 465 naturam
1151 425 1265 464 non
1311 426 1451 479 esse,
1508 410 1602 464 sed
1636 409 1855 475 vitium,
1896 412 1939 466 A
1973 421 2039 460 ex
2070 405 2262 460 animo
2288 405 2485 461 laudas
2511 426 2525 472 ;
2556 406 2600 458 si
2631 410 2824 460 autem
2850 404 3182 475 simpliciter
3208 402 3330 475 agis
3374 402 3433 457 in
3459 419 3669 474 prazco-

164 508 365 557 contra
415 500 567 572 quod
623 499 831 553 virtute
882 515 1228 570 pugnamus.
1280 519 1305 549 1)
1354 498 1738 553 Conﬁrmatur
1771 514 1859 552 se-

163 591 350 645 cundo
378 588 625 643 ibidem:
660 608 686 638 ς
722 587 960 652 Quando
1013 589 1167 641 enim
1222 587 1399 642 libido
1442 587 1633 655 vincit,
1688 587 1861 642 vincit

164 684 220 733 et
253 678 545 747 diabolus;
580 678 808 748 quando
838 676 1008 731 libido
1040 676 1302 751 vincitur,
1337 681 1392 731 et
1447 677 1706 731 diabolus
1734 676 1858 729 vin-

160 768 324 821 citur.
353 767 537 831 Quem
593 782 730 837 ergo
778 765 954 819 vincit
1002 764 1199 832 libido,
1248 770 1304 819 et
1349 782 1380 819 a
1432 782 1545 836 quo
1596 766 1854 829 vincitur,

154 861 239 909 est
261 854 443 909 hostis
486 856 629 924 ejus.
667 855 805 909 Cum
839 870 952 924 quo
1010 859 1203 907 autem
1258 851 1428 907 vincit
1483 858 1539 908 et
1592 853 1857 917 vincitur,

158 949 358 997 auctor
375 949 460 998 est
487 945 628 1014 ejus.
665 964 691 995 »
729 943 820 996 Vis
850 943 1052 996 harum
1088 942 1374 996 rationum
1422 942 1483 996 in
1521 943 1628 996 hoc
1673 941 1860 996 consi-

158 1032 255 1086 stit
286 1033 445 1103 quod
476 1032 573 1086 Dei
605 1033 756 1086 dona
786 1048 904 1085 sese
932 1031 1175 1085 invicem
1205 1031 1398 1086 fovent
1426 1048 1492 1085 ac
1514 1030 1819 1102 perﬁciunt
1844 1045 1858 1099 ;

160 1120 286 1173 ideo
322 1121 481 1174 enim
510 1119 981 1190 multiplicantur,
1012 1135 1128 1172 non
1163 1123 1223 1173 ut
1253 1120 1446 1189 priora
1495 1136 1528 1173 a
1582 1119 1861 1190 posterio-

160 1209 317 1262 ribus
343 1209 733 1275 destruantur,
773 1209 870 1262 sed
927 1212 990 1261 ut
1039 1224 1185 1261 novo
1244 1209 1473 1262 cumulo
1526 1208 1595 1262 ab
1647 1207 1861 1261 eisdem

158 1303 518 1369 augeantur;
559 1297 638 1351 ita
667 1313 793 1369 spes
819 1297 993 1351 ﬁdem
1039 1298 1245 1359 munit,
1293 1303 1357 1352 et
1388 1303 1690 1368 utramque
1730 1297 1861 1350 cha-

156 1387 297 1441 ritas
342 1386 695 1440 corroborat.
753 1387 1077 1441 Posteriora
1131 1386 1283 1440 enim
1340 1386 1491 1441 dona
1546 1387 1754 1440 dantur
1804 1385 1863 1439 in

156 1474 468 1545 premium
490 1474 774 1528 bonorum
806 1490 1065 1545 operum,
1115 1473 1311 1544 eisque
1360 1475 1679 1545 subjectum
1731 1475 1863 1529 red-

156 1564 317 1618 ditur
345 1563 572 1619 melius.
607 1564 749 1618 Cum
781 1568 970 1617 autem
1001 1562 1352 1618 continentia
1383 1563 1453 1617 sit
1482 1564 1696 1618 donum
1740 1564 1860 1630 Dei,

155 1657 220 1707 ut
251 1668 323 1707 ex
349 1653 535 1724 prima
565 1653 637 1707 ad
684 1651 1009 1708 Corinthios
1060 1652 1324 1721 Epistola,
1372 1668 1493 1724 cap.
1534 1668 1628 1717 vn,
1662 1653 1865 1723 probat

1968 495 2089 561 nio,
2120 494 2361 549 colludis
2384 494 2442 548 in
2466 494 2685 565 praelio.
2724 516 2745 544 ι
2785 496 2848 549 Et
2875 500 3106 565 postea:
3150 515 3172 544 ι
3206 493 3427 548 Mallem
3474 497 3529 545 te
3560 492 3661 546 fal—

1969 584 2417 638 laciterlaudare
2446 583 2981 654 concupiscentiam,
3012 599 3184 653 quam
3234 580 3509 636 fallaciter
3557 580 3665 634 im-

1966 690 2243 745 pugnare.
2301 672 2674 727 Tolerabilius
2712 673 2867 727 enim
2923 673 3118 743 lingua
3168 676 3268 725 tua
3323 663 3492 742 quam
3546 670 3662 724 vita

1970 762 2267 827 mentitur,
2290 761 2641 814 tolerabilius
2664 761 2946 814 sententia
2982 777 3156 832 quam
3203 759 3556 813 continentia
3595 758 3664 810 si-

1969 852 2237 905 mulatur.
2274 850 2463 919 Fingis
2492 850 2703 921 quippe
2736 849 2985 919 .laudem
3039 866 3151 921 qua
3189 849 3263 903 sis
3302 847 3660 901 adversarius

1971 938 2269 994 sententiae
2298 955 2462 1008 meae,
2489 940 2537 991 si
2574 955 2688 991 non
2713 938 2882 1008 ﬁngis
2909 938 3224 992 castitatem
3256 954 3367 1008 qua
3384 954 3441 990 es
3474 937 3669 990 adver'

1970 1029 2151 1083 sarius
2198 1028 2671 1098 concupiscentia:
2715 1031 2846 1081 tuas.
2887 1048 2907 1075 ι
2968 1028 3181 1081 Rursus
3228 1027 3409 1096 capite
3467 1024 3667 1079 ultimo

1972 1119 2225 1190 ejusdem
2257 1119 2388 1172 libri
2419 1118 2497 1172 sic
2525 1118 2815 1172 lulianum
2861 1118 3100 1189 premit:
3138 1135 3164 1168 α
3204 1116 3349 1181 Quid
3388 1120 3470 1170 est
3513 1116 3669 1186 quod

1972 1210 2169 1262 laudas
2205 1224 2335 1261 cum
2367 1208 2575 1277 quibus
2606 1206 2873 1277 pugnas?
2903 1207 3199 1271 Quomodo
3230 1206 3435 1259 virtute
3476 1207 3667 1259 hostes

1971 1296 2256 1351 debellare
2279 1300 2332 1350 te
2363 1296 2610 1358 credam,
2653 1312 2795 1368 quos
2825 1297 2995 1349 verbo
3023 1296 3269 1349 lacerare
3302 1310 3417 1347 non
3450 1294 3668 1347 audes?

1972 1385 2031 1439 Si
2094 1384 2263 1439 ambo
2318 1384 2838 1457 concupiscentiam
2894 1384 3263 1448 debellamus,
3326 1398 3501 1452 quare
3552 1398 3669 1435 non

1974 1474 2141 1528 ambo
2172 1473 2607 1544 vituperamus?
2633 1474 2815 1537 Quam
2847 1478 2901 1525 te
2944 1473 3121 1542 jactas
3175 1484 3501 1541 expugnare
3534 1484 3667 1521 con-

1972 1562 2232 1627 tinentia,
2262 1578 2438 1633 quare
2470 1578 2583 1615 non
2614 1561 2695 1614 vis
2748 1562 3020 1615 damnare
3078 1555 3451 1612 sententia?»
3512 1553 3669 1619 Quod

1972 1668 2105 1706 vero
2137 1650 2431 1722 Pelagiani
2457 1650 2874 1704 continentiam
2906 1648 3193 1719 praecipue
3233 1646 3668 1717 proﬁtebantur,

154 1720 514 1813 Augustinus
544 1743 642 1797 lib.
674 1761 689 1797 1
720 1743 789 1797 de
823 1742 1046 1813 Nuptiis
1077 1720 1133 1795 et
1170 1720 1458 1813 concup,
1476 1760 1598 1812 cap.
1636 1720 1687 1809 3,
1725 1759 1860 1796 con-
1892 1720 1936 1774 Β
1975 1757 2087 1811 qua
2114 1720 2311 1794 contra
2335 1738 2851 1809 concupiscentiam
2883 1738 3099 1791 bellum
3141 1736 3437 1806 gerebant,
3470 1734 3669 1802 Augu-

156 1847 405 1901 sequens
435 1835 519 1884 est
580 1835 638 1885 ut
695 1829 1157 1901 concupiscentia
1208 1831 1467 1884 naturale
1501 1831 1600 1885 Dei
1648 1831 1864 1885 donum

158 1935 282 1973 esse
316 1936 429 1973 non
458 1921 658 1990 possit,
691 1921 788 1975 sed
829 1919 1031 1974 vitium
1058 1919 1419 1974 solummodo
1470 1919 1540 1973 sit
1596 1936 1659 1974 ac
1715 1920 1863 1974 defe-

155 2013 311 2063 ctus.
370 2010 628 2062 Alterum
682 2013 1108 2079 argumentum,
1175 2009 1329 2079 quod
1384 2014 1610 2063 sanctus
1668 2010 1865 2063 doctor

157 2104 363 2153 contra
383 2098 672 2152 Iulianum
706 2102 891 2169 urget,
928 2099 1037 2153 tale
1069 2102 1152 2151 est
1178 2115 1188 2153 :
1222 2099 1452 2153 Nullum
1485 2115 1629 2168 opus
1652 2098 1752 2152 Dei
1782 2103 1866 2153 est

160 2184 405 2238 materia
460 2184 732 2255 pudoris;
768 2185 926 2255 atqui
980 2185 1437 2256 concupiscentia
1493 2190 1579 2239 est
1628 2185 1866 2239 materia

158 2273 422 2344 pudoris,
455 2289 569 2326 non
599 2273 776 2344 igitur
832 2274 930 2327 illa
960 2277 1045 2328 est
1105 2291 1249 2345 opus
1309 2274 1429 2339 Dei,
1478 2279 1535 2327 et
1563 2289 1627 2326 ex
1661 2288 1862 2326 conse-

158 2361 365 2432 quenti
417 2378 532 2415 non
584 2368 668 2415 est
696 2362 972 2432 perfectio
1008 2363 1304 2417 naturalis.
1354 2362 1529 2432 Major
1561 2366 1647 2415 est
1674 2365 1860 2425 certa;

159 2450 379 2503 etenim
410 2450 551 2503 vidit
594 2453 732 2504 Deus
776 2456 987 2516 cuncta,
1040 2467 1159 2520 quae
1185 2454 1411 2519 fecerat,
1442 2456 1493 2505 et
1516 2455 1671 2504 erant
1708 2449 1866 2503 valde

160 2539 305 2592 bona
359 2541 511 2607 (Gen.
564 2556 602 2601 ι,
664 2541 770 2605 31).
825 2541 1045 2592 Bonum
1078 2545 1270 2594 autem
1317 2555 1432 2593 non
1491 2543 1574 2592 est
1626 2538 1866 2592 materia

158 2626 424 2697 pudoris,
454 2626 549 2680 sed
582 2627 779 2697 gloriae
829 2643 892 2680 ac
922 2627 1122 2682 laudis.
1183 2628 1465 2681 Audiatur
1516 2626 1866 2697 Augustinus

159 2715 262 2769 lib.
298 2732 339 2769 II
371 2714 439 2768 de
471 2716 694 2786 Nuptiis
726 2721 782 2769 et
806 2731 1071 2786 concup.,
1094 2732 1214 2787 cap.
1251 2719 1313 2770 9:
1342 2735 1368 2766 α
1400 2715 1545 2780 Quid
1576 2715 1728 2769 enim
1760 2731 1861 2784 po-

158 2803 271 2856 tuit
304 2804 450 2857 Deus
480 2803 685 2866 facere,
728 2804 881 2874 quod
912 2805 1033 2874 ejus
1064 2804 1493 2873 praedicatorem
1540 2804 1751 2873 pudeat
1778 2802 1863 2856 di-

155 2907 290 2945 cere
309 2894 337 2947 ?
363 2893 428 2945 Et
453 2892 607 2964 quod
637 2897 722 2945 est
749 2892 997 2963 gravius,
1032 2893 1246 2961 pudeat
1292 2892 1585 2946 hominem
1625 2892 1864 2961 alicujus

157 2979 376 3050 operis,
427 2968 581 3051 quod
633 2996 751 3034 non
788 2980 983 3047 homo,
1022 2981 1119 3035 sed
1150 2982 1296 3034 Deus
1327 2981 1462 3034 fecit
1494 2980 1553 3033 in
1603 2979 1862 3048 homine,
1894 3018 1932 3072 Ο

156 3085 294 3122 cum
321 3084 519 3122 omnes
549 3068 782 3139 opiﬁces
812 3073 1026 3140 quanto
1068 3074 1308 3139 possunt
1336 3068 1552 3131 labore,
1600 3072 1657 3122 et
1695 3068 1862 3122 indu-

155 3157 300 3211 stria
343 3156 400 3210 id
454 3162 647 3227 agant,
709 3173 779 3211 ne
835 3157 904 3210 de
956 3157 1073 3211 suis
1125 3157 1396 3228 operibus
1438 3157 1796 3210 erubescant.
1833 3176 1859 3208 ››

158 3247 339 3299 Porro
372 3245 895 3316 concupiscentiam
935 3263 1057 3300 esse
1108 3245 1407 3300 materiam
1456 3245 1862 3300 erubescentiae

156 3353 225 3391 ac
256 3336 493 3407 pudoris
540 3336 747 3390 certius
787 3341 872 3391 est
912 3354 1086 3407 quam
1132 3337 1250 3391 ulla
1287 3336 1516 3390 aliunde
1561 3336 1737 3407 petita
1780 3352 1866 3389 ra-

161 3425 324 3479 tione
354 3425 671 3479 evidentius
700 3425 826 3479 ﬁeri
879 3426 1075 3496 possit.
1133 3425 1337 3480 Scribit
1381 3425 1595 3479 ibidem
1637 3429 1865 3477 sanctus

158 3514 395 3579 doctor,
454 3531 575 3585 cap.
615 3520 680 3569 5:
734 3537 755 3562 α
793 3516 871 3569 De
918 3516 1025 3569 hac
1070 3514 1570 3586 (concupiscentia)
1620 3515 1865 3567 erubue-

155 3606 300 3656 runt
329 3601 503 3657 etiam
552 3602 649 3673 qui
683 3602 856 3673 primi
903 3603 1172 3675 pudenda
1203 3608 1491 3671 texerunt,
1523 3620 1651 3675 quae
1706 3602 1865 3673 prius

153 3691 434 3762 pudenda
461 3707 576 3745 non
609 3692 854 3758 fuerant,
888 3692 982 3746 sed
1008 3696 1282 3764 tanquam
1312 3692 1411 3746 Dei
1447 3708 1621 3762 opera
1649 3691 1862 3761 praedi-

152 3779 345 3834 canda
386 3785 557 3851 atque
613 3780 931 3851 glorianda.
981 3782 1134 3835 Tunc
1166 3797 1300 3851 ergo
1340 3785 1605 3834 texerunt
1634 3780 1864 3850 quando

155 3866 520 3920 erubuerunt
544 3886 558 3933 ;
582 3872 716 3920 tunc
738 3872 930 3921 autem
948 3868 1301 3922 erubuerunt
1335 3867 1562 3938 quando
1588 3872 1721 3937 post
1747 3867 1866 3919 ino-

155 3954 516 4009 bedientiam
547 3971 709 4009 suam
754 3955 1144 4010 inobedientia
1174 3955 1433 4009 membra
1490 3958 1807 4009 senserunt.
1834 3974 1861 4003 ››

157 4043 239 4097 De
269 4042 378 4097 hoc
407 4042 532 4113 ipso
579 4044 787 4114 passim
820 4045 1203 4116 Augustinum
1235 4045 1354 4115 agit
1383 4044 1553 4098 etiam
1592 4043 1653 4097 in
1684 4043 1866 4115 Opere

154 4129 520 4201 imperfecto.

230 4219 357 4273 Imo
398 4219 681 4275 subtiliter
709 4224 763 4275 et
792 4225 954 4275 acute
1007 4220 1299 4276 lulianum
1326 4220 1569 4290 vellicat,
1599 4220 1701 4293 qui
1744 4221 1864 4275 lau-

1974 1829 2153 1882 stinus
2184 1845 2247 1883 ex
2284 1829 2541 1899 ipsorum
2574 1826 2859 1880 sententia
2906 1823 3322 1879 continentiam
3369 1821 3428 1875 in
3487 1820 3670 1891 suspi-

1973 1920 2197 1975 cionem
2245 1918 2624 1974 simulationis
2668 1917 2872 1971 adduci
2918 1916 3103 1986 lepide
3151 1914 3365 1968 ibidem
3419 1910 3670 1965 inferens

1972 2009 2168 2063 addit:
2204 2028 2231 2060 ‹ι
2265 2008 2482 2063 Bellum
2540 2010 2791 2061 vestrum
2838 2005 2995 2073 latet,
3048 2002 3299 2057 amicitia
3346 2005 3531 2073 patet.
3592 2000 3666 2053 Ex

1972 2099 2081 2152 hoc
2124 2098 2278 2168 quod
2338 2100 2513 2167 patet,
2567 2098 2893 2165 suspectum
2949 2092 3084 2146 facis
3130 2108 3251 2146 esse
3305 2090 3459 2161 quod
3514 2089 3669 2143 latet.

1972 2185 2114 2249 Quid
2148 2184 2303 2238 enim
2350 2182 2432 2237 vis
2489 2182 2789 2236 credamus
2841 2181 2910 2235 de
2964 2180 3117 2233 bello
3168 2178 3322 2249 quod
3379 2176 3575 2247 geritis
3611 2175 3674 2228 in

1975 2280 2197 2345 operto,
2230 2288 2480 2344 quorum
2511 2270 2820 2325 amicitiam
2852 2268 3141 2322 cernimus
3172 2267 3231 2321 in
3262 2265 3505 2336 aperto?
3529 2264 3675 2328 Quo-

1973 2362 2146 2416 modo
2177 2360 2259 2415 vis
2287 2366 2352 2415 ut
2379 2360 2726 2414 arbitremur
2743 2359 3013 2413 adversus
3037 2356 3297 2410 aculeum
3328 2359 3383 2408 te
3405 2352 3674 2407 dimicare

1972 2449 2251 2517 libidinis,
2278 2465 2408 2503 cum
2441 2448 2615 2503 libros
2647 2447 2887 2517 impleas
2921 2444 3088 2499 laude
3116 2442 3371 2497 libidinis
3391 2443 3421 2495 ?
3464 2442 3672 2494 Verum

1972 2555 2098 2592 ecce
2128 2538 2288 2592 vinco
2313 2537 2699 2607 suspicionem
2750 2550 2976 2599 meam;
3011 2535 3357 2604 expugnare‘
3395 2535 3449 2583 te
3507 2529 3673 2583 credo

1975 2628 2127 2699 quod
2158 2628 2376 2692 laudas,
2405 2628 2503 2680 sed
2532 2626 2763 2679 laudare
2796 2630 2851 2678 te
2883 2624 3046 2677 doleo
3097 2621 3252 2692 quod
3308 2635 3669 2689 expugnas.»

1974 2719 2255 2770 Praeterea
2288 2715 2388 2779 lib,
2423 2731 2502 2781 ιιι,
2535 2730 2658 2784 cap.
2690 2716 2750 2766 2t
2779 2729 2791 2767 :
2829 2732 2856 2762 ‹‹
2890 2712 2981 2765 Vis
3023 2710 3177 2764 enim
3208 2709 3434 2761 vincere
3464 2722 3672 2759 concu-

1973 2804 2311 2873 piscentiam
2342 2801 2766 2873 expugnatione
2797 2800 2935 2870 ejus,
2956 2816 3047 2852 me
3066 2814 3200 2851 vero
3221 2796 3384 2849 laude
3411 2794 3549 2863 ejus.
3567 2794 3674 2848 Sed

1974 2909 2079 2962 ego
2109 2891 2424 2962 respondeo
2445 2908 2457 2945 :
2478 2890 2819 2944 Utvincatur
2832 2886 2931 2957 qui
2958 2886 3169 2951 laudat,
3187 2883 3402 2954 judicet
3424 2882 3675 2953 quipug-

1974 2986 2092 3035 nat.
2120 2980 2176 3035 Si
2234 2980 2388 3033 enim
2420 2980 2634 3033 malum
2666 2982 2769 3043 est,
2803 2992 2903 3029 cur
2934 2974 3171 3029 laudat?
3204 2973 3262 3027 Si
3293 2972 3505 3026 bonum
3565 2976 3671 3037 est,

1973 3086 2074 3123 cur
2133 3069 2466 3140 expugnat?
2542 3066 2599 3121 Si
2643 3070 2835 3119 autem
2889 3080 2993 3117 nec
3039 3064 3258 3117 bonum
3312 3076 3419 3115 nec
3458 3060 3675 3113 malum

1971 3162 2073 3224 est,
2105 3156 2311 3228 utquid
2344 3156 2556 3221 laudat,
2616 3154 2820 3225 utquid
2852 3152 3186 3222 expugnat?
3243 3148 3529 3215 Quamdiu
3559 3147 3672 3218 igi-

1972 3253 2065 3301 tur
2094 3250 2452 3317 expugnator
2492 3243 2744 3299 libidinis
2802 3242 2933 3307 eris,
2963 3240 3164 3295 tandiu
3195 3255 3298 3309 pro
3332 3254 3422 3290 me
3476 3242 3675 3290 contra

1973 3342 2027 3390 te
2058 3335 2247 3406 ipsum
2272 3333 2448 3404 judex
2482 3332 2611 3386 eris.
2644 3335 2730 3385 An
2762 3331 2903 3384 forte
2933 3329 3200 3383 adversus
3230 3326 3529 3381 libidinem
3560 3341 3674 3378 non

1971 3423 2231 3489 certabis,
2267 3438 2339 3475 ne
2395 3421 2457 3475 in
2495 3420 2625 3484 isto,
2660 3419 3078 3490 quod'mecum
3119 3416 3312 3482 habes,
3361 3413 3672 3469 certamine

1973 3510 2277 3582 supereris,
2309 3510 2502 3564 dicens
2531 3508 2638 3563 tibi
2686 3508 2816 3578 ipsi,
2849 3506 3046 3562 Melius
3094 3522 3214 3559 non
3269 3520 3465 3575 pugno
3504 3518 3677 3573 quam

1973 3600 2208 3655 ostendo
2238 3599 2552 3671 pugnando
2611 3598 2829 3651 malum
2874 3612 2995 3650 esse
3052 3594 3206 3666 quod
3262 3593 3484 3647 laudo?
3523 3592 3672 3659 Noli,

1974 3688 2212 3755 obsecro
2245 3692 2334 3742 te:
2398 3686 2537 3758 quid
2596 3685 2751 3739 enim
2803 3701 2930 3738 sum
2961 3700 3090 3755 ego,
3123 3698 3293 3755 quem
3335 3698 3437 3753 pro
3469 3696 3677 3751 magno

1973 3775 2260 3829 desideras
2318 3772 2577 3828 vincere?
2630 3772 2830 3826 Vincat
2879 3776 2933 3826 te
2972 3770 3165 3841 potius
3217 3770 3444 3837 veritas,
3502 3775 3567 3822 ut
3616 3774 3676 3823 tu

1975 3864 2275 3920 libidinem
2298 3863 2511 3931 vincas,
2544 3884 2563 3910 υ
2595 3867 2702 3916 etc.
2736 3861 2920 3925 Quare
2953 3859 3125 3913 veluti
3150 3862 3431 3929 prostrato
3479 3857 3676 3911 adver-

1974 3954 2121 4007 sario
2152 3953 2387 4007 insultat
2416 3950 2801 4021 Augustinus:
2838 3966 2866 3999 «
2900 3946 3145 4000 Victoria
3176 3946 3245 4000 de
3312 3948 3368 3998 te
3421 3958 3550 3997 mea
3579 3943 3677 3998 ille

1974 4043 2126 4095 malo
2155 4046 2345 4095 tecum
2400 4042 2699 4109 pugnante
2752 4051 2950 4089 secura
2990 4040 3101 4090 est.
3137 4055 3163 4083 n
3199 4032 3319 4087 Lib.
3361 4048 3433 4098 ιν,
3466 4047 3588 4102 cap.
3622 4035 3677 4087 2.

2045 4131 2283 4185 Sanctus
2321 4129 2521 4183 doctor
2549 4126 2683 4180 inde
2727 4125 2900 4179 etiam
2954 4122 3392 4194 Pelagianorum
3447 4125 3677 4174 senten-

1975 4218 2115 4273 tiam
2152 4216 2534 4289 expugnabat,
2568 4213 2720 4286 quod
2760 4211 3062 4266 laudarent
3100 4210 3184 4264 illi
3242 4208 3674 4274 continentiam,

156 4308 331 4361 daret
360 4309 879 4379 concupiscentiam
909 4310 1196 4381 simulque
1218 4315 1413 4364 contra
1433 4311 1692 4365 eamdem
1722 4326 1864 4381 pug-
1892 4309 1939 4363 D
1980 4324 2108 4380 qua:
2138 4312 2334 4361 tamen
2370 4303 2605 4359 inimica
2647 4308 2769 4357 erat
2815 4297 3314 4371 concupiscentia},
3362 4296 3511 4368 quod
3564 4313 3680 4351 non

154 4400 348 4461 naret,
394 4394 561 4448 laude
616 4394 848 4466 quidem
904 4396 1162 4450 eamdem
1216 4396 1427 4450 bonam
1473 4396 1717 4466 ﬁngens,
1769 4394 1865 4448 sed

154 4498 363 4553 pugna
388 4483 599 4536 malam
630 4487 975 4537 contestans.
1011 4485 1153 4538 Cum
1206 4500 1337 4539 vero
1392 4483 1699 4554 Augustini
1744 4499 1867 4537 sen-

154 4571 360 4625 tentias
393 4572 603 4626 aculeis
638 4572 890 4643 undique
924 4578 1157 4627 armatae
1172 4572 1304 4639 sint,
1339 4573 1546 4645 quibus
1563 4589 1677 4627 non
1695 4573 1866 4626 modo

154 4660 467 4714 haereticus
496 4666 806 4732 pungatur,
840 4677 1039 4715 verum
1074 4662 1246 4716 etiam
1288 4662 1546 4729 feriatur,
1590 4662 1866 4732 quasdam

153 4748 255 4803 hic
290 4748 429 4803 libet
478 4749 833 4804 subnectere.
884 4752 1080 4821 Itaque
1112 4751 1244 4805 libri
1299 4769 1351 4805 ιγ
1406 4750 1573 4805 initio
1631 4751 1863 4804 scribit:

155 4855 185 4888 α
224 4838 343 4891 Hoc
372 4839 589 4892 malum
619 4844 815 4893 contra
844 4856 935 4893 me
979 4840 1288 4907 laudando,
1322 4840 1677 4895 adversarius
1708 4856 1870 4893 meus

151 4925 392 4989 videris,
423 4927 523 4981 sed
554 4927 614 4981 in
638 4932 694 4982 te
736 4929 1095 4995 debellanda,
1128 4946 1290 4984 meus
1334 4930 1495 4984 testis
1550 4946 1629 4984 es.
1688 4929 1747 4984 Si
1776 4946 1872 4983 au-

152 5019 284 5069 tem
310 5016 417 5069 hoc
438 5032 553 5069 non
580 5017 846 5081 debellas,
880 5022 1013 5072 tuus
1038 5018 1217 5072 hostis
1263 5035 1340 5072 es.
1376 5037 1403 5070 ››
1456 5019 1706 5088 Longior
1735 5034 1871 5073 sane

155 5107 249 5158 est
308 5105 592 5159 sententia
637 5123 716 5173 III,
778 5122 900 5177 cap.
961 5109 1051 5176 2t,
1103 5107 1199 5161 sed
1247 5106 1459 5161 salibus
1497 5111 1616 5160 tota
1644 5123 1873 5177 aspersa

155 5196 270 5247 est.
305 5214 327 5241 ι
364 5194 620 5248 Fortasse
651 5211 807 5266 ergo,
842 5196 1050 5266 inquit,
1083 5195 1317 5249 laudare
1348 5200 1404 5249 te
1436 5195 1627 5265 ﬁngis,
1658 5196 1704 5248 si
1730 5211 1873 5266 pug-

155 5297 306 5336 nare
337 5298 455 5335 non
500 5283 688 5353 ﬁngis.
734 5286 875 5338 Nam
903 5284 1194 5356 quomodo
1226 5284 1473 5339 ﬁdeliter
1518 5284 1688 5338 simul
1739 5300 1873 5355 agas

155 5370 279 5424 duo
316 5369 446 5437 ista,
480 5387 599 5424 non
629 5372 819 5441 video,
875 5379 938 5428 ut
969 5378 1021 5427 et
1060 5373 1258 5428 laudes
1288 5374 1444 5428 velut
1498 5373 1761 5443 amicam,
1819 5377 1875 5428 et

154 5474 461 5530 expugnas
493 5460 650 5514 velut
699 5460 1016 5517 inimicam.
1078 5463 1264 5517 Unum
1321 5479 1522 5517 eorum
1564 5462 1869 5529 credimus,

151 5547 257 5601 sed
290 5548 438 5618 elige
489 5548 641 5619 quod
700 5550 1017 5607 credamus.
1048 5551 1103 5606 Si
1136 5568 1204 5607 ex
1256 5552 1449 5607 animo
1478 5567 1719 5623 pugnas,
1750 5568 1868 5607 non

1980 4397 2169 4452 minus
2212 4395 2507 4467 eleganter
2536 4408 2709 4465 quam
2741 4391 2935 4446 festive
2966 4405 3116 4459 saepe
3170 4387 3369 4458 objicit
3412 4386 3676 4441 Iuliano:

1986 4507 2006 4534 ι
2045 4487 2167 4540 Duo
2198 4484 2354 4538 enim
2386 4483 2537 4537 bona
2595 4497 2724 4553 qua:
2772 4498 2804 4535 a
2854 4481 2969 4534 Deo
3023 4480 3188 4533 Patre
3236 4480 3389 4542 sunt,
3438 4476 3586 4530 inter
3623 4492 3682 4530 se

1975 4590 2235 4645 pugnare
2275 4589 2389 4627 non
2418 4575 2677 4641 possunt,
2703 4574 2962 4640 pugnant
2986 4572 3177 4622 autem
3208 4566 3357 4621 inter
3394 4582 3453 4619 se
3493 4564 3678 4618 conti-

1978 4664 2174 4718 nentia
2209 4668 2266 4717 et
2296 4659 2778 4731 concupiscentia.
2812 4659 2959 4723 Quid
2989 4659 3195 4712 horum
3226 4673 3259 4710 a
3290 4658 3455 4710 Patre
3496 4654 3679 4725 magis

1978 4752 2116 4807 velis
2142 4768 2265 4806 esse
2296 4749 2599 4820 responde.
2631 4748 2807 4801 Video
2857 4764 2998 4819 quas
3057 4746 3294 4817 patiaris
3355 4742 3680 4815 angustias;

1977 4842 2128 4896 faves
2162 4839 2395 4911 quidem
2452 4836 2947 4907 concupiscentiae,
3008 4836 3105 4889 sed
3153 4832 3439 4888 erubescis
3492 4829 3681 4885 conti—

1981 4929 2209 4982 nentiae.
2266 4926 2466 4980 Vincat
2512 4924 2697 4995 pudor
2767 4927 2919 4991 tuus,
2979 4938 3164 4994 eoque
3217 4922 3477 4976 vincatur
3523 4934 3682 4972 error

1979 5022 2128 5071 tuus.
2166 5036 2194 5069 »
2229 5015 2347 5070 Lib.
2384 5032 2458 5081 1v,
2500 5029 2623 5084 cap.
2661 5015 2745 5067 13.
2791 5011 2997 5081 Lepide
3044 5011 3199 5065 idem
3263 5009 3509 5063 inculcat
3557 5022 3679 5078 cap.

1986 5110 2046 5161 14
2073 5122 2086 5160 :
2115 5107 2320 5160 «Inter
2348 5120 2407 5158 se
2447 5101 2848 5173 belligerantes
2869 5106 3141 5171 tanquam
3173 5099 3235 5153 in
3266 5098 3415 5151 bello
3446 5095 3683 5149 timidus

1983 5195 2178 5249 ambas
2208 5194 2443 5249 laudare
2465 5192 2710 5260 conaris,
2741 5191 2898 5244 velut
2925 5188 3218 5244 inimicam
3273 5190 3533 5240 metuens
3580 5185 3682 5238 ha-

1981 5283 2137 5351 bere,
2169 5300 2297 5355 quae
2344 5280 2598 5354 potuerit
2627 5281 2863 5335 alteram
2913 5278 3156 5331 vincere.
3186 5296 3213 5325 »
3248 5274 3388 5330 Cum
3428 5273 3685 5329 Julianus

1982 5372 2352 5428 continentiae
2391 5372 2668 5426 cultorem
2706 5368 3089 5440 proﬁteretur,
3124 5369 3245 5420 erat
3274 5363 3429 5418 enim
3460 5362 3681 5433 episco-

1984 5479 2110 5533 pus,
2142 5461 2487 5517 irridebatur
2518 5460 2588 5515 ad
2618 5456 2938 5528 Augestino
2966 5454 3116 5526 quod
3148 5453 3400 5510 libidinis
3429 5451 3688 5507 laudato-

1985 5567 2104 5605 rem
2138 5555 2360 5619 ageret:
2398 5568 2427 5603 »
2466 5549 2561 5602 Vir
2602 5545 2943 5602 fortissimus
2975 5547 3390 5598 nocturnorum
3420 5540 3525 5595 etsi
3568 5556 3683 5594 non
