3906 6182
273 257 376 311 607

1286 253 1838 311 SUPPLEMENTUM
1876 255 1966 309 AD
2005 255 2233 311 OPERA
2273 257 2330 312 S.
2371 254 2757 312 AUGUSTINI.
2834 224 2853 237 ἢ

3627 275 3710 328 608

273 349 728 450 administrator,
776 383 926 435 certe
971 379 1315 446 exhortator,
1367 377 1821 449 praedicatorque
1857 377 1971 433 bel-
2008 382 2051 435 Α
2090 380 2390 444 Praeterea,
2421 377 2519 432 lib.
2574 395 2625 431 ιν
2683 376 2939 447 ejusdem
2993 378 3198 449 operis,
3248 396 3362 452 cap.
3415 385 3569 443 41:}
3600 392 3715 448 Ecce

272 471 485 526 lorum.
513 492 542 521 ››
581 470 698 525 Lib.
734 487 786 535 v,
814 485 938 538 cap.
971 472 1021 533 7,
1048 468 1225 531 Quem
1254 471 1447 521 tamen
1478 468 1550 522 ad
1581 483 1707 521 eam
1737 484 1972 538 pravam

275 560 619 614 sententiam
672 556 1069 629 deponendam
1124 555 1494 612 hortabatur:
1523 577 1549 606 ‹
1604 557 1761 628 Rogo
1806 563 1882 622 te,
1925 556 1971 610 si

274 649 449 704 libido
480 649 609 716 ista,
635 651 696 700 ut
724 645 1026 709 credimus,
1060 645 1238 698 solam
1278 644 1380 698 tibi
1412 644 1623 716 ingerit
1651 645 1970 699 molestiam

274 736 595 800 resistendi,
625 735 839 787 nullam
893 748 1023 786 vero
1066 733 1303 787 exhibet
1347 733 1718 804 voluptatem,
1774 750 1873 787 cur
1919 733 1972 787 ei

276 824 536 896 quamvis
564 824 718 877 falsa:
758 827 876 876 tam
900 838 1170 891 magnam
1202 821 1385 876 laudis
1415 822 1846 893 persotvendam
1872 838 1973 893 pu-

277 919 363 967 tas
422 928 541 965 esse
597 911 969 966 mercedem?
1003 930 1028 961 ι)
1087 910 1203 965 Lib.
1267 928 1327 965 111
1375 910 1574 981 Operis
1626 909 1970 981 imperfecti,

276 1018 399 1071 cap.
429 1004 521 1066 76,
553 1000 769 1063 addens
798 1016 922 1069 cap.
943 1002 1003 1055 87
1036 1015 1048 1052 :
1081 1019 1108 1050 ‹‹
1136 999 1403 1071 Nunquid
1432 999 1558 1054 ideo
1591 1002 1645 1052 te
1672 1002 1799 1069 plus
1824 1016 1973 1053 ama-

273 1090 404 1145 bit?
441 1090 679 1144 Prorsus
710 1089 961 1143 falleris:
999 1088 1098 1159 illa
1153 1104 1269 1141 non
1319 1093 1470 1142 amat
1504 1088 1821 1154 hominem,
1876 1088 1973 1142 sed

274 1177 443 1246 plane
475 1176 755 1242 stimulat,
786 1180 849 1230 ut
878 1182 1032 1229 amet
1066 1176 1218 1245 quod
1250 1191 1440 1229 amare
1468 1192 1583 1239 nqn
1613 1175 1801 1229 debet.
1837 1194 1863 1226 υ

348 1265 586 1336 Utrique
630 1264 810 1319 sancti
856 1264 1161 1334 Augustini
1192 1270 1533 1334 argumento
1573 1264 1858 1333 duplicem
1890 1279 1973 1317 re-

276 1354 644 1426 sponsionem
676 1353 988 1424 repositam
1029 1352 1214 1407 video.
1248 1354 1310 1407 ln
1344 1352 1544 1424 primis
1597 1354 1856 1407 Julianus
1885 1352 1971 1406 di-

274 1444 437 1498 cebat
464 1442 577 1497 duo
625 1442 693 1505 in_
734 1442 1191 1512 concupiscentia
1223 1442 1629 1512 distinguenda
1677 1458 1829 1497 esse:
1863 1458 1970 1495 na-

242 1532 518 1597 ,turalem
548 1531 684 1597 vim,
715 1535 770 1585 et
798 1531 1145 1602 pronitatem
1191 1531 1260 1585 ad
1314 1531 1558 1601 speciem
1589 1547 1693 1601 per
1732 1547 1973 1603 genera-

273 1621 489 1675 tionem
543 1620 1007 1691 propagandam;
1051 1624 1108 1674 et
1174 1608 1463 1674 excessum
1520 1620 1801 1690 ejusdem,
1861 1636 1974 1690 quo

274 1708 448 1763 etiam
480 1709 546 1762 ad
575 1707 876 1763 inhonesta
905 1714 961 1762 et
988 1708 1184 1762 illicita
1212 1709 1475 1763 homines
1502 1709 1787 1780 propellit.
1823 1709 1969 1763 Illud

270 1797 523 1868 primum
562 1814 697 1857 esse
749 1799 993 1866 bonum,
1048 1797 1267 1853 donum
1330 1798 1450 1864 Dei,
1505 1798 1812 1865 laudabile,
1867 1815 1972 1853 nec

272 1885 569 1940 materiem
599 1886 869 1957 pudoris;
893 1887 999 1941 hoc
1019 1902 1152 1940 vero
1204 1888 1445 1941 alterum
1477 1904 1597 1942 esse
1627 1888 1762 1959 quid
1800 1886 1971 1941 vitio-

274 1992 401 2030 sum
430 1992 493 2029 ac
518 1975 912 2045 vituperabile.
948 1977 1099 2029 Hanc
1124 1976 1336 2030 Juliani
1395 1976 1822 2047 responsionem
1881 1992 1968 2031 se-

271 2071 435 2121 cutus
482 2071 568 2120 est
614 2067 908 2120 Moraines.
940 2066 1052 2120 Alii
1106 2083 1238 2120 vero
1298 2067 1660 2132 recentiores,
1713 2084 1844 2122 cum
1874 2084 1971 2121 eos

272 2155 485 2228 pudeat
512 2154 722 2210 Iuliani
751 2154 938 2208 verbis
965 2154 1140 2225 loqui.
1174 2154 1284 2210 alia
1343 2156 1433 2210 via
1477 2157 1715 2211 evadere
1766 2173 1972 2211 conan-

272 2248 401 2299 tur:
459 2243 656 2298 dicunt
711 2242 1225 2314 concupiscentiam
1276 2260 1394 2298 esse
1453 2245 1666 2300 donum
1714 2246 1855 2316 Dei;
1913 2249 1972 2300 at

275 2346 404 2385 cum
436 2330 628 2402 aliqua
659 2330 1090 2402 inperfemione,
1132 2349 1260 2387 cum
1291 2349 1461 2387 omne
1492 2340 1744 2388 creatum
1775 2335 1849 2390 sit
1877 2335 1972 2389 de-

278 2417 628 2487 fectuosum;
686 2419 1022 2491 pudicitiam
1074 2427 1267 2476 autem
1310 2438 1569 2493 pugnare
1611 2429 1811 2477 contra
1861 2423 1969 2477 im-

276 2507 653 2577 perfectiones
705 2509 1220 2579 concupiscientiae,
1280 2528 1342 2565 ac
1416 2511 1631 2585 eisdem
1685 2512 1966 2578 resistere,

272 2595 476 2651 harum
503 2597 855 2663 erubescere,
894 2598 962 2652 de
989 2598 1077 2653 his
1123 2599 1412 2654 confundi.
1473 2602 1547 2654 Ex
1597 2601 1686 2654 his
1735 2601 1972 2655 tradunt

272 2701 388 2739 non
436 2685 635 2740 inferri
694 2688 909 2741 malum
950 2704 1070 2741 esse
1126 2687 1180 2742 id
1235 2688 1326 2741 cui
1373 2688 1970 2758 imperfectionesillae

263 2790 535 2829 connexa:
565 2782 717 2843 sunt,
772 2776 940 2831 sicuti
968 2777 1227 2831 voluntas
1259 2782 1341 2832 est
1393 2779 1697 2848 peccabilis
1752 2779 1824 2832 ob
1875 2777 1965 2832 sui

269 2862 785 2933 imperfectionem,
819 2864 953 2935 quia
994 2870 1078 2919 est
1128 2882 1196 2919 ex
1258 2866 1457 2930 nihilo,
1507 2871 1563 2921 et
1608 2871 1803 2920 tamen
1853 2883 1971 2921 non

2081 482 2217 539 ergo
2270 466 2409 520 dicis
2441 467 2621 520 Deum
2650 465 2710 519 in
2755 465 2989 519 homine
3041 466 3271 521 modum
3300 468 3582 531 instituisse
3612 478 3716 534 libi-

2082 556 2239 624 dini;
2274 572 2374 610 cur
2416 555 2476 609 in
2508 571 2573 610 eo
2622 555 2795 609 modo
2828 572 2945 609 non
2977 559 3106 624 stat,
3138 556 3194 609 in
3243 573 3349 627 quo
3380 566 3457 614 est
3484 562 3720 621 divinitus

2080 645 2359 711 instituta,
2394 644 2489 699 sed
2530 660 2681 706 eum,
2735 644 2841 698 nisi
2873 650 3219 713 coerceatur,
3248 649 3559 718 egreditur?
3586 654 3722 717 Οιιο-

2044 735 2250 790 ·ῐηυὸο
2284 751 2418 806 ergo
2453 734 2669 788 bonum
2702 733 2929 801 dicitur,
2987 751 3114 805 quae
3161 740 3318 804 urget
3367 742 3419 791 et
3468 744 3726 812 compellit

2014 1673 2053 1729 Β

2081 825 2374 879 hominem
2407 824 2590 877 facere
2620 823 2835 877 malum
2855 824 2884 876 ?
2915 840 2943 874 ι)
2979 824 3044 877 Et
3095 824 3406 893 concludit:
3437 848 3462 877 ι(
3493 828 3724 886 Excessus

2080 913 2316 986 proinde
2348 912 2599 967 libidinis
2628 913 2687 966 in
2723 916 2953 983 peccato
3007 918 3110 978 est,
3150 912 3243 966 sed
3273 914 3435 968 etiam
3482 916 3725 988 impulsus

2079 1002 2137 1057 in
2166 1001 2426 1068 crimine,
2461 1022 2488 1054 ››
2525 1017 2733 1071 nempe
2764 1001 2900 1054 vitio
2959 1017 3063 1071 per
3105 1000 3329 1055 modum
3367 1002 3593 1059 habitus.
3638 1009 3725 1063 Sed

2081 1109 2184 1146 nec
2214 1092 2392 1145 altera
2421 1092 2716 1161 responsio
2763 1090 2997 1160 probari
3046 1094 3249 1161 potest.
3286 1092 3419 1145 Nam
3471 1092 3726 1164 imperfec-

2081 1181 2161 1235 tio
2191 1180 2449 1236 consistit
2482 1182 2537 1234 in
2566 1179 2885 1251 privatione
2942 1195 3006 1232 ac
3033 1178 3281 1233 carentia
3331 1181 3660 1251 perfectionis
3684 1189 3729 1239 et

2079 1270 2438 1332 actualitatis,
2476 1269 2559 1324 vis
2609 1274 2799 1323 autem
2848 1268 3319 1339 concupiscentia:
3367 1269 3645 1339 impulsiva
3669 1273 3727 1326 ad

2080 1360 2300 1414 malum
2347 1359 2591 1429 explicat
2645 1357 2985 1411 validiorem
3031 1356 3453 1425 causalitatem;
3486 1359 3622 1413 unde
3645 1376 3728 1414 ne-

2082 1448 2209 1520 quit
2245 1446 2515 1501 constitui
2567 1447 2627 1500 in
2683 1447 2804 1501 sola
2859 1444 3197 1517 privatione,
3239 1462 3365 1516 qum
3414 1447 3547 1500 nihil
3577 1453 3731 1518 potest

2081 1553 2314 1591 causare
2372 1535 2701 1603 efficienter,
2765 1533 2863 1590 sed
2916 1549 3096 1605 purus
3165 1538 3384 1588 tantum
3440 1536 3732 1590 terminusa

2082 1644 2206 1698 quo,
2236 1630 2303 1680 ut
2327 1626 2533 1680 docent
2559 1622 2929 1679 Aristotelici.
2969 1622 3174 1689 Quare,
3226 1620 3386 1677 sicuti
3413 1623 3624 1677 habitus
3665 1624 3731 1678 vi-

2079 1718 2279 1784 tiosus,
2335 1730 2449 1786 quo
2498 1712 2782 1768 efficacius
2836 1716 3027 1767 movet
3054 1712 3120 1766 ad
3151 1716 3309 1766 actus
3339 1728 3551 1783 pravos,
3578 1712 3734 1782 majo-

2080 1820 2201 1859 rem
2232 1803 2369 1858 dicit
2416 1800 2801 1856 intensionem
2856 1816 2974 1855 sure
3003 1799 3278 1865 entitatis,
3333 1800 3410 1854 ita
3439 1800 3597 1854 etiam
3625 1816 3733 1853 con-

2079 1892 2445 1966 cupiscentia,
2480 1907 2595 1962 quo
2627 1890 2918 1961 potentius
2948 1889 3157 1943 excitat
3188 1889 3257 1943 ad
3305 1894 3456 1943 actus
3485 1904 3731 1960 quoscun-

2078 1999 2190 2054 que
2218 1981 2570 2043 inhonestos,
2604 1979 2885 2050 majorem
2914 1976 3300 2031 intensionem
3331 1993 3443 2031 sua:
3478 1976 3733 2030 actualita-

2077 2072 2151 2126 tis
2204 2069 2473 2125 ostendit.
2525 2070 2807 2123 Praeterea
2858 2066 3059 2120 eadem
3112 2064 3409 2135 responsio
3456 2066 3729 2119 refellitur:

2080 2158 2217 2231 quia
2245 2156 2431 2212 omnis
2460 2155 2637 2210 virtus
2676 2172 2772 2209 seu
2811 2154 3002 2226 passio
3032 2153 3307 2208 naturalis
3336 2153 3503 2207 habet
3544 2153 3733 2223 aliquos

2078 2254 2265 2301 motus
2293 2246 2493 2312 bonos,
2527 2244 2661 2298 inde
2692 2243 2846 2297 enim
2882 2244 3106 2309 bonitas
3143 2248 3364 2296 natura:
3402 2259 3432 2295 a
3472 2240 3735 2312 posteriori

2077 2334 2440 2408 cognoscitur
2462 2351 2476 2401 ;
2512 2337 2569 2387 at
2594 2331 3052 2403 concupiscentia
3080 2332 3267 2386 nullos
3297 2335 3446 2385 actus
3471 2330 3636 2384 bonos
3658 2329 3735 2383 ba-

2078 2425 2194 2491 bet,
2227 2428 2291 2478 ut
2339 2422 2544 2493 probat
2592 2420 2947 2492 Augustinus
2977 2420 3077 2474 lib.
3110 2437 3163 2475 1v
3214 2425 3408 2474 contra
3458 2418 3732 2484 Julianum,

2076 2530 2200 2583 cap.
2235 2516 2304 2579 2;
2338 2528 2473 2565 nam
2526 2510 2586 2564 in
2626 2510 2832 2563 sanctis
2862 2508 3289 2563 continentibus
3318 2505 3734 2577 concupiscentia

2077 2603 2267 2658 nullos
2300 2588 2456 2655 actus
2486 2601 2665 2654 bonos
2709 2599 2886 2653 exerit
2918 2616 2931 2653 :
2966 2619 2993 2649 «
3017 2598 3165 2664 Quid
3197 2614 3353 2668 ergo,
3410 2596 3605 2667 inquit,
3644 2594 3738 2648 illic

2078 2692 2217 2761 agit,
2249 2690 2349 2744 ubi
2390 2690 2607 2743 malum
2666 2694 2750 2742 est
2788 2688 3071 2759 quidquid
3124 2687 3269 2758 agit,
3298 2703 3360 2741 ac
3390 2686 3436 2740 si
3463 2686 3513 2739 ei
3540 2698 3739 2738 consen-

2077 2782 2252 2835 tiatur
2280 2785 2337 2833 et
2365 2778 2636 2848 peragit?
2667 2777 2810 2841 Quid
2838 2776 2919 2831 ibi
2950 2776 3067 2847 agit
3123 2777 3249 2830 haec
3301 2771 3736 2843 concupiscentia,

2078 2869 2176 2923 ubi
2226 2868 2367 2922 nihil
2420 2866 2561 2921 boni
2618 2866 3040 2936 concupiscitur
3096 2882 3162 2919 ex
3194 2864 3332 2918 illa?
3380 2863 3519 2928 Quid
3547 2860 3619 2915 ibi
3643 2859 3740 2928 agit

271 2952 680 3007 confundimur
718 2955 787 3008 de
843 2953 963 3022 illa,
1014 2970 1199 3025 neque
1256 2954 1497 3009 dicimus
1540 2957 1797 3010 eamdem
1849 2973 1970 3011 esse
2008 2971 2045 3025 ο
2084 2957 2285 3028 libido,
2342 2956 2442 3011 ubi
2501 2955 2645 3010 nihil
2700 2954 2839 3010 boui
2897 2952 3097 3010 libebit
3147 2971 3218 3009 ex
3246 2953 3445 3007 illa?»
3501 2952 3637 3020 Lege
3677 2946 3739 3001 ibi

272 3041 483 3095 malam
515 3049 572 3096 et
609 3042 810 3096 vitium
833 3043 1109 3097 naturale.
1161 3044 1266 3099 Sed
1299 3049 1498 3097 neutra
1528 3045 1825 3115 responsio
1874 3062 1966 3099 sa-

270 3130 344 3185 tis
375 3136 460 3184 est
479 3131 548 3184 ad
564 3130 990 3200 infringendam
1019 3132 1132 3186 vim
1154 3139 1626 3204 argumentorum
1645 3136 1966 3205 Augustini.

273 3217 528 3273 Primum
558 3219 771 3273 Iuliani
813 3236 877 3275 ac
925 3220 1183 3276 Morainii
1212 3238 1732 3293 responsumusaepe
1761 3224 1972 3279 refellit

270 3312 498 3361 sanctus
552 3307 769 3361 doctor.
833 3308 955 3363 Lib.
1008 3326 1041 3362 v
1102 3315 1303 3365 contra
1360 3310 1675 3378 Julianum,
1742 3328 1865 3382 cap.
1898 3317 1966 3368 7:

273 3416 299 3443 α
335 3395 482 3459 Quid
513 3396 689 3462 enim,
720 3396 932 3467 inquit,
956 3401 1010 3452 te
1060 3397 1314 3467 adjuvat,
1347 3398 1499 3468 quod
1549 3400 1970 3470 reprehendere

270 3483 478 3538 videris
510 3484 632 3555 ejus
664 3501 979 3555 excessum,
1019 3486 1181 3557 cujus
1210 3488 1492 3558 approbas
1522 3493 1740 3542 motum
1760 3490 1787 3543 ?
1816 3490 1971 3544 Tunc

272 3572 431 3629 enim
461 3573 680 3628 excedit
710 3573 931 3628 licitum
972 3573 1236 3641 limitem,
1286 3576 1514 3647 quando
1552 3578 1674 3649 ejus
1718 3579 1968 3632 motibus

270 3662 512 3729 ceditur,
566 3662 703 3734 quia
761 3664 912 3717 malo
967 3663 1271 3732 resistitur,
1324 3681 1396 3719 ne
1442 3666 1662 3720 bonum
1699 3667 1969 3722 castitatis

270 3750 531 3815 intereat,
566 3751 619 3829 si
645 3752 779 3806 huic
807 3752 955 3806 malo
987 3768 1101 3806 non
1143 3753 1458 3811 mistatur.
1484 3773 1511 3807 io
1558 3758 1762 3837 acute:
1794 3756 1970 3827 siqui-

271 3839 403 3894 dem
432 3844 518 3894 est
543 3841 694 3895 mala
721 3856 789 3894 eo
820 3840 945 3911 ipso
978 3841 1132 3912 quod
1176 3841 1248 3895 ad
1282 3842 1496 3896 malum
1516 3842 1805 3913 impellit;
1846 3844 1968 3898 haec

268 3928 424 3984 enim
457 3933 543 3983 est
588 3929 910 4000 proprietas
939 3930 1169 3985 habitus
1195 3930 1402 4000 vitiosi,
1429 3931 1701 3987 inclinare
1750 3934 1821 3987 ad
1876 3950 1969 3986 ac-

265 4020 387 4072 tum
420 4018 827 4073 malum.Hinc
871 4019 1087 4090 optimo
1130 4020 1261 4091 jure
1304 4021 1365 4075 P.
1423 4020 1650 4075 Macedo
1704 4022 1966 4091 exemplo

269 4107 498 4163 habitus
527 4106 737 4174 vitiosi,
770 4124 943 4179 quem
973 4108 1202 4174 Suarez,
1236 4109 1379 4180 disp.
1414 4111 1483 4164 44
1514 4110 1782 4182 Metaph.,
1830 4115 1965 4166 sect.

273 4198 356 4265 t3,
392 4211 557 4250 num.
594 4199 681 4262 26,
718 4201 889 4267 negat
917 4213 1084 4269 posse
1110 4214 1143 4252 a
1170 4199 1285 4253 Deo
1315 4198 1555 4269 produci
1598 4199 1660 4254 in
1707 4199 1960 4266 homine,

2123 3047 2268 3100 lura.

2082 3063 2268 3117 pmra.

2151 3135 2311 3189 Dices
2367 3136 2592 3187 sanctos
2635 3131 2994 3186 continentes
3039 3131 3111 3185 ad
3152 3131 3433 3202 majorem
3476 3121 3738 3198 perfectio-

2078 3239 2212 3278 nem
2253 3221 2571 3276 voluntarie
2605 3220 2711 3275 sibi
2765 3219 3108 3274 interdicere
3154 3225 3313 3274 actus
3368 3218 3541 3272 bonos
3567 3226 3740 3268 concu-

2076 3312 2392 3383 piscentiae,
2423 3327 2567 3381 quos
2594 3325 2774 3363 uxore
2828 3310 2995 3364 ducta
3028 3313 3267 3379 possent
3315 3306 3464 3362 licite
3494 3314 3736 3357 exercere.

2078 3402 2230 3454 llanc
2261 3398 2689 3469 responsionem
2720 3396 2903 3467 capite
2933 3397 3032 3451 illo
3080 3395 3333 3450 secundo
3380 3390 3618 3464 explodit
3642 3390 3736 3442 An-

2075 3488 2338 3559 gustinus
2367 3487 2590 3541 dicens:
2621 3508 2647 3535 «
2677 3485 2953 3541 Pudicitia
2966 3485 3289 3556 conjugalis
3311 3482 3613 3538 inhiantem
3632 3491 3738 3530 con-

2076 3575 2484 3646 cupiscentiam
2515 3575 2629 3628 sive
2669 3574 2738 3628 de
2774 3573 2975 3628 illicito
3017 3573 3134 3627 sive
3175 3576 3245 3628 de
3290 3571 3439 3627 licito
3482 3566 3737 3640 percipere

2074 3666 2447 3736 voluptatem,
2476 3663 2665 3718 frenat
2708 3663 2775 3717 ab
2826 3662 3046 3728 illicito,
3078 3661 3366 3734 permittit
3415 3658 3483 3713 ad
3515 3654 3735 3715 licitum;

2074 3757 2185 3811 hoc
2215 3758 2302 3808 est
2349 3752 2589 3818 bonum,
2650 3768 2770 3806 non
2814 3756 3005 3805 tamen
3041 3752 3188 3822 ejus,
3222 3750 3320 3804 sed
3377 3749 3517 3802 bene
3560 3737 3736 3796 utentis

2073 3846 2292 3901 bonum
2344 3845 2446 3896 est.
2501 3841 2662 3906 Quod
2718 3844 2911 3895 autem
2963 3840 3086 3912 ipsa
3127 3833 3576 3909 concupiscentia
3629 3825 3738 3883 facit

2075 3934 2189 3987 sive
2214 3932 2285 3987 ad
2316 3931 2534 3986 licitum
2566 3930 2680 3984 sive
2710 3929 2778 3983 ad
2818 3928 3083 3983 illicitum
3127 3928 3523 3982 inditl'erenter
3548 3917 3735 3977 ardere.

2074 4023 2272 4094 utique
2320 4021 2536 4097 malum
2575 4026 2679 4074 est.
2734 4021 2847 4073 Hoc
2876 4018 3068 4088 itaque
3099 4020 3254 4072 malo
3286 4017 3431 4071 bene
3460 4012 3733 4097 utitur‘pu-

2075 4111 2267 4166 dicitia
2309 4095 2643 4180 conjugatis.
2681 4129 2702 4157 ι
2747 4109 2829 4162 Et'
2861 4107 3095 4179 quidem
3146 4105 3368 4176 ubique
3423 4095 3735 4171 Augustinus

2077 4202 2405 4251 constanter
2433 4195 2629 4251 docuit
2655 4196 2926 4267 conjuges
2952 4195 3099 4249 bene
3130 4193 3219 4248 uti
3252 4193 3422 4247 malo.
3455 4185 3605 4254 Quod
3637 4197 3735 4237 rur-

267 4288 404 4360 quia
428 4289 576 4343 Deus
604 4304 673 4344 ea
719 4290 942 4345 ratione
989 4289 1292 4347 inclinaret
1320 4290 1390 4345 ad
1422 4291 1661 4356 malum,
1694 4292 1962 4346 eumdem
2006 4266 2047 4319 θ
2078 4304 2173 4341 sus
2203 4286 2334 4340 inde
2364 4285 2648 4357 probavit,
2680 4285 2818 4355 quia
2865 4282 3333 4354 concupiscentia
3369 4280 3428 4335 in
3456 4269 3734 4346 conjugatis

270 4375 560 4431 doctorem
652 4378 866 4448 premit
960 4379 1365 4433 concedentem
1447 4378 1967 4449 concupiscentiam

268 4478 436 4533 posse
465 4479 499 4516 a
531 4465 646 4518 Deo
689 4464 750 4519 in
779 4464 1014 4520 homine
1043 4465 1107 4519 in
1155 4470 1306 4520 statu
1357 4470 1577 4520 natura
1621 4482 1781 4535 purae
1826 4482 1964 4535 pro-

269 4552 423 4607 duci.
472 4554 776 4618 Prmterea,
809 4555 909 4610 lib.
958 4571 1034 4622 ιν,
1083 4571 1205 4626 cap.
1273 4556 1360 4622 14,
1421 4554 1576 4609 idem
1614 4556 1966 4626 Augustinus

268 4641 377 4697 ait:
413 4660 442 4692 α
476 4643 546 4697 Ut
592 4658 708 4696 non
736 4643 838 4697 fiat
883 4645 1101 4698 malum
1129 4643 1851 4704 excedendi,resistendum
1885 4650 1969 4700 est

267 4730 422 4785 malo
452 4730 913 4800 concupiscendi.
965 4733 1087 4787 Duo
1131 4749 1268 4803 ergo
1315 4733 1466 4787 mala
1515 4739 1671 4799 sunt,
1724 4750 1967 4805 quorum

265 4836 450 4875 unum
514 4818 809 4889 habemus,
852 4821 1094 4876 alterum
1138 4821 1398 4890 facimus,
1430 4822 1477 4876 si
1518 4822 1572 4876 ei
1602 4839 1717 4877 non
1746 4823 1967 4877 resisti-

268 4924 419 4979 mus,
469 4909 622 4982 quod
672 4910 1028 4966 habemus.»
1082 4912 1221 4979 Item
1279 4910 1379 4966 lib.
1430 4929 1511 4978 111,
1545 4927 1667 4983 cap.
1723 4915 1817 4977 20,
1846 4913 1960 4966 ait:

269 5021 290 5047 ι
327 4998 547 5054 Deinde
576 4998 783 5070 incipis
814 4999 1105 5070 disputare
1152 5000 1223 5055 de
1278 5016 1509 5055 excessu
1568 5000 1966 5070 concupiscen-

267 5090 386 5154 tiae,
417 5104 592 5159 quem
626 5089 1138 5160 reprehensibilem
1176 5089 1335 5155 dicis,
1376 5106 1518 5160 quas
1563 5089 1625 5145 in
1678 5091 1800 5161 ejus
1846 5106 1966 5145 mo-

270 5177 581 5243 deratione,
641 5194 773 5233 cum
821 5194 888 5233 ea
937 5179 1083 5234 bene
1137 5179 1315 5233 utitur
1367 5179 1724 5250 conjugatus,
1784 5196 1967 5250 equus

266 5267 410 5337 ipse,
442 5266 544 5336 qui
569 5267 752 5321 malus
781 5271 887 5333 est,
927 5272 983 5322 et
1003 5284 1121 5323 non
1150 5267 1341 5338 potius
1364 5267 1439 5321 sit
1467 5266 1587 5338 ejus
1616 5267 1819 5338 auriga
1843 5269 1963 5321 lau-

270 5353 511 5408 dandus.
545 5371 574 5405 io
607 5355 748 5409 Hinc
791 5356 947 5411 idem
1000 5358 1187 5423 Pater,
1219 5357 1319 5411 lib.
1346 5373 1363 5410 1
1394 5356 1593 5427 Operis
1621 5355 1961 5427 imperfecti,

269 5457 396 5512 cap.
444 5444 537 5508 70,
595 5443 824 5500 scribit:
875 5463 903 5498 ι
932 5445 992 5501 Si
1039 5446 1093 5502 ei
1131 5445 1436 5511 censentis,
1476 5445 1695 5501 malum
1723 5460 1964 5517 agnosce

271 5531 593 5607 peccando;
626 5531 672 5585 si
717 5532 769 5586 ei
800 5533 1038 5604 resistis,
1069 5536 1286 5590 malum
1312 5550 1557 5606 agnosce
1588 5534 1916 5605 pugnando.
1937 5555 1959 5583 ι

2075 4376 2323 4447 impellit
2369 4376 2440 4429 ad
2470 4375 2707 4439 malum,
2752 4374 2959 4428 excitat
3000 4373 3061 4426 in
3094 4371 3341 4426 feminas
3387 4365 3731 4439 prwgnantes.

2075 4468 2131 4518 et
2159 4465 2221 4518 in
2249 4480 2418 4518 omne
2450 4463 2819 4518 libidinosum
2853 4478 2999 4533 opus
3039 4459 3307 4530 insurgit.
3346 4480 3374 4508 «
3400 4458 3519 4511 Non
3558 4452 3735 4519 impor-

2074 4558 2230 4620 tune,
2266 4552 2345 4607 ait
2374 4552 2612 4618 ibidem,
2660 4552 2720 4605 in
2750 4549 3071 4623 conjugatis
3114 4566 3237 4604 esse
3269 4547 3502 4603 dicatur.
3533 4540 3583 4595 Si
3605 4536 3731 4592 enim

2076 4658 2365 4696 summum
2415 4643 2644 4696 culmen
2683 4640 2952 4695 obtinent
2997 4638 3290 4710 pudicitiae
3336 4628 3648 4705 conjugatis,
3680 4624 3735 4678 fa-

2075 4731 2235 4785 ciunt
2264 4730 2400 4785 boni
2443 4731 2660 4802 aliquid
2700 4746 2803 4800 per
2849 4729 3029 4785 illam.
3082 4726 3344 4799 quamvis
3373 4723 3514 4778 nihil
3556 4713 3734 4772 faciant

2074 4826 2311 4890 propter
2356 4820 2537 4874 illam.
2576 4841 2597 4867 ι
2639 4819 2787 4874 Sane
2834 4833 3120 4889 nusquam
3164 4820 3393 4870 sanctus
3433 4811 3616 4866 doctor
3650 4816 3732 4854 το-

2074 4910 2220 4965 cavit
2261 4908 2776 4979 concupiscentiam
2842 4907 3081 4975 bonum,
3134 4905 3247 4977 sed,
3281 4902 3490 4971 ubique
3548 4892 3730 4948 malum

2074 4998 2237 5062 dixit,
2273 5004 2334 5052 ut
2387 4998 2555 5068 plane
2624 4996 2856 5052 evidens
2889 4996 2988 5051 fiat
3014 4993 3333 5049 secundum
3362 4983 3636 5069 propriam
3659 4991 3729 5032 es-

2073 5087 2318 5143 sentiam
2356 5102 2477 5142 esse
2525 5087 2757 5156 malam,
2806 5101 2924 5140 non
2977 5101 3112 5138 vero
3172 5080 3485 5136 secundum
3544 5073 3729 5140 ὶωροτ-

2073 5177 2382 5232 fectionem
2428 5192 2731 5241 annexam,
2782 5179 2849 5229 ut
2896 5173 3241 5228 recentiores
3288 5169 3374 5225 illi
3399 5158 3727 5221 contendunt.

2076 5267 2197 5321 Imo
2248 5266 2457 5337 sapius
2500 5269 2669 5336 urget
2710 5268 2907 5318 contra
2946 5262 3261 5327 lulianum,
3306 5256 3549 5312 admissa
3581 5242 3728 5337 semel

2073 5336 2534 5427 concupiscentia
2587 5371 2652 5408 ex
2681 5353 2869 5425 prima
2910 5351 3161 5406 hominis
3187 5346 3549 5422 productione
3572 5336 3728 5392 eidem

2073 5444 2308 5507 inserta,
2352 5443 2792 5500 Manichaeorum
2843 5439 3108 5497 haeresim
3137 5434 3471 5511 promoveri,
3503 5428 3727 5502 quicum

2074 5531 2591 5605 concupiscentiam
2635 5548 2755 5587 esse
2800 5531 3015 5587 malum
3078 5529 3320 5593 videant,
3376 5536 3550 5591 neque
3604 5514 3725 5568 Deus
