3946 6176
177 311 277 363 609

1495 312 1817 368 VINDlCle
1855 311 2398 368 AUGUSTINIANE.

3603 324 3707 375 610

182 431 366 485 bonus
425 431 571 484 mali
649 433 847 484 auctor
907 430 1077 484 statui
1119 431 1317 501 possit,
1371 433 1562 486 statim
1611 434 1889 488 inducunt
1925 442 1966 494 Α
2005 435 2191 504 prima
2220 434 2595 504 productione
2626 434 2849 488 homini
2889 435 3188 503 insertum,
3223 453 3288 491 eo
3319 440 3470 508 quod
3510 442 3702 506 fecerit

197 520 369 574 Deum
410 520 632 572 malum
669 518 1138 589 concupiscentiae
1181 521 1345 574 malae
1391 523 1764 576 conditorem.
1811 524 1894 577 Ita

197 610 342 662 enim
371 609 641 662 discurrit
673 609 766 661 lib.
805 624 820 660 ι
859 613 1054 662 contra
1090 609 1378 663 Julianum
1420 627 1540 680 cap.
1583 614 1614 664 8
1646 617 1702 665 et
1732 629 1849 683 seq.
1879 629 1892 678 ;

195 696 286 751 lib.
345 713 396 761 v,
455 713 584 766 cap.
646 700 722 755 16,
777 701 832 749 et
886 697 946 749 in
1002 697 1183 766 Opere
1242 698 1594 768 imperfecto,
1650 701 1751 754 lib.
1811 719 1891 766 ιιι,

190 803 308 855 cap.
345 787 465 848 1'78,
515 788 642 850 208,
684 787 827 853 2l3;
862 786 960 840 lib.
1001 803 1052 851 v,
1087 802 1209 857 cap.
1248 790 1352 853 30;
1406 789 1504 842 lib.
1557 805 1626 853 v1,
1670 806 1788 860 cap.
1839 807 1892 857 v,

188 879 241 928 et
288 876 372 926 36.
431 875 588 926 Dabo
638 890 818 926 unum
867 875 1261 929 testimonium
1311 893 1378 930 ex
1433 877 1636 931 eodem
1675 879 1775 932 lib.
1817 895 1890 944 v1,

185 979 302 1032 cap.
337 965 402 1015 6:
441 983 469 1010 ‹‹
503 964 588 1016 Tu
620 969 832 1028 autem,
867 964 964 1033 qui
1005 965 1260 1018 nesciens
1305 966 1442 1036 quid
1486 967 1756 1038 loquaris,
1792 968 1897 1021 ob-

176 1051 296 1120 jicis
347 1051 495 1103 mihi
548 1051 695 1121 quod
744 1053 927 1105 dicam
982 1054 1158 1106 Deum
1210 1070 1402 1107 creare
1453 1060 1768 1124 peccatum,
1804 1071 1891 1107 re-

181 1139 306 1192 siste
347 1139 662 1193 Mauichzeo
716 1139 950 1208 dicenti,
993 1140 1053 1193 in
1097 1141 1380 1194 discordia
1429 1142 1614 1195 carnis
1646 1146 1700 1195 et
1732 1141 1893 1212 spiri-

178 1232 286 1295 tus,
318 1227 474 1280 inter
515 1245 574 1280 se
616 1232 928 1282 contrarias
969 1229 1104 1282 mali
1148 1235 1202 1283 et
1240 1230 1376 1283 boni
1411 1247 1686 1301 apparere
1731 1238 1893 1285 natu-

179 1332 281 1370 ras.
319 1316 516 1370 Unum
551 1321 634 1369 est
665 1319 814 1388 quod
848 1319 1280 1387 respondemus,
1322 1325 1386 1373 ut
1423 1320 1599 1389 pestis
1634 1320 1737 1372 ista
1768 1320 1892 1372 vin-

178 1408 353 1469 catur,
397 1406 554 1458 hanc
583 1407 794 1459 scilicet
823 1407 1164 1460 discordiam
1193 1408 1365 1478 primi
1397 1409 1646 1462 hominis
1676 1409 1736 1462 in
1771 1425 1893 1462 nos-

178 1497 319 1546 tram
354 1495 595 1548 vertisse
636 1500 900 1548 naturam
933 1512 945 1549 :
981 1497 1129 1566 quod
1162 1503 1222 1550 tu
1263 1498 1526 1568 negando
1566 1498 1786 1551 conaris
1828 1504 1893 1552 ut

181 1582 428 1649 vincant,
484 1583 736 1653 satisque
793 1584 1170 1638 manifestaris
1230 1585 1396 1639 ﬁctus
1454 1586 1889 1640 Manichaeorum

180 1677 555 1741 oppugnator
593 1678 648 1724 et
686 1689 850 1726 verus
901 1673 1143 1742 adjutor.
1175 1693 1201 1723 »
1255 1674 1448 1744 Capite
1499 1674 1669 1727 etiam
1722 1677 1786 1728 14
1836 1679 1891 1728 et

182 1760 300 1814 fuse
333 1766 391 1814 et
439 1761 668 1814 erudite
708 1761 960 1831 idipsum
1008 1761 1252 1815 deducit.
1305 1763 1639 1833 Exemplum
1695 1767 1888 1816 autem

185 1849 328 1918 quod
359 1849 548 1902 iidem
597 1849 900 1918 scriptores
932 1865 995 1902 ex
1029 1850 1334 1913 voluntate,
1381 1851 1450 1903 ob
1483 1850 1569 1903 sui
1609 1851 1892 1904 nihileita-

182 1940 312 1999 tem,
362 1955 393 1990 a
433 1955 556 2008 qua
597 1943 787 1991 ortum
827 1937 1019 2002 habet,
1058 1944 1289 2007 peccato
1337 1938 1582 1991 obnoxia
1621 1939 1887 2005 afferunt,

180 2041 292 2079 non
321 2032 406 2079 est
437 2027 514 2080 ad
551 2043 693 2089 rem,
727 2026 1009 2096 siquidem
1055 2028 1314 2079 voluntas
1355 2029 1548 2096 plures
1591 2033 1747 2081 actus
1787 2028 1888 2080 bo-

179 2131 280 2170 nos
325 2117 502 2182 elicit,
541 2117 639 2188 qui
688 2117 749 2170 in
791 2133 891 2169 suo
939 2117 1140 2170 ordine
1192 2117 1439 2170 naturali
1478 2117 1613 2170 boni
1658 2122 1790 2171 sunt
1837 2122 1892 2171 et

181 2205 524 2273 laudabiles,
575 2206 727 2258 unde
763 2212 818 2259 et
866 2205 988 2276 ipsa
1035 2204 1187 2257 bona
1236 2221 1354 2257 esse
1395 2205 1781 2274 cognoscitur.
1822 2208 1894 2258 At

183 2295 643 2364 concupiscentia
677 2295 863 2348 nullos
894 2301 1051 2346 actus
1082 2294 1256 2347 bonos
1285 2293 1475 2358 habet,
1508 2295 1694 2347 nullos
1736 2293 1888 2347 enim

183 2385 246 2437 ad
296 2385 528 2439 licitum
577 2391 796 2438 tantum
847 2384 1160 2438 terminum
1200 2384 1394 2450 exerit,
1447 2384 1544 2437 sed
1587 2385 1653 2437 ad
1691 2384 1888 2436 illicita

185 2488 425 2544 quaeque
460 2479 758 2542 exaestuat,
790 2490 822 2526 a
845 2473 1134 2525 voluntate
1167 2478 1357 2525 autem
1389 2472 1448 2524 in
1474 2471 1712 2525 honesta
1743 2476 1894 2525 meta

186 2560 334 2614 illius
364 2569 531 2614 actus
557 2561 771 2631 figitur,
805 2561 882 2614 ita
917 2566 977 2614 ut
1002 2561 1071 2613 ad
1099 2560 1273 2614 vetita
1303 2577 1419 2613 non
1449 2564 1804 2630 prorumpat.

254 2650 571 2720 Opponunt
608 2650 990 2720 Augustinum
1035 2650 1132 2703 lib.
1169 2667 1184 2701 ι
1217 2650 1464 2703 Retract.
1506 2667 1627 2720 cap.
1661 2654 1691 2704 9
1721 2648 1891 2703 dixis-

191 2754 282 2791 se:
332 2739 660 2803 «Quamvis
706 2737 1029 2809 ignorantia
1079 2742 1135 2790 et
1165 2737 1468 2790 difficultas
1517 2737 1791 2807 (loquitur
1823 2737 1890 2790 de

189 2825 521 2881 difficultate
571 2833 694 2880 orta
741 2843 808 2880 ex
872 2825 1352 2894 concupiscentia)
1423 2826 1644 2878 etiamsi
1707 2830 1895 2880 essent

191 2913 434 2969 hominis
467 2915 786 2986 primordia
823 2915 1125 2980 naturalia,
1161 2931 1266 2967 nec
1301 2914 1378 2966 sic
1416 2914 1751 2983 culpandus,
1794 2914 1892 2968 sed

190 3004 513 3058 laudandus
562 3009 707 3058 esset
755 3006 920 3058 Deus.
955 3025 976 3052 ι
1028 3005 1191 3072 Ergo,
1240 3002 1532 3073 inquiunt,
1583 3019 1650 3055 ex
1690 3006 1891 3073 Augu-
1923 3029 1960 3084 ρ

196 3091 338 3145 stino
367 3093 695 3147 laudandus
727 3099 874 3147 esset
908 3095 1074 3162 Deus,
1101 3092 1328 3145 tametsi
1371 3091 1663 3145 hominem
1703 3108 1892 3145 creas-

193 3186 270 3234 set
317 3183 535 3254 absque
583 3182 833 3252 perfecta
886 3181 1358 3252 concupiscentiae
1408 3181 1778 3251 subjectione.
1828 3181 1890 3234 In

194 3284 300 3322 uno
328 3271 431 3324 hoc
466 3277 582 3324 tam
611 3273 776 3336 claro,
802 3274 862 3324 ut
889 3271 1068 3332 aiunt,
1099 3269 1402 3339 Augustini
1428 3269 1751 3323 testimonio
1785 3269 1893 3323 sibi

193 3357 484 3413 victoriam
508 3364 740 3424 canunt,
775 3375 903 3412 cum
922 3364 1114 3412 tamen
1145 3363 1370 3412 sanctus
1403 3358 1599 3412 doctor
1627 3358 1892 3412 innume-

197 3445 266 3499 ris
303 3449 436 3502 locis
489 3449 820 3518 oppositum
875 3447 1196 3510 asseruerit,
1241 3464 1346 3501 nec
1393 3447 1624 3512 ibidem,
1674 3453 1737 3501 ut
1783 3447 1893 3517 ipsi

197 3549 496 3604 perperam
531 3538 901 3600 arbitrantur,
944 3537 1200 3607 ipsorum
1241 3536 1585 3590 sententiam
1615 3535 1888 3589 docuerit.

201 3623 412 3680 Etenim
447 3632 677 3680 sanctus
707 3626 906 3679 doctor
935 3643 1001 3679 eo
1039 3625 1147 3678 loci
1177 3630 1369 3678 contra
1408 3624 1743 3678 Manichasos
1780 3623 1889 3676 dis-

201 3714 449 3781 putabat,
493 3714 591 3784 qui
623 3715 887 3768 dicebant
933 3713 1453 3784 concupiscentiam
1494 3729 1614 3766 esse
1659 3713 1888 3778 malam,

203 3803 252 3852 et
307 3802 661 3873 impossibile
711 3819 829 3856 esse
880 3803 998 3856 sine
1040 3803 1136 3855 illa
1187 3802 1482 3856 hominem
1522 3801 1796 3870 produci;
1841 3806 1896 3854 et

203 3903 320 3942 cum
358 3909 390 3944 a
435 3894 554 3945 Deo
598 3893 748 3945 bono
782 3891 962 3945 creari
1005 3896 1270 3961 nequeat,
1325 3891 1535 3943 malam
1583 3891 1893 3958 quamdam

201 3983 456 4034 naturam
491 3981 750 4033 omnium
779 3997 835 4034 m
856 3982 1058 4034 ilorum
1093 3979 1513 4050 productricem
1543 3983 1892 4031 commenta-

200 4061 415 4124 bantur.
480 4069 851 4139 Augustinus,
883 4075 946 4123 ut
976 4070 1203 4123 eosdem
1248 4067 1550 4132 refelleret,
1603 4066 1893 4136 hypothe-

202 4153 296 4208 sim
328 4163 633 4228 utramque
697 4159 880 4228 gratia
937 4157 1337 4228 disputationis
1384 4155 1631 4216 admisit.
1685 4170 1892 4224 nempe

203 4241 491 4300 hominem
531 4263 659 4299 cum
708 4246 1164 4316 concupiscentia
1208 4250 1482 4308 creatum,
1533 4249 1587 4297 et
1617 4243 1737 4296 sine
1787 4242 1893 4296 ista

2005 527 2147 579 Deus
2215 525 2474 577 hominem
2540 530 2741 578 rectum
2810 527 3002 590 (Eccle.
3052 529 3182 592 vul;
3247 527 3398 597 quod
3466 530 3691 583 testimo

2003 613 2165 666 nium
2215 612 2422 682 saepius
2473 613 2718 666 inculcat
2747 619 2946 667 contra
2987 615 3338 685 Pelagianos,
3374 617 3469 670 lib.
3511 633 3601 671 xw
3629 619 3697 672 de

2005 702 2236 756 Civitate
2268 702 2388 766 Dei,
2420 719 2542 772 cap.
2582 704 2637 754 l1
2670 721 2684 768 ;
2718 703 2811 755 lib.
2860 719 2978 765 XIII,
3011 720 3133 774 cap.
3186 707 3288 769 li;
3325 707 3423 759 lib.
3459 707 3528 760 de
3563 708 3701 761 Cor-

2003 792 2148 856 rept.
2200 794 2256 841 et
2310 799 2454 858 grat.
2512 806 2632 859 cap.
2667 794 2735 856 6;
2767 791 2927 861 epist.
2967 795 3085 854 105,
3125 793 3192 846 ad
3227 794 3479 860 Sixtum;
3516 796 3612 850 lib.
3652 813 3702 849 xv

2003 875 2202 945 Operis
2238 877 2489 947 imperf.,
2525 894 2646 947 cap.
2681 880 2767 940 lii,
2808 885 2863 932 et
2899 881 3054 934 alibi.
3093 881 3561 952 Concupiscentia
3593 902 3698 938 au-

2002 968 2117 1017 tem
2159 966 2562 1019 rectitudinem
2605 967 2855 1020 hominis
2889 969 3133 1034 sustulit,
3175 970 3449 1042 illumque
3491 973 3548 1026 in
3584 974 3692 1027 illi-

2003 1052 2110 1105 cita
2137 1054 2430 1119 declivem,
2464 1056 2580 1108 imo
2625 1056 2976 1127 praecipitem
3009 1058 3158 1112 fecit.
3212 1063 3283 1113 At
3320 1063 3691 1132 Augustinus,

2001 1148 2210 1211 praeter
2257 1143 2366 1196 hoc
2415 1144 2832 1210 testimonium,
2880 1146 3121 1199 alterum
3177 1148 3348 1202 etiam
3392 1151 3696 1204 celeberri-

2003 1246 2161 1284 mum
2193 1231 2454 1285 adhibuit
2483 1249 2547 1285 ex
2581 1250 2702 1302 cap.
2737 1236 2804 1286 40
2854 1234 3220 1288 Ecclesiastici
3253 1251 3265 1289 :
3294 1239 3491 1305 Jugum
3529 1255 3695 1306 grave

2001 1334 2164 1388 super
2215 1322 2354 1389 ﬁlios
2406 1322 2588 1374 Adam
2641 1338 2674 1374 α
2704 1323 2790 1376 die
2844 1322 3026 1377 exitus
3079 1323 3143 1376 de
3171 1331 3352 1378 ventre
3388 1329 3576 1380 matris
3611 1343 3699 1380 εο-

2001 1424 2142 1474 rum,
2179 1415 2322 1474 etc.,
2352 1409 2502 1479 quod
2525 1409 2581 1463 in
2607 1411 2786 1479 Opere
2818 1411 3149 1480 imperfecto
3177 1413 3235 1464 in
3265 1415 3529 1466 omnibus
3559 1431 3702 1484 pene

2002 1498 2225 1567 paginis
2255 1498 2481 1567 repetit,
2504 1499 2748 1567 probans
2771 1500 2948 1552 Deum
2981 1499 3274 1569 injustitize
3296 1503 3703 1570 accusandum,

2002 1585 2049 1638 si
2074 1588 2214 1655 jugo
2247 1586 2492 1639 victricis
2522 1588 2994 1656 concupiscentiae
3028 1589 3318 1642 hominem
3350 1591 3508 1644 nulla
3538 1592 3705 1661 culpa

2003 1674 2356 1743 praecedente
2381 1683 2782 1744 aggravasset;
2815 1676 2871 1728 id
2897 1676 3049 1728 enim
3084 1693 3307 1730 summa
3333 1679 3560 1732 miseria
3596 1684 3700 1744 est,

2003 1779 2066 1815 ac
2098 1779 2327 1833 gravem
2361 1763 2490 1816 inde
2530 1779 2755 1832 poenam
2790 1764 2960 1817 homo
3003 1766 3332 1834 experitur;
3381 1768 3566 1820 omnis
3596 1785 3696 1822 au-

2001 1856 2114 1904 tem
2156 1868 2322 1920 poena
2363 1852 2572 1921 injuste
2619 1852 2921 1923 infligitur,
2955 1854 3000 1904 si
3042 1854 3199 1906 nulia
3231 1855 3491 1908 eamdem
3537 1859 3705 1926 culpa

2003 1941 2204 1993 merita
2231 1946 2335 1994 est.
2367 1942 2546 2010 Igitur
2576 1941 2729 1994 illam
2768 1942 3145 2011 hypothesim,
3171 1959 3343 2013 quam
3367 1959 3541 2014 agens
3570 1961 3700 1998 cum

2002 2028 2325 2081 Mauichteis
2370 2029 2771 2098 disputationis
2813 2031 2995 2100 gratia
3041 2033 3391 2101 Augustinus
3433 2033 3698 2087 admitte-

2001 2117 2118 2184 bat,
2163 2116 2220 2170 in
2253 2117 2414 2170 libris
2459 2124 2655 2171 contra
2705 2119 3034 2188 Pelagianos
3063 2136 3176 2172 non
3224 2121 3392 2172 modo
3425 2138 3536 2174 non
3568 2138 3699 2191 pro-

2001 2205 2172 2266 bavit,
2209 2221 2406 2259 verum
2440 2206 2611 2259 etiam
2644 2207 3000 2260 solidissimis
3042 2209 3396 2277 argumentis
3434 2210 3698 2278 explosit.

2069 2293 2327 2346 Julianus
2372 2294 2540 2363 plura
2584 2299 2922 2364 argumenta
2984 2295 3266 2364 congessit
3315 2302 3380 2349 ut
3432 2297 3701 2366 probaret

2001 2382 2516 2451 concupiscentiam
2549 2399 2669 2436 esse
2713 2383 3114 2452 perfectionem
3154 2386 3473 2438 naturalem
3518 2385 3704 2439 homi-

2003 2471 2111 2535 nis,
2145 2487 2265 2523 esse
2311 2471 2553 2536 bonum,
2601 2473 2902 2542 solumque
2953 2473 3210 2542 ejusdem
3244 2489 3535 2527 excessum
3585 2491 3704 2528 esse

2002 2560 2365 2630 culpabilem.
2419 2561 2535 2614 Lib.
2568 2577 2617 2614 ιν
2651 2561 2849 2630 Operis
2890 2560 3140 2631 imperf.,
3191 2578 3314 2632 cap.
3349 2565 3436 2628 56,
3487 2579 3554 2616 eo
3592 2563 3700 2617 uti-

2001 2652 2098 2702 tur
2129 2655 2486 2718 argumento,
2519 2650 2668 2718 quod
2702 2649 3161 2719 concupiscentia
3191 2651 3263 2702 sit
3298 2651 3568 2720 perfectio
3602 2667 3701 2704 na-

2002 2736 2200 2788 turalis
2245 2736 2498 2804 pecudis,
2551 2742 2606 2790 et
2640 2737 2854 2790 bonum
2903 2738 3156 2807 ejusdem
3208 2738 3280 2790 ad
3326 2738 3532 2807 speciei
3564 2755 3700 2809 pro-

2002 2823 2368 2894 pagationem
2400 2823 2746 2890 inserviens;
2780 2826 2930 2878 unde
2961 2815 3416 2896 eadem‘quoque
3462 2828 3703 2882 dicenda

2000 2915 2222 2967 videtur
2250 2914 2499 2967 hominis
2529 2914 2819 2984 perfectio,
2851 2930 2962 2984 qua
2992 2919 3150 2984 parte
3201 2931 3330 2968 cum
3382 2914 3562 2968 brutis
3611 2931 3698 2968 se-

2001 3003 2251 3056 cundum
2308 3003 2548 3072 gradum
2594 3003 2925 3056 sensitivum
2981 3003 3267 3057 convenit.
3304 3004 3520 3057 Rursus
3551 3003 3649 3058 lib.
3686 3022 3701 3057 ι

2001 3091 2257 3160 ejusdem
2291 3091 2506 3161 Operis,
2543 3107 2670 3160 cap.
2717 3093 2807 3156 70,
2845 3091 3034 3161 arguit
3072 3091 3205 3162 quia
3245 3092 3702 3162 concupiscentia

2000 3180 2108 3234 fuit
2141 3185 2271 3233 ante
2300 3185 2591 3250 peccatum
2619 3196 2632 3244 ;
2667 3179 2795 3232 ideo
2827 3181 2980 3232 enim
3021 3181 3203 3232 Adam
3244 3180 3511 3248 peccavit,
3547 3181 3697 3250 quod

2003 3268 2287 3338 appetitus
2320 3268 2621 3322 sensitivus
2651 3268 2908 3338 ejusdem
2938 3267 3177 3321 vetitum
3214 3268 3460 3321 fructum
3493 3283 3699 3322 concu-

2000 3357 2162 3428 pivit.
2201 3359 2480 3411 Praeterea
2525 3357 2572 3410 si
2603 3356 3064 3426 concupiscentia
3109 3362 3191 3410 est
3240 3373 3409 3426 pmna
3461 3356 3699 3426 peccati,

1999 3447 2177 3518 igitur
2207 3448 2490 3501 laudanda
2521 3452 2626 3514 est,
2659 3448 2808 3500 bona
2839 3456 2940 3512 est,
2979 3447 3216 3500 honesta
3255 3453 3373 3501 est:
3417 3447 3701 3517 siquidem

2000 3536 2215 3590 bonum
2249 3542 2416 3607 atque
2466 3536 2770 3590 honestum
2813 3540 2897 3588 est
2946 3541 3294 3605 peccatorem
3345 3535 3560 3604 puniri.
3617 3536 3701 3588 Ita

2001 3625 2359 3695 arguitapud
2392 3625 2775 3695 Augustinum
2809 3624 2905 3677 lib.
2943 3641 2974 3676 ν
3002 3625 3207 3694 prioris
3244 3624 3462 3694 Operis,
3491 3640 3613 3694 cap.
3646 3626 3697 3678 4.

2005 3715 2262 3784 Denique
2295 3715 2556 3783 exemplo
2586 3714 2846 3766 ciborum
2885 3714 3090 3781 probat
3125 3713 3379 3782 ejusdem
3409 3729 3698 3767 excessum

2002 3818 2120 3855 esse
2148 3803 2492 3871 culpabilem
2524 3819 2689 3868 ;nam
2716 3806 2779 3855 ut
2807 3800 2890 3854 illi
2923 3801 3059 3853 boni
3091 3807 3242 3866 sunt,
3278 3802 3458 3854 malus
3509 3807 3701 3855 tamen

1999 3896 2188 3962 potest
2215 3908 2337 3944 esse
2367 3892 2598 3944 illorum
2628 3907 2780 3957 usus,
2815 3890 2891 3942 ita
2921 3889 3072 3942 bona
3102 3895 3181 3942 est
3220 3889 3700 3958 concupiscentia,

2000 3979 2132 4034 licet
2172 3981 2355 4032 malus
2399 3980 2470 4032 sit
2499 3980 2751 4048 ejusdem
2797 3980 3025 4032 abusus.
3079 3978 3243 4048 Apud
3293 3983 3549 4031 sanctum
3598 3979 3701 4031 Pa-

2001 4072 2145 4121 trem
2176 4068 2270 4120 lib.
2308 4085 2382 4131 III,
2419 4085 2538 4137 cap.
2581 4070 2670 4127 20,
2705 4072 2758 4119 et
2791 4067 2882 4119 lib.
2920 4083 2937 4118 ι
2969 4066 3038 4119 de
3081 4065 3306 4134 Nuptiis
3337 4072 3392 4118 et
3422 4065 3698 4135 Concup.,

2001 4172 2118 4226 cap.
2153 4159 2232 4210 l9.
2268 4156 2594 4225 Respondet
2621 4154 2972 4224 Augustinus
3004 4155 3071 4207 ad
3112 4154 3387 4224 primum,
3419 4153 3696 4224 concupi-

2000 4245 2274 4299 scentiam
2318 4245 2376 4298 in
2409 4245 2623 4315 pecude
2656 4259 2774 4297 esse
2806 4243 3234 4312 perfectionem,
3270 4242 3404 4312 quia
3439 4246 3523 4294 est
3564 4258 3702 4295 con-

205 4345 561 4407 nequaquam
600 4335 778 4388 creari
810 4335 1079 4404 potuisse.
1119 4335 1368 4404 Urgebat.
1407 4350 1540 4386 vero
1573 4331 1890 4397 haereticos,
1929 4325 1970 4378 D
2004 4334 2200 4388 formis
2231 4333 2488 4403 ejusdem
2520 4339 2760 4398 naturae,
2796 4348 2896 4385 nec
2928 4335 3208 4401 repugnat
3237 4331 3464 4400 spiritui
3489 4330 3544 4383 in
3575 4331 3706 4384 bru-

207 4421 536 4478 etiamtunc
575 4426 751 4478 Deum
786 4424 903 4477 fore
949 4423 1323 4488 laudandum,
1359 4439 1492 4476 nam
1533 4422 1693 4474 nulla
1729 4421 1897 4490 culpa

209 4507 299 4562 Dei
325 4512 527 4567 fuisset
569 4513 753 4566 facere
785 4513 935 4583 quod
968 4512 1093 4566 fieri
1121 4529 1236 4566 non
1267 4516 1511 4582 poterat.
1561 4510 1895 4564 Manichaeos

211 4603 385 4655 autem
432 4607 661 4672 putasse
692 4601 1041 4672 impossibile
1073 4617 1192 4655 esse
1226 4600 1394 4655 condi
1436 4600 1728 4652 hominem
1777 4599 1896 4653 sine

212 4689 666 4759 concupiscentiae
719 4691 870 4743 malo
918 4694 1159 4743 testatur
1204 4693 1426 4742 sanctus
1474 4689 1671 4742 doctor
1724 4687 1821 4740 lib.
1881 4704 1897 4740 ι

210 4782 393 4832 contra
423 4779 733 4842 Julianum,
762 4795 883 4848 cap.
916 4781 966 4845 5,
996 4782 1050 4831 et
1083 4778 1178 4832 lib.
1221 4795 1299 4842 ιιι,
1335 4794 1456 4848 cap.
1504 4781 1584 4830 1‘2.
1629 4777 1807 4847 Igitur
1835 4777 1897 4829 in

211 4858 297 4916 illa
326 4867 624 4937 hypothesi
655 4867 840 4920 adhuc
879 4872 1025 4919 eSset
1047 4866 1363 4920 laudandus
1406 4867 1570 4929 Deus,
1608 4871 1670 4919 ut
1699 4866 1795 4918 lib.
1832 4882 1892 4918 Ill

212 4947 275 5003 de
307 4954 505 5009 Libero
536 4956 785 5009 Arbitrio
809 4956 878 5009 ab
908 4955 1227 5025 Augustino
1257 4955 1549 5024 probatur.
1585 4953 1896 5008 Hincidem

211 5041 391 5096 scribit
421 5045 524 5099 lib.
565 5060 581 5096 ι
612 5045 882 5109 Retract,
915 5061 1038 5113 cap.
1077 5047 1108 5098 9
1139 5060 1151 5096 :
1196 5062 1222 5092 ‹‹
1259 5043 1395 5106 Quae
1426 5043 1734 5112 disputatio
1768 5058 1896 5095 con-

211 5127 291 5181 ira
336 5133 669 5186 Manichaeos
701 5133 961 5186 habenda
991 5137 1092 5192 est,
1125 5130 1225 5201 qui
1271 5147 1383 5183 non
1418 5131 1703 5200 accipiunt
1746 5130 1894 5184 Scri-

211 5220 396 5284 pturas
447 5230 666 5275 sanctas
715 5223 917 5274 veteris
950 5219 1316 5284 Testamenti,
1360 5219 1419 5271 in
1452 5219 1657 5288 quibus
1704 5235 1895 5288 pecca-

211 5304 323 5360 tum
383 5309 661 5378 originale
728 5315 1062 5362 narratur.»
1127 5309 1360 5361 Postea:
1423 5308 1683 5360 «Contra
1736 5307 1894 5360 Pela-

212 5391 396 5459 gianos
445 5404 634 5450 autem
676 5397 782 5450 hoc
827 5396 1244 5450 defendendum
1294 5399 1398 5462 est,
1450 5394 1602 5465 quod
1655 5400 1894 5464 utraque

215 5477 482 5556 Scriptura
504 5487 888 5552 commendat,
923 5503 1093 5557 quam
1113 5503 1170 5539 se
1203 5487 1456 5556 accipere
1481 5484 1839 5555 profitentur.
1863 5505 1890 5532 »

219 5566 413 5646 Nempe
460 5578 677 5632 malum
728 5575 1200 5647 concupiscentia;
1243 5591 1362 5630 non
1419 5590 1540 5630 esse
1589 5589 1623 5626 a
1669 5574 1782 5626 Deo
1835 5571 1894 5625 in

2005 4421 2097 4476 tis.
2151 4423 2212 4474 In
2244 4421 2479 4475 homine
2525 4427 2713 4475 autem
2746 4421 2882 4474 dicit
2913 4421 3214 4484 defectum,
3248 4419 3448 4472 vitium
3497 4435 3559 4472 ac
3589 4435 3704 4472 cor-

2004 4510 2337 4579 ruptionem
2390 4515 2632 4571 naturae,
2669 4510 2823 4563 unde
2870 4509 2947 4563 ait
2977 4509 3120 4563 libro
3153 4509 3222 4561 de
3253 4509 3486 4562 Peccato
3537 4507 3706 4578 origi-

2003 4600 2143 4666 nali,
2176 4615 2297 4668 cap.
2351 4601 2460 4652 4οε
2528 4617 2554 4648 α
2587 4599 2780 4651 Tantae
2828 4613 3076 4667 namque
3118 4598 3467 4651 excellentia:
3515 4602 3598 4651 est
3647 4597 3702 4649 in

2004 4687 2432 4756 comparatione
2465 4687 2685 4756 pecoris
2733 4687 2929 4752 homo,
2982 4692 3043 4740 ut
3073 4687 3268 4740 vitium
3303 4686 3552 4740 hominis
3601 4702 3703 4738 na-

2003 4779 2131 4829 tura
2162 4775 2233 4828 sit
2262 4775 2500 4844 pecoris.
2539 4793 2565 4825 »
2601 4775 2663 4828 Et
2702 4775 2800 4828 lib.
2842 4791 2893 4828 IV
2941 4775 3140 4844 Operis
3184 4775 3520 4844 imperfecti,
3571 4790 3694 4844 cap.

2005 4865 2109 4915 56:
2149 4883 2171 4910 ι
2203 4862 2290 4915 Sic
2322 4877 2480 4930 ergo,
2515 4861 2723 4930 inquit,
2772 4861 2829 4914 in
2882 4862 3116 4914 libidine
3149 4878 3390 4931 agnosce
3437 4867 3492 4913 et
3537 4877 3706 4930 peco-

2003 4949 2081 5002 ris
2113 4955 2396 5015 naturam,
2430 4955 2485 5002 et
2520 4949 2770 5002 hominis
2801 4965 3049 5018 pmnam,
3086 4949 3130 5002 si
3163 4950 3410 5002 animam
3446 4965 3559 5001 non
3594 4949 3699 5002 ha-

2002 5038 2102 5092 bes
2129 5039 2432 5091 asininam.
2465 5058 2492 5089 »
2527 5038 2630 5091 Ubi
2661 5038 2830 5091 etiam
2882 5044 3041 5090 notat.
3082 5037 3598 5108 concupiscentiam
3642 5037 3702 5092 in

2003 5127 2186 5182 brutis
2217 5143 2332 5180 non
2380 5127 2599 5180 inhiare
2631 5127 2689 5180 in
2722 5130 3084 5197 praegnantes
3115 5131 3172 5178 et
3215 5126 3274 5178 in
3319 5131 3476 5179 actus
3505 5133 3703 5180 contra

2005 5223 2287 5282 naturam,
2331 5216 2419 5270 uti
2451 5217 2579 5269 facit
2609 5216 2668 5269 in
2711 5216 2980 5282 homine;
3013 5214 3164 5268 unde
3207 5216 3368 5284 pejor
3407 5215 3573 5286 longe
3617 5221 3703 5270 est

2005 5306 2064 5360 in
2095 5305 2328 5359 homine
2359 5305 2534 5359 libido
2574 5321 2744 5375 quam
2791 5305 2849 5357 in
2882 5304 3083 5357 brutis.
3134 5303 3215 5356 Ad
3251 5304 3564 5357 secundum
3609 5321 3702 5358 rc-

2005 5397 2248 5465 spondet
2279 5395 2494 5448 ibidem
2521 5395 2779 5464 negando
2808 5393 2865 5444 in
2909 5391 3164 5445 terrestri
3209 5394 3470 5462 paradiso
3511 5399 3698 5447 actum

2005 5483 2476 5554 concupiscentia:
2522 5482 2879 5553 praecessisse
2923 5485 3111 5534 actum
3161 5482 3470 5536 voluntatis
3512 5498 3698 5536 come-

2004 5573 2178 5627 deudi
2205 5589 2446 5642 pomum
2473 5571 2732 5625 vetitum.
2760 5571 2839 5624 Do
2865 5571 3118 5640 ejusdem
3147 5572 3319 5626 verba
3343 5588 3355 5625 :
3396 5599 3424 5621 ιι
3456 5573 3695 5626 Praeces-
