3946 6176
149 361 243 412 613
1430 350 1756 406 VINDICUE
1796 350 2339 406 AUGUSTINIANE.

3536 359 3639 412 6M

154 480 273 533 dem
317 472 631 546 propositio
682 486 938 526 censuras
997 471 1249 541 subjecta
1297 474 1399 524 est.
1456 473 1571 525 Hoc
1625 476 1818 525 autem
1856 474 1900 527 A
1938 470 2036 524 illa
2068 472 2187 525 Baii
2218 488 2331 525 non
2361 473 2547 527 solum
2578 473 2649 527 ob
2682 489 2978 528 censuram
3009 475 3279 529 damnata
3298 480 3401 536 est,
3436 494 3633 533 verum

162 569 302 638 patet
325 580 383 617 ex
410 560 660 615 censuris
710 562 988 631 ejusdem,
1035 576 1162 630 quae
1211 561 1273 613 in
1303 559 1502 614 eadem
1548 560 1705 613 bulla
1736 576 1824 613 re-

161 656 423 716 feruntur;
456 667 509 703 v.
549 666 628 720 g.,
655 666 889 719 propos.
921 652 983 703 37
1022 649 1131 703 ait:
1170 670 1190 696 ι
1229 649 1371 703 Cum
1397 649 1627 717 Pelagio
1658 649 1824 717 sapit,

162 742 249 814 qui
273 739 395 794 boni
425 737 638 809 aliquid
679 737 971 802 naturalis,
1013 736 1119 790 hoc
1157 741 1259 803 est,
1295 737 1450 806 quod
1492 752 1555 790 ex
1606 741 1826 789 naturae

156 830 272 883 solis
301 826 503 880 viribus
543 832 735 879 ortum
779 825 952 891 ducit,
986 825 1261 896 agnoscit.
1309 848 1330 874 ο
1369 826 1552 889 Quam
1598 830 1825 878 senten-

148 918 272 972 tiam
314 914 560 969 defendit
597 916 869 985 Vasquez,
920 918 1032 981 l-2,
1075 914 1221 984 disp.
1281 918 1403 980 190,
1439 930 1561 984 cap.
1602 916 1686 975 18,
1728 912 1827 966 ubi

145 1009 360 1059 testatur
384 1018 681 1057 censuram
714 1003 851 1068 Baii,
885 1018 1001 1056 non
1044 1018 1178 1056 vero
1212 1008 1520 1056 asssertum
1582 1018 1703 1056 esse
1755 1001 1824 1054 ab

144 1092 435 1164 apostolica
478 1091 610 1145 sede
663 1090 1020 1155 damnatum,
1053 1107 1185 1144 cum
1233 1091 1294 1144 in
1350 1091 1701 1144 Arausicano
1742 1107 1829 1143 ca-

143 1198 275 1236 none
303 1183 370 1233 22
404 1180 656 1234 dicatur:
690 1180 850 1234 Nemo
898 1179 1052 1231 habet
1092 1178 1156 1231 de
1186 1193 1280 1233 suo
1309 1181 1420 1233 nisi
1462 1178 1824 1243 mendacium,

142 1274 185 1324 et
230 1275 521 1338 peccatum.
564 1269 844 1321 Praeterea
903 1267 1218 1336 propositio
1264 1270 1329 1321 13
1390 1267 1468 1320 ita
1515 1266 1823 1320 scribitur:

147 1379 166 1407 ο
199 1356 401 1427 Pelagii
440 1355 721 1409 sententia
769 1360 887 1409 est:
940 1356 1092 1426 Opus
1143 1356 1357 1409 bonum
1400 1356 1542 1409 citra
1584 1355 1827 1425 gratiam

145 1445 448 1516 adoptionis
500 1445 732 1509 factum,
764 1460 881 1497 non
937 1450 1021 1497 est
1077 1443 1241 1515 regni
1300 1444 1545 1498 caelestis
1600 1444 1829 1497 merito-

145 1536 301 1590 rium.
331 1554 356 1585 ν
400 1534 586 1598 Quare
631 1549 762 1587 cum
809 1533 1172 1586 Lovaniensis
1218 1534 1461 1603 scriptor
1498 1532 1826 1603 oppositam

143 1623 466 1679 sententiam
492 1622 563 1677 de
593 1624 878 1676 creatione
932 1622 1184 1676 hominis
1234 1638 1364 1675 cum
1422 1622 1825 1691 concupiscen-

142 1714 214 1767 tia
264 1714 332 1767 ab
380 1719 613 1766 auctore
664 1718 884 1765 naturae
924 1710 1139 1765 inserta
1195 1710 1597 1781 Pelagianismi
1654 1710 1827 1763 dubio

142 1802 322 1873 procul
349 1801 417 1855 de
449 1818 612 1855 more
637 1801 945 1863 incusaret,
982 1799 1185 1853 merito
1225 1802 1296 1853 ob
1328 1816 1628 1853 censuram
1675 1800 1825 1869 ejus-
1867 1779 1907 1833 Β

147 1893 263 1947 dem
281 1891 593 1962 propositio
625 1891 707 1944 uti
751 1890 1079 1944 scandalosa
1105 1890 1425 1959 proscripta
1457 1894 1559 1942 est.
1613 1889 1828 1942 Rursus

145 1982 197 2036 in
225 1982 370 2036 bulla
403 1980 529 2034 Baii
559 1980 979 2050 propositiones
1020 1979 1285 2034 dicuntur
1324 1977 1586 2032 damnari
1614 1993 1829 2046 respec-

145 2074 253 2135 tive,
300 2086 531 2139 nempe,
564 2072 621 2121 in
662 2071 886 2137 proprio
920 2069 1200 2121 verborum
1248 2082 1407 2121 sensu
1436 2068 1503 2120 ab
1535 2068 1827 2120 assertori-

144 2159 229 2212 bus
255 2160 471 2212 intento.
527 2156 847 2226 Propositio
876 2156 974 2209 illa
1004 2158 1069 2209 55
1104 2156 1410 2209 damnatur
1439 2158 1729 2224 respective
1760 2154 1832 2220 ad

142 2247 577 2318 propositionem
616 2248 706 2314 27,
732 2261 861 2315 qum
893 2250 977 2299 est
1006 2261 1017 2298 :
1054 2266 1081 2291 κ
1114 2244 1412 2313 lntegritas
1444 2244 1645 2314 prima:
1676 2260 1831 2297 crea-

143 2336 301 2390 tionis
330 2352 444 2389 non
489 2335 598 2389 fuit
649 2334 903 2388 indebita
950 2334 1218 2387 humana:
1276 2338 1497 2387 natura:
1545 2332 1829 2398 exaltatio,

146 2426 230 2479 sed
260 2425 536 2479 naturalis
568 2424 689 2494 ejus
727 2422 998 2477 conditio.
1033 2441 1059 2473 ι)
1099 2421 1270 2485 Quasi
1314 2422 1589 2494 subjectio
1632 2438 1833 2476 concu-

146 2514 419 2584 piscentiaa
466 2530 587 2567 non
624 2513 797 2565 fuerit
843 2529 911 2566 ex
950 2512 1099 2565 dono
1146 2511 1446 2577 Creatoris,
1493 2512 1588 2565 sed
1620 2527 1685 2564 ex
1711 2510 1832 2564 exi-

148 2603 323 2674 gentia
341 2603 594 2657 naturali
614 2603 884 2656 humanae
902 2600 1252 2666 substantiae,
1288 2604 1564 2671 tanquam
1599 2600 1836 2670 propria

146 2692 317 2761 passio
372 2690 657 2761 ejusdem,
719 2689 869 2760 quod
926 2688 1132 2741 falsum
1189 2691 1293 2742 est.
1352 2688 1493 2740 Nam
1552 2688 1674 2740 haec
1722 2686 1835 2740 duo

148 2779 542 2850 distinguenda
571 2782 737 2838 sunt:
770 2775 1244 2846 concupiscentia:
1284 2774 1696 2844 subjectionem
1735 2774 1834 2827 da-

148 2872 251 2921 tam
272 2869 478 2939 primo
531 2866 751 2921 homini
800 2882 867 2919 ex
898 2865 1182 2936 exigentia
1236 2864 1321 2918 rei
1365 2868 1589 2929 creatze,
1640 2863 1726 2916 vel
1766 2878 1835 2915 ex

148 2935 440 3024 pura-puta
470 2952 750 3006 decentia.
784 2935 1039 3004 Primum
1084 2948 1239 3002 enim
1270 2954 1540 3018 negatur,
1588 2948 1835 3001 alterum

149 3056 179 3094 θ
215 3043 372 3095 nobis
417 3040 730 3107 asseritur;
766 3044 821 3093 et
862 3040 970 3093 hoc
1009 3042 1164 3109 patet
1213 3054 1281 3091 ex
1327 3036 1669 3107 Augustino,
1706 3034 1836 3089 scri-
1866 3077 1904 3132 C

146 3128 298 3184 bente
328 3131 422 3184 lib.
471 3147 532 3184 ιιι
574 3134 766 3184 contra
804 3128 1117 3189 Julianum,
1167 3142 1288 3197 cap.
1326 3130 1382 3180 11
1417 3142 1430 3181 :
1480 3145 1508 3177 (ι
1539 3127 1601 3179 In
1632 3129 1836 3178 natura

149 3219 381 3275 hominis
433 3224 570 3274 ante
629 3224 924 3289 peccatum
982 3232 1180 3287 pacem
1232 3215 1462 3269 decebat
1525 3231 1669 3280 esse,
1717 3229 1836 3267 non

150 3307 363 3365 bellum.
401 3330 423 3357 ι
464 3308 594 3362 Scio
622 3307 907 3372 eumdem,
958 3306 1057 3359 lib.
1114 3322 1152 3359 ιι
1210 3305 1280 3359 de
1332 3309 1693 3374 peccatorum
1730 3302 1837 3356 Me-

151 3398 261 3452 ritis
286 3404 339 3453 et
374 3398 738 3462 remissione,
789 3412 890 3466 cap
919 3397 1007 3461 22,
1060 3395 1183 3448 hinc
1220 3394 1467 3448 scribere
1512 3393 1580 3447 de
1636 3390 1837 3463 primis

151 3489 510 3557 parentibus:
569 3508 597 3535 «
645 3486 911 3550 Quamvis
959 3500 1166 3554 corpus
1220 3483 1469 3537 animale
1527 3485 1835 3552 gestarent,

152 3578 281 3631 nihil
327 3576 670 3632 inobediens
709 3576 768 3629 in
799 3576 895 3628 illo
924 3574 1223 3628 adversum
1273 3590 1331 3627 se
1362 3572 1581 3627 moveri
1622 3571 1837 3625 sentie-

136 3652 293 3721 ‘bant.
344 3666 612 3721 Faciebat
656 3664 869 3736 quippe
922 3664 1025 3717 hoc
1082 3679 1224 3716 oaoo
1268 3678 1530 3731 ιυετιτιε,
1586 3664 1651 3715 ut
1705 3659 1841 3731 quia

151 3770 335 3811 eorum
358 3756 558 3811 anima
587 3755 869 3808 famulum
900 3768 1105 3823 corpus
1154 3769 1187 3805 a
1229 3751 1468 3806 Domino
1521 3754 1835 3821 acceperat,

156 3846 285 3900 sicut
311 3847 435 3918 ipsa
468 3844 655 3899 eidem
690 3842 931 3897 Domino
986 3858 1111 3908 suo,
1179 3840 1259 3894 ita
1316 3840 1401 3893 illi
1458 3856 1661 3909 corpus
1720 3838 1841 3907 ejus

156 3935 393 3990 obediret
424 3940 601 4004 atque
632 3933 924 3988 exhiberet
951 3931 1081 3984 vitae
1112 3930 1194 3983 illi
1220 3944 1538 3999 congruum
1572 3928 1694 3981 sine
1724 3926 1841 3979 ulla

154 4024 462 4079 resistentia
508 4023 870 4078 famulatum.
933 4041 960 4072 »
1019 4020 1122 4073 Ubi
1154 4018 1384 4073 nomine
1431 4016 1665 4087 justitize
1726 4030 1841 4068 non

154 4112 470 4183 rigorosum
528 4112 785 4167 debitum
843 4113 902 4163 in
972 4113 1177 4162 natura
1234 4108 1488 4161 humana
1537 4104 1840 4158 fundatum

152 4199 436 4267 intellexit,
491 4200 592 4255 sed
638 4216 706 4254 ex
749 4198 1010 4253 decentia
1063 4197 1239 4251 solius
1295 4193 1576 4250 Creatoris
1615 4191 1841 4247 deriva-

154 4292 282 4343 tum.
309 4293 525 4346 Rursus
541 4272 835 4343 sciendum
863 4292 950 4342 est
980 4287 1204 4357 aliquas
1227 4284 1646 4356 propositiones
1673 4280 1843 4351 aequi-

1935 561 2110 614 etiam
2140 562 2291 631 quod
2326 562 2725 617 haereticorum
2754 564 3066 618 recentium
3111 565 3291 618 errori
3329 581 3362 618 a
3385 567 3631 620 Triden-

1934 649 2069 702 tinis
2099 650 2361 704 Patribus
2396 652 2660 706 damnato
2704 652 3062 719 concineret;
3107 653 3197 711 illi
3230 654 3385 708 enim
3416 654 3633 709 mordi-

1935 755 2033 793 cus
2090 739 2372 793 sustinent
2424 742 2942 812 concupiscentiam
2994 760 3113 797 esse
3190 750 3508 813 peccatum,
3570 750 3629 799 ut

1932 832 2089 899 patet
2118 830 2269 899 apud
2306 830 2731 893 Bellarminum,
2769 832 2864 886 lib.
2894 848 2925 882 v
2953 832 3021 886 de
3051 832 3372 886 Amissione
3398 834 3626 903 gratim,

1934 932 2057 987 cap.
2115 922 2163 976 5,
2212 917 2269 970 in
2310 934 2424 988 quo
2456 935 2648 972 errore
2687 921 2998 989 propositio
3031 925 3096 975 55
3128 921 3267 990 Baii,
3309 924 3460 992 quod
3495 939 3629 976 con-

1935 1006 2346 1075 cupiscentiam
2386 1006 2605 1071 attinet,
2640 1008 2932 1074 fundatur,
2975 1026 3007 1062 a
3044 1010 3205 1080 cujus
3235 1016 3424 1063 tamen
3463 1011 3631 1064 dam-

1936 1098 2071 1146 nato
2101 1110 2273 1147 sensu
2320 1094 2489 1164 longo
2517 1095 2815 1149 intervallo
2857 1096 3170 1163 distamus;
3201 1114 3313 1151 non
3346 1098 3501 1151 enim
3545 1097 3630 1152 di-

1936 1181 2117 1236 cimus
2178 1183 2353 1235 Deum
2400 1200 2514 1237 non
2566 1184 2815 1253 potuisse
2872 1185 3112 1238 condere
3167 1186 3456 1239 hominem
3504 1202 3632 1240 cum

1937 1270 2398 1340 concupiscentia
2450 1271 2669 1333 rebelli,
2717 1272 2869 1342 quod
2914 1272 3011 1325 illa
3047 1273 3119 1326 sit
3150 1273 3463 1328 formaliter
3509 1291 3634 1344 pec-

1936 1362 2147 1421 catum,
2178 1357 2274 1409 sed
2323 1356 2458 1427 quia
2489 1357 2618 1411 licet
2662 1358 2785 1427 ipsa
2815 1367 3107 1428 peccatum
3157 1376 3272 1411 non
3315 1360 3406 1426 sit,
3440 1366 3523 1413 est
3553 1345 3635 1413 ta-

1939 1460 2073 1498 men
2101 1445 2168 1498 ad
2226 1452 2521 1515 peccatum
2578 1446 2881 1512 inclinans,
2940 1452 2995 1500 et
3048 1447 3279 1517 quidem
3330 1449 3637 1501 vehemen-

1936 1533 2047 1587 tius
2078 1550 2250 1604 quam
2282 1535 2523 1604 quilibet
2552 1536 2694 1588 alius
2743 1536 2970 1589 habitus
3000 1536 3231 1589 vitiosus
3278 1537 3347 1589 ab
3400 1537 3637 1590 homine

1936 1627 2281 1676 contractus.
2338 1624 2593 1677 Profecto
2628 1624 2801 1678 thesis
2851 1624 2945 1677 illa
2997 1624 3136 1689 Baii,
3168 1625 3468 1678 hominem
3523 1642 3639 1679 non

1937 1710 2192 1779 potuisse
2221 1712 2390 1765 aDeo
2422 1712 2659 1781 produci
2699 1713 2883 1783 qualis
2930 1714 3096 1766 modo
3145 1714 3419 1780 nascitur,
3474 1714 3641 1783 juxta

1940 1800 2188 1869 amplam
2220 1800 2471 1870 ejusdem
2505 1802 2927 1871 expressionem
2984 1818 3115 1855 vera
3145 1807 3264 1857 est:
3317 1803 3446 1872 quis
3477 1803 3633 1855 enim

1935 1888 2140 1943 dixerit
2168 1890 2347 1942 Deum
2402 1906 2565 1959 posse
2609 1891 2851 1943 condere
2883 1890 3180 1943 hominem
3211 1905 3342 1944 cum
3396 1896 3630 1960 peccato

1938 1978 2227 2048 originali,
2276 1995 2406 2032 cum
2460 1996 2573 2049 quo
2631 1980 2803 2033 modo
2837 1980 3140 2032 nascitur?
3186 1981 3298 2033 Hoc
3329 1972 3483 2033 enim
3518 1985 3641 2034 erat

1938 2065 2080 2120 illud
2137 2066 2474 2135 absurdum,
2527 2068 2681 2137 quod
2713 2068 3006 2137 Pelagiani
3035 2072 3229 2122 contra
3282 2068 3642 2122 orthodoxos

1938 2154 2239 2224 urgebant,
2294 2156 2472 2210 Deum
2522 2172 2641 2210 esse
2672 2162 2965 2210 auctorem
2995 2156 3231 2226 peccati,
3291 2156 3338 2209 si
3394 2173 3462 2210 eo
3494 2156 3642 2210 infe-

1938 2248 2061 2297 ctus
2091 2245 2262 2297 homo
2294 2246 2649 2299 nascebatur.
2686 2246 2751 2298 Et
2782 2245 3018 2315 quidem
3049 2244 3323 2299 Martinus
3348 2245 3416 2298 de
3448 2246 3641 2315 Espar-

1940 2348 2024 2400 za,
2057 2332 2298 2403 insignis
2355 2340 2566 2387 nostra:
2615 2333 2799 2387 aetatis
2848 2333 3176 2404 theologus,
3235 2338 3437 2404 quiest.
3480 2336 3545 2387 10
3575 2334 3643 2387 de

1939 2420 2150 2487 Gratia,
2184 2423 2305 2475 haec
2344 2422 2578 2475 scribit:
2623 2440 2649 2472 α
2670 2434 2675 2437 ⁷
2698 2421 3170 2492 Concupiscentia
3194 2426 3327 2491 post
3346 2428 3643 2491 peccatum

1940 2508 2021 2561 ita
2046 2513 2129 2562 est
2156 2510 2339 2562 soluta
2372 2515 2435 2561 ut
2464 2514 2665 2578 regnet
2704 2508 2765 2562 in
2802 2525 2969 2562 carne
3000 2508 3238 2578 peccati,
3271 2510 3380 2563 hoc
3410 2516 3497 2563 est
3540 2510 3642 2564 ob-

1943 2596 2125 2650 tineat
2154 2597 2603 2666 praedominium
2635 2596 2904 2651 adversus
2934 2597 3239 2663 rationem,
3298 2599 3642 2668 praeponde-

1941 2690 2103 2739 rante
2138 2702 2260 2755 ejus
2291 2686 2657 2740 inclinatione
2681 2686 2739 2739 in
2770 2687 3007 2751 malum,
3041 2692 3213 2757 atque
3238 2686 3297 2740 in
3330 2688 3644 2757 perniciem

1943 2779 2003 2827 et
2046 2774 2475 2827 damnationem
2530 2774 2780 2827 hominis
2812 2774 3169 2828 inclinationi
3199 2775 3435 2828 rationis
3475 2792 3643 2846 supe-

1942 2862 2108 2916 rioris
2147 2863 2207 2915 in
2239 2862 2457 2915 bonum
2489 2862 2791 2915 honestum
2841 2869 3012 2932 atque
3044 2863 3103 2915 in
3135 2864 3395 2926 salutem,
3430 2869 3487 2917 et
3516 2864 3642 2918 ulti-

1946 2968 2101 3005 mam
2127 2952 2457 3005 felicitatem
2504 2952 2760 3021 ejusdem
2805 2951 3074 3005 hominis.
3110 2952 3272 3016 Quod
3302 2957 3526 3007 tantum
3583 2970 3646 3007 ac

1942 3045 2061 3096 tam
2091 3041 2308 3111 grande
2339 3041 2554 3095 malum
2576 3042 2964 3111 occupationis
2996 3042 3159 3110 regni
3182 3057 3283 3111 per
3310 3047 3532 3113 partem
3563 3042 3643 3096 in-

1943 3130 2210 3184 feriorem
2259 3130 2528 3184 adversus
2578 3136 2803 3200 partem
2859 3129 3216 3200 superiorem
3272 3146 3644 3202 nequaquam

1945 3219 2217 3273 adfuisset
2274 3218 2333 3271 in
2388 3223 2541 3271 statu
2568 3234 2731 3288 purae
2762 3224 3003 3272 naturae.
3044 3240 3064 3267 ι
3118 3219 3302 3283 Quare
3361 3236 3427 3273 ex
3477 3220 3647 3289 hujus

1946 3307 2236 3378 scriptoris
2268 3308 2552 3361 sententia
2586 3324 2699 3361 non
2725 3308 2911 3378 potuit
2940 3308 3106 3362 condi
3138 3309 3313 3362 homo
3367 3324 3401 3361 a
3442 3309 3558 3362 Deo
3586 3308 3647 3361 in

1946 3402 2098 3452 statu
2132 3403 2351 3451 natura!
2397 3413 2555 3467 pura:
2587 3412 2717 3450 cum
2747 3397 3206 3468 concupiscentia
3258 3396 3469 3451 rationi
3498 3413 3647 3468 prte-

1947 3485 2280 3539 dominante
2307 3491 2478 3556 atque
2509 3486 2569 3539 in
2608 3486 2871 3540 eamdem
2903 3485 3016 3539 vim
3063 3484 3439 3555 legislativam
3487 3499 3645 3539 exer-

1946 3579 2127 3641 cente,
2182 3579 2245 3628 ut
2282 3574 2495 3629 ibidem
2554 3574 2621 3629 ad
2679 3581 2901 3629 sextum
2945 3574 3217 3645 loquitur,
3267 3590 3395 3627 cum
3454 3578 3649 3627 tamen

1945 3662 2117 3717 homo
2151 3662 2219 3716 de
2271 3663 2417 3717 facto
2469 3663 2571 3717 tali
2601 3664 3082 3734 concupiscentia
3137 3663 3421 3733 subjectus
3450 3677 3647 3716 nasca-

1947 3756 2060 3805 tur.
2096 3752 2377 3805 Hactenus
2406 3751 2476 3806 de
2507 3767 2672 3805 sensu
2707 3752 2863 3805 illius
2889 3754 2955 3806 55
2989 3751 3394 3821 propositionis
3418 3750 3556 3805 Baii.

2019 3839 2208 3902 Qumri
2239 3844 2428 3909 potest
2451 3856 2522 3893 an
2554 3846 2781 3893 sanctus
2819 3839 3018 3893 doctor
3047 3839 3339 3893 admiserit
3377 3844 3439 3892 ut
3469 3840 3651 3909 possi-

1948 3928 2123 3982 bilem
2156 3927 2678 3998 concupiscentiam
2706 3927 2917 3981 rationi
2956 3928 3286 3996 subjectam.
3338 3927 3415 3980 ita
3443 3932 3505 3980 ut
3534 3944 3652 3982 non

1950 4017 2265 4070 secundum
2295 4033 2375 4081 se,
2407 4017 2505 4070 sed
2535 4016 2850 4069 secundum
2882 4015 3328 4086 praedominium
3357 4031 3531 4085 supra
3559 4033 3651 4070 ra-

1947 4105 2163 4157 tionem
2203 4106 2463 4158 eamdem
2520 4103 2879 4157 solummodo
2930 4104 3117 4173 primo
3173 4102 3392 4157 homini
3454 4103 3513 4157 in
3562 4105 3651 4159 sui

1950 4192 2280 4246 conditione
2346 4191 2519 4245 inseri
2591 4191 2843 4261 potuisse
2918 4191 3232 4261 negaverit.
3315 4192 3653 4261 Respondeo

1950 4280 2340 4352 Augustinum
2380 4279 2620 4333 sensisse
2667 4278 3184 4350 concupiscentiam
3248 4279 3561 4333 secundum
3596 4297 3653 4334 se

150 4391 301 4432 vocas
330 4378 503 4433 modo
535 4378 605 4432 ab
648 4376 892 4431 Ecclesia
923 4375 1103 4446 rejici,
1154 4374 1326 4428 modo
1379 4371 1699 4443 approbari.
1730 4372 1844 4425 Hoc
1879 4374 1919 4428 ι)
1954 4386 2075 4423 esse
2103 4370 2328 4436 vitium,
2361 4374 2562 4423 etnon
2593 4370 2779 4423 solum
2835 4384 2957 4422 esse
3007 4368 3285 4421 vitiatam.
3344 4369 3428 4421 Ita
3485 4368 3646 4422 illam

157 4468 496 4523 ostendimus
526 4467 624 4521 lib.
680 4483 717 4520 ιι
750 4466 889 4519 Hist.
939 4465 1154 4533 Pclag.,
1187 4479 1309 4533 cap.
1345 4465 1436 4529 20,
1486 4461 1555 4515 de
1586 4461 1684 4514 illa
1713 4476 1841 4530 pro-

155 4556 466 4624 positione:
516 4578 538 4605 ι
573 4557 729 4610 Unus
781 4571 811 4608 e
867 4552 1139 4607 Trinitate
1196 4567 1394 4622 passus
1445 4554 1545 4614 est,
1587 4571 1610 4599 ι
1671 4564 1844 4620 quam

158 4644 471 4700 Hormisdas
520 4643 736 4714 rejecit,
781 4646 837 4696 at
865 4643 1109 4696 Joannes
1141 4642 1211 4705 II,
1275 4638 1519 4709 Vigilius
1570 4654 1635 4691 ac
1680 4653 1845 4707 syno-

158 4734 253 4789 dus
280 4752 333 4800 ν,
369 4734 450 4789 uti
480 4733 824 4788 Catholicam
875 4729 1279 4785 deﬁniverunt.
1326 4728 1544 4783 Etenim
1576 4727 1637 4780 in
1676 4742 1847 4781 sensu

159 4822 631 4893 Entychianorum
661 4822 930 4877 damnata
970 4820 1098 4886 fuit,
1154 4818 1315 4889 quasi
1364 4817 1610 4873 Verbum
1644 4816 1704 4870 in
1744 4832 1845 4869 na-

156 4915 277 4967 tura
302 4912 496 4967 divina
535 4927 764 4982 passum
794 4909 1116 4974 diceretur;
1150 4913 1205 4962 et
1234 4908 1365 4961 licet
1419 4906 1516 4961 alii
1569 4906 1848 4960 adderent

151 5016 368 5069 passum
396 5018 573 5067 carne,
612 5005 866 5054 attamen
911 5014 1040 5052 cum
1073 4998 1144 5051 ob
1190 4996 1527 5050 afﬁnitatem
1568 5011 1698 5049 cum
1729 4994 1847 5048 has-

155 5090 259 5143 ιπθεί
292 5089 619 5161 Eutychetis
658 5092 919 5158 suspecta
963 5092 1132 5151 esset,
1158 5086 1289 5156 jure
1321 5091 1545 5139 sanctus
1598 5084 1847 5138 Hormis-

158 5178 250 5232 das
310 5181 570 5235 eamdem
637 5177 958 5248 approbare
1012 5174 1311 5230 recusavit.
1372 5173 1539 5228 Baius
1594 5171 1850 5242 proposi-

158 5265 307 5321 tione
345 5271 414 5323 ’74
453 5270 574 5323 haec
602 5266 902 5321 tradidisse
940 5266 1181 5320 dicitur:
1221 5284 1241 5311 α
1293 5261 1763 5332 Concupiscentia
1790 5260 1851 5314 in

157 5357 363 5411 renatis
394 5357 626 5428 relapsis
654 5357 713 5409 in
755 5361 1049 5426 peccatum
1096 5353 1356 5421 mortale,
1388 5352 1446 5405 in
1478 5350 1686 5422 quibus
1734 5350 1850 5421 jam

160 5444 501 5513 dominatur,
554 5451 847 5517 peccatum
902 5449 1004 5499 est.
1043 5464 1065 5492 ι
1117 5442 1279 5507 Quod
1328 5440 1695 5495 falsissimum
1743 5444 1848 5506 est,

160 5549 452 5606 nunquam
477 5536 631 5590 enim
662 5536 908 5606 ipsamet
933 5530 1393 5603 concupiscentia
1424 5534 1505 5583 est
1533 5533 1848 5600 peccatum,

164 5625 223 5676 ut
272 5638 338 5678 ex
391 5623 720 5680 Tridentina
750 5622 964 5694 synodo
1020 5623 1259 5676 constat.
1314 5620 1498 5684 Quare
1537 5616 1851 5689 propositio

1952 4457 2348 4529 pronuntiavit
2398 4459 2614 4525 vitium,
2672 4455 2816 4526 quod
2870 4471 2977 4509 non
3018 4459 3096 4509 est
3155 4471 3221 4509 ea:
3254 4458 3377 4521 Deo,
3408 4455 3505 4510 lib.
3542 4456 3653 4511 ide

1954 4547 2179 4618 Nuptiis
2206 4551 2263 4600 et
2290 4562 2554 4617 concup.,
2583 4563 2705 4617 cap.
2729 4548 2817 4601 23.
2855 4545 3012 4599 Idem
3056 4544 3230 4599 habet
3259 4544 3359 4599 lib.
3415 4562 3475 4610 ιι,
3528 4562 3653 4616 cap.

1956 4639 2043 4701 34,
2072 4636 2367 4705 etpassim
2423 4642 2619 4689 contra
2655 4634 3009 4705 Pelagianos.
3068 4638 3335 4689 Attamen
3383 4634 3493 4689 hoc
3548 4636 3653 4689 sibi

1956 4726 2215 4778 sufficere
2273 4724 2518 4785 dicebat,
2584 4723 2630 4776 si
2698 4724 2948 4778 haeretici
3018 4725 3217 4778 saltem
3279 4726 3655 4778 concederent

1954 4814 2214 4866 eamdem
2248 4828 2365 4865 esse
2408 4811 2682 4874 vitiatam,
2719 4811 2850 4865 inde
2882 4812 3038 4866 enim
3093 4812 3308 4883 peccati
3359 4812 3654 4882 originalis

1956 4902 2160 4955 vulnus
2190 4901 2381 4954 statim
2413 4900 2741 4970 apparebat.
2776 4902 2983 4955 Scribit
3013 4907 3240 4955 sanctus
3291 4900 3489 4954 doctor
3517 4916 3653 4953 con-

1957 4995 2043 5045 tra
2071 4990 2362 5044 Iulianum
2386 4989 2482 5043 lib.
2519 5005 2577 5049 ιι,
2606 4988 2866 5058 proxime
2902 4990 3131 5044 laudato
3171 5006 3300 5058 cap.
3339 4989 3484 5041 ult.:
3521 5009 3548 5036 «
3592 4989 3657 5042 Et

1958 5079 2006 5133 si
2036 5096 2153 5133 non
2180 5078 2303 5132 vult
2331 5078 2636 5132 concedere
2683 5077 2884 5130 vitium
2943 5094 3063 5131 esse
3119 5078 3440 5142 libidinem,
3507 5076 3658 5130 dicat

1959 5170 2159 5222 saltem
2202 5184 2305 5239 per
2333 5168 2563 5222 illorum
2611 5166 2915 5220 hominum
2963 5164 3434 5231 inobedientiam,
3483 5166 3655 5220 etiam

1960 5261 2149 5331 ipsum
2196 5258 2399 5312 vitium
2448 5274 2569 5312 esse
2632 5257 2817 5312 carnis
2865 5256 3402 5326 concupiscentiam,
3460 5260 3525 5310 ut
3559 5256 3657 5310 illa

1962 5365 2090 5419 qua:
2118 5347 2451 5401 obedienter
2480 5351 2535 5400 et
2561 5346 2821 5400 ordinate
2852 5349 3197 5407 moveretur,
3251 5359 3405 5397 nunc
3456 5343 3655 5398 inobo-

1963 5438 2185 5493 dienter
2213 5435 2650 5506 inordinateque
2682 5439 2999 5500 moveatur,
3033 5452 3060 5484 ι)
3094 5436 3202 5487 ete.
3228 5433 3292 5486 Et
3323 5432 3418 5487 lib.
3442 5450 3496 5501 v,
3528 5449 3657 5487 cou-

1962 5531 2051 5581 tra
2081 5527 2393 5594 Iulianum,
2435 5542 2561 5595 cap.
2610 5542 2663 5590 v,
2706 5524 2820 5577 ait:
2869 5542 2897 5574 ei
2951 5522 3058 5577 Sed
3088 5522 3240 5593 quod
3272 5521 3433 5591 dicis,
3484 5521 3655 5575 etiam

1964 5616 2237 5687 genitalia
2262 5614 2472 5670 servire
2489 5612 2669 5669 animi
2692 5612 2961 5682 imperio,
2994 5628 3198 5667 novam
3238 5610 3550 5682 quamdam
3590 5609 3655 5663 li-
