3906 6182
338 288 439 341 615

1349 288 1898 343 SUPPLEMENTUM
1941 290 2031 343 AD
2070 289 2303 346 OPERA
2342 292 2396 346 S.
2438 291 2825 347 AUGUSTINI.
3684 306 3767 357 616

333 410 589 467 bidinem
640 411 800 479 dicis,
834 416 933 466 aut
991 411 1136 465 forte
1177 409 1350 463 nimis
1379 410 1695 482 antiquam,
1739 413 1924 483 qualis
1976 416 2032 466 et
2068 415 2111 468 A
2140 414 2225 467 vel
2283 413 2474 484 potius
2529 413 2611 466 vis
2661 412 2874 484 putari,
2932 412 3033 467 ubi
3079 412 3185 466 hoc
3237 414 3468 469 Joannes
3520 423 3769 488 apostolus

336 499 398 553 in
442 501 708 572 paradiso
759 517 879 555 esse
927 498 1225 569 potuisset,
1285 499 1330 552 si
1353 515 1523 554 nemo
1564 506 1870 571 peccasset.
1907 521 1934 553 ι)
1971 503 2034 556 Et

335 588 435 644 lib.
466 606 506 644 Il
538 590 735 661 Operis
780 588 1034 658 imperf.,
1065 604 1187 658 cap.
1239 591 1360 655 {‘2'2,
1414 589 1608 644 scribit
1644 591 1713 645 de
1742 591 2034 662 concupis-

336 679 558 733 centia:
607 698 634 729 ‹ι
664 682 775 732 Aut
804 692 940 747 ergo
991 676 1150 730 nulla
1193 676 1274 730 ibi
1324 681 1464 741 erat,
1525 683 1623 733 aut
1678 680 2030 735 voluntatem

335 767 543 821 mentis
572 783 677 821 nec
713 766 1095 838 prazcedebat,
1127 782 1231 820 nec
1261 767 1587 822 excedebat.
1643 789 1665 816 1
1726 769 1883 823 Idem
1941 786 2029 823 re-

332 854 479 927 petit
506 854 585 908 lib
614 871 686 919 1v,
718 870 843 924 cap.
882 857 971 918 56,
1023 860 1080 909 et
1109 854 1207 909 lib.
1242 871 1296 908 IV
1326 854 1534 925 prioris
1564 856 1773 926 operis,
1806 874 1932 927 cap.
1998 861 2028 911 5

333 947 391 999 et.
436 947 520 998 14.
575 944 857 998 Caeterum
912 948 1105 998 sancto
1164 943 1377 998 doctori
1430 953 1694 999 constans
1748 946 2030 1001 sententia

332 1031 510 1101 stetit,
535 1032 756 1086 nullam
795 1031 967 1086 fuisse
1014 1032 1532 1102 concupiscentiam
1581 1032 1643 1087 in
1698 1033 1886 1103 primo
1919 1034 2027 1088 bo-

331 1120 488 1175 mine
512 1128 645 1175 ante
674 1126 967 1193 peccatum
1014 1138 1129 1175 non
1165 1121 1339 1176 modo
1370 1122 1682 1176 secundum
1722 1123 1879 1176 illam
1911 1122 2026 1178 vim

328 1210 686 1281 tyrannicam
734 1226 906 1281 supra
952 1210 1258 1279 rationem,
1301 1210 1398 1264 sed
1438 1227 1541 1264 nec
1580 1212 1755 1265 ullam
1790 1212 2025 1285 omnino

328 1299 461 1354 licet
507 1298 716 1357 rationi
761 1298 870 1369 ipsi
909 1298 1243 1368 subjectam.
1295 1299 1574 1354 Probatur
1604 1301 1712 1354 hoc
1742 1318 1809 1354 ex
1837 1301 1934 1355 lib.
1972 1319 2023 1355 Iv

327 1393 524 1443 contra
551 1389 863 1455 Julianum,
922 1403 1045 1458 cap.
1095 1391 1180 1450 ll,
1238 1388 1333 1442 ubi
1358 1388 1467 1443 ait:
1513 1408 1538 1440 «
1573 1389 1708 1454 Quis
1735 1390 1890 1443 enim
1920 1406 2020 1444 ne-

326 1482 424 1547 gat
481 1476 737 1531 futurum
799 1476 970 1530 fuisse
1021 1477 1409 1547 concubitum,
1460 1478 1683 1533 etiamsi
1722 1484 2022 1549 peccatum

326 1581 446 1620 non
515 1566 937 1637 praecessisset?
987 1566 1085 1619 sed
1145 1566 1370 1620 futurus
1426 1567 1631 1636 fuerat,
1699 1568 1843 1622 sicut
1898 1568 2022 1622 aliis

325 1655 621 1720 membris,
653 1656 733 1709 ita
763 1655 936 1708 etiam
968 1654 1316 1725 genitalibus
1344 1656 1634 1710 voluntate
1667 1656 1854 1721 motis,
1903 1671 2018 1709 non

319 1743 558 1798 libidine
587 1743 913 1810 concitatis;
962 1748 1061 1797 aut
1089 1749 1239 1797 certe
1289 1744 1461 1798 etiam
1490 1745 1615 1815 ipsa
1659 1746 1914 1808 libidine,
1959 1750 2021 1798 ut

319 1847 435 1886 non
479 1846 587 1887 nos
633 1832 703 1886 de
750 1832 849 1885 illa
893 1831 1137 1885 nimium
1190 1833 1612 1900 contristemus,
1671 1850 1786 1888 non
1835 1834 2020 1905 qualis

318 1936 474 1975 nunc
507 1925 609 1987 est,
644 1919 742 1975 sed
782 1920 853 1974 ad
882 1926 1088 1974 nutum
1129 1921 1438 1975 voluntatis
1478 1922 1777 1977 serviente.
1811 1940 1840 1975 ι)
1871 1924 2018 1993 Lege

316 2025 442 2080 cap.
498 2011 581 2065 14.
634 2011 700 2063 Et
732 2008 827 2063 lib.
868 2025 922 2075 v,
967 2025 1089 2079 cap.
1139 2013 1193 2071 7,
1244 2010 1331 2063 bis
1378 2011 1733 2065 adversarios
1761 2011 2013 2065 vellicat:

318 2117 347 2150 α
377 2098 486 2153 Sed
527 2114 653 2153 ecce
695 2114 808 2152 non
840 2098 1132 2152 vobiscum
1173 2099 1241 2152 de
1284 2099 1537 2154 libidinis
1582 2100 1837 2155 absentia
1882 2117 2019 2171 pras-

315 2188 567 2244 sentiave
598 2187 1021 2254 contendimus,
1053 2204 1156 2242 nec
1184 2187 1573 2258 dilectionem,
1606 2205 1776 2260 quam
1808 2190 2016 2244 debere

312 2291 414 2330 vos
465 2276 522 2330 ei
553 2275 828 2342 videmus,
885 2276 1247 2335 offendimus.
1304 2279 1509 2332 saltem
1558 2279 1738 2349 ipsam
1790 2280 2014 2333 subdite

312 2365 624 2420 voluntatis
671 2365 914 2437 imperio
964 2364 1022 2419 in
1071 2366 1169 2420 illo
1203 2366 1485 2421 felicitatis
1535 2368 1679 2421 loco.
1716 2387 1744 2418 ι)
1788 2368 1864 2421 De
1909 2368 2014 2421 hac

312 2451 439 2523 ipsa
507 2469 569 2507 re
625 2452 741 2523 agit
798 2459 1025 2507 sanctus
1082 2455 1279 2508 doctor
1322 2456 1471 2510 lib.1
1521 2456 1589 2509 ad
1633 2456 2009 2524 Bonifacium,

313 2558 437 2614 cap.
476 2546 536 2597 l7
593 2543 691 2597 ubi
741 2548 990 2613 quatuor
1041 2544 1238 2598 modos
1285 2545 1535 2615 assignat
1597 2545 1806 2616 quibus
1863 2562 2010 2616 nup-

309 2630 525 2685 tiarum
582 2631 898 2685 fecunditas
966 2631 1164 2701 perﬁci
1223 2632 1524 2702 potuisset,
1583 2648 1829 2703 quorum
1896 2633 2010 2687 duo

307 2719 582 2791 postremi
658 2725 828 2775 sunt:
879 2738 906 2771 α
983 2724 1094 2774 Aut
1162 2724 1297 2775 tunc
1352 2722 1424 2775 ad
1478 2727 1683 2776 nutum
1745 2722 2008 2776 volunta-

306 2810 377 2864 tis
440 2810 613 2864 libido
691 2814 1081 2880 consurgeret,
1164 2810 1393 2881 quando
1445 2827 1566 2865 esse
1640 2810 2007 2865 concubitum

306 2899 691 2954 necessarium
723 2904 874 2953 casta
905 2898 1183 2968 pudentia
1225 2899 1643 2969 prtesensisset;
1706 2905 1802 2954 aut
1848 2900 2008 2954 nulla

2140 502 2301 566 dixit,
2360 501 2877 572 concupiscentiam
2922 500 3110 565 carnis
3155 500 3387 571 positam
3433 518 3531 573 pro
3561 506 3766 564 luxnria.

2144 593 2378 645 Prorsus
2408 592 2453 645 si
2483 608 2599 646 non
2629 596 2713 646 est
2757 607 2790 645 a
2819 593 2983 645 Patre
3012 591 3255 659 luxuria,
3288 608 3389 646 nec
3415 592 3504 647 illa
3530 600 3607 648 est
3632 610 3661 648 a
3686 598 3771 650 Pa-

2139 683 2244 743 tre,
2280 680 2371 735 cui
2402 680 2448 734 si
2497 682 2898 736 consentiatur.
2933 680 3180 751 concipit
3222 680 3473 752 paritque
3508 681 3769 739 luxuriam.

2138 768 2278 823 Nam
2309 770 2557 824 motibus
2587 770 2702 823 suis
2727 769 3079 840 quibuslibet
3107 768 3359 823 obtinere
3387 770 3515 839 quid
3551 777 3773 837 conatur,

2138 872 2353 927 quasso,
2388 857 2500 911 nisi
2546 858 2616 912 ad
2678 858 2956 912 luxuriam
2988 856 3325 927 pervenire?
3353 858 3624 922 Quomodo
3662 877 3775 932 ergo

2136 951 2221 1000 est
2250 945 2487 1015 bonum,
2518 962 2646 1017 quas
2692 947 2986 1017 pervenire
3018 953 3256 1001 conatur
3281 946 3347 1000 ad
3389 947 3774 1013 malum‘20uo-

2135 1035 2307 1089 modo
2333 1042 2417 1089 est
2436 1040 2765 1089 nostrorum
2788 1036 3026 1101 bonum,
3060 1051 3188 1106 quas
3210 1051 3311 1089 nos
3339 1036 3404 1090 ad
3428 1035 3628 1090 malum
3647 1050 3774 1091 com-

2132 1124 2340 1196 pellit?
2374 1142 2398 1177 ν
2429 1124 2575 1195 Lege
2606 1124 2842 1179 ibidem.

2134 1247 2162 1318 ἓ
2194 1249 2284 1302 IlI.
2311 1249 2513 1319 Utrum
2538 1250 2774 1319 sane/us
2809 1246 3165 1319 Augustinus
3192 1244 3508 1319 excesserit,
3536 1246 3777 1319 deducens-

2202 1318 2421 1388 peccali
2462 1317 2767 1389 originalis
2808 1316 3033 1372 red/um
3084 1335 3154 1371 ea:
3192 1316 3504 1371 innumeris
3556 1318 3778 1389 humanae

2198 1390 2325 1444 vilz
2352 1388 2620 1443 miseriis.
2661 1388 2895 1458 Insigne
2920 1393 2984 1444 D.
3021 1390 3243 1444 Thomas
3263 1405 3370 1460 pro
3398 1388 3779 1460 Augustiniana

2199 1461 2483 1515 sententia
2509 1460 2916 1516 tes/imonium.

2200 1570 2380 1639 Pergo
2420 1569 2489 1623 ad
2519 1570 2763 1622 alterum
2816 1567 2993 1621 sancti
3020 1566 3328 1638 Augustini
3366 1581 3652 1621 excessum.
3704 1567 3779 1621 Et-

2132 1657 2286 1711 enim
2323 1658 2440 1723 ille,
2473 1674 2587 1728 quo
2633 1657 2965 1727 Pelagianos
3020 1657 3362 1721 confutaret,
3408 1671 3522 1709 non
3548 1654 3711 1707 solum
3756 1671 3778 1708 e

2132 1746 2304 1799 sacris
2350 1746 2569 1800 arcanis
2615 1745 2942 1799 testimonia
2984 1744 3206 1813 petivit.
3239 1744 3338 1797 sed
3382 1750 3443 1797 ut
3473 1747 3587 1798 erat
3620 1744 3780 1799 subtili

2132 1851 2196 1889 ac
2226 1839 2494 1906 prompto
2517 1834 2772 1906 ingenio,
2795 1833 3110 1888 rationibus
3132 1833 3308 1886 etiam
3335 1834 3572 1889 naturali
3598 1835 3777 1889 lumine

2129 1923 2444 1977 manifestis
2476 1939 2609 1976 usus
2640 1928 2742 1977 est.
2793 1923 2946 1976 Inter
2973 1926 3174 1976 caetera
3213 1928 3549 1992 argumenta
3576 1924 3779 1978 celeber-

2128 2014 2339 2067 rimum
2368 2013 2585 2066 invenit
2610 2028 2854 2082 magnus
2871 2012 3083 2079 doctor,
3115 2028 3230 2082 quo
3262 2018 3547 2083 peccatum
3579 2012 3777 2084 originis

2124 2102 2511 2172 persuaderet,
2559 2101 2845 2155 deducens
2873 2116 3081 2171 nempe
3124 2101 3273 2154 illud
3325 2101 3393 2155 ab
3421 2101 3648 2156 inﬁnitis
3688 2102 3776 2155 hn-

2126 2206 2311 2245 mame
2340 2191 2470 2245 vitae
2502 2190 2767 2244 miseriis.
2802 2191 2884 2243 Ita
2927 2191 3225 2259 appellans
3262 2189 3415 2243 illam
3450 2189 3775 2243 Ecclesiastici

2125 2281 2467 2334 sententiam
2513 2296 2637 2350 cap.
2679 2296 2767 2344 XL,
2800 2279 3003 2333 initio:
3051 2283 3256 2345 Iugum
3299 2294 3462 2345 graue
3490 2295 3639 2349 super
3663 2281 3775 2348 ﬁlios

2122 2368 2301 2424 Adam
2324 2385 2359 2422 α
2388 2369 2475 2422 die
2518 2371 2696 2422 exitus
2725 2367 2791 2421 de
2839 2373 3021 2421 ventre
3062 2369 3265 2421 matris
3290 2383 3481 2430 eorum,
3541 2369 3775 2439 arguebat

2123 2457 2191 2512 ad
2225 2458 2552 2511 salvandam
2596 2456 2694 2510 Dei
2743 2456 3028 2526 justitiam
3060 2455 3297 2526 aliquod
3347 2456 3407 2509 in
3454 2456 3771 2509 nascentibus

2121 2547 2339 2601 crimen
2395 2546 2762 2600 asserendum
2797 2561 2937 2611 esse,
2971 2561 3042 2598 ne
3074 2549 3161 2598 tot
3211 2545 3460 2599 miseriis
3505 2545 3681 2616 puniri
3704 2545 3770 2597 in-

2121 2636 2272 2690 noxii
2304 2637 2688 2690 crederentur.
2739 2636 2855 2688 Hoc
2898 2639 3309 2704 argumentum
3364 2635 3567 2706 ubique
3594 2634 3648 2688 in
3688 2636 3773 2687 Au-

2120 2725 2333 2796 gustini
2360 2741 2478 2778 non
2499 2724 2683 2778 dicam
2708 2723 2886 2789 libris,
2921 2724 3018 2776 sed
3052 2723 3338 2776 librorum
3371 2724 3584 2794 paginis
3611 2737 3771 2777 occur-

2116 2814 2208 2867 rit.
2250 2814 2372 2867 Lib.
2418 2830 2471 2867 VI
2515 2813 2715 2883 Operis
2754 2812 3004 2883 imperf.,
3046 2827 3165 2882 cap.
3227 2814 3323 2879 36,
3370 2814 3467 2867 bas
3509 2811 3772 2866 sententias

2118 2904 2506 2973 conglomerat
2529 2918 2541 2957 :
2569 2901 2811 2956 «Omnis
2835 2906 3025 2955 autem
3049 2916 3215 2972 poena
3251 2901 3517 2967 hominis,
3547 2900 3669 2971 quid
3690 2904 3769 2962 est,

306 2988 542 3042 omnino
573 2987 1226 3055 existenteibilibidine,
1259 2994 1323 3042 ut
1351 2996 1551 3043 caetera
1570 2990 1826 3043 membra
1855 3006 2008 3060 qutr-
2045 3010 2082 3064 ο
2115 2991 2225 3045 nisi
2255 3007 2425 3062 pcena
2454 2990 2555 3045 Dei
2584 2989 2878 3060 imaginis,
2911 3005 3040 3060 quas
3070 2989 3117 3042 si
3143 2988 3629 3060 inferturinjuste,
3658 3003 3769 3058 pro-

303 3093 416 3148 que
447 3079 519 3132 ad
554 3092 729 3147 Opera
767 3092 889 3141 sua,
923 3076 1002 3130 sic
1030 3077 1100 3130 ad
1153 3094 1295 3146 opus
1342 3078 1641 3148 proprium
1698 3078 1868 3132 etiam
1909 3095 2006 3149 ge-

304 3166 506 3220 uitalia
528 3164 701 3235 jussis
747 3163 1063 3217 volentium
1116 3164 1237 3217 sine
1288 3165 1402 3217 ulla
1435 3165 1767 3219 difﬁcultate
1807 3166 2005 3219 servis-

295 3258 447 3324 sent.
481 3275 508 3302 »
545 3254 744 3307 Postea
775 3254 843 3306 de
872 3252 958 3305 bis
985 3252 1209 3306 duobus
1252 3252 1365 3306 ait:
1401 3272 1428 3303 (ι
1462 3254 1713 3307 Duarum
1744 3270 1878 3308 vero
1912 3270 2003 3308 re-

300 3342 591 3413 liquarum
638 3342 952 3412 quamlibet
979 3341 1283 3410 elegeritis,
1330 3357 1446 3395 non
1477 3346 1560 3395 est
1588 3342 1857 3396 adversus
1901 3360 2001 3396 vos

303 3431 421 3485 ulla
474 3431 840 3484 contentione
892 3429 1293 3484 laborandum.
1362 3429 1473 3484 Etsi
1525 3431 1679 3485 enim
1737 3436 1998 3502 quartam

301 3520 607 3574 nolueritis
658 3519 891 3588 eligere,
924 3517 1022 3572 ubi
1065 3524 1149 3572 est
1176 3517 1435 3572 omnium
1466 3519 1786 3573 obedientia
1822 3536 1999 3575 mem-

295 3608 557 3674 brorum,
588 3607 709 3661 sine
743 3608 857 3662 ulla
900 3607 1139 3662 libidine
1168 3624 1390 3661 summa
1421 3608 1827 3679 tranquillitas,
1861 3626 1999 3680 quo-

299 3698 457 3753 niam
481 3698 600 3768 jam
645 3713 741 3749 vos
772 3696 824 3750 ei
872 3696 1004 3751 fecit
1035 3702 1349 3750 vestrarum
1398 3697 1854 3766 disputationum
1888 3700 1995 3752 im-

295 3792 464 3858 petus
521 3785 802 3850 inimicos,
864 3784 1007 3838 illud
1068 3785 1232 3838 vobis
1282 3787 1479 3839 saltem
1523 3786 1790 3856 placebit,
1840 3788 1995 3857 quod

294 3878 465 3930 tertio
511 3874 631 3928 loco
657 3873 971 3944 posuimus.
1008 3893 1034 3925 ι)
1068 3874 1401 3944 Legendum
1448 3878 1534 3928 est
1563 3875 1856 3946 integrum
1903 3892 1993 3930 ca-

293 3969 434 4035 put;
467 3962 598 4017 inde
629 3963 781 4016 enim
826 3960 1121 4016 evidenter
1148 3964 1439 4031 colligitur
1487 3969 1744 4019 sanctum
1798 3968 1996 4019 docto-

292 4068 417 4107 rem
468 4052 756 4106 censuisse
806 4052 1025 4105 nullam
1075 4052 1247 4106 fuisse
1298 4053 1360 4106 in
1418 4053 1673 4107 terrestri
1729 4055 1992 4125 paradiso

293 4140 837 4212 concupiscentiam,
871 4156 1112 4211 eamque
1144 4141 1454 4211 subjectam
1500 4143 1773 4197 voluntati
1794 4144 1993 4213 dispu-

292 4231 522 4285 tationis
564 4234 790 4284 tantum
832 4230 1013 4301 gratia
1050 4230 1363 4293 admisisse,
1414 4247 1487 4284 ne
1526 4231 1881 4285 adversarios
1926 4232 1991 4286 de

2113 3079 2259 3133 fecto
2289 3096 2319 3133 a
2350 3095 2464 3149 quo
2495 3077 2736 3131 infertur
2783 3076 3033 3144 injustus
3066 3082 3169 3131 est.
3223 3076 3368 3141 Quis
3392 3093 3559 3147 porro
3582 3076 3772 3131 dubitet

2115 3168 2266 3240 quod
2298 3167 2509 3238 injuste
2561 3165 2841 3220 inferatur
2871 3181 3041 3236 pcena
3091 3164 3339 3235 imagini
3389 3165 3505 3229 Dei,
3538 3164 3639 3217 nisi
3686 3162 3771 3215 hoc

2112 3256 2278 3326 culpa
2336 3254 2659 3309 meruerit?
2689 3276 2709 3301 ιι
2768 3255 2832 3307 Et
2860 3270 2982 3323 cap.
3038 3254 3140 3306 27:
3202 3272 3231 3301 cz
3271 3254 3461 3307 Justus
3505 3256 3585 3306 est
3633 3250 3769 3309 Dens,

2114 3344 2266 3416 quod
2326 3344 2554 3397 assidue
2610 3348 2806 3397 contra
2863 3346 2918 3396 te
2953 3341 3113 3405 dicis,
3170 3345 3225 3394 et
3261 3342 3462 3407 nescis,
3506 3342 3679 3412 justus
3706 3340 3772 3389 est

2110 3433 2370 3505 inquam,
2435 3434 2605 3501 Deus,
2658 3437 2715 3486 et
2768 3431 2896 3485 ideo
2942 3435 3248 3484 nascentes
3294 3447 3399 3485 nec
3429 3430 3639 3493 faceret,
3687 3439 3769 3479 nec

2107 3523 2233 3577 ﬁeri
2264 3523 2474 3575 sineret
2498 3521 2757 3585 miseros,
2792 3520 2901 3574 nisi
2932 3525 3126 3574 nosset
3152 3535 3308 3574 reos.
3335 3543 3363 3570 »
3398 3521 3565 3574 Item:
3605 3536 3628 3569 ι
3677 3514 3767 3585 Ipsi

2105 3613 2355 3676 nullum,
2387 3612 2534 3665 sicut
2562 3610 2800 3681 putatis,
2849 3610 3144 3664 trahentes
3194 3616 3511 3681 peccatum,
3551 3603 3764 3661 immeri-

2103 3706 2204 3767 tas,
2241 3702 2287 3754 si
2318 3701 2424 3754 hoc
2454 3700 2534 3754 ita
2564 3706 2667 3764 est,
2696 3700 2894 3770 procul
2927 3698 3102 3753 dubio
3134 3700 3420 3753 sustinent
3448 3712 3645 3769 pcenas.
3680 3691 3762 3748 Ubi

2104 3794 2188 3844 est
2210 3789 2432 3861 justitia
2456 3789 2575 3855 Dei,
2606 3805 2778 3859 quam
2807 3788 2850 3842 si
2879 3787 3181 3857 cogitares,
3216 3804 3512 3859 nunquam
3541 3783 3763 3838 crederes

2103 3878 2224 3933 sine
2254 3879 2373 3932 ullo
2405 3877 2608 3931 merito
2653 3877 2871 3948 peccati
2898 3875 3196 3947 originalis
3252 3882 3371 3931 tam
3400 3877 3628 3930 miseros
3665 3884 3762 3926 esse

2102 3970 2420 4019 nascentes.
2454 3984 2481 4012 ι)
3400 4006 3417 4019 ..

2174 4053 2500 4124 Respondet
2546 4052 2847 4117 Moraines,
2879 4051 3024 4123 disp.
3062 4055 3149 4118 l3,
3182 4068 3348 4107 num.
3386 4054 3501 4112 {06.
3530 4047 3759 4119 Augusti-

2100 4158 2238 4197 num
2263 4161 2295 4196 a
2325 4140 2567 4196 miseriis
2594 4140 2723 4194 vitae
2748 4142 3013 4194 humanae
3039 4147 3340 4211 peccatum
3368 4140 3631 4210 originale
3658 4151 3760 4206 pro-

2098 4231 2353 4299 bantem,
2387 4250 2415 4281 ‹‹
2445 4230 2746 4284 excessisse
2802 4230 3067 4283 videlicet
3130 4230 3353 4284 Iervore
3400 4222 3761 4300 disputationis

292 4320 392 4375 illa
439 4322 668 4374 nimium
710 4322 1067 4384 contristaret,
1113 4325 1177 4373 ut
1216 4336 1283 4373 ex
1327 4320 1526 4373 eodem
1556 4320 1815 4390 proxime
1847 4322 1988 4375 reci-
2029 4305 2072 4360 Ῑ)
2103 4317 2425 4387 abreptum,
2460 4320 2517 4369 et
2538 4315 2670 4369 odio
2699 4314 2932 4368 haeresis
2976 4314 3301 4384 Pelagianae
3328 4318 3396 4369 ad
3446 4310 3758 4367 contrarium

293 4408 558 4463 tavimus.
584 4410 713 4462 Ilaec
745 4408 1096 4479 Augustinus
1126 4407 1194 4462 de
1235 4408 1691 4477 concupiscentia
1742 4409 1987 4479 scripsit,

291 4495 544 4566 probans
593 4510 660 4548 ex
704 4495 802 4548 illo
843 4495 1046 4566 primae
1083 4494 1315 4549 Joannis
1358 4494 1623 4565 Epistulae
1662 4510 1785 4565 cap.
1840 4513 1897 4561 ιῐ,
1933 4513 1985 4553 v.

293 4585 389 4638 16:
452 4583 887 4652 Concupiscentia
941 4585 1122 4637 carnis
1172 4598 1277 4637 non
1332 4588 1412 4637 est
1460 4599 1532 4637 ea:
1569 4585 1747 4639 Patre.
1807 4584 1986 4649 Quem

285 4675 506 4727 textum
536 4671 606 4725 de
653 4671 868 4725 actibus
924 4671 1113 4725 vetitis
1166 4671 1643 4741 concupiscentiae
1694 4673 1988 4743 Pelagiani

286 4760 832 4832 interpretabantur.
871 4761 1053 4825 Quam
1102 4776 1234 4815 vero
1286 4761 1594 4816 absurdam
1648 4764 1984 4816 eorumdem

287 4851 621 4924 opinionem
668 4855 895 4904 sanctus
962 4851 1127 4905 Pater
1174 4850 1565 4917 arbitraretur,
1616 4868 1681 4906 ex
1739 4852 1809 4905 iis
1856 4869 1985 4924 quae

286 4940 483 4995 scribit
520 4939 618 4994 lib.
677 4955 730 4993 1v
805 4938 1003 5010 Operis
1053 4940 1305 5010 imperil,
1354 4957 1477 5012 cap.
1539 4944 1625 5009 69,
1658 4940 1980 5009 colligitur:

290 5052 311 5080 ι
349 5030 474 5084 Non
506 5029 703 5100 igitur.
734 5027 942 5099 inquit,
980 5036 1250 5084 caventur
1270 5045 1444 5100 opera
1475 5031 1643 5091 mala,
1678 5029 1786 5084 nisi
1812 5030 1987 5085 freneo

282 5123 377 5173 tur
413 5117 876 5189 concupiscentia
927 5118 1100 5188 mala,
1156 5135 1286 5189 quae
1339 5134 1373 5172 a
1418 5124 1473 5173 te
1506 5134 1792 5173 BuRRENDA
1824 5135 1984 5174 lupu-

285 5223 497 5275 neum,
527 5209 611 5260 vel
647 5208 835 5276 potius
886 5224 1121 5261 suum
1159 5207 1366 5261 dicitur
1394 5208 1563 5261 bona.
1601 5209 1713 5262 Nec
1760 5208 1985 5261 erubes-

282 5295 381 5361 cis,
429 5310 535 5348 nec
573 5295 866 5358 horrescis,
922 5301 977 5350 te
1008 5297 1079 5351 ad
1119 5311 1332 5349 ram-nu
1365 5311 1603 5351 neoecus
1632 5295 1977 5366 pervenisse,

279 5389 345 5438 ut
374 5398 545 5436 nemo
582 5382 855 5437 liberetur
904 5402 935 5438 a
993 5390 1091 5439 tuo
1124 5383 1294 5450 malo,
1348 5384 1458 5438 nisi
1511 5401 1625 5438 non
1665 5384 1981 5439 consentiat

280 5475 380 5525 tuo
405 5471 571 5525 bono.
626 5471 1098 5544 Concupiscentia
1126 5474 1306 5544 igitur
1355 5474 1560 5529 carnis.
1595 5489 1705 5543 qua
1735 5472 1977 5543 cupiun-

278 5561 375 5614 tur
403 5576 534 5631 qua:
558 5550 956 5632 prohibentur,
990 5579 1103 5618 non
1132 5569 1218 5619 est
1244 5579 1279 5617 a
1314 5564 1500 5619 Patre.
1535 5562 1764 5617 Frustra
1790 5568 1976 5632 putas,

2100 4411 2416 4459 extremum
2441 4404 2771 4461 declinasse.
2819 4419 3007 4474 neque
3036 4403 3141 4456 hac
3168 4403 3226 4457 in
3258 4410 3421 4474 parte
3476 4400 3757 4457 doctrinam

2099 4494 2223 4563 ejus
2264 4492 2612 4563 approbasse
2645 4491 2968 4545 Ecclesiam.
3004 4511 3031 4542 ι)
3058 4492 3246 4546 Placet
3279 4496 3435 4563 quod
3488 4506 3597 4544 non
3640 4485 3760 4541 dixit

2095 4583 2369 4637 interdum
2399 4581 2711 4635 declinasse
2767 4580 2837 4635 ad
2864 4586 3205 4646 extremum,
3239 4582 3458 4651 ubique
3492 4578 3637 4632 enim
3677 4574 3758 4629 de-

2094 4673 2334 4726 clinasse
2363 4670 2635 4725 dicendus
2676 4673 2842 4735 esset,
2872 4685 3003 4723 nam
3035 4669 3173 4723 illud
3237 4673 3630 4741 argumentum
3668 4670 3759 4718 tam

2093 4777 2233 4831 sepe
2258 4762 2462 4815 dictum
2505 4761 2808 4829 saepiusque
2842 4757 3126 4813 dicendum
3156 4765 3326 4813 vocat
3353 4773 3475 4827 cap.
3508 4759 3572 4811 23
3601 4755 3688 4809 lib.
3715 4766 3757 4802 vi

2093 4849 2328 4904 laudati.
2352 4848 2535 4911 Quare
2564 4851 2919 4917 Augustinus
2972 4847 3176 4910 sciens,
3225 4848 3503 4917 prudens,
3566 4844 3756 4905 volens,

2094 4954 2159 4993 ea
2186 4937 2406 4991 ratione
2438 4952 2573 4989 usus
2603 4941 2706 5001 est,
2734 4951 2854 4989 non
2891 4935 3294 5006 disputationis
3324 4940 3464 4990 aestu
3502 4950 3564 4987 ac
3592 4932 3756 4985 furore

2090 5025 2360 5099 percitus,
2394 5029 2458 5079 ut
2487 5024 2796 5079 adversarii
2826 5029 3149 5095 opponunt.
3171 5025 3294 5078 lmo
3320 5022 3601 5094 Pelagiani
3628 5018 3754 5073 idem

2090 5121 2495 5186 argumentum
2517 5114 2755 5168 evadere
2783 5114 2918 5167 totis
2949 5113 3166 5168 viribus
3195 5114 3385 5167 conati
3416 5118 3561 5175 sunt,
3591 5114 3647 5162 ut
3672 5120 3753 5177 pa-

2088 5210 2172 5261 tet
2198 5221 2264 5259 ex
2296 5204 2525 5259 Juliano
2566 5203 2710 5257 libro
2740 5201 2963 5269 eodem,
3014 5219 3139 5273 cap.
3176 5204 3265 5266 25,
3298 5202 3393 5256 ubi
3423 5196 3752 5269 Augustinia-

2088 5309 2223 5348 nam
2271 5291 2763 5347 ratiocinationem
2815 5291 3098 5345 irridens:
3137 5314 3158 5340 ι
3212 5292 3424 5345 Verum
3465 5287 3594 5359 quid
3644 5297 3750 5346 nos,

2089 5382 2297 5453 inquit,
2331 5386 2445 5436 tam
2479 5380 2717 5450 obstipae
2748 5379 3000 5434 veritatis
3032 5380 3207 5433 solius
3232 5380 3511 5433 rationem
3542 5385 3751 5445 sequen-

2088 5471 2219 5526 dam
2263 5476 2550 5542 putamus,
2589 5484 2719 5523 cum
2775 5468 3140 5523 inimicorum
3170 5473 3492 5521 nostrorum
3532 5463 3747 5534 phalanx

2085 5559 2225 5631 ipsis
2266 5559 2547 5615 innitatur
2584 5573 2780 5613 rerum
2825 5558 3113 5629 periculis,
3162 5562 3217 5611 et
3259 5558 3518 5625 insurgat
3559 5554 3614 5605 in
3657 5560 3747 5602 nos
