3946 6176
74 285 151 333 61Ἶ
236 339 249 343 β

1319 271 1646 327 νΙΝῡΙΟΙιΕ
1684 271 2226 329 AUGUSTINIANAE.

3422 278 3524 332 618

76 408 418 455 aerumnarum
464 388 702 444 inimica
744 388 1068 461 suffragiis;
1100 391 1224 445 vult
1275 392 1490 463 quippe
1518 394 1732 464 pudore
1758 397 1801 449 A
1832 400 2149 465 peccatum,
2184 412 2217 449 a
2263 411 2376 466 quo
2426 410 2528 465 per
2566 394 3092 451 deuominationem
3149 398 3521 454 extrinsecam

80 484 307 542 coeuntis
341 482 525 535 dolore
577 478 871 549 parientis,
925 480 1130 534 sudore
1184 480 1493 536 laborantis
1539 487 1723 537 trans-

78 574 371 631 missionem
400 569 697 637 culparum
729 572 784 621 et
811 583 1110 637 pcenarum
1140 567 1200 621 in
1228 570 1447 623 semina
1465 586 1723 640 compro-

80 666 216 729 bare,
264 665 319 713 ut
380 657 467 711 his
522 656 787 710 videlicet
841 656 1017 727 signis
1065 658 1386 712 difﬁcilium
1431 665 1720 729 pertuum,

77 748 413 821 agricolarum
445 745 794 807 sudantium,
828 750 883 799 et
930 746 1241 800 divisorum
1296 748 1586 802 novalium
1620 749 1724 802 cri-

74 856 188 894 men
217 836 459 890 naturale
488 835 771 903 credatur,
807 836 967 904 cujus
997 836 1199 890 merito
1256 853 1360 906 per
1395 842 1481 891 tot
1508 838 1723 891 incom-

78 926 223 980 moda
248 940 418 993 genus
472 929 796 977 exerceatur
842 924 1185 989 humanum.
1225 944 1252 976 »
1308 926 1489 995 Igitur
1519 926 1587 980 de
1617 926 1724 980 hoc

72 1014 373 1080 argumento
406 1008 739 1077 Pelagianos
769 1007 920 1061 inter
973 1024 1036 1061 ac
1062 1010 1443 1079 Augustinum
1492 1027 1557 1063 ex
1588 1028 1720 1081 pro-

68 1098 227 1168 pusito
254 1096 628 1150 controversia
670 1095 795 1159 fuit,
830 1112 959 1149 cum
1005 1097 1321 1166 praesertim
1372 1100 1722 1168 Augustinus

65 1186 227 1239 omnia
256 1184 479 1238 solverit
510 1200 638 1253 quin
668 1184 738 1237 ad
791 1184 932 1238 illud
988 1183 1417 1255 infringendum
1465 1188 1721 1241 Julianus

65 1273 314 1344 opposuit,
350 1279 412 1327 ut
437 1275 626 1343 palam
656 1273 718 1327 ﬁt
748 1290 813 1327 ex
847 1274 943 1327 lib.
977 1291 1030 1327 v1
1060 1275 1258 1344 Operis
1287 1276 1518 1330 laudati.
1562 1277 1720 1341 Quod

61 1380 171 1416 vero
198 1362 446 1415 scribunt
501 1361 802 1414 Ecclesiam
859 1362 965 1416 hac
1020 1363 1079 1416 in
1129 1380 1189 1417 re
1221 1380 1336 1417 non
1376 1366 1719 1435 approbasse

60 1451 327 1520 Augustini
357 1450 696 1515 dOctrinam,
716 1450 973 1520 ipsorum
986 1451 1365 1506 eruditionem
1387 1453 1605 1522 pandit,
1622 1454 1721 1523 qui

60 1540 285 1593 eamdem
316 1544 370 1592 et
399 1538 643 1592 Romani
674 1540 958 1609 pontiﬁcis
988 1546 1045 1593 et
1092 1542 1437 1611 synodorum
1478 1542 1719 1596 decretis

59 1632 408 1681 consecratam
441 1628 617 1681 fuisse
650 1644 765 1682 non
813 1628 1294 1684 animadvertunt.
1346 1632 1583 1685 Sanctus
1614 1632 1716 1686 Ge-

59 1718 208 1772 lasius
237 1733 394 1786 papa,
426 1716 489 1769 in
521 1716 763 1779 epistola
792 1722 822 1771 '7
854 1717 921 1772 ad
970 1718 1263 1788 episcopos
1293 1736 1395 1790 per
1424 1721 1717 1789 Picenum,

60 1814 231 1861 contra
254 1807 526 1861 Senecam
540 1808 846 1878 quemdam
874 1808 1245 1878 Pelagianam
1274 1810 1475 1863 eodem
1505 1813 1721 1881 Augus-

59 1896 151 1949 tini
176 1902 503 1966 argumento
524 1895 707 1949 utitur
730 1896 799 1949 ad
828 1897 1189 1965 probandum
1223 1897 1499 1967 originale
1529 1915 1721 1968 pecca-

60 1989 214 2037 tum:
271 2004 297 2035 ιι
352 1985 511 2049 Ideo,
566 1983 775 2054 inquit,
836 1985 904 2038 de
968 1985 1252 2039 felicitatis
1308 2004 1423 2040 suas
1466 1987 1718 2041 claritate

59 2074 297 2138 seclusus,
344 2078 519 2143 atque
578 2073 647 2127 ad
702 2072 895 2142 spinas
945 2078 1000 2127 et
1050 2075 1287 2128 tribulos
1343 2076 1719 2145 miseriasque

59 2163 362 2232 multiplices
392 2162 609 2216 caelesti
637 2162 785 2227 {voce
833 2163 1135 2217 damnatus
1182 2169 1284 2229 est,
1344 2180 1471 2234 qua:
1524 2165 1720 2234 utique

58 2267 200 2320 paena
221 2251 356 2320 justi
380 2251 591 2321 judicii
618 2255 735 2304 tam
765 2251 951 2321 gravis
982 2257 1038 2305 et
1067 2269 1267 2322 aspera
1296 2253 1354 2306 in
1406 2254 1555 2307 bono
1591 2269 1719 2322 per-

60 2340 305 2393 severanti
351 2341 683 2394 nullatenus
721 2346 867 2394 esset
918 2340 1150 2405 inﬂicta,
1183 2353 1239 2395 et
1269 2358 1376 2395 ms:
1414 2357 1557 2395 MALO
1610 2355 1721 2394 NON

63 2445 433 2483 CONVENIENTER
509 2446 689 2483 ILLATA
750 2428 1117 2499 probaretur.
1188 2449 1214 2480 »
1276 2432 1353 2483 En
1412 2428 1722 2499 Augustini

56 2534 193 2571 voces
219 2518 369 2572 ﬁdeli
417 2518 565 2572 echo
623 2517 875 2572 redditas
927 2518 997 2572 ab
1036 2518 1347 2587 apostolica
1404 2519 1554 2572 sede.
1615 2518 1721 2573 Sed

58 2606 146 2659 hoc
169 2606 344 2677 ipsum
377 2607 634 2677 synodus
676 2608 905 2660 Patrum
934 2607 1331 2661 Africanorum
1357 2607 1416 2660 in
1461 2607 1723 2662 Sardinia

60 2700 305 2761 exsulum,
335 2696 392 2748 in
424 2695 578 2749 libro
610 2696 678 2749 de
707 2696 1102 2750 Incarnatione
1134 2701 1190 2749 et
1218 2697 1415 2766 gratia,
1451 2713 1573 2766 cap.
1630 2698 1721 2763 24,

58 2784 233 2837 docet:
269 2805 293 2831 α
325 2783 382 2839 Si
410 2782 517 2854 qui
556 2799 715 2854 ergo,
773 2783 1065 2854 inquiunt,
1124 2790 1367 2838 mortem
1436 2786 1611 2838 solam
1660 2790 1724 2838 ut

56 2888 148 2925 non
176 2872 331 2926 etiam
361 2879 665 2943 peceatum
694 2888 764 2926 ex
811 2872 1045 2926 homine
1101 2872 1287 2943 primo
1343 2872 1631 2927 transiisse
1662 2872 1719 2928 in

58 2976 209 3029 genus
227 2962 548 3015 humanum
580 2961 840 3015 nituntur
870 2976 1139 3027 asserere,
1172 2961 1383 3015 mirum
1414 2961 1460 3014 si
1488 2977 1603 3014 non
1633 2961 1719 3015 in-
1751 2986 1788 3038 ρ

62 3049 293 3117 telligunt
339 3051 553 3121 quibus
599 3050 895 3104 sententiae
950 3066 1065 3104 suae
1122 3050 1340 3120 laqueis
1374 3050 1717 3120 obligentur.

63 3138 225 3193 Primo
262 3142 395 3211 quia
426 3142 611 3194 Deum
644 3125 843 3193 dicunt
880 3139 1157 3209 injustum
1185 3139 1241 3191 in
1297 3154 1363 3192 eo
1395 3138 1545 3209 quod
1578 3138 1722 3192 mori

60 3225 199 3280 faciat
224 3230 514 3297 parvulos,
549 3245 688 3298 quos
718 3229 874 3281 nulla
904 3229 1102 3281 volunt
1138 3227 1231 3280 isti
1265 3227 1559 3297 originalis
1586 3244 1723 3296 pec—

62 3314 153 3367 cati
179 3317 513 3386 contagione
537 3316 813 3385 pollutos.
852 3334 879 3365 ct
912 3316 1053 3368 Item
1085 3331 1098 3367 :
1138 3336 1159 3363 ι
1196 3314 1319 3377 Qua
1355 3314 1531 3383 igitur
1554 3314 1721 3384 justi-

59 3402 122 3453 tia
148 3403 282 3456 Deus
327 3405 523 3474 justus
553 3403 867 3457 infantibus
922 3402 1042 3456 sine
1095 3407 1323 3472 peccato
1363 3402 1724 3456 nascentibus

57 3488 239 3560 ingerit
268 3508 522 3562 poenam,
565 3491 625 3544 in
675 3491 882 3561 quibus
936 3506 1121 3559 poenae
1181 3506 1294 3543 non
1333 3490 1565 3544 invenit
1593 3507 1724 3544 cau-

58 3581 196 3632 sam?
225 3602 246 3629 ι
278 3587 387 3635 etc.
429 3583 716 3635 Praaterea
746 3579 994 3649 synodus
1024 3596 1062 3632 ιι
1093 3578 1435 3633 Arausicana
1464 3582 1725 3645 canone?

58 3666 158 3720 ait:
189 3686 214 3718 ι(
242 3668 296 3723 Si
327 3669 460 3739 quis
492 3669 598 3721 soli
653 3668 792 3722 Adae
848 3667 1378 3738 prazvaricationem
1435 3684 1620 3733 suam,
1671 3673 1729 3722 et

57 3770 154 3809 non
183 3758 296 3827 ejus
326 3757 638 3828 propagiui
695 3756 894 3810 asserit
948 3756 1229 3822 nocuisse,
1258 3762 1357 3810 aut
1392 3762 1541 3811 certe
1576 3773 1729 3810 mor-

59 3846 156 3897 tem
204 3851 419 3900 tantum
479 3845 753 3915 corporis,
803 3861 930 3915 quae
983 3862 1151 3915 pcena
1209 3845 1425 3915 peccati
1477 3850 1577 3911 est,
1613 3862 1727 3899 non

56 3938 221 3988 autem
251 3941 306 3989 et
332 3940 654 4005 peccatum,
687 3934 841 4005 quod
872 3950 1023 3987 mors
1054 3938 1138 3987 est
1162 3933 1393 4001 animas,
1415 3949 1519 4003 per
1549 3950 1729 3987 unum

58 4018 327 4077 hominem
360 4025 417 4077 in
436 4040 606 4076 omne
630 4039 810 4093 genus
830 4022 1148 4076 humanum
1174 4022 1441 4075 transisse
1470 4026 1726 4088 testatur,

56 4106 370 4178 injustitiam
406 4114 529 4167 Deo
561 4112 734 4166 dabit.
776 4132 799 4160 ι
835 4112 1015 4181 Igitur
1071 4111 1171 4181 qui
1202 4111 1509 4164 maximam
1564 4110 1727 4164 mise-

58 4197 267 4265 riarum,
298 4217 511 4271 nempe
540 4207 784 4254 mortem
816 4200 939 4254 sine
968 4204 1196 4270 peccato
1230 4199 1450 4253 homini
1480 4200 1731 4254 accidere

1753 1690 1793 1743 Β

1830 483 2037 536 dicitur
2066 483 2321 551 pcenalis.
2354 484 2426 536 At
2449 484 2640 536 Patres
2663 501 2728 537 ex
2761 484 2883 554 ipsa
2914 485 3189 554 gravitate
3230 486 3432 540 mortis
3460 504 3524 542 ac

1830 576 2164 625 ceterarum
2219 572 2375 625 illam
2407 573 2850 641 prmeedentium
2902 574 3265 630 miseriarum
3309 578 3524 631 malum

1831 676 1951 714 esse
1989 660 2146 713 illam
2191 660 2588 730 gravissimum
2634 662 2930 731 urgebant,
2980 669 3045 716 ut
3091 663 3369 719 inferrent
3404 682 3521 719 non

1830 748 1940 802 nisi
1970 749 2029 801 in
2060 764 2287 818 penam
2318 748 2565 817 potuisse
2593 751 2742 819 juste
2773 750 2989 820 infligi;
3023 752 3159 805 alias
3190 754 3519 824 supposuis-

1829 837 2041 890 sentin
2073 838 2462 893 antecedente:
2496 838 2644 908 quod
2678 844 2799 892 erat
2837 856 2870 893 a
2901 841 3217 911 Pelagianis
3267 842 3519 896 absolute

1827 931 2123 995 negatum.
2348 932 2353 933 ⁷

1898 1010 2273 1064 Subscribunt
2302 1010 2487 1065 eidem
2510 1015 2852 1080 argumento
2884 1011 2982 1064 alii
3018 1014 3228 1068 Patres.
3283 1015 3521 1069 Sanctus

1827 1100 2073 1173 Prosper
2126 1104 2322 1152 contra
2374 1100 2593 1165 Collat.,
2652 1116 2773 1168 cap.
2837 1103 2906 1153 ‘20
2965 1117 2977 1153 :
3041 1120 3069 1151 ι(
3135 1102 3313 1155 Nimis
3363 1105 3519 1159 enim

1826 1186 2070 1257 impium
2104 1193 2188 1257 est
2211 1187 2319 1240 hoc
2346 1186 2413 1240 de
2446 1187 2547 1240 Dei
2575 1188 2787 1240 sentire
2810 1188 3053 1257 justitia,
3078 1191 3227 1259 quod
3251 1209 3283 1244 a
3302 1209 3519 1261 praeva-

1825 1276 2100 1329 ricatione
2131 1276 2341 1329 liberos
2386 1292 2515 1329 cum
2570 1277 2681 1329 reis
2740 1276 2983 1330 voluerit
3036 1294 3153 1331 esse
3203 1280 3517 1336 damnatos.

1829 1364 1987 1417 Patet
2016 1380 2150 1433 ergo
2198 1365 2363 1433 culpa
2421 1364 2521 1417 ubi
2579 1381 2692 1417 non
2752 1365 2884 1418 latet
2939 1382 3129 1434 pcena,
3177 1372 3234 1421 et
3287 1369 3523 1423 societas

1824 1454 2041 1523 peccati
2071 1453 2425 1506 convincitur
2455 1454 2524 1507 de
2555 1454 2880 1507 communio
2910 1471 2939 1507 e
2969 1456 3254 1526 supplicii,
3280 1462 3344 1511 ut
3373 1459 3523 1527 quod

1827 1547 1913 1596 est
1955 1541 2224 1596 humanas
2266 1541 2533 1607 miseriae,
2570 1558 2684 1595 non
2715 1542 2783 1595 de
2827 1542 3183 1598 institutione
3221 1545 3523 1615 Creatoris,

1827 1632 1923 1685 sed
1958 1632 2025 1685 de
2060 1631 2437 1685 retributione
2491 1631 2564 1683 sit
2586 1631 2816 1700 judicis.
2852 1652 2880 1680 »
2914 1633 2979 1685 Ι).
3042 1635 3363 1699 Anselmus,
3421 1635 3521 1702 lib,

1828 1720 1895 1773 de
1950 1720 2240 1790 Conceptu
2297 1719 2544 1790 Virginis
2601 1724 2656 1773 et
2714 1726 2944 1789 peccato
3002 1721 3170 1791 orig,
3231 1739 3352 1792 cap.
3411 1727 3521 1777 13:

1831 1828 1857 1859 (ι
1894 1810 1967 1863 Ea
1997 1808 2114 1879 ipsa
2151 1809 2390 1874 ratione,
2424 1808 2633 1878 inquit,
2656 1825 2767 1878 qua
2800 1825 2912 1861 non
2941 1808 3139 1862 debuit
3170 1810 3315 1863 Deus
3344 1811 3524 1865 Adam

1827 1898 2013 1952 facere
2045 1897 2156 1951 nisi
2180 1897 2422 1967 justum,
2456 1913 2559 1950 nec
2580 1898 2774 1967 aliquo
2807 1897 2996 1951 debito
3016 1897 3131 1952 sive
3162 1898 3524 1953 incommodo

1829 1992 2147 2056 gravatum,
2208 1990 2401 2055 aperte
2482 2001 2643 2038 mens
2708 1985 3001 2038 rationalis
3060 1987 3317 2057 agnoscit
3368 2004 3523 2058 eum,

1830 2090 2002 2145 quem
2034 2073 2297 2127 similiter
2326 2074 2560 2143 propria
2588 2074 2878 2127 voluntate
2900 2079 2955 2128 et
2984 2074 3191 2128 virtute
3207 2078 3527 2146 procreavit

1828 2163 1997 2218 alicui
2056 2163 2206 2216 malo
2265 2161 2559 2215 subditum
2616 2162 2740 2215 ﬁeri
2803 2178 2921 2216 non
2968 2163 3196 2230 debere,
3252 2165 3525 2234 quoniam

1829 2252 2002 2306 nimis
2048 2250 2455 2304 inconveniens
2488 2254 2572 2303 est
2610 2250 2992 2321 omnipotenti
3038 2268 3103 2304 ac
3148 2253 3393 2322 sapienti
3425 2256 3526 2309 Dei

1828 2341 2070 2396 bonitati
2130 2340 2306 2393 talem
2361 2340 2544 2393 facere
2603 2340 2939 2393 rationalem
3014 2345 3332 2395 creaturam
3405 2344 3526 2398 sola

1828 2428 2063 2499 propria
2093 2428 2380 2481 voluntate
2408 2427 2477 2481 de
2508 2428 2769 2495 materia,
2801 2428 2860 2481 in
2891 2445 3003 2499 qua
3035 2432 3257 2484 nullum
3287 2436 3374 2484 est
3403 2449 3528 2502 pec-

1830 2523 2039 2570 catum.
2075 2536 2102 2568 »
2135 2518 2274 2570 Item
2322 2515 2418 2569 lib.
2478 2533 2516 2569 ιι
2572 2518 2679 2572 Cur
2735 2518 2887 2571 homo
2936 2520 3090 2579 Deus,
3141 2535 3263 2589 cap.
3320 2523 3372 2587 2,
3406 2521 3522 2575 ait:

1832 2625 1861 2657 α
1892 2605 2197 2676 Sapientiae
2227 2610 2282 2658 et
2326 2605 2564 2674 justitia'.
2618 2610 2901 2675 repugnat
2934 2612 2992 2659 ut
3021 2612 3248 2677 cogeret
3284 2613 3524 2662 mortem

1830 2695 1949 2766 pati
1981 2694 2103 2747 sine
2155 2695 2342 2764 culpa,
2394 2710 2565 2762 quem
2610 2694 2833 2763 justum
2889 2694 3098 2748 fecerat
3134 2696 3205 2749 ad
3253 2700 3527 2749 mternam

1830 2783 2264 2840 beatitudinem.
2322 2785 2606 2837 Praeterea
2666 2784 3098 2853 antiquissimus
3161 2792 3357 2839 auctor
3421 2789 3528 2858 Hy—

1829 2872 2234 2943 pognosticon,
2268 2871 2364 2925 lib.
2418 2890 2477 2933 u,
2512 2872 2700 2939 initio,
2750 2873 2953 2925 eodem
3008 2873 3178 2927 modo
3210 2874 3478 2929 discurrit
3508 2892 3521 2929 :

1833 2983 1856 3011 ι
1888 2963 1997 3014 Hac
2024 2977 2127 3013 nos
2157 2976 2338 3030 paenae
2370 2960 2655 3014 sententia
2682 2961 2979 3031 colligatos
2999 2962 3121 3031 ipsa
3151 2962 3526 3018 sibihumana

1831 3053 2034 3104 natura
2065 3054 2249 3102 totum
2295 3065 2395 3119 per
2435 3049 2633 3103 orbem
2681 3054 2962 3103 terrarum
3013 3050 3216 3104 diffusa
3266 3052 3525 3106 testimo-

1832 3138 1992 3191 nium
2040 3137 2321 3207 perhibet,
2355 3137 2491 3191 dum
2548 3154 2605 3190 se
2635 3137 2886 3207 paternis
2940 3139 3285 3194 cruciatibus
3317 3146 3526 3195 sanctae

1830 3226 1973 3296 legis
2005 3225 2331 3279 testimonio
2362 3225 2620 3295 pervidet
2647 3226 2926 3301 laborare.
2952 3226 3112 3290 Quod
3146 3245 3259 3298 qua
3282 3230 3523 3300 justitia,

1832 3315 1879 3384 si
1911 3315 2162 3369 baeredes
2190 3320 2492 3385 parentum
2522 3314 2739 3384 peccati
2769 3331 2885 3368 non
2914 3332 3132 3383 sumus,
3164 3318 3419 3386 patimur
3439 3318 3467 3374 ?
3502 3342 3528 3369 ιι

1834 3404 1980 3474 Lege
2022 3403 2102 3457 ibi
2158 3404 2345 3472 plura.
2403 3403 2617 3457 Rursus
2663 3403 2764 3457 lib.
2825 3420 2878 3470 v,
2935 3404 3087 3458 inter
3138 3410 3345 3460 caetera
3403 3408 3528 3463 ait:

1834 3510 1864 3545 α
1895 3493 2218 3547 Secundum
2249 3508 2503 3545 errorem
2555 3496 2807 3549 vestmm
2864 3495 3032 3561 Deus,
3087 3495 3187 3564 qui
3226 3497 3368 3549 tales
3402 3497 3535 3553 fecit

1835 3587 2101 3635 naturam
2126 3586 2190 3634 ut
2218 3581 2538 3651 poenalibus
2570 3581 2761 3634 anima
2783 3581 3147 3650 passionibus
3168 3590 3530 3653 convexetur,

1836 3671 2079 3725 crudelis
2111 3675 2213 3736 est,
2248 3674 2345 3723 aut
2373 3675 2524 3724 certe
2554 3670 2817 3739 injustas,
2848 3674 2910 3723 ut
2937 3670 3320 3723 innocentiam
3373 3685 3533 3721 sanc-

1835 3764 1952 3814 tam
1985 3765 2040 3814 et
2072 3759 2283 3813 nullius
2314 3758 2546 3828 penitus
2577 3758 2789 3811 erroris
2819 3757 3123 3811 obnoxiam
3175 3757 3347 3811 tantis
3402 3773 3532 3825 per-

1837 3849 2027 3903 mittat
2072 3848 2264 3918 urgeri
2312 3846 2599 3917 periculis,
2630 3851 2685 3899 et
2715 3846 2773 3899 in
2803 3846 2941 3915 ipsis
2978 3861 3392 3915 nonnunquam
3421 3845 3535 3897 vita

1836 3937 2070 4008 privari.
2101 3958 2128 3989 »
2166 3939 2233 3992 Et
2261 3935 2494 4007 quidem
2522 3934 2873 4004 Augustinus
2903 3934 3001 3989 lib.
3050 3950 3103 3987 1v
3134 3938 3332 3987 contra
3358 3932 3531 3987 Julia-

1837 4043 1977 4081 num
2009 4042 2134 4095 cap.
2186 4029 2270 4090 l2,
2330 4024 2584 4077 referens
2634 4021 2942 4075 sententias
2996 4036 3194 4074 eorum
3252 4021 3351 4091 qui
3404 4036 3533 4074 nes-

1841 4113 2053 4169 cientes
2112 4112 2388 4182 originale
2446 4114 2741 4181 peccatum
2802 4125 2866 4161 ex
2922 4108 3169 4161 miseriis
3233 4107 3533 4162 hominum

1842 4210 2054 4269 ortum,
2118 4200 2216 4253 Dei
2267 4198 2597 4269 aequitatem
2667 4201 3024 4262 accusarunt,
3088 4197 3166 4251 ait
3230 4197 3359 4250 illos
3415 4213 3537 4251 rem

59 4286 201 4355 dicit,
235 4291 513 4361 injustum
549 4289 682 4344 facit
740 4290 940 4354 Deum,
1000 4289 1152 4360 quod
1185 4294 1271 4342 est
1304 4289 1481 4343 sancti
1513 4292 1736 4357 Augus-
1769 4281 1811 4334 D
1845 4291 2069 4357 vidisse,
2103 4305 2329 4344 causam
2388 4286 2712 4353 nescivisse,
2762 4302 2892 4339 cum
2948 4285 3045 4338 alii
3093 4285 3154 4338 in
3215 4285 3328 4338 vita
3378 4301 3547 4355 supe-v

59 4375 151 4429 tini
177 4386 603 4448 argumentum.
665 4380 823 4433 Hunc
865 4384 1080 4432 textum
1134 4378 1547 4432 Arausicanum
1586 4394 1737 4430 non-

56 4466 184 4519 nulli
214 4468 431 4537 videre,
464 4484 639 4537 quare
685 4467 1035 4536 respondent
1086 4472 1329 4520 mortem
1382 4467 1486 4521 sub
1516 4467 1737 4520 ratione

58 4568 222 4621 paenae
251 4573 367 4611 non
408 4556 664 4627 potuisse
714 4555 901 4624 inﬂigi
954 4555 1178 4608 homini
1228 4555 1348 4609 sine
1401 4557 1566 4624 culpa
1598 4556 1738 4608 citra

58 4642 145 4695 Dei
176 4644 534 4715 injustitiam,
567 4648 623 4697 at
664 4644 916 4714 potuisse
972 4644 1151 4697 Deum
1209 4644 1346 4697 citra
1400 4643 1739 4713 injustitiam

64 4734 289 4787 condere
318 4750 505 4804 genus
535 4733 850 4787 humanum
885 4733 944 4786 in
976 4737 1124 4786 statu
1157 4738 1375 4786 naturae
1406 4749 1585 4802 purae,
1619 4732 1740 4785 sine

56 4816 497 4876 immortalitatis
526 4823 695 4884 dono,
730 4822 900 4876 morti
942 4822 1192 4875 naturali
1241 4821 1580 4891 subjectum.
1634 4821 1742 4875 Sed

54 4906 165 4962 hac
204 4910 504 4981 responsio
562 4911 720 4964 nulla
778 4916 906 4964 est:
943 4927 1075 4963 nam
1134 4910 1427 4979 Pelagiani
1482 4910 1743 4965 dicebant

60 5003 289 5052 mortem
324 5016 448 5053 esse
480 4999 798 5053 naturalem
832 4998 1053 5053 homini
1083 5015 1146 5052 ex
1185 4999 1438 5068 ejusdem
1469 5015 1743 5068 corporea

57 5088 482 5157 compositione,
506 5104 611 5141 nec
640 5088 724 5141 illi
750 5094 1023 5159 tanquam
1040 5104 1270 5157 pcenam
1301 5087 1515 5157 infligi;
1547 5092 1745 5141 contra

60 5189 191 5242 quos
223 5194 289 5231 ex
331 5178 651 5247 Augustino
705 5178 925 5248 colligit
977 5175 1321 5230 Arausicana
1371 5175 1643 5245 synodus,
1696 5174 1744 5228 si

56 5276 196 5318 mors
222 5266 479 5335 corporis
510 5267 631 5320 sine
655 5272 881 5337 peccato
910 5265 1136 5320 transiit
1166 5264 1223 5317 in
1252 5270 1531 5337 posteros,
1566 5265 1743 5317 Deum

60 5349 229 5407 ﬂeria
262 5356 584 5425 Pelagianis
614 5356 913 5426 injustum.
970 5355 1132 5419 Quod
1182 5354 1336 5407 enim
1394 5369 1548 5406 mors
1601 5356 1747 5407 esset

60 5441 261 5496 malum
290 5445 400 5497 sub
432 5445 651 5499 ratione
708 5462 915 5516 poenas,
972 5448 1094 5499 erat
1147 5442 1553 5513 consequentia
1591 5441 1746 5495 illata

65 5536 250 5586 contra
278 5533 604 5600 haereticos,
638 5551 750 5603 qua
784 5535 908 5588 talis
946 5534 1102 5589 enim
1132 5532 1402 5604 supponit
1430 5532 1745 5587 necessario

362 5606 634 5673 PATROL.
685 5608 930 5675 XLVII.

1848 4380 1995 4433 riore
2043 4393 2300 4448 peccasse
2354 4377 2572 4429 animas
2631 4374 2904 4439 dicerent,
2963 4374 3115 4428 unde
3163 4374 3233 4428 ad
3283 4373 3540 4428 miserias

1852 4468 2178 4522 subeundas
2217 4466 2273 4519 in
2320 4481 2549 4535 pmnam
2605 4463 2761 4518 nasci
2808 4462 3019 4516 iterum
3062 4462 3433 4533 cogebantur,
3471 4463 3539 4517 de

1852 4555 2060 4625 quibus
2089 4553 2147 4606 in
2208 4553 2320 4606 ﬁne
2353 4552 2611 4621 ejusdem
2660 4550 2794 4605 libri
2840 4551 3059 4605 erudite
3121 4550 3404 4604 discurrit.
3466 4550 3541 4603 Ex

1851 4644 2057 4714 quibus
2086 4647 2243 4712 patet
2274 4641 2647 4711 philosophos
2674 4641 2979 4711 plerosque
3031 4640 3249 4695 lumine
3298 4638 3543 4693 naturali

1855 4732 2187 4802 cognovisse
2219 4730 2511 4783 hominem
2540 4729 2902 4783 innocentem
2935 4730 3144 4799 injuste
3171 4729 3344 4783 tantis
3376 4728 3544 4781 mise-
3604 4724 3611 4735 ’

1851 4821 1951 4875 riis
1969 4820 2169 4890 affligi.
2194 4820 2378 4882 Quare
2393 4823 2796 4888 argumentum
2810 4819 2949 4873 illud
2963 4818 3265 4889 Augustini
3292 4818 3361 4870 ad
3376 4815 3545 4869 stabi-

1850 4910 2106 4964 liendum
2136 4913 2432 4979 peccatum
2463 4907 2699 4978 originis
2728 4924 2842 4961 non
2869 4909 3052 4962 solum
3104 4908 3408 4977 probatum
3438 4902 3546 4957 fuit

1852 4997 2132 5063 Ecclesiae,
2166 5014 2364 5051 verum
2412 4997 2583 5051 etiam
2638 4996 2775 5067 ipsis
2823 4996 3152 5067 gentilibus,
3206 4992 3389 5065 quoad
3419 5007 3543 5044 rea-

1853 5091 1977 5141 tum
2010 5088 2207 5139 saltem
2240 5085 2453 5157 peccati
2486 5102 2498 5139 :
2537 5084 2677 5139 adeo
2720 5085 2808 5140 vel
2867 5085 2987 5138 solo
3044 5083 3260 5136 lumine
3296 5078 3547 5133 naturali

1855 5181 1940 5229 est
1969 5175 2336 5229 manifestum
2367 5180 2537 5246 atque
2596 5173 3042 5245 apertissimum.
3106 5169 3256 5223 Unde
3305 5183 3547 5238 magnus

1855 5264 1951 5320 ille
1986 5264 2381 5329 Bellarminus,
2433 5281 2562 5318 cum
2618 5280 2723 5334 pro
2755 5260 3015 5332 opposita
3045 5256 3328 5312 sententia
3382 5258 3550 5328 plura

1858 5354 2185 5409 adduxisset
2211 5354 2311 5407 lib.
2345 5371 2400 5407 γι
2427 5354 2496 5407 de
2543 5351 2865 5406 Amissione
2918 5347 3131 5417 gratiae,
3184 5362 3305 5415 cap.
3350 5350 3435 5409 l5,
3488 5346 3550 5400 in

1860 5443 1973 5496 ﬁne
2008 5444 2129 5497 haec
2157 5442 2480 5497 doctissime
2526 5444 2689 5511 juxta
2722 5453 2785 5490 ac
2816 5436 3029 5488 sincere
3060 5434 3282 5504 scripsit
3313 5450 3325 5488 :
3353 5454 3380 5483 «
3415 5434 3550 5489 0m-

1863 5533 2003 5587 nino
2034 5534 2188 5586 enim
2218 5529 2527 5587 verisimile
2556 5533 2639 5581 est
2667 5540 2781 5579 non
2826 5522 2998 5577 fuisse
3031 5524 3210 5578 Deum
3246 5522 3547 5593 optimum,

3202 5601 3287 5661 20
