3906 6182
422 277 526 331 619

1432 273 1991 328 SUPPLEMENTUM
2032 275 2122 329 AD
2161 274 2390 331 OPERA
2429 274 2483 327 s.
2524 274 2913 330 AUGUSTINI.
2998 326 3005 329 .
3690 240 3693 243 ’
3741 295 3818 345 6ρο

421 401 480 453 et
508 397 689 452 nostri
718 397 943 467 generis
994 393 1470 462 amantissimum,
1515 396 1880 451 conditurum
1933 398 2115 451 homi-
2144 403 2183 457 A
2222 396 2497 451 fectibilia
2520 398 2820 469 coaptavit,
2854 398 3007 469 quod
3036 399 3184 452 Deus
3238 401 3562 469 superiorem
3607 413 3817 469 naturam

419 500 557 541 nem
584 490 701 540 tam
728 484 1001 539 miserum
1032 498 1204 553 quam
1228 498 1381 536 nunc
1410 488 1514 546 est,
1546 483 1659 538 nisi
1688 485 1901 555 peccati
1934 485 2116 539 nostri

420 572 756 645 magnitudo
787 573 898 627 tale
927 570 1273 641 supplicium
1304 572 1624 627 meruisset.
1670 592 1697 625 ››
1732 574 1867 638 Quae
1904 573 2113 628 conﬁr-

420 668 540 717 mat
563 661 833 732 Opinione
864 660 1222 713 ethnicorum
1247 676 1313 714 ex
1334 660 1651 731 Augustino
1679 661 1873 718 citato.
1914 663 2113 732 Itaque

419 751 569 820 quod
599 765 665 803 ex
695 763 887 802 amore
915 764 1051 819 erga
1079 748 1362 810 homines,
1394 755 1451 804 et
1506 766 1607 804 sua
1650 750 1830 821 ipsius
1858 751 2113 805 bonitate

416 837 713 908 nunquam
737 838 917 891 Deum
949 837 1235 891 facturum
1283 838 1455 892 fuisse
1487 839 1869 893 Bellarminus
1898 839 2109 907 docuit,

413 926 473 980 id
502 926 855 996 Augustinus
888 942 1020 980 cum
1047 930 1131 981 tot
1162 926 1424 981 Patribus
1454 928 1534 981 'ex
1579 927 1688 981 -Dei
1724 927 1949 998 justitia
1988 927 2114 982 ﬁeri

409 1029 529 1069 non
558 1029 726 1085 posse
756 1013 1083 1069 afﬁrmavit.
1129 1014 1290 1078 Quod
1322 1014 1369 1069 si
1406 1016 1753 1069 recentiores
1782 1021 1838 1070 et
1882 1016 2111 1087 Gelasii,

413 1107 471 1157 et
526 1103 767 1157 aliorum
826 1103 1028 1157 veteris
1098 1103 1357 1158 Ecclesiae
1428 1110 1728 1161 auctorum
1779 1104 2112 1160 testimonia

412 1192 605 1263 aliqua
628 1191 1099 1263 interpretatione
1156 1192 1411 1246 adhibita
1464 1198 1776 1263 utcumque
1829 1193 2110 1264 explicare

411 1282 794 1346 conabuntur,
840 1280 996 1334 idem
1042 1295 1343 1350 precamur
1399 1296 1536 1351 erga
1588 1282 1976 1351 Augustinum
2025 1282 2108 1335 fa-

414 1368 585 1435 ciant,
649 1368 810 1439 cujus
866 1368 1037 1423 unius
1095 1368 1327 1423 vocibus
1374 1368 1458 1423 illi
1512 1370 1687 1424 locuti
1742 1375 1890 1424 sunt.
1947 1373 2019 1424 At
2063 1370 2110 1424 si

412 1462 649 1513 caeteros
676 1457 847 1511 etiam
887 1461 1025 1512 astu
1083 1457 1487 1528 disputationis
1540 1460 1803 1530 abreptos
1856 1458 2109 1513 veritatis

412 1551 626 1602 metam
656 1545 957 1601 excessisse
986 1547 1464 1616 pronuntiabunt,
1505 1563 1706 1601 eorum
1744 1563 1907 1601 voces
1937 1548 2109 1601 surda

414 1650 549 1689 aure
578 1634 1019 1704 praeteribimus,
1046 1635 1367 1705 Augustino
1394 1639 1475 1688 tot
1503 1635 1739 1690 testibus
1771 1635 2107 1689 doctissimis

2223 484 2480 539 inferiori
2505 486 2577 540 ad
2605 487 2712 540 hoc
2741 485 3057 557 conjunxit,
3093 490 3155 539 ut
3197 484 3250 540 ei
3303 487 3667 559 dominaretur,
3704 504 3748 552 et
3786 506 3816 555 si

2224 572 2377 643 quod
2402 572 2573 643 hujus
2594 574 2837 628 dominii
2860 573 3337 643 impedimentum
3359 591 3417 629 ex
3429 577 3624 633 deiectu
3649 589 3817 640 natura

2222 661 2597 732 contingeret,
2633 663 2755 732 ejus
2786 661 3018 731 speciali
3057 666 3113 715 et
3168 667 3559 735 supernaturali
3601 668 3819 728 beneﬁcio

2221 750 2537 815 tolleretur,
2566 756 2630 805 ut
2655 750 2869 805 scilicet
2917 767 3046 804 cum
3095 750 3286 804 anima
3313 752 3580 808 rationalis
3608 756 3672 810 sit
3694 760 3819 813 altio-

2222 838 2299 892 ris
2342 844 2562 892 naturaa
2620 855 2794 910 quam
2849 855 3072 909 corpus,
3124 838 3224 892 tali
3275 840 3575 896 conditione
3619 847 3824 902 credatur

2221 926 2474 996 corporis
2496 943 2617 981 esse
2655 927 2975 997 conjuncta,
3009 927 3161 997 quod
3188 927 3245 980 in
3274 943 3494 998 corpore
3525 930 3711 1001 aliquid
3733 951 3823 990 esse

2221 1031 2336 1069 non
2382 1016 2562 1086 possit
2616 1017 2969 1070 contrarium
3024 1016 3251 1083 animas,
3308 1033 3405 1087 per
3462 1035 3618 1089 quam
3666 1038 3823 1093 corpus

2218 1102 2375 1157 vivit.
2403 1125 2431 1153 »
2465 1105 2530 1158 In
2577 1120 2750 1175 quam
2807 1120 2931 1158 rem
2977 1120 3108 1158 cum
3162 1106 3428 1158 nonnulla
3474 1107 3574 1160 alia
3626 1108 3823 1176 dixisset,

2220 1193 2505 1247 concludit
2536 1211 2547 1247 :
2586 1212 2614 1245 α
2644 1193 2733 1247 Sic
2762 1193 2939 1264 igitur
2965 1193 3296 1264 hujusmodi
3342 1194 3575 1248 defectus
3620 1200 3827 1267 quamvis

2218 1282 2504 1335 naturales
2532 1282 2755 1336 homini
2813 1282 3132 1348 videantur,
3190 1283 3441 1337 absolute
3491 1284 3831 1340 considerando

2217 1368 2527 1424 humanam
2557 1375 2823 1424 naturam
2882 1387 2946 1424 ex
2987 1375 3148 1441 parte
3197 1372 3319 1441 ejus
3378 1372 3520 1442 quod
3575 1379 3649 1426 est
3689 1374 3737 1426 in
3787 1391 3834 1429 ea

2218 1457 2473 1524 inferius,
2506 1463 2695 1512 tamen
2736 1459 3145 1513 considerando
3175 1458 3425 1513 divinam
3478 1461 3832 1529 providentiam

2218 1547 2274 1595 et
2327 1542 2661 1613 dignitatem
2720 1542 3030 1613 superioris
3092 1543 3269 1612 partis
3324 1544 3580 1597 humanae
3644 1550 3836 1612 natura,

2218 1647 2359 1685 SATIS
2390 1648 2771 1686 PROBABILITER
2817 1631 3049 1701 probari
3079 1635 3263 1701 potest
3295 1631 3609 1702 hujusmodi
3637 1632 3837 1685 defectus

413 1740 476 1777 ac
502 1699 873 1776 sanctissimis
901 1699 1359 1792 astipulantibus.
1421 1725 1616 1794 Neque
1660 1724 1893 1791 instent,
1947 1725 2107 1778 dam-
2139 1699 2179 1753 Β
2218 1735 2338 1773 esse
2367 1722 2639 1790 pcenales,
2670 1724 2727 1773 et
2755 1699 2834 1773 sic
2880 1699 3097 1790 colligiw
3122 1723 3312 1789 potest
3365 1699 3663 1773 humanum
3705 1737 3840 1790 genus

411 1816 603 1865 natam
651 1826 773 1865 esse
835 1811 983 1865 hanc
1027 1810 1145 1865 Baii
1210 1812 1667 1883 propositionem
1708 1830 1721 1867 :
1759 1832 1787 1865 «
1844 1814 1967 1867 Non
2014 1829 2111 1884 po-

415 1902 591 1957 tuisse
649 1903 830 1955 Deum
884 1901 1128 1956 condere
1193 1902 1264 1956 ab
1316 1902 1482 1957 initio
1546 1902 1860 1970 hominem,
1924 1902 2109 1974 qualis

409 1988 583 2042 modo
650 1989 920 2043 nascitur.
974 2010 1001 2039 »
1054 1989 1197 2044 Nam
1262 1991 1561 2061 reponitur
1624 2008 1755 2046 cum
1831 1991 2106 2062 Gregorio

410 2076 779 2143 Ariminensi,
814 2082 864 2143 1,
896 2076 1027 2132 dist.
1057 2080 1147 2145 42,
1182 2095 1237 2150 q.
1277 2084 1325 2147 1,
1376 2084 1483 2134 art.
1519 2083 1572 2146 2,
1620 2080 1687 2135 ad
1720 2096 1839 2152 arg.
1893 2086 2042 2134 cont.
2075 2082 2109 2135 2

409 2165 590 2220 concl.
627 2181 639 2219 :
672 2186 700 2214 ‹‹
729 2166 876 2220 Deus
907 2182 1020 2220 non
1049 2172 1239 2236 potest
1263 2168 1332 2222 de
1372 2167 1615 2238 justitia,
1649 2168 1796 2238 fquae
1821 2172 2009 2238 potest
2037 2169 2107 2224 de

406 2252 685 2325 potentia.
736 2272 763 2303 ι)
816 2255 900 2308 Ita
959 2256 1119 2309 nulla
1177 2260 1264 2309 est
1307 2254 1737 2325 impossibilitas
1790 2257 1998 2311 Iudam
2047 2256 2110 2310 in

407 2342 615 2397 coelum
641 2342 809 2407 trahi,
845 2343 945 2397 sed
978 2343 1037 2397 id
1075 2348 1273 2398 contra
1324 2345 1423 2399 Dei
1448 2343 1734 2414 justitiam
1764 2348 1869 2398 est.
1920 2344 2106 2409 Quare

407 2430 539 2484 licet
565 2429 640 2484 sit
663 2429 934 2500 possibile
963 2433 1255 2501 potentias,
1292 2449 1408 2487 non
1438 2436 1520 2486 est
1549 2432 1819 2503 possibile
1840 2433 2105 2504 justitias,

406 2520 578 2574 talem
607 2519 774 2573 condi
802 2519 1097 2574 hominem
1118 2521 1303 2592 qualis
1333 2522 1502 2576 modo
1533 2522 1812 2589 nascitur;
1838 2521 1897 2575 in
1926 2522 2105 2593 priori

407 2623 540 2662 vero
586 2611 811 2662 tantum
857 2625 1028 2663 sensu
1080 2608 1180 2681 qui
1230 2615 1419 2682 negat,
1478 2626 1612 2665 cum
1665 2610 1934 2665 damnata
1983 2610 2105 2665 Baii

405 2695 795 2769 propositione
829 2697 1016 2752 sentit.
1046 2698 1110 2752 Et
1130 2704 1304 2769 certe,
1336 2697 1421 2753 uti
1454 2698 1717 2770 superius
1749 2698 2098 2765 dicebamus,

408 2783 557 2838 Deus
588 2783 656 2838 ab
711 2784 874 2840 initio
928 2803 1043 2841 non
1089 2787 1274 2858 potuit
1324 2787 1570 2842 condere
1622 2786 1917 2842 hominem
1972 2803 2103 2842 cum

403 2876 634 2943 peccato
660 2873 946 2945 originali,
974 2891 1105 2929 cum
1134 2891 1249 2946 quo
1268 2876 1438 2931 modo
1470 2875 1739 2931 nascitur.
1773 2875 1933 2930 Alius
1966 2891 2102 2945 ergo

406 2960 577 3016 debet
604 2978 726 3017 esse
750 2962 905 3017 illius
931 2964 1351 3034 :propositionis
1402 2966 1689 3019 damnatae
1736 2981 1954 3031 sensus,
1987 2981 2101 3035 qua

404 3050 473 3103 de
502 3066 562 3104 re
589 3049 802 3121 plura§
822 3051 1105 3123 superiori
1139 3051 1289 3108 dicta
1316 3058 1467 3120 sunt,
1522 3069 1651 3123 quas
1688 3052 1899 3109 iterum
1928 3068 2097 3123 repe-

403 3141 523 3192 tere
554 3154 671 3192 non
701 3144 879 3194 vacat.

476 3227 592 3279 Hoc
624 3225 800 3295 igitur
828 3226 1008 3281 sancti
1034 3225 1341 3297 Augustini
1366 3230 1705 3298 argumento
1754 3231 1809 3282 et
1858 3230 2097 3299 Aposto-

403 3314 512 3369 lica
540 3314 719 3383 sedes,
748 3319 805 3368 et
828 3319 911 3369 tot
954 3316 1148 3369 Patres
1189 3315 1277 3369 usi
1307 3320 1454 3382 sunt,
1486 3331 1550 3369 ac
1579 3315 1897 3385 praesertim
1942 3322 2097 3371 utra-

402 3418 515 3473 que
545 3404 791 3474 synodus
840 3407 899 3457 et
927 3402 1307 3461 Sardiniensis
1352 3408 1409 3457 et
1455 3403 1821 3472 Arausicana,
1869 3409 1932 3459 ut
1976 3406 2099 3476 jam

401 3491 537 3546 satis
592 3496 785 3562 pateat
832 3492 1092 3546 Morainii
1123 3491 1446 3563 ignorantia
1503 3496 1600 3547 aut
1654 3493 1964 3559 temeritas,
1998 3494 2100 3565 qui

400 3579 487 3634 vel
507 3579 566 3633 id
593 3578 896 3650 ignoravit,
919 3578 1009 3632 vel
1040 3595 1152 3633 una
1180 3594 1312 3633 cum
1336 3578 1655 3650 Augustino
1683 3583 1766 3634 tot
1792 3584 2096 3652 tantosque
2120 3578 2123 3581 ’

400 3668 593 3723 Patres
642 3683 898 3722 excessus
948 3666 1186 3722 crimine
1219 3667 1474 3721 involvit.
1524 3667 1633 3723 Sed
1678 3683 1803 3738 age,
1842 3684 1975 3722 cum
1995 3669 2096 3723 ho-

396 3756 553 3811 mine
609 3755 939 3810 scholastico
1000 3755 1262 3810 omnium
1301 3755 1773 3810 scholasticorum
1819 3755 2095 3826 principis

396 3843 725 3899 testimonio
754 3859 1098 3915 pugnemus.
1115 3845 1166 3898 Is
1180 3847 1263 3898 est
1274 3860 1516 3914 magnus
1535 3844 1840 3915 Augustini
1864 3843 2095 3915 discipu-

396 3934 505 4001 lus,
528 3950 593 3987 ac
620 3933 989 3989 nobilissimae
1016 3934 1223 3988 scholae
1252 3933 1536 3987 maximus
1566 3932 1839 4003 magister
1866 3939 2093 3989 sanctus

395 4022 658 4089 Thomas,
698 4023 798 4093 qui
845 4022 1042 4077 scribit
1094 4021 1480 4094 Augustinum
1528 4038 1669 4076 SATIS
1704 4037 2092 4077 PROBABILITER

394 4127 462 4166 ex
487 4111 734 4167 miseriis
791 4112 915 4166 vitae
972 4112 1241 4167 humanae
1299 4116 1597 4183 peccatum
1655 4110 1935 4182 originale
1990 4112 2088 4166 de-

393 4200 635 4255 duxisse.
670 4199 851 4270 Igitur
879 4201 1185 4271 Angelicus
1216 4205 1555 4288 praeceptor,
1576 4202 1610 4254 4
1630 4206 1825 4254 contra
1859 4202 2083 4267 Gentes,

2214 1812 2444 1877 peccato
2465 1809 2659 1879 aliquo
2694 1824 2815 1862 esse
2848 1807 3142 1861 infectum.
3164 1828 3185 1855 ι
3218 1809 3351 1862 Haec
3382 1812 3602 1862 sanctus
3629 1809 3837 1873 Thomas,

2218 1912 2390 1966 quem
2420 1912 2551 1950 cum
2578 1901 2661 1951 tot
2684 1896 3089 1966 sapientissimi
3141 1911 3204 1949 ac
3237 1896 3588 1949 subtilissimi
3639 1896 3840 1950 doctores

2216 1989 2550 2054 sequantur,
2574 1984 2694 2054 jam
2725 1984 2923 2039 videtis
2952 2000 3094 2054 quos
3124 1988 3440 2054 quantosve
3478 1984 3693 2037 asseclas
3718 1985 3843 2037 habet

2214 2071 2315 2126 illa
2344 2073 2648 2143 Augustini
2674 2089 2739 2126 ex
2769 2072 3013 2126 miseriis
3043 2073 3317 2127 humana:
3369 2072 3498 2127 vita:
3534 2073 3725 2143 peccati
3759 2072 3839 2125 ori-

2214 2160 2420 2231 ginalis
2461 2163 2595 2215 satis
2639 2162 3000 2230 probabiliter
3041 2162 3225 2231 posita
3282 2160 3480 2215 illatio.
3525 2160 3623 2215 Sed
3652 2177 3737 2214 nec
3774 2161 3841 2214 de-

2213 2249 2372 2304 fuere
2442 2250 2741 2321 scriptores
2799 2267 2828 2305 e
2887 2250 3173 2314 societate,
3237 2249 3343 2321 qui
3394 2250 3691 2320 Augustino
3725 2250 3835 2302 eain

2214 2338 2499 2393 sententia
2552 2355 2757 2393 manus
2817 2340 3050 2406 darent;
3124 2354 3280 2393 unus
3348 2338 3609 2392 audiatur
3657 2338 3844 2392 Joannes

2214 2426 2522 2498 Bagocius;
2577 2427 2684 2483 lib.
2726 2444 2759 2481 v
2792 2428 3082 2481 Demonst.
3139 2427 3339 2497 dogm.
3399 2426 3618 2492 Christ,,
3664 2426 3782 2495 disp.
3806 2428 3841 2487 8,

2212 2531 2335 2585 cap.
2370 2520 2423 2577 5,
2456 2519 2590 2569 sect.
2648 2519 2702 2583 2,
2754 2515 2815 2569 in
2842 2515 3009 2569 titulo
3043 2516 3254 2587 quaerit
3286 2532 3299 2570 :
3334 2518 3431 2569 An
3480 2517 3616 2582 foret
3662 2515 3843 2583 injustas

2210 2606 2370 2671 Deus,
2420 2606 2469 2657 si
2532 2609 2737 2671 cogeret
2794 2605 3058 2658 hominem
3128 2606 3247 2657 sine
3304 2609 3461 2657 reatu
3536 2604 3690 2671 culpa
3728 2603 3842 2655 mori.

2210 2692 2537 2762 Respondet
2567 2708 2579 2746 :
2620 2713 2641 2742 ι
2674 2692 2911 2747 Sanctus
2940 2692 3298 2761 Augustinus
3332 2697 3391 2746 et
3442 2691 3539 2745 alii
3570 2692 3681 2759 ejus
3728 2689 3849 2743 disci-

2209 2780 2352 2851 puli,
2411 2781 2637 2853 ipsique
2691 2783 2885 2835 Patres
2944 2797 3233 2835 canonum
3290 2781 3652 2835 Arausicanze
3700 2776 3849 2848 synodi

2211 2868 2372 2925 aiunt
2394 2871 2571 2925 Deum
2604 2885 2717 2924 non
2741 2869 2991 2940 potuisse
3040 2868 3342 2923 hominem
3395 2869 3505 2922 nisi
3533 2869 3701 2938 culpa:
3733 2879 3851 2918 reum

2210 2959 2532 3013 necessitati
2562 2957 2844 3013 moriendi
2876 2957 3157 3025 addicere,
3200 2959 3547 3028 voluntque,
3590 2956 3631 3009 si
3660 2955 3711 3009 id
3748 2956 3854 3008 Deus

2211 3047 2440 3115 faceret,
2495 3047 2615 3101 fore
2640 3047 2938 3117 injustum,
2970 3048 3104 3116 quia
3147 3062 3390 3116 poenam
3421 3062 3538 3100 non
3564 3043 3778 3099 merenti
3797 3042 3857 3094 in-

2212 3136 2453 3207 ﬂigeret.
2486 3156 2515 3189 »
2549 3138 2612 3190 Et
2641 3151 2764 3206 cap.
2819 3140 2875 3201 7,
2939 3138 3073 3188 sect.
3108 3137 3160 3201 3,
3193 3135 3281 3189 ait
3314 3151 3331 3189 :
3364 3156 3393 3187 α
3436 3136 3633 3189 Fateor
3679 3146 3855 3203 quoque

2211 3224 2392 3278 Deum
2422 3224 2492 3279 de
2520 3223 2775 3294 potentia
2802 3237 2907 3292 per
2936 3221 3256 3277 bonitatem
3289 3228 3346 3277 et
3375 3221 3703 3294 sapientiam
3740 3219 3855 3273 ordi-

2211 3317 2343 3367 nata
2366 3313 2525 3367 nullo
2555 3316 2784 3382 peccato
2816 3312 3113 3382 permisso,
3176 3328 3299 3366 non
3345 3313 3601 3382 potuisse
3632 3311 3756 3363 velle
3782 3309 3855 3361 ho-

2208 3400 2425 3455 minem
2455 3400 2629 3454 morti
2659 3399 2991 3469 obnoxium,
3023 3404 3079 3453 et
3115 3416 3249 3455 cum
3306 3400 3588 3471 pravitate
3611 3396 3855 3466 concupis-

2207 3489 2408 3543 centiae
2429 3489 2669 3544 carnalis
2700 3504 2911 3544 creare.
2948 3508 2975 3541 »
3011 3489 3139 3543 Haec
3194 3490 3296 3544 ille
3340 3506 3461 3543 non
3491 3489 3701 3558 exiguae
3747 3486 3860 3538 inter

2206 3578 2553 3633 recentiores
2606 3577 2794 3644 famas,
2854 3576 2955 3648 qui
3012 3581 3215 3648 postea
3287 3577 3613 3648 insignibus
3676 3574 3857 3628 Thema

2204 3667 2512 3738 Augustini
2550 3666 2899 3739 nominibus
2959 3666 3271 3738 assumptis
3333 3672 3537 3722 contra
3583 3661 3860 3720 Jansenium

2206 3756 2451 3827 scripsit.

2206 3853 2353 3925 διν.
2377 3855 2469 3910 Αη
2497 3858 2715 3909 sanctus
2756 3853 3101 3925 Augustinus
3159 3852 3465 3922 disputans
3508 3852 3574 3908 de
3618 3844 3862 3907 virtutibus

2724 3923 3035 3993 inﬁdelium
3068 3927 3390 3979 excesserit.

2273 4021 2429 4076 Idem
2511 4020 2840 4088 Morainius,
2906 4020 3249 4091 rigidiorem
3325 4021 3661 4076 existimans
3723 4010 3863 4070 sancti

2203 4109 2448 4164 doctoris
2500 4110 2841 4164 sententiam
2891 4110 2959 4163 de
3010 4109 3323 4165 virtutibus
3374 4110 3711 4175 inﬁdelium,
3772 4104 3865 4156 haec

2200 4196 2395 4252 scribit
2424 4198 2569 4269 disp.
2600 4201 2685 4266 19,
2718 4214 2875 4251 num.
2907 4200 2971 4252 35
3016 4214 3030 4252 :
3067 4218 3094 4249 (ι
3123 4199 3275 4253 Dicit
3314 4198 3662 4269 disputando
3706 4196 3864 4246 contra

390 4304 515 4357 cap.
550 4290 636 4351 52,
669 4288 853 4355 initio,
885 4288 1048 4342 docet
1078 4288 1337 4343 miserias
1382 4280 1651 4342 humanas
1706 4292 1927 4342 natura:
1962 4304 2084 4344 esse
2116 4289 2156 4342 Ι)
2196 4286 2551 4357 Pelagianos,
2581 4286 2683 4357 qui
2713 4302 2841 4341 cum
2866 4286 3037 4341 nimis
3069 4289 3419 4342 extollerent
3450 4288 3595 4341 vires
3625 4280 3865 4338 naturales

391 4375 654 4445 quaedam
693 4376 1017 4446 probabilia
1066 4376 1230 4447 signa
1258 4375 1472 4445 peccati
1502 4376 1817 4447 originalis,
1852 4382 1908 4431 et
1961 4378 2089 4432 sub-

389 4463 475 4519 dit
509 4480 523 4517 :
558 4484 586 4515 α
621 4466 815 4519 Posset
840 4469 1035 4519 tamen
1061 4464 1268 4536 aliquis
1297 4464 1485 4519 dicere
1539 4464 1872 4535 hujusmodi
1901 4465 2084 4519 defec-

389 4557 483 4606 tus
510 4556 629 4607 tam
653 4555 979 4624 corporales
1026 4569 1201 4624 quam
1230 4552 1553 4625 spirituales
1582 4568 1697 4606 non
1725 4569 1844 4607 esse
1888 4570 2084 4624 paena-

388 4640 489 4707 les,
536 4640 633 4695 sed
672 4641 961 4695 naturales
1016 4641 1267 4696 defectus
1317 4657 1385 4696 ex
1440 4642 1772 4696 necessitate
1829 4643 2082 4698 materiae

386 4733 815 4801 consequentes.
838 4730 1099 4786 'Necesse
1147 4734 1231 4786 est
1284 4731 1439 4786 enim
1487 4747 1691 4803 corpus
1741 4732 2082 4803 humanum,

384 4835 516 4875 cum
550 4819 623 4873 sit
652 4835 719 4873 ex
749 4818 1050 4874 contrariis
1078 4819 1485 4891 compositum,
1529 4820 1896 4891 corruptibile
1939 4837 2081 4889 esse,

382 4912 437 4965 et
468 4907 795 4963 sensibilem
824 4907 1143 4980 appetitum
1170 4909 1230 4965 in
1272 4925 1361 4977 ea,
1415 4926 1544 4980 quae
1599 4913 1732 4964 sunt
1769 4910 2081 4965 secundum

383 5013 611 5053 sensum
666 4996 1046 5064 delectabilia,
1103 4998 1339 5068 moveri,
1414 5014 1545 5069 qua:
1599 4997 1891 5053 interdum
1944 5003 2081 5053 sunt

382 5087 664 5144 contraria
693 5086 928 5157 rationi,
963 5106 991 5140 η
1024 5092 1136 5143 etc.
1173 5088 1312 5153 Quae
1341 5087 1631 5158 ipsissima
1660 5091 1744 5141 est
1785 5086 2079 5157 responsio

382 5191 557 5247 quam
607 5177 949 5232 recentiores
1008 5181 1351 5248 argumento
1412 5177 1594 5231 sancti
1638 5175 1947 5247 Augustini
1976 5192 2077 5245 ap-

380 5262 614 5334 plicant.
636 5266 846 5320 Verum
890 5264 1082 5320 statim
1112 5265 1272 5319 illam
1314 5263 1580 5336 infringit
1631 5264 1935 5335 Angelicus
1990 5264 2079 5319 his

380 5351 568 5406 verbis
598 5368 612 5406 :
649 5374 672 5403 ι
704 5354 811 5409 Sed
850 5358 1045 5409 tamen
1102 5353 1150 5409 si
1206 5352 1334 5424 quis
1363 5359 1514 5407 recte
1562 5353 1901 5421 consideret,
1934 5369 2078 5408 SATIS

383 5456 768 5498 raonaamrea
830 5444 1043 5514 poterit
1101 5442 1406 5508 aestimare,
1459 5441 1650 5497 divina
1716 5441 2079 5513 providentia

382 5530 696 5601 supposita,
729 5548 857 5602 qua:
912 5532 1154 5604 singulis
1182 5531 1631 5601 perfectionibus
1661 5547 1914 5601 congrua
1949 5547 2073 5601 per-

2195 4374 2364 4430 liberi
2420 4375 2662 4442 arbitrii,
2718 4375 3186 4447 afﬁrmarentque
3228 4377 3505 4431 sufﬁcere
3560 4374 3675 4428 sine
3719 4366 3866 4442 gratia

2197 4480 2311 4518 non
2367 4465 2540 4519 modo
2598 4464 2671 4519 ad
2719 4464 2955 4519 virtutes
2994 4467 3295 4520 naturales
3356 4478 3723 4537 quascunque
3773 4454 3866 4519 sed.

2195 4553 2368 4608 etiam
2400 4554 2467 4609 ad
2498 4553 2759 4617 salutem,
2788 4554 3143 4624 Augustinus
3203 4560 3276 4609 ut
3304 4554 3444 4609 illos
3474 4554 3547 4608 ab
3600 4569 3665 4606 eo
3709 4558 3865 4603 errore

2195 4642 2455 4710 abducat,
2488 4643 2547 4697 in
2568 4642 2918 4697 contrarium
2949 4649 3276 4697 extremum
3313 4650 3465 4698 aestu
3502 4632 3865 4712 disputationis

2194 4730 2380 4802 abripi
2410 4731 2698 4786 interdum
2729 4731 2972 4786 videtur.
3008 4751 3036 4783 η
3067 4732 3172 4787 Sed
3206 4734 3493 4788 eumdem
3526 4730 3761 4801 lapidem
3799 4722 3867 4775 hic

2192 4835 2394 4873 censor
2429 4818 2708 4875 olfendit:
2759 4836 2895 4875 nam
2926 4821 2994 4875 de
3047 4820 3367 4877 virtutibus
3423 4820 3737 4876 infidelium
3781 4824 3868 4866 non

2192 4911 2330 4963 astu
2363 4907 2764 4978 disputationis
2808 4909 3085 4981 impulsus
3115 4916 3357 4965 sanctus
3391 4912 3593 4966 doctor
3620 4901 3871 4965 disseruit,

2190 4997 2285 5052 sed
2312 4997 2382 5052 ab
2415 4997 2753 5052 adversariis
2808 4999 2870 5053 in
2927 5015 3054 5053 eam
3112 5015 3361 5054 arenam
3424 5002 3773 5072 provocatus,
3819 4990 3870 5043 li-

2188 5086 2391 5142 benter
2411 5092 2468 5142 et
2502 5089 2758 5142 animose
2815 5088 3124 5143 descendit.
3178 5089 3421 5144 Etenim
3485 5083 3781 5157 Pelagiani,
3824 5081 3872 5131 ut

2188 5176 2498 5248 probarent
2522 5192 2707 5247 posse
2744 5176 3043 5231 hominem
3070 5178 3194 5230 sine
3226 5178 3428 5249 gratia
3457 5177 3606 5231 bene
3658 5165 3869 5243 operari,

2189 5267 2445 5336 exempla
2506 5264 2828 5320 inﬁdelium
2879 5265 3303 5336 producebant,
3362 5282 3513 5337 quos
3581 5259 3871 5318 asserebant

2189 5354 2311 5409 sine
2346 5354 2445 5409 Dei
2475 5354 2934 5425 gratiapluribus
2966 5354 3276 5410 virtutibus
3299 5355 3592 5410 ﬂoruisse.
3623 5347 3870 5407 Audiatur

2187 5431 2410 5498 Sanctus
2458 5445 2623 5497 Pater
2652 5443 2751 5498 lib.
2783 5460 2837 5497 ιν
2865 5448 3061 5497 contra
3086 5444 3423 5510 Iulianum,
3476 5459 3602 5513 cap.
3632 5444 3699 5496 3:
3734 5460 3753 5485 ι
3784 5435 3863 5487 50-

2186 5530 2311 5585 letis
2343 5531 2520 5599 enim,
2559 5536 2833 5601 negantes
2872 5531 2973 5588 Dei
3010 5532 3159 5589 dona
3218 5548 3352 5589 esse
3390 5532 3654 5600 virtutes,
3684 5523 3865 5600 quibus
