3946 6176
130 316 208 367 621
1418 312 1743 369 VlNDlCIrE
1780 312 2324 369 AUGUSTINIANrE.

3508 324 3610 378 622

126 441 258 492 recte
298 436 521 501 vivitur,
570 439 626 489 et
664 451 759 488 eas
806 439 1027 489 natura
1072 435 1466 507 voluntatique
1507 437 1799 503 humana,
1828 439 1868 493 A
1908 450 2080 505 opere
2119 451 2235 489 non
2284 436 2342 488 in
2389 435 2631 490 Domino
2681 436 2938 506 gloriari,
2984 436 3137 493 solus
3183 438 3397 509 impius
3442 447 3642 512 negat'

122 539 228 578 non
257 522 442 593 gratia
482 522 583 575 Dei
622 522 958 589 tribuentes,
1000 524 1107 577 hoc
1138 524 1216 578 uti
1250 530 1611 595 argumento,
1644 525 1799 596 quod

122 628 209 665 eas
250 627 653 681 nonnunquam
697 612 947 665 habeant
990 612 1270 679 inﬁdeles,
1326 633 1352 664 ι)
1401 620 1506 667 etc.
1556 618 1627 667 At
1680 617 1799 668 Au-

120 702 361 771 gustinus
392 699 605 754 ibidem
648 716 754 771 per
791 699 1180 770 septingentos
1220 707 1275 755 et
1313 702 1559 773 amplius
1604 700 1799 756 versus

114 790 302 861 probat
329 790 567 844 virtutes
588 787 910 843 inﬁdelium
936 790 1203 844 habuisse
1223 790 1543 845 bonitatem
1574 796 1799 846 tantum

112 879 341 945 civilem,
376 895 441 932 ac
484 878 655 932 fuisse
687 878 873 948 specie
903 884 1070 932 tenus
1111 880 1260 949 apud
1302 880 1564 933 homines
1614 880 1801 934 lauda-

109 967 261 1032 biles,
320 968 420 1021 illo
480 968 799 1038 praesertim
851 967 921 1021 ad
988 968 1276 1021 Romanos
1328 985 1419 1021 xw
1473 968 1799 1023 testimonio

110 1072 232 1109 usus
264 1073 278 1109 :
311 1057 495 1123 Omne,
532 1056 676 1124 quod
704 1072 808 1110 non
836 1061 914 1110 est
945 1072 1012 1110 ea:
1039 1057 1163 1125 ﬁde,
1192 1062 1469 1126 peccatum
1507 1063 1603 1112 est.
1642 1058 1799 1111 Unde

102 1160 226 1197 cum
272 1144 343 1198 de
390 1145 662 1214 operibus
708 1144 1031 1198 inﬁdelium
1078 1149 1239 1198 tanto
1274 1145 1463 1199 labore
1503 1163 1566 1200 ac
1608 1145 1797 1199 studio
1834 1186 1839 1187 κ

99 1232 452 1302 Augustinus
499 1249 629 1286 cum
679 1232 999 1297 Pelagianis
1045 1232 1441 1304 disputaverit,
1477 1249 1539 1286 ac
1588 1233 1798 1287 ibidem

96 1337 329 1373 omnem
378 1321 714 1375 adversariis
756 1320 973 1375 aditum
1016 1320 1400 1374 subtilissimis
1448 1321 1799 1391 argumentis

92 1409 471 1479 praeluserit,
510 1426 623 1463 non
662 1414 801 1463 astu
847 1409 1246 1478 disputationis
1293 1408 1351 1463 id
1394 1412 1649 1480 protulit,
1702 1409 1800 1463 sed

90 1502 221 1566 post
250 1499 486 1568 longam
520 1499 601 1551 rei
628 1497 979 1551 difﬁcillima
1009 1498 1466 1552 meditationem.
1499 1514 1563 1551 ac
1592 1498 1799 1554 seriam

88 1586 429 1656 quastionis
458 1588 633 1641 totius
667 1587 1202 1652 considerationem,
1246 1588 1367 1641 Duo
1406 1592 1597 1641 autem
1644 1605 1801 1642 sanc-

87 1680 182 1728 tus
212 1675 416 1729 doctor
452 1676 692 1729 asseruit
725 1693 737 1729 :
771 1676 1027 1730 Primum
1059 1677 1242 1729 nullas
1277 1676 1337 1729 in
1377 1676 1702 1731 inﬁdelibus
1732 1693 1797 1732 ex

87 1763 273 1818 solius
319 1764 486 1818 liberi
523 1764 747 1818 arbitrii
802 1764 1017 1818 viribus
1071 1764 1309 1817 virtutes
1349 1765 1620 1835 reperiri;
1659 1767 1795 1820 alte-

86 1868 251 1917 rum,
285 1852 330 1905 si
360 1869 489 1923 qua
520 1853 581 1906 in
610 1853 825 1907 eisdem
863 1853 1093 1907 virtutes
1141 1852 1375 1917 fuerint,
1437 1853 1663 1907 easdem
1695 1872 1797 1909 ne-

86 1957 389 2012 quaquam
434 1942 673 2013 ipsorun
720 1941 1019 2006 voluntati,
1066 1942 1164 1995 sed
1204 1941 1414 1995 divina
1460 1943 1657 2011 gratia
1716 1960 1802 1996 as-

87 2028 395 2082 cribendas
439 2045 579 2082 esse.
634 2029 757 2083 Scio
821 2030 1128 2100 plerosque
1194 2029 1578 2095 scholasticos,
1645 2032 1799 2101 quod

88 2115 352 2186 primum
386 2116 527 2170 illud
570 2116 791 2182 attinet,
823 2116 892 2170 ab
940 2116 1245 2187 Augustini
1292 2118 1573 2171 sententia
1616 2134 1799 2172 reces-

88 2205 253 2270 sisse,
290 2204 378 2257 Illi
408 2208 601 2258 autem
634 2204 797 2275 juxta
840 2204 1153 2258 Aristotelis
1202 2205 1455 2259 Ethicam
1503 2206 1573 2259 de
1621 2206 1797 2260 virtu-

89 2291 249 2344 tibus
281 2282 659 2361 disputarunt,
703 2309 833 2347 cum
871 2297 1064 2346 tamen
1107 2293 1479 2365 phiIOSOphos
1529 2295 1798 2349 humana

91 2382 322 2431 natura
349 2377 611 2433 debilitas
642 2396 709 2434 ex
752 2380 1019 2451 originali
1062 2381 1187 2434 labe
1238 2382 1492 2435 derivata
1548 2382 1795 2451 latuerit,

92 2483 159 2520 ac
190 2466 253 2520 in
278 2468 488 2521 summi
517 2468 651 2522 boni
678 2470 1004 2540 cognitione
1037 2470 1264 2541 longius
1296 2488 1329 2525 a
1354 2471 1592 2525 veritate
1632 2488 1796 2526 exor—

92 2555 422 2611 bitaverint.
451 2559 522 2611 At
548 2558 898 2628 Augustinus
948 2575 1012 2612 ex
1060 2559 1232 2613 sacris
1274 2560 1498 2627 litteris,
1533 2577 1637 2614 nec
1682 2577 1799 2614 non

92 2645 395 2699 excelsiori
439 2664 501 2700 ac
533 2648 815 2701 subtiliori
856 2647 1145 2718 theologia
1171 2665 1332 2702 suam
1370 2649 1550 2718 ipsius
1580 2654 1799 2704 senten-

89 2734 236 2786 tiam
279 2734 528 2788 deduxit.
588 2737 650 2789 In
699 2752 764 2789 eo
822 2752 953 2789 vero
1007 2737 1441 2807 Augustiniana
1498 2739 1796 2793 sententia

89 2821 266 2875 cardo
298 2828 568 2887 versatur,
602 2823 756 2893 quod
788 2823 1028 2877 virtutes
1054 2841 1087 2877 a
1113 2824 1264 2877 vitiis
1305 2841 1422 2878 non
1462 2826 1670 2892 ofﬁcio,
1702 2828 1797 2880 sed

89 2910 207 2963 ﬁne
240 2910 662 2966 discernuntur.
708 2912 989 2966 Audiatur
1039 2912 1391 2982 Augustinus
1442 2914 1537 2967 lib.
1586 2931 1638 2967 iv
1682 2916 1798 2968 lau-

89 2999 228 3052 dato
285 3006 485 3053 contra
530 3001 839 3055 Judianum
886 3018 898 3055 :

86 3104 211 3141 non
267 3088 489 3156 ofﬁciis,
542 3090 639 3143 sed
691 3090 902 3144 ﬁnibus
945 3107 979 3143 a
1024 3090 1173 3143 vitiis
1225 3090 1630 3145 discernendas
1676 3107 1796 3147 esse

87 3177 356 3231 virtutes.
383 3178 644 3232 Ofﬁcium
669 3184 753 3232 est
771 3182 963 3232 autem
993 3179 1144 3249 quod
1166 3178 1491 3233 faciendum
1516 3185 1598 3234 est
1624 3195 1636 3235 :
1667 3181 1797 3235 linis

88 3282 225 3319 vero
259 3271 491 3337 propter
522 3268 675 3337 quod
714 3266 1038 3321 faciendum
1086 3271 1185 3321 est.
1231 3268 1372 3322 Cum
1423 3270 1614 3340 itaque
1664 3270 1799 3324 facit

90 3355 271 3408 homo
302 3355 537 3426 aliquid,
558 3355 657 3409 ubi
679 3372 910 3427 peccare
942 3373 1055 3410 non
1079 3356 1321 3423 videtur,
1356 3357 1400 3410 si
1421 3374 1538 3411 non
1564 3366 1799 3429 propter

87 3443 201 3497 hoc
223 3443 379 3508 facit,
412 3449 645 3514 propter
673 3446 827 3515 quod
852 3445 1033 3499 facere
1050 3445 1235 3511 debet,
1266 3462 1499 3516 peccare
1520 3447 1798 3500 convinci-

84 3537 202 3585 tur.
237 3553 260 3579 ι
288 3533 403 3585 Hoc
420 3533 849 3602 probatibidem
872 3534 1133 3604 exemplo
1156 3550 1479 3600 avarorum,
1506 3536 1605 3606 qui
1626 3536 1798 3590 virtu-

85 3622 248 3674 tibus
274 3622 582 3675 moralibus
605 3622 832 3676 studere
858 3639 915 3676 se
938 3624 1183 3693 ﬁngunt,
1210 3641 1339 3694 qua
1360 3630 1554 3678 tamen
1584 3624 1643 3677 in
1667 3624 1797 3678 vitia

86 3710 387 3776 desinunt,
431 3711 583 3781 quod
640 3712 892 3764 avaritia
930 3712 1291 3766 ancillantur.
1346 3713 1503 3766 Unde
1551 3729 1665 3765 non
1714 3718 1799 3767 est

85 3799 447 3853 attendenda
469 3800 587 3853 sola
632 3800 945 3853 substantia
972 3801 1162 3870 operis
1200 3800 1259 3854 in
1288 3802 1533 3870 speciem
1566 3802 1699 3855 boni
1730 3818 1797 3855 ex

82 3887 342 3956 objecto,
375 3889 472 3941 sed
508 3888 639 3942 ﬁnis
669 3905 899 3960 quoque
929 3890 1377 3944 considerandus
1414 3890 1586 3954 venit,
1622 3906 1795 3960 prop-

82 3980 177 4029 ter
208 3992 390 4045 quem
413 3976 564 4030 idem
597 3994 741 4047 opus
769 3978 1013 4031 elicitur.
1042 3978 1138 4033 His
1169 3985 1361 4033 autem
1384 3978 1563 4031 fusius
1584 3978 1796 4033 ibidem

80 4064 156 4118 ab
192 4065 517 4135 Augustino
547 4066 819 4135 probatis,
849 4065 1001 4120 idem
1033 4072 1273 4121 conatur
1301 4066 1579 4128 evincere.
1623 4067 1681 4120 in
1702 4066 1797 4120 in-

78 4151 362 4207 ﬁdelibus
395 4170 509 4206 non
538 4153 711 4207 fuisse
744 4170 903 4208 veras
935 4154 1191 4220 virtutes,
1238 4155 1374 4225 quia
1421 4156 1649 4209 easdem
1696 4156 1797 4209 hu-

78 4257 281 4295 mana
321 4241 478 4295 laudi
522 4258 583 4295 ac
626 4242 824 4312 gloria
871 4243 1266 4313 subjiciebant,
1310 4260 1423 4313 qua
1472 4244 1689 4297 ratione
1738 4244 1797 4297 in

1908 540 2029 579 esse
2062 530 2385 594 peccatum.
2423 544 2449 576 io
2486 526 2546 580 In
2580 542 2754 598 quam
2784 541 2903 581 rem
2934 526 3104 597 plura
3133 527 3214 581 ibi
3244 528 3529 584 subtiliter
3558 535 3614 585 et

1909 615 2069 664 acute
2104 612 2380 681 congerit.
2970 671 2979 680 ,

1980 698 2101 752 Hai
2130 700 2364 769 quidem
2394 704 2548 753 certa
2598 705 2749 768 sunt,
2782 719 2915 756 nam
2959 720 2991 757 a
3040 706 3198 758 nullo
3249 706 3370 759 viro
3415 707 3610 762 catho-

1906 786 2013 840 lico
2043 787 2104 840 in
2135 788 2375 841 dubium
2406 789 2594 842 vocari
2623 795 2809 859 potest
2836 796 2994 845 actus
3042 795 3286 847 morales
3341 795 3610 850 humana

1907 875 2105 946 gloria
2141 876 2531 941 inservientes,
2568 877 2697 930 licet
2743 878 2881 932 alias
2911 896 2978 933 ex
3024 882 3244 951 objecto
3290 882 3426 936 boni
3474 883 3607 951 sint,

1909 980 1976 1018 ex
2018 981 2189 1034 prava
2234 970 2423 1018 tamen
2478 965 2798 1019 intentione
2856 967 3061 1033 vitiari,
3127 969 3293 1023 sicuti
3346 975 3501 1024 actus
3549 972 3610 1025 in

1909 1053 2158 1123 speciem
2216 1053 2353 1107 boni
2410 1054 2814 1124 Epicureorum
2866 1072 2899 1108 a
2954 1057 3254 1112 virtutibus
3305 1059 3610 1129 degenera-

1906 1140 2064 1203 bant,
2098 1141 2231 1211 quia
2265 1147 2430 1197 secta
2460 1144 2733 1213 magister
2760 1145 2984 1199 easdem
3013 1147 3269 1213 virtutes,
3304 1152 3368 1201 ut
3398 1148 3609 1203 ibidem

1908 1229 1986 1282 ait
2030 1230 2405 1300 Augustinus,
2434 1251 2459 1281 ‹‹
2490 1232 2711 1286 inducit
2738 1234 3041 1303 voluptatis
3071 1235 3322 1290 ancillas.
3354 1255 3382 1287 ι)
3415 1237 3607 1307 Oppo-

1908 1322 2055 1370 nunt
2096 1323 2288 1372 tamen
2330 1320 2626 1374 contraria
2669 1321 2966 1375 sententia
3015 1331 3273 1377 auctores
3312 1339 3475 1393 posse
3507 1325 3609 1378 ho—

1908 1406 2122 1459 minem
2182 1407 2473 1462 inﬁdelem
2535 1409 2736 1463 elicere
2786 1415 2941 1464 actus
3000 1410 3228 1465 virtutis
3290 1412 3360 1465 ob
3429 1413 3609 1466 solam

1909 1494 2209 1564 ipsiusmet
2256 1496 2443 1565 operis
2488 1496 2869 1561 honestatem,
2920 1500 3137 1553 nullam
3191 1500 3319 1553 inde
3364 1500 3435 1553 ab
3486 1501 3611 1554 aliis

1909 1583 2135 1637 laudem
2184 1591 2410 1654 captare
2459 1586 2823 1653 desiderans;
2876 1588 3159 1658 siquidem
3208 1605 3335 1643 cum
3395 1589 3612 1643 bonum

1907 1671 2215 1727 honestum
2246 1673 2319 1726 sit
2346 1673 2497 1727 intra
2526 1673 2812 1743 objectum
2842 1676 3175 1744 voluntatis,
3207 1676 3347 1731 illud
3378 1682 3614 1747 propter

1910 1777 1967 1814 se
1998 1761 2233 1832 pracise
2258 1777 2292 1814 a
2316 1763 2606 1815 voluntate
2639 1763 2834 1831 appeti
2873 1767 3076 1832 potest.
3129 1765 3336 1817 Verum
3384 1769 3610 1835 Augus-

1910 1849 2065 1903 tinus
2096 1850 2241 1903 miro
2286 1850 2504 1920 ingenii
2543 1851 2807 1903 acumine
2850 1852 2997 1904 hanc
3044 1853 3477 1922 responsionem
3518 1854 3607 1907 in-

1909 1937 2079 2005 fregit
2104 1938 2199 1993 lib.
2234 1955 2285 1992 IV
2316 1947 2512 1992 contra
2539 1938 2851 1993 lulianum.
2885 1956 3005 2009 cap.
3055 1942 3083 1994 3
3118 1981 3133 2009 ,
3174 1940 3296 1993 hac
3335 1941 3605 2009 scribens;

1910 2046 1936 2073 α
1983 2026 2133 2079 Nihil
2157 2031 2241 2080 est
2270 2026 2330 2079 in
2361 2028 2654 2094 creaturis,
2688 2028 2838 2098 quod
2869 2028 3073 2082 attinet
3106 2029 3175 2082 ad
3211 2028 3609 2084 institutarum

1906 2114 2178 2168 divinitus
2204 2115 2409 2169 merita
2437 2121 2790 2183 naturarum,
2817 2117 3079 2171 rationali
3107 2123 3293 2171 mente
3323 2124 3606 2189 prastan-

1906 2202 2040 2257 tius.
2095 2204 2251 2257 Unde
2295 2204 2358 2257 ﬁt
2410 2220 2767 2276 consequens
2803 2210 2866 2258 ut
2909 2222 3070 2259 mens
3112 2206 3263 2260 bona
3292 2209 3472 2278 magis
3502 2208 3610 2262 sibi

1905 2294 2145 2363 placeat,
2213 2292 2511 2363 magisque
2581 2294 2763 2364 seipsa
2807 2294 3066 2361 delectet,
3119 2312 3291 2365 quam
3338 2296 3612 2367 qualibet

1905 2381 2017 2435 alia
2063 2386 2341 2436 creatura.
2371 2382 2553 2446 Quam
2584 2398 2715 2436 vero
2743 2383 3086 2453 periculose,
3128 2383 3246 2437 imo
3286 2384 3605 2455 perniciose

1907 2469 2013 2523 sibi
2035 2470 2271 2539 placeat,
2309 2487 2440 2523 cum
2483 2487 2585 2541 per
2631 2472 2736 2525 hoc
2778 2472 3042 2526 tumescit
3069 2474 3265 2542 typho,
3310 2477 3366 2527 et
3409 2474 3609 2528 morbo

1907 2557 2221 2612 inﬂationis
2252 2559 2560 2622 extollitur,
2591 2560 2845 2630 quandiu
2866 2577 2986 2615 non
3018 2562 3191 2627 videt,
3224 2562 3369 2615 sicut
3394 2562 3610 2617 videbit

1905 2646 1965 2701 in
2005 2647 2136 2713 ﬁne,
2176 2665 2467 2702 summum
2491 2648 2632 2701 illud
2664 2654 2721 2702 et
2751 2648 3110 2703 immutabile
3154 2650 3459 2712 bonum.in
3509 2667 3607 2705 cu-

1899 2737 1994 2807 jus
2024 2737 2449 2808 comparatione
2482 2754 2538 2791 se
2580 2742 2832 2806 spernat,
2883 2737 3103 2807 sibique
3145 2738 3300 2792 illius
3334 2738 3608 2792 charitate

1903 2826 2153 2887 vilescat.
2185 2847 2211 2875 ’)
2274 2831 2374 2879 etc.
2416 2825 2743 2880 Conformia
2785 2825 2875 2878 his
2922 2826 3093 2880 tradit
3127 2826 3224 2880 lib.
3270 2843 3363 2879 xix
3406 2826 3475 2880 de
3522 2827 3608 2881 Ci-

1903 2913 2006 2968 vit.
2042 2914 2161 2978 Dei,
2190 2930 2311 2983 cap.
2339 2917 2405 2967 25
2429 2930 2442 2967 :
2470 2932 2500 2966 (ι
2524 2912 2791 2978 Proinde,
2817 2913 3020 2983 inquit,
3053 2914 3289 2968 virtutes
3313 2930 3453 2986 quas
3474 2914 3605 2984 (hu-

964 3022 992 3051 ‹‹
1039 3000 1270 3055 Noveris
1322 3002 1532 3072 itaque,
1585 3004 1794 3073 inquit,
1827 3028 1863 3082 ρ
1906 3018 2076 3055 mana
2107 3001 2283 3073 mens)
2329 3001 2437 3055 sibi
2476 3001 2688 3055 habere
2732 3000 2977 3068 videtur,
3028 3018 3132 3072 per
3171 3018 3312 3072 quas
3358 3002 3609 3073 imperat

1905 3092 2153 3162 corpori,
2188 3095 2244 3146 et
2274 3092 2423 3145 vitiis
2448 3090 2520 3145 ad
2555 3090 2851 3162 quodlibet
2892 3090 3342 3162 adipiscendum,
3378 3092 3466 3145 vel
3513 3096 3605 3146 te—

1906 3183 2179 3248 nendum,
2237 3181 2348 3235 nisi
2380 3181 2450 3235 ad
2498 3182 2676 3235 Deum
2721 3180 3003 3247 retulerit,
3068 3180 3243 3234 etiam
3291 3181 3427 3250 ipsa
3470 3180 3608 3235 vitia

1907 3274 2042 3321 sunt
2080 3268 2273 3337 potius
2307 3284 2481 3338 quam
2520 3267 2777 3322 virtutes.
2828 3269 2969 3322 Nam
3001 3268 3129 3322 licet
3176 3285 3209 3322 a
3258 3268 3605 3339 quibusdam

1904 3360 2041 3410 tunc
2083 3373 2229 3410 vera
2282 3361 2337 3409 et
2376 3358 2628 3410 honesta
2676 3362 2950 3429 putentur
2992 3374 3113 3412 esse
3170 3358 3426 3424 virtutes,
3473 3374 3603 3411 cum

1904 3462 1973 3498 an
2014 3462 2226 3499 SEIPSAS
2265 3461 2640 3511 aereauurun,
2702 3463 2807 3500 nec
2851 3452 3087 3517 propter
3133 3447 3291 3501 aliud
3339 3452 3611 3518 expetun-

1904 3538 2020 3599 tur,
2070 3534 2247 3587 etiam
2286 3539 2423 3588 tunc
2465 3534 2697 3600 iuﬁata,
2745 3552 2807 3588 ac
2848 3536 3110 3603 superba
3164 3541 3327 3600 sunt;
3376 3540 3431 3589 et
3476 3535 3603 3589 ideo

1906 3638 2018 3675 non
2052 3622 2309 3690 virtutes,
2342 3623 2436 3676 sed
2467 3623 2602 3675 vitia
2626 3623 2934 3692 judicanda
2966 3628 3115 3678 sunt.
3152 3646 3179 3673 ››
3234 3625 3429 3695 Itaque
3477 3641 3608 3678 cum

1904 3710 2082 3763 virtus
2140 3711 2311 3764 etiam
2358 3712 2428 3765 ob
2486 3712 2575 3765 sui
2631 3717 2855 3765 tantum
2908 3712 3263 3766 honestatem
3296 3714 3607 3783 appetitur,

1903 3798 2037 3852 facit
2065 3804 2127 3852 ut
2155 3800 2310 3853 illam
2359 3815 2710 3870 prosequens
2758 3806 2927 3869 atque
2964 3818 3273 3871 assequens
3317 3801 3424 3855 Sibi
3454 3818 3607 3855 com-

1905 3888 2124 3958 placeat
2180 3888 2240 3941 in
2286 3905 2388 3941 suo
2448 3904 2653 3958 Opere,
2709 3905 2772 3942 ac
2827 3888 3121 3958 pbilautia
3174 3889 3310 3942 vitio
3368 3890 3604 3944 laboret.

1905 3978 2111 4042 Quare,
2164 3976 2329 4029 sicuti
2391 3977 2627 4029 honeste
2672 3992 2915 4046 operans
2973 3982 3034 4028 ut
3089 3976 3216 4029 aliis
3274 3978 3489 4046 placeat
3545 3994 3609 4031 ac

1905 4063 2171 4117 laudetur
2220 4065 2287 4117 ab
2339 4064 2463 4117 aliis
2509 4069 2703 4134 peccat
2752 4069 2982 4133 peccato
3026 4064 3212 4117 inanis
3260 4065 3480 4133 gloria,
3531 4065 3610 4119 ita

1904 4151 2121 4222 pariter
2165 4152 2263 4222 qui
2303 4152 2538 4205 honeste
2570 4158 2842 4222 Operatur
2881 4154 3239 4222 complacens
3284 4152 3411 4215 sibi,
3446 4169 3510 4205 ac
3550 4153 3610 4205 in

1907 4241 2093 4310 seipso
2129 4241 2421 4310 gloriatus,
2460 4257 2590 4294 reus
2628 4246 2710 4293 est
2742 4240 3055 4310 pbilautia.
3093 4241 3229 4294 Hinc
3263 4240 3398 4293 dixit
3428 4244 3611 4310 Apos-

74 4330 231 4382 vitia
272 4331 659 4397 vertebantur,
698 4337 890 4401 utpote
936 4348 1063 4402 qua
1105 4332 1389 4402 superbia
1440 4334 1793 4387 inservirent.
1823 4322 1867 4377 D
1907 4331 2076 4394 tolus,
2134 4331 2368 4384 Scienti'a
2432 4332 2587 4397 inflat
2638 4331 2677 4398 (1
2733 4331 2851 4386 Cor.
2903 4330 3043 4397 vui).
3123 4330 3196 4382 Eo
3253 4328 3406 4381 enim
3464 4330 3609 4398 ipso,

76 4420 222 4472 Hac
270 4419 469 4472 scribit
516 4420 615 4472 lib.
652 4436 701 4472 iv
737 4426 936 4474 contra
982 4422 1293 4488 lulianum,
1343 4438 1465 4491 cap.
1515 4425 1583 4478 3:
1642 4442 1668 4473 ‹‹
1714 4426 1800 4475 An

70 4506 261 4575 forte,
296 4506 503 4577 inquit,
539 4516 594 4561 et
621 4507 767 4575 istis,
798 4509 894 4579 qui
929 4510 1305 4563 exhibuerunt
1338 4515 1577 4563 terrena
1604 4511 1801 4581 patria

74 4595 501 4663 Babylonicam
542 4598 925 4663 dilectionem,
969 4603 1025 4651 et
1063 4599 1269 4651 virtute
1308 4598 1455 4651 civili
1488 4615 1601 4652 non
1648 4616 1795 4665 vera,

71 4684 187 4736 sed
234 4684 529 4738 verisimili
574 4686 949 4751 damonibus,
992 4687 1077 4740 vel
1129 4686 1395 4740 humana
1446 4688 1643 4757 gloria
1691 4705 1800 4741 ser-

65 4772 345 4838 vierunt,
378 4780 482 4827 etc.
521 4776 583 4828 Et
624 4780 785 4827 antea
826 4775 1043 4828 dixerat
1075 4792 1086 4829 :
1124 4794 1150 4825 α
1189 4777 1407 4829 Bonum
1441 4781 1524 4828 est
1555 4780 1709 4829 enim
1742 4782 1804 4831 ut

64 4862 470 4915 subveniatur
499 4862 716 4915 homini
751 4862 1117 4932 periclitanti,
1146 4865 1465 4933 praesertim
1488 4865 1798 4921 innocenti.

63 4950 191 5005 Sed
214 4950 321 5003 ille
343 4949 443 5020 qui
467 4951 573 5003 hoc
594 4951 742 5017 facit,
765 4951 810 5003 si
835 4951 1079 5004 amando
1101 4952 1338 5022 gloriam
1363 4954 1663 5007 hominum
1690 4971 1804 5008 ma-

63 5037 163 5107 gis
190 5054 381 5107 quam
408 5038 501 5091 Dei
525 5038 676 5102 facit,
702 5055 816 5092 non
846 5040 990 5092 bene
1012 5040 1224 5093 bonum
1244 5040 1397 5105 facit,
1424 5041 1558 5112 quia
1581 5060 1693 5096 non
1717 5044 1804 5099 bo'

61 5140 187 5178 nus
223 5126 368 5179 facit
399 5128 550 5195 quod
582 5142 696 5179 non
728 5126 876 5180 bona
906 5128 1196 5181 voluntate
1226 5128 1377 5181 facit.
1416 5151 1437 5177 ι
1478 5130 1637 5192 Hinc,
1672 5147 1802 5185 cum

60 5213 357 5267 Julianus
372 5214 582 5268 ibidem
598 5215 930 5284 objecisset:
953 5235 980 5265 (ι
1004 5217 1060 5268 Si
1085 5216 1314 5286 gentilis
1336 5216 1554 5269 nudum
1574 5235 1804 5287 operue-

64 5302 169 5366 rit,
197 5302 477 5371 nunquid
509 5303 645 5373 quia
676 5319 789 5357 non
816 5310 981 5357 estex
1009 5304 1138 5369 ﬁde,
1162 5310 1457 5375 peccatum
1483 5309 1606 5361 est?
1636 5326 1661 5356 η
1686 5324 1801 5360 res-

62 5391 306 5461 pondet
337 5392 692 5460 Augustinus
725 5409 737 5445 :
775 5414 801 5441 »
838 5394 1093 5457 Prorsus,
1116 5394 1173 5446 in
1193 5400 1473 5464 quantum
1498 5411 1610 5447 non
1635 5401 1718 5448 est
1736 5411 1802 5449 ex

62 5479 214 5542 ﬁde,
260 5487 567 5550 peccatum
620 5485 723 5548 est,
779 5497 896 5534 non
939 5482 1074 5552 quia
1120 5498 1221 5552 per
1268 5482 1518 5553 seipsum
1568 5484 1800 5546 factum,

62 5569 236 5639 quod
274 5573 365 5623 est
396 5569 618 5624 nudum
667 5570 913 5640 operire,
960 5577 1254 5641 peccatum
1289 5577 1390 5638 est,
1441 5573 1539 5626 sed
1586 5572 1656 5626 de
1706 5573 1802 5626 tali

1911 4418 2063 4488 quod
2095 4419 2264 4471 homo
2297 4420 2587 4487 cognoscit
2616 4436 2674 4473 se
2706 4420 2910 4472 virtute
2952 4417 3277 4488 praditum,
3310 4423 3492 4470 semet
3521 4419 3613 4471 de-

1908 4507 2166 4569 lectatur,
2219 4509 2437 4561 cateris
2487 4524 2543 4561 se
2587 4507 2892 4577 praponit,
2927 4523 2990 4559 ac
3040 4507 3097 4559 in
3145 4506 3353 4575 seipso,
3386 4522 3501 4559 non
3553 4505 3611 4558 in

1913 4596 2155 4650 Domino
2198 4597 2493 4665 gloriatur.
2538 4597 2628 4649 Est
2672 4604 2864 4649 autem
2916 4594 3134 4665 primus
3175 4594 3241 4649 ad
3286 4594 3612 4665 superbiam

1911 4683 2122 4751 gradus
2153 4699 2209 4735 se
2250 4683 2432 4752 pluris
2467 4700 2640 4753 quam
2681 4684 2820 4737 alios
2852 4685 3058 4751 facere,
3090 4700 3153 4737 ac
3183 4684 3447 4737 virtutem
3482 4683 3611 4748 sibi,

1913 4786 2025 4822 nou
2061 4772 2173 4824 Deo
2201 4778 2489 4840 acceptam
2534 4771 2700 4825 ferre.
2734 4772 2880 4825 Illud
2912 4777 3103 4826 autem
3143 4770 3450 4842 Augustini
3483 4787 3612 4839 pro-

1913 4858 2262 4925 nuntiatum,
2316 4875 2523 4929 nempe
2568 4860 2858 4922 virtutem,
2907 4878 3037 4915 cum
3088 4861 3158 4913 ob
3212 4860 3299 4913 sui
3349 4860 3613 4912 honesta-

1911 4951 2027 5000 tem
2066 4948 2374 5018 appetitur,
2424 4965 2545 5003 esse
2602 4951 2931 5020 superbam,
2976 4966 3039 5003 ac
3078 4947 3356 5018 pbilautia
3402 4943 3610 5006 vitiari,

1911 5037 2187 5107 probatur
2210 5038 2331 5091 fuse
2353 5038 2423 5092 ab
2467 5038 2669 5093 eodem
2717 5047 2910 5092 sancto
2951 5039 3181 5092 doctore
3225 5050 3393 5088 serm.
3449 5036 3508 5087 l3
3545 5032 3614 5087 de

1912 5125 2076 5179 Verb.
2131 5128 2351 5195 Apost,
2402 5128 2663 5196 exemplo
2696 5127 3041 5189 Stoicorum,
3096 5123 3195 5193 qui
3251 5120 3616 5173 sectabantur

1911 5213 2177 5267 virtutem
2214 5220 2444 5285 propter
2474 5216 2743 5285 seipsam,
2780 5214 3111 5269 eorumdem
3145 5216 3337 5263 tamen
3375 5209 3614 5263 virtutes

1912 5304 2195 5372 superbia
2242 5304 2677 5358 ancillabantur.
2726 5305 2808 5357 lbi
2857 5309 3047 5355 autem
3116 5298 3422 5352 introducit
3469 5300 3615 5353 Pau-

1912 5391 2030 5444 lum
2053 5392 2288 5445 Athenis
2336 5409 2463 5446 cum
2512 5394 2714 5447 Stoicis
2757 5398 2812 5445 et
2857 5388 3141 5460 Epicureis
3192 5389 3616 5458 colloquentem

1912 5481 2147 5549 (dicitur
2185 5482 2338 5535 enim
2383 5487 2501 5537 Act.
2546 5498 2675 5535 xvu:
2722 5480 2954 5549 ()uidam
2999 5489 3174 5531 autem
3231 5480 3509 5546 Epicurei,
3570 5481 3620 5531 et

1910 5572 2086 5628 Stoici
2113 5576 2425 5646 philosophi
2454 5573 2790 5631 disserebant
2822 5586 2939 5626 cum
2960 5572 3058 5641 eo),
3092 5576 3149 5625 et
3166 5570 3316 5627 inter
3345 5570 3458 5625 alia
3485 5569 3622 5625 scri-
