3946 6176
443 269 545 321 623

1455 263 2013 320 SUPPLEMENTUM
2053 268 2145 321 AD
2183 268 2417 323 OPERA
2455 270 2509 324 S.
2553 255 2942 324 AUGUSTINI.

3753 289 3824 339 6‘25

440 391 554 446 bit:
591 412 612 442 ι
647 389 878 445 Dicebat
909 387 1214 459 Epicureus
1246 402 1259 439 :
1289 386 1493 439 Beatus
1513 386 1675 457 cujus
1717 391 1803 440 est
1842 387 1901 441 in
1945 388 2135 442 fructu
2163 392 2206 445 A
2235 394 2468 460 prapter
2519 407 2577 444 se
2621 391 2804 461 ipsam
2846 390 3137 444 intentam
3183 391 3393 461 inﬂare,
3440 395 3584 465 cujus
3630 400 3745 455 ratio
3778 413 3834 460 est

441 480 703 552 voluptas
731 477 916 534 carnis
945 477 1085 546 ejus.
1128 472 1359 528 Dicebat
1376 473 1598 528 Stoicus
1629 477 1783 530 :lmo
1809 477 2008 530 beatus
2035 493 2133 530 cu-

434 571 531 642 jus
560 574 646 624 est
671 569 729 622 in
758 568 944 621 fructu
970 564 1148 618 virtus
1169 562 1347 616 animi
1373 563 1494 633 ejus
1529 584 1543 629 ;
1567 564 1790 619 dicebat
1808 568 2131 636 Apostotus:

440 662 636 716 Beatus
665 657 818 725 cujus
846 658 923 707 est
950 668 1137 707 nomen
1175 654 1392 706 Domini
1431 667 1552 721 spes
1599 655 1737 723 ejus.
1804 655 1965 708 Errat
2010 655 2137 725 Epi-

439 763 638 804 cureus
668 762 681 812 ;
715 744 919 797 falsum
949 745 1034 796 est
1062 741 1218 794 enim
1247 757 1366 795 esse
1409 742 1708 796 hominem
1752 743 2006 811 beatum,
2038 760 2132 797 cu-

431 837 526 906 jus
573 838 657 886 est
702 831 763 885 in
811 830 999 884 fructu
1038 830 1296 899 voluptas
1360 831 1546 884 carnis
1605 832 1747 902 ejus.
1801 832 2035 886 Fallitur
2081 837 2138 887 et

437 921 700 988 Stoicus;
745 920 952 974 falsum
1014 918 1170 973 enim
1217 923 1320 985 est,
1343 924 1398 974 et
1460 920 1694 974 omnino
1766 921 2132 976 mendosissi-

436 1027 618 1077 mum,
650 1009 880 1064 beatum
903 1024 1024 1063 esse
1044 1007 1361 1073 hominem,
1387 1008 1549 1079 cujus
1571 1013 1654 1062 est
1675 1008 1736 1062 in
1752 1008 1938 1062 fructu
1959 1009 2135 1063 virtus

435 1098 614 1154 animi
641 1099 783 1170 ejus.
818 1119 845 1150 )›
879 1097 1136 1152 Profecto
1167 1113 1238 1150 an
1268 1097 1445 1150 virtus
1491 1102 1729 1168 propter
1776 1098 1864 1152 sui
1909 1103 2136 1152 tantum

432 1188 792 1243 honestatem
825 1186 1047 1240 intenta
1085 1185 1247 1238 inﬂet
1294 1185 1620 1250 habentem,
1674 1201 1737 1238 ac
1785 1186 2133 1255 philautiam

435 1281 650 1344 causet,
699 1280 817 1330 tam
873 1276 1025 1329 claro
1077 1275 1339 1344 exemplo
1398 1274 1695 1328 manifeste
1742 1279 1916 1345 patet.
1975 1275 2134 1329 Unde

437 1365 714 1438 quidquid
761 1365 832 1418 sit
875 1365 944 1418 de
993 1380 1052 1417 re
1082 1361 1426 1434 speculative
1456 1363 1833 1430 considerata,
1875 1363 1934 1417 in
1974 1363 2135 1434 praxi

435 1453 743 1524 Augustini
781 1453 1064 1506 sententia
1097 1469 1229 1506 vera
1268 1455 1367 1506 est.
1418 1453 1592 1506 Porro
1639 1457 1794 1506 tanta
1829 1456 1954 1506 erat-
1986 1452 2131 1506 Stoi-

435 1559 632 1597 corum
665 1542 952 1612 superbia,
993 1546 1056 1595 ut
1085 1541 1154 1595 ad
1186 1540 1455 1594 virtutem
1497 1540 1903 1610 capessendam
1941 1540 2132 1594 divino

438 1648 543 1686 nos
590 1631 803 1686 auxilio
833 1630 1094 1700 indigere
1129 1629 1462 1683 stultissime
1492 1634 1893 1700 pernegarent.
1927 1631 2134 1684 Eorum

435 1721 606 1775 verba
662 1719 1025 1774 recitavimus
1087 1719 1186 1773 lib.
1247 1735 1263 1773 ι
1322 1719 1458 1772 Hist.
1517 1719 1736 1788 Pelag.,
1768 1735 1891 1788 cap.
1929 1723 1979 1779 1,
2035 1718 2134 1772 ubi

435 1809 609 1864 etiam
639 1808 1008 1880 probavimus
1037 1808 1366 1878 superbiam
1407 1808 1865 1878 Pelagianorum,
1903 1822 2017 1878 qua
2046 1807 2132 1861 di-

431 1899 579 1954 vinae
609 1899 803 1969 gratias
833 1897 1231 1952 necessitatem
1260 1897 1683 1963 inﬂciabantur,
1717 1913 1781 1949 ex
1812 1895 2132 1950 Stoicorum

434 1987 702 2056 dogmate
764 1985 1073 2039 derivasse.
1133 1984 1370 2055 Egregie
1419 1989 1646 2038 sanctus
1695 1984 1894 2038 doctor
1936 1989 2133 2037 contra

431 2075 768 2145 Pelagianos
815 2089 1079 2128 sermone
1124 2073 1327 2126 eodem
1378 2075 1440 2126 l3
1492 2071 1680 2126 dixit:
1742 2090 1769 2122 (ι
1801 2073 1887 2126 Tu
1938 2075 1994 2126 te
2049 2071 2132 2127 vis

431 2179 622 2233 agere,
646 2178 679 2214 a
707 2168 762 2215 te
791 2162 916 2232 ipso
947 2162 1029 2215 vis
1060 2161 1154 2232 agi
1187 2161 1259 2215 ad
1289 2161 1540 2214 actiones
1569 2159 1755 2214 carnis
1784 2160 2132 2215 mortiﬁcan-

433 2251 573 2305 das?
603 2250 751 2314 Quid
779 2250 885 2304 tibi
912 2250 1164 2320 prodest,
1201 2250 1334 2320 quia
1378 2265 1497 2302 non
1544 2248 1654 2302 eris
1701 2248 2025 2319 Epicureus,
2077 2255 2133 2305 et

431 2339 542 2394 eris
570 2338 835 2393 Stoicus?
879 2359 902 2387 ι
947 2338 1104 2392 Idem
1145 2353 1385 2408 magnus
1424 2337 1696 2408 magister
1733 2337 1832 2392 lib.
1863 2355 1895 2391 v
1935 2339 2004 2393 de
2047 2338 2132 2393 Ci-

428 2427 526 2484 vit.
559 2427 679 2494 Dei,
712 2444 836 2498 cap.
868 2429 959 2494 20,
993 2443 1125 2480 cum
1152 2426 1388 2480 dixisset
1423 2427 1704 2496 quosdam
1738 2426 2128 2497 philosophos,

428 2517 500 2572 ad
533 2517 759 2588 Epicuri
791 2515 1211 2587 turpitudinem
1253 2515 1783 2582 demonstrandam,
1831 2516 2042 2570 aﬂ‘ahre
2070 2516 2129 2571 in

428 2606 624 2661 tabula
669 2605 919 2677 pinxisse
966 2605 1314 2675 voluptatem
1374 2605 1435 2658 in
1481 2605 1663 2676 regali
1705 2605 1843 2659 sella
1895 2610 2128 2675 tanqam

426 2696 688 2767 reginam
719 2695 1134 2761 considentem,
1165 2694 1405 2749 virtutes
1435 2710 1568 2748 vero
1608 2693 1795 2749 eidem
1832 2711 1936 2764 pro
1964 2695 2127 2748 obse-

426 2785 564 2856 quio
587 2789 854 2851 astantes,
874 2785 1113 2854 ejusque
1131 2787 1334 2837 nutum
1351 2784 1738 2854 observantes,
1767 2789 1830 2838 ut
1855 2783 2005 2854 quod
2029 2784 2128 2838 illa

423 2872 753 2943 imperaret,
787 2871 1218 2943 promptissime
1249 2877 1721 2944 exsequerentur,
1774 2873 1897 2927 haec
1926 2873 2121 2926 addit:

2167 1689 2207 1744 B

429 2981 457 3012 «
487 2961 638 3015 Nihil
663 2961 769 3014 hac
793 2960 1016 3030 pictura
1045 2960 1244 3015 dicunt
1273 2977 1394 3014 esse
1432 2960 1875 3031 ignominiosius
1921 2964 1976 3014 et
2027 2961 2125 3014 de-
2156 2989 2192 3043 ρ

423 3049 684 3104 formius.
727 3069 755 3100 io
787 3050 987 3103 Postea
1029 3053 1221 3102 autem
1266 3049 1357 3103 his
1403 3048 1620 3102 Stoicos
1659 3049 1884 3103 vellicat
1919 3066 1986 3102 :«
2017 3048 2125 3102 Sed

425 3153 544 3192 non
587 3136 847 3191 existimo
896 3137 1028 3190 satis
1072 3136 1249 3191 debiti
1302 3137 1521 3192 decoris
1565 3154 1687 3191 esse
1731 3137 2031 3207 picturam,
2077 3139 2124 3192 si

425 3224 599 3279 etiam
627 3223 756 3278 talis
785 3223 1056 3294 ﬁngatur,
1081 3223 1179 3277 ubi
1208 3223 1446 3277 virtutes
1471 3224 1740 3278 humanas
1769 3225 1967 3294 gloria;
2005 3241 2120 3279 ser-

425 3313 601 3366 viant.
635 3311 788 3365 Licet
810 3311 964 3364 enim
993 3311 1100 3364 ista
1121 3310 1304 3381 gloria
1335 3310 1576 3364 delicata
1617 3311 1825 3365 mulier
1870 3328 1982 3366 non
2026 3312 2118 3380 sit,

426 3400 624 3455 inﬂata
656 3405 850 3454 tamen
879 3404 980 3465 est,
1014 3395 1345 3451 et’multum
1368 3397 1659 3452 inanitatis
1696 3398 1881 3452 habet.
1924 3420 1946 3448 ι
1982 3400 2120 3455 Inde

424 3489 810 3546 recentiorum
888 3487 1321 3558 responsionem
1401 3503 1804 3558 praeoccupans
1877 3487 2036 3542 addit
2103 3506 2115 3544 :

427 3599 455 3632 ‹‹
493 3579 606 3633 Nec
634 3577 720 3632 illi
750 3594 807 3630 se
853 3577 921 3631 ab
966 3576 1074 3629 ista
1113 3575 1475 3629 defenderint
1516 3575 1788 3642 foeditate,
1839 3576 1939 3647 qui
1989 3593 2119 3631 cum

423 3656 609 3724 aliena
637 3671 909 3738 spernant
942 3664 1181 3737 judicia,
1225 3665 1380 3719 velut
1427 3664 1625 3735 gloria:
1673 3669 2114 3736 contemptores,

421 3756 530 3811 sibi
561 3755 843 3827 sapientes
871 3754 1152 3821 videntur,
1187 3754 1238 3808 ei
1279 3770 1381 3808 SIBI
1426 3770 1681 3808 PLACENT.
1729 3755 1869 3808 Nam
1918 3771 2116 3810 eorum

419 3843 613 3907 virtus,
645 3843 692 3897 si
717 3848 909 3898 tamen
942 3843 1055 3897 ulla
1084 3846 1190 3908 est,
1221 3842 1332 3896 alio
1373 3843 1541 3896 modo
1587 3843 1838 3913 quodam
1882 3859 2114 3898 unum:

420 3949 680 3988 susurrus
701 3948 892 3999 LAUDI;
914 3948 1102 4003 neque
1123 3931 1278 3985 enim
1301 3930 1443 4002 ipse,
1468 3931 1568 4003 qui
1589 3931 1697 3986 sibi
1719 3931 1922 4002 placet,
1942 3933 2113 3988 homo

417 4039 534 4077 non
565 4027 667 4078 est.
708 4045 728 4071 υ
764 4023 894 4077 Haec
913 4022 1038 4092 ipsa
1057 4021 1470 4076 confirmantur
1494 4022 1754 4092 exemplo
1775 4022 2113 4091 angelorum

415 4112 814 4182 reproborum,
849 4127 914 4165 ac
939 4109 1030 4181 pri
1050 4126 1283 4164 morum
1305 4113 1629 4182 parentum,
1654 4126 1902 4180 quorum
1918 4111 2111 4182 lapsus

415 4218 484 4256 ex
511 4201 791 4272 philautia
823 4204 1014 4255 ortum
1041 4201 1220 4255 duxit.
1253 4199 1459 4255 Scribit
1487 4203 1712 4253 sanctus
1751 4200 1995 4269 Prosper
2039 4200 2109 4255 ad

2247 477 2380 548 quia
2411 477 2650 549 quilibet
2698 495 2894 533 amore
2925 479 3174 532 naturali
3203 478 3380 550 diligit
3420 498 3491 549 se,
3521 488 3570 537 et
3610 501 3708 555 quo
3747 483 3846 558 plu-‘

2247 583 2310 620 ra
2338 566 2398 619 in
2443 584 2501 621 se
2550 569 2699 621 bona
2742 567 3041 638 conspicit,
3073 568 3202 637 plus
3245 569 3348 622 sibi
3388 572 3700 640 complacet;
3732 579 3830 633 unde

2245 671 2365 726 prae
2395 655 2521 708 aliis
2564 673 2621 710 se
2651 657 2914 723 aestimat,
2960 662 3016 711 et
3045 657 3321 727 philautia
3365 657 3674 727 intumescit,
3701 678 3752 715 ac
3774 682 3831 719 γει

2245 743 2354 798 luti
2403 744 2692 798 Narcissus
2739 752 2959 799 suamet
2997 745 3411 816 pulchritudine
3450 748 3658 817 rapitur.
3704 752 3834 808 Unum

2247 837 2437 886 autem
2479 835 2779 888 contraria:
2828 835 3123 888 sententiae
3173 840 3423 888 auctores
3459 853 3713 906 opponere
3746 856 3834 909 pos-

2245 925 2392 986 sent,
2437 921 2653 990 optime
2690 923 2985 992 hucusque
3025 921 3175 976 dicta
3215 923 3554 991 concludere,
3599 924 3639 977 si
3673 926 3836 982 eliciens

2247 1013 2404 1062 actus
2453 1010 2743 1077 honestos,
2793 1010 2927 1064 inde
2974 1011 3126 1080 apud
3177 1011 3532 1082 semetipsum
3562 1012 3698 1066 inani
3727 1033 3834 1068 com-

2243 1097 2528 1167 placentia
2569 1104 2891 1169 turgescat;
2937 1104 2996 1152 at
3045 1099 3170 1153 ﬁeri
3209 1116 3369 1170 posse
3411 1108 3470 1154 ut
3511 1101 3625 1170 quis
3663 1102 3834 1157 honeste

2245 1191 2529 1256 Operetur,
2564 1204 2614 1241 v.
2642 1204 2720 1258 g.,
2761 1187 2857 1242 det
2886 1189 3306 1259 eleemosynam
3347 1190 3587 1259 pauperi,
3625 1207 3678 1243 ac
3701 1193 3838 1246 statim

2244 1275 2500 1345 ejusdem
2529 1291 2692 1329 mens
2723 1276 2834 1330 alio
2866 1281 3151 1344 avocetur,
3184 1277 3244 1330 in
3271 1293 3382 1348 quo
3412 1293 3536 1330 casu
3561 1293 3719 1347 neque
3738 1282 3840 1350 apud

2247 1364 2616 1435 semetipsum
2647 1365 2716 1419 de
2745 1366 2896 1419 bono
2928 1382 3098 1436 opere
3128 1382 3230 1436 per
3261 1371 3445 1419 actum
3489 1365 3723 1420 reﬂexum
3755 1369 3841 1437 glo-

2244 1453 2500 1508 riabitur.
2535 1455 2736 1507 Fateor
2764 1454 3020 1525 quidem,
3051 1454 3098 1508 si
3129 1455 3321 1508 statim
3349 1471 3501 1508 mens
3540 1456 3638 1507 alio
3675 1473 3700 1508 a
3739 1473 3839 1509 noro
3908 1457 3909 1525 ᾗ

2245 1540 2468 1610 objecto
2511 1541 2788 1608 trahatur,
2821 1542 2946 1596 ﬁeri
2979 1558 3145 1612 posse
3187 1548 3250 1596 ut
3287 1543 3440 1596 nulla
3485 1543 3621 1613 apud
3661 1543 3843 1613 seipsum

2245 1630 2426 1700 gloria
2467 1631 2553 1684 vel
2577 1631 2851 1701 jactantia
2879 1632 3172 1697 titilletur;
3206 1636 3265 1685 at
3293 1631 3350 1685 id
3382 1647 3481 1701 per
3508 1632 3728 1686 accidens
3750 1649 3841 1686 con-

2243 1718 2428 1788 tingit.
2472 1720 2613 1772 Nam
2652 1735 2824 1790 agens
2854 1721 3068 1774 morale
3101 1720 3268 1774 debet
3297 1719 3632 1774 considerare
3659 1737 3717 1774 an
3740 1728 3839 1776 recte

2241 1812 2509 1877 operatus
2547 1808 2640 1875 sit,
2685 1825 2756 1862 an
2797 1809 3010 1878 optime
3041 1825 3098 1862 se
3139 1810 3348 1864 habeat
3383 1825 3512 1880 erga
3549 1825 3692 1863 suum
3725 1810 3841 1863 tinem

2240 1910 2308 1949 ex
2341 1894 2440 1948 illa
2470 1894 2722 1962 actione;
2765 1911 2894 1966 quae
2925 1895 3157 1966 quidem
3195 1895 3549 1949 considerans
3578 1901 3710 1948 amat
3731 1911 3841 1948 suum

2239 1996 2383 2052 Opus
2412 1999 2476 2036 ac
2505 1983 2565 2036 in
2595 1983 2781 2053 seipso
2812 1983 3109 2052 gloriatur.
3145 1985 3359 2038 Censeo
3399 1989 3580 2037 tamen
3604 1983 3704 2036 haec
3729 1999 3842 2052 opera

2238 2070 2390 2125 bona
2417 2087 2531 2124 non
2562 2071 2734 2125 fuisse
2758 2071 2906 2126 facta
2933 2073 3004 2126 ab
3035 2073 3365 2126 inﬁdelibus
3394 2072 3506 2126 suis
3545 2071 3758 2141 ipsorum
3792 2069 3839 2120 vi-

2237 2158 2398 2213 ribus
2437 2160 2740 2226 derelictis,
2793 2161 2891 2214 sed
2935 2161 3298 2231 praemunitis
3341 2160 3657 2230 specialibus
3698 2159 3838 2219 divina

2238 2247 2435 2319 gratia:
2465 2248 2710 2313 auxiliis,
2741 2248 2950 2319 quibus
2979 2249 3125 2303 forte
3156 2249 3464 2320 aliquando
3496 2248 3684 2302 factum
3717 2251 3777 2299 est
3804 2251 3840 2297 ut

2236 2343 2388 2392 recte
2417 2342 2716 2408 operantes
2743 2354 2889 2391 novo
2919 2338 3210 2408 proposito
3251 2338 3473 2408 objecto
3511 2337 3575 2392 de
3609 2336 3736 2389 bono
3759 2350 3840 2404 ope

2237 2442 2299 2480 re
2352 2426 2588 2480 minime
2643 2427 3043 2497 gloriarentur.
3104 2426 3330 2481 Etenim
3374 2441 3500 2478 cum
3541 2425 3666 2478 adeo
3703 2422 3837 2484 facilis,

2236 2515 2353 2569 imo
2395 2531 2526 2568 cum
2575 2515 2962 2585 irreparabilis
3010 2515 3084 2569 sit
3129 2531 3294 2569 casus
3342 2515 3411 2569 ab
3450 2518 3573 2568 actu
3605 2511 3782 2566 virtutis
3805 2509 3837 2562 in

2233 2603 2614 2674 philautiam,
2677 2604 2884 2658 divinae
2935 2604 3133 2674 gratiae
3174 2603 3326 2671 fuit,
3401 2602 3611 2673 quoties
3659 2599 3839 2654 inﬁdeles

2236 2693 2392 2746 nulla
2455 2708 2520 2746 ex
2569 2707 2742 2762 opere
2803 2693 2956 2746 bono
3027 2692 3301 2762 superbia
3361 2691 3681 2744 intumuere.
3729 2687 3840 2740 Video

2235 2780 2382 2834 hanc
2407 2779 2726 2834 doctrinam
2771 2779 2980 2834 diserte
3026 2779 3176 2834 tradi
3205 2796 3238 2832 a
3291 2779 3548 2849 Ripalda,
3595 2776 3762 2830 celebri
3791 2775 3840 2826 in-

2233 2873 2322 2924 ter
2348 2867 2693 2922 recentiores
2723 2868 3008 2938 theologo,
3037 2868 3136 2938 qui
3169 2867 3322 2937 disp.
3368 2870 3457 2936 20,
3499 2871 3623 2920 sect.
3660 2867 3704 2928 6,
3737 2877 3838 2915 num.

2232 2959 2322 3017 25,
2375 2957 2491 3010 ait:
2540 2976 2567 3008 ιι
2601 2958 2769 3012 Recte
2817 2957 3024 3011 dicitur
3069 2957 3424 3010 voluntatem
3469 2955 3528 3008 in
3573 2956 3667 3008 hoc
3708 2950 3841 3005 ordine

2234 3047 2608 3102 Providentiae
2650 3047 2976 3102 destitutam
3009 3046 3220 3100 auxilio
3264 3046 3489 3117 gratiae,
3522 3045 3722 3114 suisque
3756 3038 3839 3091 viri-

2231 3136 2339 3190 bus
2367 3136 2643 3204 relictam,
2678 3137 2864 3190 solum
2903 3152 3066 3206 posse
3097 3136 3432 3205 superbiam
3472 3139 3524 3188 et
3551 3135 3804 3203 peccatum.
3827 3147 3841 3175 π

2231 3225 2368 3289 Quae
2399 3225 2659 3295 pluribus
2688 3225 2900 3279 ibidem
2921 3227 3316 3295 prosequitur,
3349 3225 3579 3279 laudans
3607 3216 3842 3292 praesertim

2231 3313 2376 3367 hanc
2423 3313 2600 3367 sancti
2649 3314 2897 3367 doctoris
2940 3313 3328 3367 sententiam:
3383 3332 3411 3364 α
3465 3313 3704 3366 Liberum
3740 3303 3841 3359 arbi-

2228 3401 2405 3455 trium
2443 3401 2733 3456 desertum
2767 3418 2802 3455 a
2840 3401 3030 3458 divino
3062 3401 3374 3471 adjutorio,
3404 3399 3694 3472 quamlibet
3717 3394 3841 3448 scien-

2227 3490 2306 3544 tia
2334 3490 2477 3560 legis
2517 3492 2775 3557 excellat,
2807 3491 2964 3544 nullo
3004 3491 3174 3544 modo
3206 3491 3383 3546 habet
3407 3490 3628 3560 justitiae
3651 3482 3840 3540 solidita-

2225 3582 2366 3645 tem,
2398 3580 2496 3633 sed
2541 3579 2900 3633 inﬂationem
2943 3579 3137 3649 impia:
3185 3579 3491 3650 superbiae.
3526 3598 3550 3627 υ
3597 3577 3745 3646 Igitur
3779 3569 3841 3622 ubi

2227 3683 2293 3721 ex
2345 3683 2514 3736 opere
2561 3667 2714 3721 bono
2759 3669 2918 3720 nulla
2963 3668 3230 3738 superbia
3274 3668 3340 3722 in
3409 3667 3593 3723 animo
3643 3657 3840 3730 erumpit,

2223 3756 2426 3812 divina:
2457 3756 2654 3827 gratia:
2690 3757 2967 3811 auxilium
3001 3763 3214 3827 praesto
3247 3763 3352 3815 est.

2294 3845 2452 3909 Quod
2504 3851 2693 3899 autem
2759 3846 3018 3900 infideles
3067 3863 3134 3900 ex
3183 3846 3419 3917 speciali
3459 3844 3644 3918 gratia:
3693 3837 3839 3895 auxilio

2223 3933 2569 4005 quandoque
2601 3933 2746 3988 bene
2784 3934 3004 4005 operati
3045 3934 3280 4000 fuerint,
3315 3935 3587 4005 probatur
3627 3947 3684 3985 ex
3708 3929 3840 3982 librox

2223 4021 2294 4076 ad
2326 4021 2699 4089 Bonifacium,
2733 4039 2856 4092 cap.
2892 4025 2982 4088 ‘20,
3015 4023 3114 4077 ubi
3141 4024 3496 4094 Augustinus
3533 4020 3777 4075 lenitatem
3804 4012 3841 4063 in

2220 4111 2450 4164 Assueri
2481 4111 2631 4182 regis
2675 4111 2869 4165 animo
2904 4117 3140 4182 repente
3180 4117 3378 4166 natam
3417 4112 3606 4182 gratiae
3642 4103 3838 4161 ascribit:
3908 4111 3909 4170 γ

2225 4219 2246 4246 ι
2282 4198 2390 4252 Cor
2419 4200 2588 4269 regis,
2639 4199 2827 4270 inquit
2868 4200 2937 4254 de
2986 4201 3120 4267 Deo,
3157 4205 3470 4270 antequam
3516 4194 3736 4252 mulieris
3764 4203 3839 4242 ser-

415 4291 874 4346 Demetriadem:
929 4309 957 4341 «
1006 4291 1136 4344 Haac
1201 4288 1468 4359 superbia
1524 4304 1557 4341 a
1602 4287 1827 4342 diabolo
1871 4288 2114 4359 sumpsit
2143 4285 2187 4340 D
2220 4302 2451 4342 monem
2492 4289 2777 4358 poscentis
2817 4289 3089 4352 audisset,
3122 4289 3508 4342 occultissima
3549 4291 3602 4340 et
3638 4276 3836 4337 efﬁcacis-

415 4380 732 4446 exordium,
809 4377 908 4449 qui
981 4377 1260 4448 quoniam
1321 4393 1444 4444 sua,
1521 4391 1695 4447 quam
1762 4393 1794 4430 a
1845 4377 2109 4432 Creatore

413 4472 725 4538 acceperat,
807 4466 1068 4537 potentia
1140 4469 1197 4518 et
1273 4463 1550 4535 dignitate
1647 4481 1749 4519 sun
1853 4481 2106 4534 PLACUIT,

413 4559 542 4622 etc.,
576 4571 609 4610 a
645 4555 859 4609 cmlesti
901 4553 1253 4608 sublimitate
1293 4552 1545 4623 dejectus
1573 4556 1677 4607 est.
1727 4571 1755 4604 »
1800 4553 1864 4608 Et
1892 4555 1961 4608 de
2001 4556 2105 4610 ho-

409 4643 567 4698 mine
618 4642 762 4696 dixit
813 4642 1164 4713 Augustinus
1222 4641 1321 4696 lib.
1379 4658 1413 4696 x
1470 4641 1539 4696 de
1595 4640 1781 4709 Civit.,
1831 4658 1954 4713 cap.
2018 4647 2102 4699 l3:

413 4731 748 4788 «Diabolus
805 4729 1102 4785 hominem
1176 4746 1292 4785 non
1353 4729 1610 4800 cepisset,
1670 4730 1782 4784 nisi
1832 4731 1954 4801 jam
2009 4731 2104 4786 ille

405 4837 508 4879 SIBI
534 4838 650 4877 IPSE
691 4836 928 4877 PLACERE
974 4819 1252 4892 ccepisset.
1288 4839 1316 4873 »
1367 4819 1508 4874 Hinc
1553 4819 1708 4874 idem
1752 4824 1914 4874 acute
1966 4820 2103 4874 scri-

402 4912 490 4968 bit
517 4913 613 4968 lib.
646 4928 736 4967 xiv
764 4909 1024 4982 ejusdem
1067 4909 1404 4980 operis,cap.
1455 4911 1524 4964 28
1558 4925 1571 4962 :
1606 4929 1629 4958 ι
1678 4910 1955 4963 Fecerunt
1994 4909 2102 4964 ita-

403 5017 515 5073 que
566 5001 821 5057 civitates
874 4999 1016 5054 duas
1071 5014 1293 5053 amores
1350 4998 1486 5065 duo,
1539 5001 1829 5052 terrenam
1891 4998 2103 5053 scilicet

405 5105 566 5144 amor
594 5091 681 5146 sui
709 5105 891 5161 usque
923 5089 994 5143 ad
1029 5091 1421 5159 contemptum
1451 5087 1549 5141 Dei
1585 5106 1599 5154 ;
1639 5087 1926 5141 caelestem
1968 5103 2100 5141 vero

403 5191 564 5230 amor
590 5180 691 5234 Dei
721 5195 902 5250 usque
933 5177 1002 5231 ad
1031 5181 1424 5248 contemptum
1473 5176 1578 5231 sui.
1634 5175 1890 5247 Denique
1920 5175 2018 5230 illa
2037 5175 2100 5232 in

402 5265 606 5336 seipsa,
635 5268 754 5323 hazc
803 5269 863 5322 in
904 5266 1145 5322 Domino
1185 5264 1487 5337 gloriatur,
1541 5284 1571 5316 io
1636 5269 1740 5319 etc.
1798 5267 1983 5329 Quare
2027 5265 2097 5320 ab

402 5369 595 5409 amore
623 5356 710 5409 sui
732 5356 965 5412 initium
995 5355 1264 5427 superbia
1283 5353 1477 5420 sumit,
1505 5370 1634 5424 quae
1657 5353 1933 5407 virtutum
1974 5370 2098 5409 om-

398 5442 560 5499 nium
591 5459 873 5500 venenum
891 5450 996 5511 est,
1031 5444 1206 5499 solius
1233 5443 1444 5498 divinae
1469 5442 1665 5513 gratiae
1684 5441 1951 5496 "antidoto
1997 5457 2092 5496 ex-

394 5529 746 5602 pellendum.
776 5531 904 5585 Haac
933 5533 1128 5585 autem
1155 5529 1340 5585 valide
1370 5527 1615 5600 probant
1633 5527 1904 5583 virtutem
1921 5528 2090 5584 etiam

2219 4376 2363 4430 sima
2389 4382 2670 4447 potestate
2691 4377 2988 4445 convertit,
3021 4382 3079 4431 et
3103 4377 3398 4431 transtulit
3428 4376 3494 4430 ab
3527 4369 3837 4441 indignatione
3908 4409 3909 4414 η

2217 4465 2288 4520 ad
2316 4465 2638 4528 lenitatem;
2671 4467 2778 4520 hoc
2803 4470 2890 4520 est
2919 4467 2987 4520 de
3013 4467 3304 4520 voluntate
3335 4463 3576 4520 laedendi
3603 4461 3662 4515 ad
3690 4457 3837 4540 volun.
3908 4517 3909 4540 ᾖ

2217 4558 2392 4608 tatem
2427 4555 2667 4609 favendi.
2709 4575 2730 4602 ι
2775 4555 2932 4609 Idem
2973 4555 3181 4625 repetit
3210 4555 3308 4610 lib.
3353 4555 3423 4608 de
3463 4551 3637 4608 Gratia
3671 4538 3834 4600 Christi,
3908 4585 3909 4592 η

2214 4657 2339 4712 cap.
2370 4645 2459 4697 24.
2489 4645 2772 4698 Praeterea
2801 4643 2967 4714 epist.
3018 4647 3117 4699 130
3149 4642 3555 4697 continentiam
3587 4627 3836 4693 Polemonis
3908 4639 3909 4650 ‘

2212 4733 2538 4802 philosophi
2570 4733 2775 4786 divinae
2816 4733 3012 4803 gratiae
3045 4733 3435 4802 deputandam
3473 4727 3683 4784 scribit:
3721 4743 3742 4770 ‹
3765 4719 3833 4771 Τει·
3908 4761 3909 4770 η

2212 4835 2369 4888 men,
2391 4821 2490 4884 ait,
2506 4837 2578 4875 ne
2595 4821 2844 4891 idipsum
2862 4822 3116 4891 quidem,
3131 4821 3282 4892 quod
3302 4821 3508 4875 melius
3528 4818 3583 4872 in
3604 4832 3662 4869 eo
3681 4812 3834 4866 factum

2211 4914 2316 4976 est,
2348 4911 2600 4964 humano
2651 4910 2811 4980 operi
2840 4911 3161 4975 tribuerim,
3202 4910 3300 4964 sed
3347 4910 3556 4964 divino.
3594 4924 3618 4956 »
3664 4902 3756 4955 Hoc
3778 4900 3834 4946 ιε·

2210 5013 2342 5052 men
2375 5015 2440 5052 ex
2473 4999 2790 5069 Augustino
2832 4999 3252 5053 observandum
3285 5002 3392 5067 est,
3423 5003 3573 5050 actus
3608 4993 3752 5046 bonos
3773 4985 3832 5036 in-

2209 5087 2467 5142 ﬁdelium
2490 5105 2556 5142 ex
2580 5088 2771 5142 divina
2800 5088 2986 5159 gratia
3015 5088 3297 5142 derivatos
3323 5103 3392 5140 ex
3411 5086 3688 5139 subsecuta
3710 5082 3834 5166 prata

2209 5192 2449 5247 Operum
2488 5177 2918 5232 circumstantia
2958 5181 3022 5231 ut
3058 5176 3373 5247 plurimum
3409 5172 3586 5228 vitiari
3630 5183 3684 5220 ac
3710 5161 3832 5216 amit-

2208 5269 2328 5320 tere
2355 5265 2674 5320 bonititem
2715 5282 2888 5336 quam
2929 5265 2990 5320 in
3021 5281 3123 5319 sua
3149 5265 3405 5336 ipsorum
3436 5255 3763 5333 productione
3778 5257 3830 5336 ξι

2207 5355 2310 5410 Dei
2341 5371 2579 5409 munere
2619 5332 2921 5410 habebant.
2958 5357 3074 5410 Hoc
3102 5332 3321 5408 deduco
3359 5332 3737 5418 exAugustino
3759 5332 3828 5388 lib.

2203 5455 2258 5494 1v
2286 5444 2482 5494 contra
2521 5438 2830 5503 Iulianum,
2859 5455 2980 5510 cap.
3016 5443 3067 5504 3,
3101 5438 3223 5492 haec
3262 5436 3570 5491 scribente:
3608 5451 3633 5479 «
3664 5426 3826 5510 Exiguo

2205 5528 2512 5598 colligitur,
2551 5529 2723 5583 etiam
2754 5528 2879 5600 ipsa
2913 5506 3065 5584 bona
3089 5543 3265 5598 opera
3293 5541 3422 5596 quae
3453 5521 3650 5578 faciunt
3669 5506 3824 5568 inﬁde-
