3946 6176
84 277 185 328 625

1390 280 1710 338 VINDICLE
1750 284 2293 341 AUGUSTINIAN/E.

3491 294 3592 348 626

77 401 162 455 les
195 416 318 455 non
344 400 602 471 ipsorum
633 416 773 471 esse,
797 402 893 456 sed
914 402 1064 456 illius
1087 404 1187 474 qui
1216 404 1359 459 bene
1386 406 1568 461 utitur
1596 408 1784 476 malis;
1816 411 1860 465 A
1890 412 1996 476 ter,
2030 410 2195 481 eique
2226 409 2540 481 impensius
2569 408 2813 477 studeat,
2837 426 2888 464 v.
2922 426 3005 481 g.,
3062 410 3353 482 pudicitiae
3383 415 3580 485 conju-

74 488 344 559 ipsorum
374 492 565 543 autem
596 505 716 542 esse
758 495 1007 560 peccata,
1035 492 1242 562 quibus
1274 498 1329 547 et
1360 511 1503 548 BONA
1535 512 1673 549 MALE
1702 497 1784 550 fa-

72 578 269 644 ciunt,
300 578 430 648 quia
458 594 527 631 ea
556 594 674 631 non
707 578 886 648 ﬁdeli,
918 580 1012 633 sed
1038 580 1273 649 inﬁdeli,
1323 582 1431 636 hoc
1474 588 1576 648 est,
1611 586 1785 639 stulta

72 671 137 721 et
168 668 336 721 noxia
354 666 568 721 faciunt
599 668 907 722 voluntate.
933 668 1125 733 Qualis
1148 670 1412 724 voluntas
1437 673 1592 725 nullo
1632 674 1782 727 chri-

71 756 267 809 stiano
296 754 590 809 dubitante
623 756 789 809 arbor
823 762 907 810 est
934 758 1101 824 mala,
1136 774 1265 829 quae
1306 759 1486 813 facere
1530 777 1643 814 non
1686 778 1784 831 po-

72 848 191 898 test
223 843 333 897 nisi
383 844 602 898 fructus
651 845 851 911 malos,
901 845 960 899 id
1008 850 1089 899 est
1138 848 1253 901 sola
1295 854 1563 917 peccata:
1622 850 1784 907 Omne

74 935 246 993 enim.
271 932 413 985 velis
444 932 612 998 nolis,
654 934 800 1003 quod
826 951 932 988 non
970 939 1047 987 est
1092 950 1159 988 ea:
1185 936 1292 1004 ﬁde
1316 942 1592 1005 peccatum
1620 944 1715 993 est.
1756 959 1778 987 ι

77 1022 213 1074 Vult
238 1020 396 1074 enim
418 1022 793 1092 Augustinus,
826 1023 1179 1076 voluntatem
1208 1025 1325 1077 sola
1356 1025 1466 1079 fide
1496 1027 1666 1096 dirigi
1712 1028 1782 1082 ad

70 1110 404 1163 faciendum
440 1126 584 1179 opus
613 1127 743 1163 cum
788 1110 976 1164 debita
1005 1110 1430 1166 circumstantia
1478 1114 1781 1168 relationis

74 1199 133 1252 in
168 1200 355 1253 Deum
386 1200 655 1254 ultimum
693 1200 887 1254 ﬁnem.
923 1201 1063 1254 Hinc
1094 1202 1350 1271 superius
1380 1202 1591 1256 ibidem
1624 1204 1780 1258 dixe-

75 1293 205 1340 rat:
243 1307 271 1337 «ι
305 1288 449 1341 Cum
494 1305 607 1341 non
645 1290 713 1342 ad
746 1305 912 1343 suum
949 1290 1273 1343 referuntur
1312 1296 1602 1345 auctorem
1634 1293 1783 1346 dona

71 1374 201 1439 Dei,
236 1375 347 1429 hoc
395 1375 518 1446 ipso
566 1376 704 1430 mali
756 1377 845 1431 his
880 1382 1103 1432 utentes
1133 1379 1457 1433 efﬁciuntur
1484 1380 1703 1451 injusti,
1735 1381 1783 1435 si

70 1481 221 1535 quas
249 1466 491 1519 virtutes
519 1466 749 1532 habent,
805 1483 966 1521 veras
1020 1484 1137 1521 non
1187 1469 1418 1536 habent,
1453 1486 1516 1523 ac
1545 1487 1647 1541 per
1678 1471 1781 1525 hoc

67 1570 176 1608 nec
209 1556 731 1621 continentia,.sive
759 1556 1029 1625 pudicitia
1057 1574 1188 1611 vera
1231 1558 1408 1611 virtus
1456 1564 1540 1613 est
1564 1558 1780 1629 impio-

66 1658 226 1696 rum.
264 1662 295 1693 »
324 1645 388 1697 In
420 1644 524 1697 hoc
556 1660 687 1697 vero
707 1645 890 1715 capite
922 1646 1176 1700 defendit
1220 1652 1448 1701 sanctus
1482 1648 1678 1702 doctor
1709 1648 1779 1702 ab

67 1729 314 1799 objectis
342 1730 554 1785 Juliani
584 1731 665 1797 id,
690 1733 840 1802 quod
870 1734 1174 1804 scripserat
1199 1735 1296 1789 lib.
1322 1754 1337 1789 ι
1370 1736 1438 1789 de
1471 1736 1695 1807 Nuptiis
1725 1741 1782 1791 et

62 1832 345 1887 concup.,
376 1835 496 1889 cap.
534 1822 581 1883 3,
644 1820 740 1874 ubi
770 1837 899 1875 cum
935 1822 1168 1876 dixisset
1215 1824 1627 1878 continentiam
1658 1841 1780 1879 esse

64 1906 300 1960 donum
333 1908 449 1973 Dei,
484 1908 603 1962 ait:
639 1927 665 1959 ι(
696 1909 842 1973 Quid
892 1926 1028 1980 ergo
1078 1911 1341 1980 dicimus,
1374 1914 1605 1984 quando
1636 1918 1692 1968 et
1720 1913 1781 1969 in

63 1995 424 2067 quibusdam
476 1997 670 2068 impiis
736 1998 1027 2053 invenitur
1087 2001 1367 2070 pudicitia
1416 2002 1780 2072 conjugalis?

66 2086 279 2138 Utrum
298 2102 366 2139 eo
380 2102 611 2155 peccare
623 2086 847 2141 dicendi
861 2093 991 2140 sunt
1004 2088 1157 2158 quod
1172 2090 1321 2143 dono
1339 2090 1435 2144 Dei
1451 2091 1597 2143 male
1610 2096 1778 2143 utan-

62 2178 188 2234 tur,
223 2190 344 2226 non
383 2174 439 2227 id
462 2175 772 2229 referentes
803 2176 873 2229 ad
906 2177 1121 2230 cultum
1154 2178 1295 2247 ejus,
1337 2196 1369 2231 a
1400 2195 1512 2249 quo
1542 2194 1778 2249 accepe-

60 2266 213 2315 runt
231 2263 361 2315 ?An
390 2262 532 2316 forte
554 2279 657 2316 nec
682 2263 831 2317 dona
856 2264 950 2317 Dei
976 2266 1229 2335 putanda
1245 2272 1377 2321 sunt
1401 2268 1525 2333 ista,
1548 2268 1777 2338 quando

62 2349 198 2404 hazc
229 2350 491 2404 inﬁdeles
521 2357 720 2422 agunt,
776 2353 1091 2406 secundum
1120 2355 1375 2424 Apostoli
1433 2356 1777 2410 sententiam

64 2438 349 2493 dicentis:
391 2440 553 2495 Omne
582 2439 726 2508 quod
763 2456 869 2494 non
904 2446 981 2495 est
1022 2457 1088 2495 ea:
1119 2442 1223 2510 ﬁde
1269 2448 1547 2511 peccatum
1593 2448 1716 2497 est?
1749 2463 1774 2494 ι

65 2529 193 2580 Hoc
246 2528 560 2581 secundum
608 2528 817 2582 ibidem
863 2529 1026 2599 eligit
1073 2530 1303 2585 dicens:
1343 2553 1363 2578 ι
1392 2531 1528 2595 Quis
1576 2532 1779 2586 audeat

58 2618 256 2672 dicere
320 2618 535 2671 donum
568 2619 666 2672 Dei
698 2635 817 2674 esse
847 2622 1191 2689 peccatum?
1218 2644 1237 2667 ιι
1278 2622 1340 2674 Et
1376 2637 1503 2675 cum
1538 2622 1774 2692 praemi-

63 2707 239 2760 sisset
268 2706 419 2760 hona
447 2708 731 2761 naturalia
770 2708 976 2763 animus
1021 2714 1077 2763 et
1107 2709 1381 2779 corporis,
1414 2726 1543 2763 cum
1572 2711 1777 2781 quibus

62 2795 334 2849 inﬁdeles
364 2802 694 2862 nascuntur,
729 2813 849 2851 esse
879 2798 1027 2851 dona
1074 2798 1195 2861 Dei,
1249 2798 1369 2852 haec
1397 2798 1553 2852 addit
1585 2816 1597 2852 :
1638 2819 1664 2849 ‹‹
1699 2801 1775 2853 De

68 2885 140 2937 iis
176 2888 374 2937 autem
433 2900 560 2954 quas
602 2884 837 2951 faciunt,
872 2886 1085 2939 dictum
1117 2892 1228 2939 est:
1264 2888 1425 2941 Omne
1483 2888 1626 2957 quod
1670 2904 1775 2942 non

1892 500 2026 570 gali,
2061 499 2180 553 sine
2211 499 2442 570 speciali
2476 499 2573 553 Dei
2601 500 2809 554 auxilio
2850 516 2961 555 non
2994 504 3181 572 potest
3215 518 3247 556 a
3298 502 3582 573 philautia

1893 589 1979 643 vel
2009 588 2167 643 inani
2194 590 2340 659 apud
2372 588 2511 642 alios
2551 590 2733 659 gloria
2766 595 3106 660 temperare.
3149 592 3309 645 Unde
3336 596 3486 646 recte
3515 592 3586 646 ob

1891 678 2037 731 hanc
2062 678 2339 732 rationem
2361 677 2503 731 dixit
2532 684 2757 731 sanctus
2780 678 2973 733 doctor
2997 680 3257 734 inﬁdeles
3280 697 3395 734 non
3421 697 3588 756 posse

1891 766 2101 820 habere
2128 782 2289 819 veras
2330 766 2584 831 virtutes,
2618 766 2714 819 illa
2746 766 3034 837 praecipue
3068 769 3321 839 Apostoli
3352 774 3585 824 senten-

1890 854 1970 909 tia
1998 859 2225 907 motus:
2259 854 2421 908 Omne
2472 854 2615 922 quod
2657 870 2761 908 non
2810 860 2887 908 est
2915 872 2981 909 ex
3031 856 3136 925 ﬁde
3176 864 3455 926 peccatum
3485 864 3583 913 est.

1893 942 2171 996 Moraines
2202 942 2396 995 scribit
2425 942 2547 996 haec
2588 943 2757 996 verba
2811 943 2971 997 Pauli
3018 960 3304 1014 perperam
3347 946 3417 999 ab
3470 948 3588 1000 Au-

1890 1031 2118 1102 gustino
2151 1031 2437 1084 intellecta
2480 1030 2652 1085 fuisse
2680 1051 2694 1096 ;
2743 1035 2801 1084 at
2832 1032 3009 1083 sancti
3042 1032 3219 1086 Patris
3246 1033 3586 1103 interpreta-

1890 1118 2107 1171 tionem
2134 1119 2461 1189 apostolicze
2505 1118 2626 1173 sedi
2666 1124 2723 1172 et
2760 1119 3051 1173 catholicae
3086 1121 3341 1174 Ecclesize
3369 1123 3586 1192 proba—

1889 1211 2006 1261 tam
2037 1208 2211 1262 fuisse
2252 1209 2547 1262 ostendam
2589 1208 2825 1261 inferius
2859 1225 2979 1279 cap.
3012 1211 3065 1275 4,
3100 1208 3126 1279 §
3158 1212 3205 1262 5.
3262 1211 3400 1263 Hinc
3431 1210 3585 1265 idem

1889 1295 2260 1365 Augustinus,
2282 1295 2381 1349 lib.
2401 1296 2468 1349 de
2491 1294 2995 1349 Praedestinatione
3013 1302 3358 1363 sanctorum,
3380 1314 3501 1369 cap.
3526 1304 3583 1366 7,

1888 1383 2061 1437 tradit
2086 1384 2238 1437 bona
2260 1400 2433 1453 opera
2462 1384 2711 1437 Cornelii
2740 1386 2861 1437 Act.
2895 1401 2929 1437 x
2953 1401 2984 1437 a
3014 1384 3128 1438 ﬁde
3158 1384 3217 1438 in
3245 1386 3424 1439 Deum
3457 1402 3586 1457 pro-

1890 1470 2120 1524 cessisse
2148 1488 2159 1524 :
2190 1489 2217 1521 ί(
2246 1472 2438 1540 Cujus,
2473 1471 2677 1542 inquit,
2720 1476 2963 1543 acceptze
3016 1477 3149 1527 sunt
3182 1473 3580 1546 eleemosynaz,

1890 1563 1945 1613 et
1971 1559 2249 1613 exauditae
2282 1558 2590 1625 orationes,
2626 1564 2931 1630 antequam
2958 1561 3288 1616 credidisset
3310 1562 3369 1616 in
3418 1562 3582 1617 Chri-

1890 1651 2060 1709 stum,
2087 1664 2189 1701 nec
2219 1652 2411 1701 tamen
2449 1648 2569 1701 sine
2600 1649 2790 1718 aliqua
2820 1648 2931 1702 ﬁde
2980 1650 3230 1703 donabat
3261 1654 3317 1703 et
3363 1651 3579 1704 orabat.

1889 1736 2030 1789 Nam
2061 1735 2349 1806 quomodo
2380 1736 2679 1789 invocabat
2714 1736 2773 1789 in
2807 1752 2977 1807 quem
3007 1753 3125 1790 non
3155 1738 3521 1793 crediderat?
3554 1758 3581 1790 »

1830 1884 1833 1889 ,
1888 1824 1961 1878 Ex
1992 1824 2200 1895 quibus
2251 1828 2407 1894 patet
2465 1824 2537 1877 ad
2588 1824 2885 1893 referenda
2932 1841 3105 1895 opera
3127 1825 3279 1879 bona
3308 1826 3366 1879 in
3399 1828 3582 1881 Deum

1888 1929 2004 1967 non
2036 1913 2253 1984 requiri
2282 1913 2453 1967 ﬁdem
2483 1912 2544 1966 in
2570 1913 2878 1980 Christum,
2912 1914 3011 1967 sed
3057 1913 3191 1967 satis
3230 1930 3349 1968 esse
3406 1914 3581 1968 ﬁdem

1886 2002 1947 2056 in
1981 2004 2179 2070 Deum,
2211 2002 2327 2055 imo
2360 2003 2535 2056 solam
2558 2001 2731 2057 ﬁdem
2759 2002 2932 2057 etiam
2962 2002 3298 2074 acquisitam
3322 2004 3579 2058 sufﬁcere

1885 2091 2171 2162 colligitur
2216 2106 2280 2144 ex
2329 2091 2427 2145 lib.
2479 2091 2547 2145 de
2590 2091 2881 2159 Patientia,
2929 2108 3051 2163 cap.
3100 2095 3163 2145 t6
3203 2096 3257 2146 et
3319 2097 3406 2159 27,
3478 2093 3580 2147 ubi

1885 2180 2373 2235 schismaticorum
2403 2180 2736 2251 patientiam
2763 2185 2818 2235 et
2859 2181 3070 2235 bonam
3101 2197 3220 2235 esse
3255 2185 3312 2235 et
3339 2181 3581 2235 laudan-

1886 2269 2015 2324 dam
2048 2269 2266 2339 scribit,
2299 2270 2458 2340 cujus
2488 2270 2661 2323 verba
2708 2270 2878 2341 paulo
2920 2274 3049 2340 post
3100 2270 3430 2323 referemus.
3480 2269 3579 2323 Vi-

1885 2359 1989 2413 deo
2026 2363 2217 2412 tamen
2265 2364 2523 2413 sanctum
2570 2359 2859 2414 doctorem
2908 2375 3091 2412 unum
3140 2362 3326 2412 actum
3365 2358 3583 2413 bonum

1886 2445 2007 2499 sine
2029 2446 2211 2517 gratia
2240 2461 2301 2499 1n
2353 2445 2678 2500 inﬁdelibus
2729 2452 2785 2501 et
2815 2446 3035 2501 caeteris
3082 2446 3412 2501 hominibus
3450 2462 3582 2500 con-

1885 2534 2104 2599 cedere,
2139 2550 2347 2604 nempe
2379 2534 2542 2588 illum
2574 2551 2686 2605 quo
2716 2534 2888 2588 homo
2920 2534 3138 2604 appetit
3167 2550 3456 2587 summum
3484 2534 3581 2588 bo-

1885 2638 2045 2675 num.
2088 2624 2149 2676 In
2190 2622 2538 2689 Enchiridio,
2586 2638 2708 2693 cap.
2757 2625 2845 2688 25,
2893 2622 2995 2676 ait:
3032 2641 3057 2673 «
3092 2622 3228 2686 Quas
3258 2626 3450 2675 tamen
3482 2638 3579 2676 na-

1884 2714 2012 2764 tura
2051 2710 2111 2763 in
2152 2709 2318 2763 malis
2360 2710 2476 2762 suis
2520 2725 2634 2763 non
2670 2710 2856 2779 potuit
2904 2710 3164 2763 amittere
3210 2710 3577 2764 beatitudinis

1884 2798 2218 2868 appetitum.
2252 2817 2280 2847 ι)
2313 2798 2468 2851 Idem
2511 2798 2682 2851 habet
2714 2814 2836 2867 cap.
2886 2800 3007 2862 125,
3052 2802 3109 2851 et
3136 2797 3233 2852 lib.
3277 2814 3329 2850 1v
3376 2803 3576 2852 contra

1881 2886 2191 2953 lulianum,
2216 2901 2337 2955 cap.
2364 2889 2428 2939 3:
2468 2905 2495 2933 «
2528 2887 2722 2955 Neque
2761 2886 2937 2953 enim,
2976 2886 3182 2957 inquit,
3236 2902 3434 2940 omnes
3474 2887 3574 2941 ho-

59 2978 145 3027 εει
174 2988 243 3025 ea:
272 2972 387 3043 ﬁie
411 2979 687 3042 peccatum
733 2979 828 3029 est.
875 2975 1014 3028 Cum
1070 2974 1247 3043 igitur
1275 2974 1489 3028 faciunt
1519 2976 1640 3029 haec
1669 2977 1772 3030 lio-
1807 3001 1844 3057 ο
1886 2975 2069 3030 mines
2097 2973 2347 3027 naturali
2376 2973 2645 3027 instinctu
2680 2974 3032 3057 immortales
3063 2978 3117 3029 et
3136 2974 3287 3028 beati
3321 2991 3441 3028 esse
3472 2974 3578 3028 vel-

60 3062 256 3114 mines
286 3061 409 3115 sine
454 3062 719 3132 ﬁde,qum
762 3062 1026 3117 videntur
1070 3063 1140 3116 ad
1185 3063 1545 3133 conjugalem
1593 3064 1769 3135 pudi-

61 3150 263 3203 citiam
293 3150 601 3221 pertinere,
644 3150 759 3205 sive
794 3150 1122 3205 hominibus
1152 3152 1373 3222 placere
1431 3159 1771 3223 quaerentes,

64 3240 155 3293 vel
191 3238 300 3292 sibi
332 3240 417 3291 vel
444 3239 584 3302 aliis,
638 3240 753 3292 sive
790 3239 849 3292 in
879 3240 968 3293 his
1012 3240 1179 3293 rebus
1220 3256 1361 3310 quas
1390 3241 1589 3295 vitiose
1637 3258 1774 3296 con-

65 3328 399 3398 cupiscunt,
444 3328 723 3381 humanas
752 3328 1042 3383 molestias
1064 3329 1397 3395 devitantes,
1432 3330 1545 3383 sive
1573 3331 1775 3385 deamo-

60 3416 239 3469 nibus
271 3415 602 3483 servientes,
626 3432 742 3470 non
776 3423 1005 3485 peccata
1034 3422 1317 3485 coercent,
1354 3419 1448 3473 sed
1476 3419 1603 3472 aliis
1634 3436 1773 3491 pec-

61 3505 209 3558 catis
228 3505 343 3557 alia
384 3510 613 3575 peccata
635 3506 885 3560 vincunt.
920 3507 1077 3561 Absit
1125 3523 1261 3577 ergo
1310 3508 1581 3577 pudicum
1609 3526 1774 3563 vera-

66 3594 215 3647 citer
245 3593 358 3647 dici
378 3596 476 3664 qui
500 3610 615 3647 non
642 3600 874 3666 propter
893 3596 1071 3650 Deum
1092 3613 1289 3650 verum
1312 3598 1479 3651 ﬁdem
1503 3598 1775 3651 connubii

64 3687 307 3753 praestat
334 3682 514 3736 uxori.
545 3704 566 3730 ι
620 3684 683 3737 In
715 3683 942 3738 laudato
998 3701 1129 3739 vero
1186 3702 1309 3755 cap.
1346 3690 1376 3741 3
1430 3690 1631 3739 contra
1677 3688 1775 3741 Ju-

66 3774 291 3825 lianum
340 3772 625 3826 fusissime
668 3773 813 3827 hanc
843 3790 1003 3827 suam
1061 3775 1400 3828 sententiam
1432 3775 1680 3829 vindicat
1705 3775 1773 3829 ab

65 3860 432 3931 argumentis
462 3875 589 3929 quae
639 3863 805 3930 plura
834 3867 1031 3916 contra
1057 3864 1316 3917 eamdem
1347 3863 1648 3917 haereticus
1679 3880 1775 3917 ur-

65 3954 203 4020 get;
234 3948 331 4001 ubi
363 3948 450 4002 sui
479 3954 742 4003 constans
797 3955 969 4021 negat
1017 3967 1207 4005 veram
1240 3951 1572 4022 pudicitiam
1603 3951 1775 4006 fuisse

66 4040 130 4093 in
166 4037 505 4092 Gentilibus.

147 4126 272 4180 Scio
322 4128 629 4181 nonnullos
680 4142 929 4181 asserere
984 4126 1370 4197 Augustinum
1422 4126 1625 4181 dixisse
1682 4127 1778 4181 illa

69 4231 252 4285 opera
281 4231 402 4269 esse
434 4219 682 4286 peccata,
714 4233 840 4287 quas
867 4216 927 4270 in
957 4218 1135 4270 Deum
1162 4216 1427 4270 ultimum
1452 4216 1626 4270 ﬁnem
1655 4232 1773 4269 non

1883 3066 2086 3130 lemus,
2119 3062 2230 3117 nisi
2262 3078 2381 3115 esse
2430 3078 2740 3133 possemus.
2777 3082 2804 3113 »
2837 3066 2906 3117 At
2962 3052 3033 3117 ob
3090 3063 3472 3133 ignorantiam
3509 3080 3577 3118 ex

1880 3157 2109 3225 peccato
2138 3151 2403 3222 originali
2449 3156 2792 3207 contractam
2837 3152 3017 3206 nescit
3059 3153 3235 3206 homo
3290 3152 3407 3206 suis
3435 3152 3577 3206 viri-

1881 3244 1986 3299 bus
2009 3242 2237 3297 relictus
2267 3241 2326 3294 in
2356 3256 2608 3312 quonam
2637 3240 2931 3295 beatitudo
2961 3246 3017 3295 et
3037 3240 3277 3295 felicitas
3306 3256 3438 3294 vera
3470 3240 3577 3295 sita

1882 3332 1971 3401 sit,
2002 3331 2155 3385 unde
2187 3334 2269 3384 tot
2302 3330 2370 3383 de
2401 3345 2626 3383 summo
2658 3329 2806 3383 bono
2836 3330 3310 3400 philosophorum
3344 3334 3576 3384 senten-

1881 3420 1975 3476 tiae
2002 3422 2377 3474 emerserunt.
2409 3418 2541 3473 Sola
2570 3424 2763 3472 autem
2793 3418 2907 3473 ﬁde
2940 3419 3253 3473 revelatum
3281 3423 3367 3473 est
3397 3420 3577 3472 Deum

1882 3511 2029 3565 clare
2058 3510 2242 3563 visum
2292 3524 2410 3563 esse
2455 3524 2745 3562 summum
2810 3508 3063 3563 hominis
3127 3508 3365 3575 bonum,
3417 3508 3577 3579 cujus

1881 3597 2051 3653 unius
2072 3597 2422 3668 possessione
2462 3596 2527 3650 ﬁt
2554 3597 2771 3651 beatus.

1954 3689 2083 3741 Haec
2110 3686 2412 3757 Augustini
2468 3685 2751 3740 sententia
2800 3684 2910 3739 fuit
2954 3685 3023 3739 de
3064 3685 3332 3756 operibus
3370 3684 3577 3740 inﬁde—

1883 3774 2047 3839 lium,
2082 3791 2254 3846 quam
2286 3780 2343 3828 et
2373 3776 2566 3828 Patres
2613 3790 2676 3827 ac
2724 3773 3063 3827 nobilissimi
3108 3774 3364 3827 doctores
3401 3772 3579 3826 secuti

1883 3867 2035 3917 sunt.
2066 3864 2445 3917 SanctusLeo
2473 3863 2727 3932 Magnus,
2757 3877 2929 3915 serm.
2964 3878 3001 3914 ιι
3037 3861 3104 3915 de
3128 3860 3349 3931 jejunio
3380 3862 3579 3914 Pente-

1883 3956 2085 4016 costes,
2120 3952 2225 4005 ait:
2264 3974 2285 3999 α
2318 3951 2482 4021 Apud
2515 3951 2669 4020 ipsos
2695 3965 2949 4019 paganos
2988 3954 3121 4003 sunt
3148 3950 3414 4019 quasdam
3435 3963 3579 4001 vana

1879 4039 2118 4110 jejunia.
2153 4039 2321 4093 Aliud
2354 4039 2506 4092 enim
2539 4039 2653 4109 agit
2678 4038 2782 4092 sub
2814 4037 3049 4091 veritate
3087 4037 3252 4101 ratio,
3287 4036 3437 4090 aliud
3474 4036 3577 4090 sub

1884 4127 2126 4182 falsitate
2164 4126 2441 4197 deceptio.
2490 4126 2654 4196 Apud
2707 4142 2810 4179 nos
2852 4126 2994 4179 ﬁdes
3047 4124 3358 4179 sanctiﬁcat
3406 4124 3576 4178 etiam

1886 4216 2349 4281 manducantem,
2393 4214 2543 4285 apud
2574 4214 2699 4267 illos
2746 4212 3049 4267 inﬁdelitas
3078 4213 3289 4283 polluit
3314 4213 3577 4284 jejunan-

76 4304 414 4357 referuntur
440 4304 699 4374 positive,
723 4321 837 4358 non
872 4310 1060 4359 autem
1077 4305 1337 4375 negative
1363 4305 1779 4375 ;exempligra—
1811 4297 1853 4351 D
1887 4309 2023 4359 tem.
2072 4304 2228 4358 Unde
2260 4303 2395 4375 quia
2425 4308 2582 4357 extra
2611 4301 2947 4356 catholicam
2986 4301 3291 4356 Ecclesiam
3323 4300 3465 4355 nihil
3496 4304 3581 4355 est

70 4392 174 4457 tia,
210 4392 309 4462 qui
337 4393 636 4448 continens
672 4398 776 4461 est,
822 4398 885 4448 ut
926 4395 1031 4449 sibi
1086 4396 1173 4449 vel
1224 4394 1348 4449 aliis
1381 4396 1618 4465 placeat,
1654 4396 1777 4465 glo-

68 4480 222 4533 riam
257 4481 409 4551 apud
436 4498 494 4536 se
526 4483 610 4536 vel
644 4482 784 4536 alios
817 4499 1101 4553 quaerens,
1134 4488 1345 4554 peccat,
1382 4484 1519 4554 quia
1546 4484 1778 4537 inanem

70 4569 321 4640 gloriam
352 4570 587 4640 positive
617 4571 724 4625 sibi
772 4571 949 4625 ﬁnem
988 4571 1141 4625 illius
1180 4572 1472 4642 pudicitia:
1511 4572 1776 4639 destinat,

70 4662 137 4710 et
184 4661 316 4711 tunc
357 4659 595 4728 positive
639 4660 779 4713 illud
819 4676 963 4727 opus
1019 4660 1203 4713 deviat
1264 4677 1297 4713 a
1346 4663 1458 4714 Deo
1504 4665 1778 4731 tanquam

71 4745 287 4799 ultimo
317 4747 449 4802 ﬁne.
485 4752 557 4802 At
586 4748 633 4801 si
663 4748 1028 4802 continentiae
1047 4749 1405 4819 propositum
1429 4749 1633 4812 eliciat,
1666 4765 1781 4803 mo-

74 4838 171 4888 tus
204 4834 503 4890 honestate
538 4841 759 4890 tantum
810 4836 1020 4907 operis,
1075 4853 1176 4891 nec
1219 4837 1277 4890 in
1310 4838 1509 4891 eodem
1541 4838 1691 4908 apud
1723 4853 1781 4891 se

73 4924 161 4977 vel
199 4924 351 4994 apud
386 4925 526 4979 alios
548 4925 844 4996 gloriatus,
868 4925 1109 4979 tuncille
1133 4929 1290 4980 actus
1310 4927 1568 4997 negative
1604 4929 1781 4981 Deum

71 5028 192 5066 non
221 5012 451 5082 respicit
477 5018 751 5085 tanquam
785 5014 1051 5068 ultimum
1077 5014 1273 5081 ﬁnem,
1307 5032 1374 5069 ex
1404 5017 1564 5069 nulla
1592 5021 1782 5069 tamen

73 5105 239 5171 parte
270 5100 507 5155 vitiosus
534 5106 788 5173 apparet.
832 5105 961 5156 Haec
1002 5104 1256 5157 doctrina
1305 5104 1527 5158 admitti
1574 5110 1780 5175 potest,

74 5189 427 5260 praesertim,
476 5192 611 5261 quia
650 5195 876 5245 sanctus
918 5192 1114 5246 doctor
1164 5192 1295 5245 inde
1335 5192 1570 5246 virtutes
1600 5194 1783 5263 genti-

76 5278 219 5331 lium
236 5278 423 5331 vitiari
457 5279 669 5345 docuit,
698 5280 849 5350 quod
881 5279 1055 5333 iidem
1086 5280 1155 5333 de
1187 5279 1300 5333 illis
1320 5280 1405 5333 vel
1428 5280 1575 5349 apud
1612 5296 1669 5333 se
1698 5281 1784 5333 vel

80 5368 233 5437 apud
266 5368 413 5421 alios
434 5368 670 5437 gloriam
701 5373 1042 5437 quaererent.
1076 5370 1202 5423 lleec
1232 5368 1386 5423 enim
1418 5369 1787 5439 intelligenda

80 5460 213 5509 sunt
262 5457 335 5511 de
376 5457 592 5511 actibus
624 5458 898 5511 virtutum
930 5474 1033 5528 per
1075 5458 1334 5513 accidens
1388 5474 1503 5511 non
1556 5456 1782 5522 vitiatis,

84 5543 165 5595 uti
186 5543 248 5597 in
270 5544 464 5613 prima
486 5544 680 5599 statim
702 5545 1039 5598 eorumdem
1064 5545 1437 5615 productione
1456 5543 1786 5613 contingere

83 5632 356 5687 diximus.
396 5634 538 5687 Nam
568 5634 614 5686 si
640 5632 769 5703 quis
783 5633 1048 5687 eumdem
1071 5638 1261 5687 actum
1274 5632 1498 5687 virtutis
1522 5632 1786 5702 frequen-

1887 4393 2200 4463 integrum,
2234 4392 2374 4447 nihil
2396 4396 2634 4458 castum,
2657 4391 2877 4446 dicente
2906 4391 3181 4461 Apostolo
3207 4407 3219 4445 :
3250 4392 3412 4447 Omne
3434 4390 3582 4461 quod

1888 4498 1993 4536 non
2023 4486 2099 4536 est
2139 4498 2206 4535 em
2235 4481 2339 4549 ﬁde
2359 4486 2646 4551 peccatum
2666 4485 2741 4534 est
2781 4479 2935 4547 (Rom
2965 4479 3093 4548 xw).
3136 4498 3162 4527 »
3195 4478 3351 4534 Idem
3384 4477 3583 4531 asserit

1890 4570 2213 4625 Bonifacius
2243 4571 2315 4637 ll,
2351 4570 2411 4623 in
2441 4568 2675 4640 epistola
2706 4567 2773 4621 ad
2806 4572 3061 4621 sanctum
3106 4567 3412 4622 Caesarium
3442 4568 3579 4621 Are-

1888 4660 2191 4726 latensem,
2223 4664 2277 4712 et
2308 4661 2532 4711 sanctus
2568 4656 2895 4726 Fulgentius
2923 4672 3054 4711 cum
3083 4656 3299 4727 synodo
3340 4657 3582 4726 Byzace—

1892 4763 2097 4801 norum
2158 4747 2389 4798 Patrum
2418 4744 2477 4797 in
2509 4743 2769 4798 Sardinia
2807 4744 3088 4811 exsulum,
3121 4759 3369 4814 quorum
3413 4743 3583 4796 verba

1890 4834 2253 4889 recitabimus
2281 4833 2536 4896 inferius,
2571 4849 2694 4903 cap,
2730 4834 2783 4899 4,
2818 4831 2845 4902 §
2878 4837 2927 4887 5.
2972 4833 3208 4888 Sanctus
3238 4834 3479 4901 Prosper
3521 4830 3579 4883 in

1892 4923 2132 4994 epistola
2161 4922 2230 4976 ad
2262 4921 2531 4977 Ruﬁnum
2573 4921 2685 4975 ait:
2724 4940 2750 4971 «
2784 4923 2945 4977 Omne
2975 4922 3119 4991 quod
3146 4937 3249 4974 non
3277 4925 3445 4973 estea:
3474 4917 3583 4987 ﬁde

1886 5017 2163 5084 peccatum
2184 5016 2261 5066 est
2284 5028 2296 5064 :
2314 5015 2376 5064 ut
2393 5010 2605 5065 scilicet
2625 5011 2945 5077 intelligant
2958 5009 3241 5080 justitiam
3263 5006 3583 5060 inﬁdelium

1892 5118 2008 5155 non
2042 5117 2162 5153 esse
2185 5099 2493 5170 justitiam,
2524 5098 2659 5171 quia
2689 5100 2879 5153 sordet
2922 5102 3125 5151 natura
3175 5095 3296 5148 sine
3324 5094 3525 5165 gratia.
3552 5114 3579 5144 »

1894 5190 1959 5244 Et
1987 5189 2046 5243 in
2078 5188 2328 5243 carmine
2355 5194 2553 5243 contra
2585 5189 2858 5258 Ingratos,
2892 5202 3013 5255 cap.
3052 5186 3134 5248 16,
3167 5182 3356 5235 canit:

1966 5314 2128 5369 Omne
2153 5314 2342 5367 etenim
2379 5313 2667 5382 probitatis
2689 5326 2841 5380 Opus,
2873 5310 2983 5362 nisi
3012 5309 3207 5362 semine
3235 5320 3372 5359 vera:

1965 5402 2230 5456 Exoritur
2252 5400 2403 5469 ﬁdei,
2432 5405 2709 5469 peccatum
2738 5403 2835 5464 est,
2866 5398 3029 5462 inque
3054 5398 3265 5448 reatum

1972 5492 2235 5555 Vertitur,
2266 5493 2317 5542 et
2341 5490 2543 5542 sterilis
2594 5484 2832 5541 cumulat
2866 5483 2971 5537 sibi
2996 5483 3172 5550 gloria
3197 5498 3429 5552 pugnam.

1895 5631 2153 5685 Julianus
2224 5629 2541 5693 Pomerius,
2601 5625 2743 5680 santi
2793 5624 3021 5681 Caesarii
3076 5625 3415 5681 Arelatensis
3467 5641 3584 5679 ma-
