3906 6182
397 251 496 304 δρτ
683 289 692 302 ,
1408 241 1967 303 SUPPLEMENTUM
2009 247 2098 301 AD
2137 245 2372 302 opem
2412 247 2469 301 s.
2509 207 2898 302 AUGUSTINI.
3725 268 3801 322 us

397 369 595 439 gister,
627 369 788 441 cujus
819 367 994 423 libros
1021 366 1214 421 laudat
1261 368 1488 419 sanctus
1509 365 1777 432 Isidorus,
1828 367 1914 421 uti
1943 367 2096 421 dixi-
2127 373 2170 426 A
2209 384 2537 436 raucruoss,
2589 373 2687 423 aut
2734 385 3034 424 sramuraa
3081 369 3216 425 boni
3259 387 3460 442 sumus,
3501 376 3555 432 in
3607 381 3810 452 subjecto

399 475 531 513 mus
587 459 684 514 lib.
731 476 769 513 ιι
804 459 939 512 Hist.
996 456 1211 526 Pelag,
1272 471 1393 524 cap.
1453 456 1539 520 14,
1596 455 1698 510 lib.
1753 471 1813 512 ιιι
1850 457 1919 510 de
1974 459 2098 511 Vita

401 547 858 618 contemplativa,
905 561 1028 615 cap.
1074 548 1121 611 1,
1163 543 1466 614 Augustini
1497 544 1836 599 sententiam
1866 546 2096 615 plenam

403 638 708 692 exscribit:
751 655 778 686 α
811 638 959 699 Haec,
1005 633 1217 704 inquit,
1263 633 1369 686 etsi
1417 639 1656 703 possunt
1703 635 1956 688 humano
2006 635 2094 689 in-

401 726 569 797 genio
599 723 861 788 discerni,
895 727 1089 776 tamen
1119 721 1242 775 sine
1272 722 1420 775 dono
1465 722 1584 788 Dei,
1631 728 1910 794 quantum
1955 724 2097 778 mihi

403 815 644 878 videtur,
675 827 777 864 nec
807 811 1044 864 virtutes
1085 814 1325 881 possunt
1371 811 1563 880 appeti
1600 811 1688 864 vel
1728 812 1947 878 haberi,
1992 828 2096 866 nec

401 917 598 956 earum
628 899 1051 966 similitudines,
1081 915 1210 970 quae
1241 902 1373 952 sunt
1410 899 1546 952 vitia
1581 899 1830 954 virtutes
1860 901 2097 954 imitan-

398 990 496 1057 tia,
546 985 820 1044 declinari
871 989 931 1041 in
975 993 1222 1052 tantum,
1286 991 1346 1040 ut
1392 987 1720 1041 inﬁdelibus
1767 987 1908 1042 nihil
1955 1005 2097 1059 pro-

396 1079 570 1133 fuisse
627 1078 948 1144 credamus,
1001 1075 1226 1132 etiamsi
1283 1075 1396 1130 sint
1451 1076 1670 1147 aliquas
1725 1093 1828 1148 per
1892 1093 2097 1148 corpus

398 1166 618 1237 operati
676 1166 948 1233 virtutes;
1002 1166 1158 1237 quod
1191 1182 1284 1219 eas
1314 1181 1420 1219 nec
1449 1181 1481 1218 a
1515 1167 1627 1218 Deo
1677 1182 1780 1219 suo
1816 1182 1872 1219 se
1933 1182 2096 1220 acce-

397 1256 550 1324 pisse
581 1254 944 1320 crediderint,
995 1270 1100 1308 nec
1129 1253 1199 1308 ad
1232 1270 1362 1307 eum
1398 1252 1496 1324 qui
1539 1257 1622 1306 est
1662 1253 1792 1307 ﬁnis
1837 1254 2095 1308 omnium

399 1345 682 1398 bonorum
721 1343 934 1396 referre
980 1342 1285 1395 voluerint.
1345 1343 1410 1395 Et
1441 1341 1576 1412 quid
1631 1341 1780 1410 dico,
1826 1342 1970 1396 nihil
2015 1341 2096 1396 eis

397 1432 784 1504 profuerunt?
813 1431 929 1485 imo
968 1431 1140 1485 etiam
1167 1435 1508 1496 nocuerunt,
1532 1430 1754 1484 dicente
1783 1431 2054 1502 Apostolo
2079 1447 2092 1485 :

399 1523 562 1578 Omne
590 1521 734 1591 quod
767 1525 981 1575 nonest
1010 1535 1076 1574 ex
1098 1520 1215 1590 ﬁde
1242 1524 1519 1588 peccatum
1575 1525 1672 1573 est.
1712 1521 1960 1590 Legatur
2007 1524 2092 1574 to-

400 1615 525 1664 tum
577 1614 761 1679 caput,
799 1608 898 1663 ubi
926 1608 1108 1663 fusius
1156 1607 1416 1661 eamdem
1464 1607 1780 1662 doctrinam
1813 1609 2092 1677 explanat.

401 1672 792 1766 Cassiodorus,
869 1702 926 1750 et
991 1697 1162 1767 vulgo
1213 1697 1385 1748 etiam
1457 1695 1648 1749 cmteri
1695 1672 2096 1752 hosce-libros
2128 1672 2167 1725 Β

399 1787 690 1840 ascribunt
735 1789 930 1838 sancto
975 1785 1278 1854 Prospero,
1347 1799 1461 1854 qua
1521 1785 1589 1838 de
1649 1801 1711 1838 re
1744 1785 1806 1840 in
1851 1786 2099 1840 Historia

397 1874 702 1944 Pelagiana
728 1872 986 1945 pluribus
1037 1872 1430 1927 disseruimus.
1477 1874 1540 1927 In
1571 1873 1772 1928 eadem
1815 1875 2097 1930 sententia

396 1963 504 2019 fuit
534 1963 682 2016 Beda
712 1963 770 2016 in
798 1961 1020 2032 praefat.
1045 1961 1119 2015 ad
1164 1962 1350 2027 Cant.,
1378 1960 1478 2014 ubi
1511 1962 1721 2032 Pelagii
1749 1963 2094 2017 sententiam

397 2051 466 2106 de
511 2049 991 2120 philosophorum
1048 2049 1354 2102 virtutibus
1401 2049 1723 2119 impugnat.
1786 2049 2090 2122 inquiens:

399 2157 428 2191 α
460 2139 621 2204 Quod
670 2154 806 2209 ergo
857 2137 1012 2200 dicit,
1065 2139 1280 2192 multos
1335 2137 1810 2208 philosophorum
1871 2140 2094 2211 patien-

396 2229 558 2296 tiam,
619 2227 957 2292 castitatem,
1026 2225 1370 2280 modestiam
1419 2225 1676 2296 aliasque
1735 2227 1805 2281 de
1874 2233 2096 2282 naturas

397 2317 549 2373 bono
580 2316 790 2372 habere
820 2315 1080 2380 virtutes,
1120 2318 1359 2383 constat,
1399 2314 1537 2385 quia
1577 2313 1926 2388 quicumque
1963 2317 2097 2388 phi-

395 2406 770 2476 losophorum
819 2404 1108 2459 Christum
1171 2402 1270 2457 Dei
1317 2403 1586 2457 virtutem
1622 2407 1678 2457 et
1721 2403 1819 2458 Dei
1868 2405 2092 2475 sapien-

395 2496 534 2551 tiam
562 2494 908 2557 nescierunt,
941 2509 1043 2546 nec
1079 2493 1254 2546 ullam
1292 2507 1483 2546 veram
1517 2491 1852 2563 sapientiam
1884 2494 2094 2548 habere

395 2587 722 2654 potuerunt.
757 2584 819 2636 In
845 2586 1125 2652 quantum
1157 2596 1290 2634 vero
1321 2581 1409 2634 vel
1439 2585 1672 2651 gustum
1703 2582 1952 2652 aliquem
2005 2599 2093 2636 sa-

395 2671 628 2743 pientiae
659 2670 982 2741 cujuslibet,
1017 2670 1101 2722 vel
1153 2669 1376 2722 virtutis
1422 2668 1734 2740 imaginem
1782 2671 2091 2738 habebant,

395 2765 579 2815 totum
618 2759 726 2813 hoc
767 2758 1014 2828 desuper
1060 2761 1419 2828 acceperunt,
1467 2774 1578 2812 non
1625 2760 1810 2812 solum
1856 2775 2094 2815 munere

394 2850 598 2922 prima;
627 2847 948 2914 creationis,
999 2863 1197 2901 verum
1245 2846 1417 2900 etiam
1449 2847 1784 2918 quotidiana
1809 2848 1931 2919 ejus
1963 2865 2093 2920 gra-

393 2939 490 2994 tia.
528 2960 553 2990 ››
586 2939 728 2994 Cum
765 2936 1085 3008 Augustino
1116 2936 1291 2991 etiam
1316 2933 1562 2991 concinit
1592 2944 1820 2992 sanctus
1854 2938 2094 2994 Rhemi-
2123 2969 2162 3024 ο

393 3028 520 3100 gius
551 3043 679 3081 cum
729 3042 831 3080 sua
867 3024 1110 3080 Ecclesia
1155 3025 1547 3095 Lugdunensi,
1580 3026 1681 3081 lib.
1735 3027 1805 3081 de
1850 3028 2096 3082 tenenda

398 3117 636 3171 veritate
685 3131 858 3169 sacrae
906 3114 1236 3184 Scripturw,
1290 3129 1410 3184 cap.
1467 3118 1553 3182 11,
1600 3115 1879 3171 scribens:
1932 3136 1959 3168 α
1987 3117 2096 3172 Sed

398 3204 730 3276 hujusmodi
777 3204 1033 3259 humana
1088 3201 1258 3266 bona,
1319 3219 1448 3274 quae
1485 3203 1739 3258 humana
1796 3204 2095 3260 atfectione

396 3297 590 3365 potest
618 3292 782 3358 velle,
815 3294 1003 3363 potest
1032 3305 1448 3360 nonnunquam
1494 3307 1663 3362 agere
1711 3293 1966 3347 humana
1993 3310 2094 3348 na-

396 3387 544 3437 tura.
585 3381 728 3437 Cum
756 3385 989 3451 propter
1022 3379 1364 3450 temporalia
1399 3379 1546 3434 bona
1575 3385 1944 3451 appetuntur,
1973 3383 2094 3436 sine

399 3471 571 3527 dubio
622 3469 965 3542 cupiditates
1026 3472 1198 3535 sunt;
1265 3483 1394 3521 cum
1448 3473 1685 3539 propter
1747 3485 1924 3525 sonu
1967 3488 2097 3525 vim

398 3573 784 3627 nonesrarau,
831 3556 954 3611 sine
987 3555 1160 3610 dubio
1208 3571 1434 3611 mpura
1486 3574 1550 3612 nr
1589 3574 1751 3612 eum
1791 3563 1942 3613 sunt.
1987 3560 2093 3614 Ta-

396 3664 531 3703 men
561 3651 748 3719 potest
775 3661 841 3700 ea
892 3644 1234 3710 discernere,
1279 3640 1468 3715 potest
1508 3645 1681 3700 etiam
1714 3647 1879 3711 velle,
1911 3651 2096 3718 potest

398 3736 568 3791 etiam
607 3735 838 3796 habere,
870 3731 931 3786 in
978 3737 1258 3803 quantum
1291 3733 1541 3788 naturali
1569 3733 1720 3788 bono
1769 3735 2091 3806 adjuvetur,

398 3828 454 3879 et
478 3823 580 3879 Dei
611 3821 983 3893 dispositione
1004 3820 1356 3892 permittitur
1402 3821 1654 3876 humana
1686 3827 1910 3878 natura.
1951 3845 1979 3873 »
2011 3824 2094 3879 Ibi

394 3914 564 3985 plura
589 3910 810 3966 erudite
841 3915 1197 3964 asseruntur.

465 4002 678 4057 Omitto
721 3999 978 4054 consulto
1019 3997 1346 4053 testimonia
1376 3999 1664 4071 Cypriani,
1709 4000 1807 4056 lib.
1840 4018 1859 4055 ι
1887 4002 1956 4057 de
1986 4003 2094 4057 Pa-

395 4090 614 4156 tientia,
644 4089 672 4161 §
701 4091 855 4144 Hanc
893 4103 948 4143 se
989 4090 1187 4143 sectari
1228 4090 1556 4158 philosophi,
1598 4089 1948 4156 Tertulliani,
1990 4091 2090 4147 lib.

396 4181 465 4235 de
515 4179 681 4234 Cultu
735 4177 1100 4241 feminarum,
1150 4176 1364 4248 initio§
1419 4178 1468 4232 A
1513 4180 1734 4245 feminis
1789 4183 2090 4247 nationum,

2207 463 2339 512 sunt
2381 458 2588 512 mentis
2630 464 2855 523 nostras,
2921 459 3242 528 prudentia,
3278 462 3502 530 justitia,
3540 471 3808 538 temperau-

2207 546 2304 612 tia,
2335 546 2624 600 fortitudo.
2659 547 2875 600 Horum
2903 546 3080 617 igitur
3107 547 3400 604 atfectuum
3439 553 3536 618 vis,
3565 571 3680 610 cum
3708 559 3810 615 insit

2206 635 2471 688 omnibus
2501 635 2856 704 naturaliter,
2897 651 3010 688 nou
3059 640 3248 690 tamen
3282 639 3348 692 ad
3387 655 3552 695 unum
3582 643 3732 700 ﬁnem
3768 650 3809 703 in

2205 723 2470 778 omnibus
2500 729 2788 794 properat,
2820 725 2916 778 sed
2963 740 3068 794 pro
3109 725 3324 794 judicio
3352 729 3646 798 voluntatis,
3689 737 3812 805 cujus

2206 812 2374 866 nutui
2433 813 2703 879 serviunt,
2757 817 2854 866 aut
2905 813 2973 866 ad
3023 819 3235 867 aeterna
3281 820 3374 869 aut
3418 818 3481 872 ad
3531 825 3813 891 temporalia

2205 900 2550 972 diriguntur.
2583 901 2744 966 Quod
2771 917 2899 954 cum
2925 901 3009 966 ﬁt,
3036 917 3150 955 non
3185 902 3248 955 in
3277 918 3340 956 eo
3377 905 3517 974 quod
3558 915 3690 975 sunt,
3727 927 3814 966 non

2204 988 2264 1042 in
2291 1007 2358 1044 eo
2406 991 2561 1060 quod
2605 995 2782 1061 agunt
2817 989 3214 1061 (substantiam
3263 992 3444 1061 operis
3488 1001 3668 1050 vocant
3701 999 3818 1052 scho-

2205 1077 2432 1148 lastici),
2482 1080 2580 1134 sed
2630 1080 2688 1132 in
2724 1095 2790 1133 eo
2840 1080 3023 1133 solum
3063 1079 3284 1132 variant
3322 1083 3465 1151 quod
3506 1091 3768 1139 merentur.
3794 1108 3814 1137 ι

2207 1168 2270 1222 Et
2316 1173 2550 1238 postea:
2613 1187 2642 1219 ι(
2684 1170 2794 1239 Ego
2849 1184 3149 1222 sreniureu
3201 1169 3380 1222 bonos
3435 1170 3544 1224 dixi
3588 1173 3818 1242 homines,

2203 1255 2302 1327 qui
2354 1271 2467 1309 non
2507 1261 2742 1326 propter
2777 1257 2956 1310 Deum
2993 1256 3249 1309 faciendo
3307 1257 3450 1311 bona
3483 1275 3599 1329 quia
3633 1261 3818 1328 faciunt,

2202 1361 2319 1398 non
2363 1345 2432 1398 ab
2487 1361 2554 1398 eo
2586 1345 2760 1398 vitam
2803 1349 3236 1415 consequuntur
3273 1351 3551 1401 aeternam.
3584 1369 3608 1396 ι›
3652 1350 3822 1404 Italu-

2204 1433 2392 1487 lianus
2421 1434 2658 1488 virtutes
2687 1433 2906 1487 viribus
2943 1439 3165 1487 natura).
3213 1435 3282 1488 ab
3337 1435 3644 1490 inﬁdelibus
3672 1439 3820 1509 acqui-

2206 1521 2341 1575 sitas
2381 1537 2540 1576 veras
2581 1522 2819 1576 virtutes
2859 1523 3174 1576 secundum
3218 1523 3580 1578 substantiam
3620 1527 3822 1596 appella-

2205 1608 2321 1672 bat,
2349 1610 2596 1680 negabat
2633 1615 2827 1664 tamen
2875 1627 2994 1664 esse
3043 1611 3363 1665 meritorias
3407 1614 3590 1683 gloria:
3628 1621 3822 1670 aeternas.

2205 1701 2278 1752 At
2315 1714 2344 1751 e
2383 1704 2578 1753 contra
2630 1698 2986 1770 Augustinus
3041 1698 3236 1754 intulit
3291 1716 3458 1771 opera
3510 1701 3699 1756 sterilia
3740 1719 3826 1756 non

2204 1802 2370 1858 posse
2419 1787 2526 1842 dici
2564 1787 2733 1856 bona,
2781 1788 2876 1842 sed
2915 1793 3139 1842 tantum
3180 1789 3353 1856 mala,
3398 1794 3515 1842 tum
3573 1806 3632 1843 ex
3655 1789 3822 1843 defectu

2205 1875 2499 1929 relationis
2527 1876 2588 1929 in
2619 1877 2812 1938 Deum,
2857 1881 2978 1930 tum
3022 1893 3090 1930 ex
3122 1877 3257 1931 inde
3303 1877 3545 1931 derivata
3585 1877 3824 1948 pliilautia,

2204 1969 2268 2018 ut
2310 1964 2572 2032 superius
2618 1965 3004 2036 exposuimus.
3074 1965 3273 2030 «Tibi,
3325 1966 3508 2036 inquit
3540 1972 3710 2019 sautus
3731 1965 3827 2020 doc-

2203 2057 2312 2119 tor,
2342 2053 2578 2107 virtutes
2605 2053 2728 2107 sine
2771 2053 2882 2107 ﬁde
2923 2053 3002 2107 sic
3045 2055 3293 2124 placent,
3333 2060 3396 2108 ut
3433 2070 3523 2109 eas
3559 2070 3698 2107 veras
3723 2070 3826 2124 pra:-

2204 2141 2376 2206 dices,
2411 2141 2606 2212 eisque
2637 2142 2817 2196 bonos
2859 2157 2980 2195 esse
3030 2141 3336 2209 homines;
3378 2146 3432 2197 et
3467 2158 3666 2208 rursus,
3707 2141 3827 2212 quasi

2202 2233 2258 2283 te
2318 2229 2651 2300 paenituerit
2713 2229 2895 2284 laudis
2947 2246 3169 2299 earum,
3236 2232 3454 2286 steriles
3519 2232 3825 2302 pronuntiare

2205 2333 2320 2372 non
2363 2319 2607 2374 dubites.
2638 2338 2666 2370 ι)
2719 2319 2974 2373 Rursus:
3021 2339 3044 2369 ι
3075 2321 3192 2374 Aut
3244 2325 3415 2387 certe,
3467 2319 3713 2392 quoniam
3750 2319 3829 2371 sal-

2201 2411 2318 2461 tem
2344 2407 2604 2462 concedis
2650 2423 2824 2478 opera
2869 2405 3210 2475 iuﬁdelium,
3263 2425 3394 2480 qum
3434 2409 3533 2462 tibi
3575 2423 3743 2462 eorum
3773 2408 3828 2459 vi-

2203 2496 2411 2550 dentur
2441 2497 2612 2564 bona,
2647 2512 2764 2550 non
2813 2499 3006 2550 tamen
3055 2513 3152 2551 eos
3200 2497 3276 2551 ad
3322 2497 3559 2552 salutem
3601 2496 3829 2566 sempiter-

2202 2601 2336 2638 nam
2364 2600 2723 2655 regnumque
2753 2585 3081 2655 perducere,
3120 2606 3142 2634 ι
3176 2590 3288 2641 etc.
3341 2587 3454 2641 Hoc
3490 2591 3666 2640 autem
3713 2584 3830 2638 Pela-

2203 2672 2358 2744 giani
2399 2672 2743 2739 asserebant,
2786 2672 2921 2742 quia
2969 2673 3277 2728 credebant
3306 2690 3438 2728 cum
3471 2673 3728 2728 catholicis
3760 2686 3833 2742 per

2203 2762 2382 2814 solam
2421 2761 2665 2831 gratiam
2729 2761 3178 2816 sanctiﬁcantem
3240 2763 3502 2818 homines
3553 2762 3669 2817 ﬁeri
3726 2759 3833 2814 ﬁlios

2205 2849 2304 2902 Dei
2337 2849 2632 2920 adoptivos
2677 2865 2808 2903 cum
2848 2851 2978 2920 jure
3025 2850 3096 2904 ad
3141 2851 3408 2921 gloriam,
3449 2851 3594 2922 quod
3633 2850 3715 2920 jus
3741 2846 3835 2900 viri-

2203 2937 2309 2992 bus
2365 2943 2585 2992 naturm
2643 2937 2841 2992 haberi
2889 2954 3052 3010 posse
3108 2941 3422 3010 negabant.
3471 2941 3728 3010 Legantur
3769 2951 3834 2989 eo-

2205 3043 2337 3081 rum
2364 3025 2693 3081 testimonia
2741 3027 2894 3098 apud
2921 3027 3315 3096 Augustinum
3359 3029 3503 3084 libro
3551 3028 3617 3083 de
3659 3029 3836 3081 Peccato

2210 3115 2380 3186 orig.,
2432 3131 2552 3186 cap.
2590 3118 2642 3182 5,
2692 3114 2790 3169 lib.
2822 3132 2874 3169 γι
2928 3121 3122 3170 contra
3156 3117 3299 3186 Jul.,
3333 3133 3456 3188 cap.
3494 3121 3574 3180 l7,
3619 3121 3670 3170 et
3697 3113 3839 3168 claris-

2203 3204 2345 3258 sime
2392 3205 2489 3258 lib.
2543 3221 2602 3258 ιιι
2641 3203 2840 3274 Operis
2891 3202 3149 3276 imperf.,
3213 3221 3340 3276 cap.
3402 3207 3498 3260 108
3562 3208 3615 3258 et
3665 3206 3762 3266 H7,
3799 3201 3837 3250 et

2202 3293 2300 3347 lib.
2341 3310 2394 3358 v,
2439 3307 2562 3362 cap.
2611 3296 2662 3346 9.
2716 3293 2791 3346 Ex
2839 3293 3046 3363 quibus
3086 3293 3226 3346 satis
3269 3293 3558 3348 evidenter
3583 3289 3838 3347 ostenditur

2204 3379 2537 3452 Pelagianos
2568 3396 2684 3434 non
2715 3380 3007 3434 admisisse
3047 3381 3110 3434 in
3138 3381 3474 3437 inﬁdelibus
3503 3397 3669 3452 opera
3708 3377 3836 3432 meri-

2202 3469 2352 3523 toria
2381 3468 2543 3538 regni
2571 3468 2811 3523 caelestis
2833 3473 2890 3523 et
2927 3469 3148 3538 gloriae,
3181 3471 3283 3525 sed
3321 3476 3542 3525 tantum
3580 3470 3642 3525 de
3669 3479 3841 3522 eorum-

2203 3556 2333 3610 dem
2373 3555 2627 3610 bonitate
2656 3555 2970 3610 secundum
3001 3557 3386 3612 substantiam
3423 3574 3550 3612 cum
3579 3553 3838 3626 Augustino

2203 3644 2580 3699 contendisse.
2641 3645 2818 3699 Porro
2878 3645 2948 3699 de
3007 3645 3112 3700 hac
3167 3648 3488 3717 quaestione
3532 3645 3596 3700 ad
3645 3648 3840 3698 mentem

2205 3733 2382 3788 sancti
2411 3733 2591 3788 Patris
2622 3732 2850 3804 egregie
2911 3732 3281 3804 disputarunt
3314 3735 3430 3790 duo
3477 3733 3714 3805 insignes
3754 3732 3840 3784 Au-

2204 3820 2517 3893 gustiniani
2568 3821 2844 3892 theologi,
2894 3822 3204 3892 Gregorius
3233 3817 3238 3822 ’
3271 3822 3661 3886 Ariminensis,
3713 3818 3761 3873 in
3801 3818 3840 3878 ἓν

2205 3909 2458 3965 distinct.
2499 3913 2588 3977 26,
2623 3915 2822 3982 quaest.
2874 3915 2919 3976 l,
2965 3916 3022 3965 et
3059 3913 3277 3984 Gaspar
3308 3914 3558 3969 Casalius
3601 3909 3842 3966 Lusitanus

2205 3998 2504 4071 episcopus
2559 3999 2856 4068 Leirensis,
2889 4000 2988 4054 lib.
3021 4018 3038 4054 ι
3096 4001 3166 4055 de
3197 4001 3616 4074 Quadripartita
3648 3994 3839 4053 Justitia.

2203 4102 2309 4157 per
2339 4088 2507 4158 plura
2575 4089 2782 4158 capita.
2837 4087 3077 4142 Basilius
3124 4091 3368 4145 Pontius
3414 4086 3768 4161 Legionensis,
3801 4082 3842 4134 in

2204 4175 2383 4246 priori
2429 4181 2591 4246 parte
2648 4176 3037 4232 Relectionum
3107 4179 3177 4233 de
3249 4179 3456 4251 gratia,
3523 4178 3592 4232 ad
3641 4177 3842 4229 mentem

395 4267 652 4340 Gregorii
682 4265 890 4338 Magni,
937 4265 1034 4320 lib.
1081 4282 1120 4320 ιι
1167 4265 1487 4332 Moralium,
1549 4283 1672 4338 cap.
1717 4271 1797 4330 15,
1835 4267 1862 4338 §
1899 4270 1960 4324 Si
1989 4285 2094 4323 non
2125 4270 2167 4324 Ι)
2203 4265 2381 4318 sancti
2413 4264 2592 4319 Patris
2631 4265 2953 4336 Augustini,
2985 4282 3108 4336 cap.
3145 4270 3239 4333 '75,
3283 4267 3346 4321 in
3380 4283 3527 4338 resp.
3570 4265 3633 4319 ad
3669 4265 3715 4326 2,
3748 4255 3844 4311 scri-

390 4360 566 4427 prius.
606 4356 827 4412 Etenim
872 4355 1078 4409 horum
1118 4353 1266 4408 dicta
1304 4354 1376 4408 ab
1418 4353 1758 4409 adversariis
1819 4356 2090 4426 explicari

397 4449 630 4516 possunt
676 4445 744 4499 de
788 4444 943 4498 bono
989 4458 1162 4513 opere
1211 4441 1526 4509 meritorio,
1577 4444 1729 4514 quod
1792 4460 2089 4516 nunquam

395 4531 678 4602 reperitur
726 4531 784 4584 in
842 4529 911 4584 iis
955 4529 1056 4602 qui
1109 4529 1222 4583 ﬁde
1274 4532 1487 4584 carent.
1553 4531 1676 4584 Imo
1726 4547 1922 4586 omnes
1973 4533 2090 4588 fere

394 4617 738 4685 scholastici,
779 4617 880 4690 qui
903 4634 1021 4672 non
1049 4617 1313 4672 similiter
1349 4618 1669 4688 Augustino
1717 4619 1784 4672 de
1819 4619 2090 4689 operibus

392 4707 720 4763 inﬁdelium
767 4707 1103 4779 loquuntur,
1144 4723 1216 4762 ne
1255 4707 1558 4762 videantur
1613 4712 1805 4762 sancto
1873 4708 2091 4763 doctori

393 4796 698 4862 adversari,
733 4795 929 4851 dicunt
954 4796 1220 4851 eumdem
1267 4812 1502 4867 negasse
1551 4812 1727 4867 opera
1767 4795 2092 4852 inﬁdelium

393 4903 514 4945 esse
543 4886 715 4954 bona,
758 4885 866 4940 hoc
907 4889 1012 4951 est,
1063 4884 1371 4950 meritoria,
1416 4895 1478 4939 ut
1527 4884 1813 4956 Pelagiani
1853 4890 2090 4939 conten-

393 4977 623 5032 debant.
676 4975 787 5030 Sed
847 4973 907 5028 hi
950 4974 1119 5044 plane
1168 4973 1474 5044 Augustini
1519 4973 1666 5028 libro
1706 4974 2090 5044 perfunctorie

393 5066 686 5136 legerunt:
729 5078 1026 5133 nunquam
1077 5061 1230 5116 enim
1271 5062 1532 5116 Julianus
1591 5063 1756 5118 aliive
1801 5062 2091 5133 Pelagiani

393 5155 673 5209 admisere
705 5169 883 5225 opera
933 5151 1245 5216 meritoria,
1293 5167 1391 5205 seu
1446 5151 1722 5206 donantia
1747 5152 1840 5222 jus
1871 5152 1940 5206 ad
1968 5153 2088 5223 glo-

395 5240 540 5295 riam
569 5241 690 5295 sine
719 5241 903 5314 gratia
927 5238 1298 5310 justiﬁcaute.
1359 5239 1571 5294 Juliani
1601 5240 1773 5294 verba
1814 5240 1992 5294 reddo
2022 5257 2089 5295 ex

395 5327 492 5383 lib.
544 5345 616 5397 1v,
659 5346 782 5400 cap.
849 5333 878 5385 3
941 5328 1120 5384 sancti
1165 5327 1472 5399 Augustini
1525 5333 1723 5382 contra
1786 5328 2084 5383 eumdem:

398 5436 426 5468 α
458 5417 823 5485 Cunctarum,
859 5418 1067 5490 inquit,
1115 5417 1276 5488 origo
1334 5417 1609 5470 virtutum
1658 5416 1718 5470 in
1760 5415 2086 5472 rationabili

395 5504 588 5562 animo
627 5505 735 5560 sita
789 5511 889 5576 est,
942 5512 996 5562 et
1056 5506 1290 5564 aﬁ‘ectus
1359 5522 1576 5572 omnes,
1628 5521 1732 5575 per
1789 5521 1932 5576 quos
1988 5511 2087 5561 aut

2201 4353 2285 4408 bit
2313 4371 2370 4408 se
2401 4354 2460 4408 in
2492 4355 2670 4408 altera
2699 4360 2858 4425 parte
2884 4355 2954 4408 de
2997 4355 3270 4425 operibus
3308 4355 3619 4410 inﬁdelium
3645 4350 3844 4420 disputa.

2200 4445 2416 4509 turum,
2443 4459 2614 4514 quem
2642 4447 2832 4496 tamen
2864 4443 3077 4497 librum
3102 4459 3393 4514 nusquam
3436 4443 3594 4514 potui
3619 4435 3841 4510 reperire.

2201 4533 2275 4584 Ex
2320 4531 2527 4585 exteris
2576 4531 2883 4601 Augustini
2938 4531 3287 4586 sententiam
3329 4531 3646 4586 doctissime
3687 4524 3838 4580 defen-

2201 4619 2286 4674 dit
2309 4622 2372 4674 P.
2419 4620 2644 4675 Macedo
2675 4620 2734 4673 in
2774 4619 3005 4674 Cortina
3053 4621 3113 4673 ι).
3149 4620 3461 4691 Augustini
3498 4622 3684 4692 quaest.
3723 4616 3766 4679 2,
3791 4609 3842 4664 de

2199 4707 2532 4762 necessitate
2564 4708 2781 4778 gratiaa.
2816 4708 2924 4773 Qui
2957 4709 3217 4763 doctores
3248 4710 3479 4763 solvunt
3515 4708 3675 4762 etiam
3709 4714 3839 4768 argu-

2199 4801 2394 4851 menta
2442 4812 2570 4867 qua:
2623 4801 2816 4850 contra
2871 4797 3049 4851 sancti
3104 4798 3289 4852 Patris
3336 4797 3671 4852 sententiam
3710 4790 3843 4858 vulgo

2199 4885 2602 4952 adducuntur;
2657 4885 2830 4952 unde,
2891 4903 2960 4940 ne
3015 4891 3206 4941 actum
3252 4903 3514 4958 agamus,
3557 4885 3644 4940 hic
3682 4880 3842 4935 eadem

2198 4989 2316 5028 non
2377 4973 2708 5044 repetimus.
2759 4974 3002 5044 Legatur
3053 4974 3457 5042 Ariminensis,
3519 4973 3614 5046 qui
3671 4968 3845 5041 optime

2198 5061 2464 5116 omnibus
2497 5063 2734 5133 objectis
2790 5064 3074 5132 occurrit;
3107 5081 3298 5137 neque
3351 5065 3507 5119 enim
3554 5059 3844 5117 recentiores

2198 5167 2342 5206 nova
2388 5157 2725 5222 argumenta
2769 5154 3111 5224 produxere,
3167 5155 3383 5224 quibus
3431 5149 3841 5224 Augustinauum

2199 5245 2475 5294 assertum
2502 5241 2924 5311 impugnarent.
2958 5243 3082 5297 Scio
3139 5243 3270 5296 illos
3313 5257 3604 5314 opponere
3647 5238 3840 5292 damna-

2198 5343 2314 5384 tam
2365 5329 2510 5384 banc
2550 5329 2668 5384 Baii
2710 5331 3198 5402 propositionem:
3253 5332 3454 5388 Omnia
3493 5343 3647 5400 opera
3691 5319 3843 5391 inﬁde

2198 5419 2331 5474 lium
2351 5423 2478 5474 sunt
2501 5425 2743 5489 peccata,
2797 5425 2902 5474 etc.
2946 5420 3053 5475 Sed
3083 5421 3188 5476 hac
3214 5435 3460 5474 censura
3502 5415 3670 5472 sancti
3695 5406 3841 5468 Patris

2197 5507 2478 5562 sententia
2506 5508 2840 5579 neutiquam
2896 5509 3244 5580 percellitur.
3301 5508 3520 5563 Etenim
3561 5503 3646 5558 hic
3686 5498 3838 5570 palam
