3946 6176
95 271 201 321 629

1409 259 1731 315 VINDICUE
1770 255 2310 314 AUGUSTINIANAS.

3510 263 3614 314 630

90 381 366 438 concedit
389 380 448 435 in
477 378 809 434 inﬁdelibus
861 376 1054 448 aliqua
1083 391 1256 448 opera
1311 375 1463 430 bona
1507 376 1566 430 in
1613 376 1870 447 primaA
1909 375 2269 430 doctissimus
2308 377 2521 447 Gaspar
2575 378 2849 437 Casalius,
2905 378 3308 451 Augustiniani
3364 381 3612 436 instituti

90 473 311 526 saltem
359 469 440 522 sui
497 467 895 538 productione,
959 482 1024 518 ex
1075 465 1259 535 gratia
1313 468 1504 517 tamen
1571 464 1797 518 donata.

93 564 391 615 Praeterea
420 560 593 610 etiam
624 555 743 609 sine
775 554 960 624 gratia
990 555 1161 607 homo
1195 553 1454 624 appetitu
1501 553 1698 606 innato
1732 569 1798 606 ex

98 646 417 718 Augustini
447 644 731 697 sententia
784 647 936 696 amat
983 658 1272 695 summum
1321 641 1556 706 bonum,
1611 643 1801 695 nullus

97 737 266 790 enim
297 739 376 787 est
406 734 506 803 qui
526 749 636 785 non
668 731 802 784 velit
826 747 944 784 esse
968 731 1184 784 beatus.
1217 731 1366 784 Etde
1398 730 1484 783 his
1506 730 1798 784 hactenus.

167 829 247 878 At
277 823 553 893 quoniam
591 821 662 874 ob
691 820 835 873 hanc
867 819 1048 889 ipsam
1098 819 1439 872 sententiam
1497 820 1563 872 de
1615 822 1800 890 operi-

88 913 199 966 bus
232 911 559 965 inlidelium
589 908 942 977 Augustinus
995 909 1142 960 male
1199 907 1418 960 audita
1461 908 1799 975 Maldonato,

90 1000 272 1053 libeat
311 998 511 1068 paucis
560 997 808 1050 hominis
851 996 998 1049 dicta
1049 995 1326 1050 refellere.
1389 997 1438 1049 Is
1504 996 1684 1066 igitur
1741 997 1799 1049 in

92 1090 416 1142 comment.
453 1102 574 1155 cap.
607 1101 657 1137 v1
690 1084 880 1138 Matth.
919 1100 1062 1137 vers.
1100 1087 1183 1149 18,
1218 1083 1296 1136 ita
1353 1083 1548 1137 scribit
1578 1101 1589 1136 :
1628 1103 1655 1134 «
1691 1085 1802 1138 Nec

92 1177 257 1229 enim
303 1175 596 1245 sequenda
646 1174 744 1226 illa
789 1172 982 1242 opinio
1027 1176 1129 1238 est,
1181 1187 1352 1242 quam
1405 1172 1802 1226 Tridentinum

90 1263 414 1318 concilium
450 1278 633 1332 nuper
662 1261 864 1315 merito
922 1260 1232 1326 damnavit,
1295 1260 1490 1313 omnia
1539 1265 1802 1332 peccato-

89 1369 226 1406 rum
275 1357 375 1404 aut
408 1351 578 1404 etiam
606 1347 922 1402 inﬁdelium
953 1364 1122 1418 opera
1155 1364 1274 1400 esse
1306 1353 1554 1418 peccata,
1600 1365 1802 1419 quam-

88 1441 177 1494 vis
208 1441 531 1494 maximum
565 1443 856 1492 auctorem
911 1439 973 1490 D.
1012 1436 1395 1507 Augustinum
1431 1438 1538 1490 lib.
1579 1455 1630 1490 ιν
1663 1454 1802 1491 con-

88 1536 174 1583 tra
223 1530 520 1584 lulianum
553 1544 675 1596 cap.
719 1529 770 1592 3,
795 1532 850 1580 et
881 1530 1076 1580 contra
1106 1526 1245 1580 duas
1275 1526 1538 1596 epistolas
1586 1529 1802 1597 Pelag,

87 1636 222 1690 cap.
279 1623 334 1683 ὅ,
363 1623 418 1671 et
445 1620 788 1686 Prosperum
817 1619 962 1669 sent.
1003 1618 1122 1678 106,
1150 1615 1415 1668 habuisse
1452 1615 1736 1669 videatur.
1771 1635 1799 1666 ι)

88 1712 398 1779 Nusquam
427 1706 616 1760 docuit
647 1710 870 1758 sanctus
899 1706 1064 1758 Pater
1093 1705 1284 1757 omnia
1338 1721 1512 1774 opera
1539 1709 1802 1774 peccato-

86 1815 230 1853 rum
263 1813 383 1850 esse
424 1795 643 1860 vitiosa,
696 1794 794 1864 qui
844 1794 1157 1847 recentium
1202 1793 1603 1847 haereticorum
1645 1810 1806 1847 error

85 1890 181 1936 est
219 1884 521 1937 damnatus
553 1883 613 1935 in
638 1882 967 1935 Tridentino
1001 1898 1137 1937 sess.
1171 1884 1222 1946 6,
1259 1898 1380 1935 can.
1433 1887 1484 1935 7.
1535 1883 1651 1935 lmo
1685 1885 1804 1936 Au-

87 1973 372 2043 gustinus
428 1971 751 2042 oppositum
810 1987 959 2041 saepe
1027 1971 1226 2037 docet;
1270 1987 1405 2024 nam
1459 1987 1582 2040 cap.
1647 1976 1675 2024 7
1733 1971 1803 2026 de

87 2061 612 2114 Praedestinatione
643 2065 968 2113 sanctorum
999 2059 1171 2112 tradit
1223 2059 1416 2112 omnia
1444 2060 1596 2114 bona
1629 2075 1805 2129 opera

89 2151 376 2217 Cornelii,
407 2155 712 2220 antequam
760 2149 1036 2212 crederet,
1071 2149 1185 2200 Deo
1233 2153 1460 2218 accepta
1507 2148 1804 2202 referenda

89 2255 250 2307 esse,
281 2244 347 2292 ut
377 2238 635 2309 proxime
667 2237 1040 2290 ostendimus.
1075 2238 1216 2290 Item
1251 2237 1345 2289 lib.
1384 2238 1450 2291 de
1501 2237 1798 2303 Patientia,

92 2345 227 2398 cap.
286 2331 374 2391 ‘26,
406 2328 567 2380 docet
621 2325 1043 2380 schismaticum
1090 2325 1188 2395 qui
1243 2324 1446 2378 timore
1501 2341 1802 2395 poenarum

91 2423 450 2470 reternarum
498 2415 776 2468 cruciatus
829 2414 1091 2479 sustinet,
1147 2429 1218 2466 ne
1267 2414 1553 2466 Christum
1611 2418 1797 2484 neget,

93 2506 273 2564 bene.
336 2505 476 2558 citra
528 2504 798 2557 meritum
848 2507 1040 2556 tamen
1095 2502 1224 2555 vitae
1276 2506 1525 2568 aeternae,
1587 2519 1798 2572 agere:

93 2615 120 2644 (ι
155 2595 330 2648 Nullo
362 2593 531 2646 modo
564 2593 672 2645 ista
701 2593 984 2662 culpanda
1013 2597 1144 2643 sunt
1193 2591 1480 2662 inquiens,
1515 2591 1630 2644 imo
1662 2607 1795 2644 vero

93 2688 153 2735 et
212 2683 335 2736 haec
392 2682 674 2734 laudanda
729 2680 1008 2750 patientia
1037 2684 1197 2732 est.»
1259 2681 1321 2732 Et
1368 2696 1490 2749 cap.
1554 2683 1616 2733 '27
1681 2679 1797 2733 ait:

98 2795 122 2818 ί‹
162 2773 365 2842 Neque
388 2772 539 2824 enim
595 2772 699 2824 hoc
727 2786 842 2823 non
869 2774 952 2822 est
989 2770 1222 2834 bonum,
1285 2773 1344 2821 ut
1399 2769 1592 2823 credat
1623 2769 1796 2822 homo

92 2867 322 2915 aeterno
361 2859 639 2930 supplicio
694 2876 749 2912 se
809 2875 930 2912 esse
978 2858 1358 2928 puniendum,
1414 2857 1460 2910 si
1511 2859 1801 2928 negaverit

1912 466 2016 532 vir,
2053 470 2108 518 et
2138 465 2436 536 episcopus
2468 467 2747 521 Leirensis
2780 468 3100 523 Lusitanus.
3154 469 3253 540 qui
3289 486 3438 524 anno
3475 474 3610 525 1562

1912 554 2116 625 ingens
2146 555 2418 608 volumen
2447 556 2514 609 de
2547 556 2970 627 Quadripartita
2996 559 3222 612 Justitia
3274 559 3613 630 inscriptum

1912 642 2168 696 Tridenti
2199 643 2538 712 composuit,
2590 659 2653 696 ac
2706 644 2908 714 legatis
2954 651 3162 700 sanctae
3216 647 3360 700 sedis
3391 664 3610 701 nuncu-

1911 733 2087 803 pavit,
2158 734 2218 786 in
2292 734 2446 803 cujus
2503 734 2649 786 libro
2709 752 2745 799 ι,
2819 751 2850 787 a
2909 751 3033 805 cap.
3094 738 3180 800 22,
3243 736 3610 791 dilIusissime

1910 822 2084 875 sancti
2113 823 2419 892 Augustini
2445 823 2781 876 sententiam
2842 829 3190 894 propugnat,
3252 827 3508 894 Patrum,
3555 833 3613 881 et

1910 911 2311 982 theologorum
2344 917 2467 964 tum
2499 912 2830 964 auctoritate
2852 917 2973 965 tum
3001 913 3319 966 rationibus
3350 915 3610 968 eamdem

1911 1000 2274 1054 confirmans.
2309 1003 2378 1054 At
2406 1000 2578 1054 sessio
2610 1001 2706 1053 illa
2759 1001 2826 1053 de
2870 1001 3282 1069 justiﬁcatione
3327 1004 3612 1058 celebrata

1911 1088 2096 1142 fuerat
2127 1105 2279 1142 anno
2339 1091 2494 1143 1547.
2553 1091 2709 1142 Itane
2767 1094 2989 1143 tantum
3049 1091 3298 1144 audaciae
3349 1092 3468 1145 viro
3528 1092 3610 1146 illi

1911 1177 2082 1230 fuisse
2113 1177 2390 1247 dicemus,
2439 1181 2503 1230 ut
2557 1178 2887 1231 damnatam
2946 1194 2978 1230 a
3008 1179 3219 1248 synodo
3269 1180 3609 1234 sententiam

1912 1265 2122 1319 iterum
2168 1271 2324 1319 tanta
2369 1267 2731 1320 contentione
2782 1267 3158 1320 defenderet?
3189 1267 3382 1322 Libeat
3439 1271 3609 1324 Casa-

1915 1353 2055 1405 lium
2084 1354 2329 1407 audire:
2384 1377 2403 1401 α
2469 1357 2665 1420 Porro,
2726 1354 2933 1424 inquit,
2990 1355 3056 1408 de
3115 1355 3212 1408 illo
3266 1356 3400 1421 alio,
3459 1358 3610 1427 quod

1913 1457 2140 1511 semper
2163 1443 2518 1512 Augustinus
2541 1443 2765 1496 videtur
2811 1443 3034 1508 docere,
3091 1447 3248 1496 extra
3291 1444 3485 1512 ﬁdem,
3516 1462 3608 1499 ex-

1913 1534 2001 1583 tra
2032 1531 2421 1600 cognitionem
2452 1531 2568 1584 veri
2603 1531 2702 1584 Dei
2759 1547 2873 1585 non
2930 1531 3171 1602 reperiri
3221 1532 3474 1603 aliquam
3526 1549 3613 1586 ve-

1913 1635 2034 1672 ram
2066 1619 2354 1685 virtutem,
2385 1636 2513 1690 quae
2546 1637 2660 1673 non
2693 1619 2763 1673 sit
2804 1620 3028 1686 vitium,
3081 1621 3219 1691 quid
3265 1622 3612 1676 dicendum?

1914 1705 2062 1769 Quid
2094 1707 2422 1776 dicendum,
2453 1709 2708 1779 inquam,
2744 1709 3058 1762 secundum
3090 1709 3432 1762 sententiam
3489 1709 3611 1778 ejus

1913 1800 1968 1850 et
1997 1797 2240 1850 aliorum
2298 1803 2624 1851 sanctorum
2674 1798 3018 1851 doctorum?
3066 1797 3261 1860 Quoad
3311 1797 3499 1866 ipsum
3531 1795 3611 1850 di-

1915 1885 2095 1938 cimus
2129 1902 2140 1938 :
2182 1887 2305 1954 Ipse
2339 1886 2573 1956 quidem
2603 1885 2681 1938 ita
2711 1885 2924 1952 docuit,
2975 1890 3031 1938 et
3069 1885 3204 1954 quia
3256 1900 3422 1936 verax
3468 1889 3606 1950 erat,

1915 1977 2084 2044 atque
2122 1990 2186 2027 eo
2235 1975 2402 2027 corde
2451 1973 2812 2044 loquebatur,
2864 1973 2943 2026 ita
2999 1972 3261 2026 credidit.
3302 1973 3461 2026 Nunc
3515 1972 3611 2025 alii

1913 2077 2072 2116 secus
2113 2062 2330 2128 dicunt,
2389 2063 2484 2116 sed
2531 2063 2747 2131 seipsos
2797 2062 3170 2133 sapientiores
3221 2077 3341 2114 esse
3387 2063 3610 2132 Augus-

1911 2150 2030 2204 tino
2085 2167 2202 2204 non
2262 2151 2651 2204 ostendunt.»
2697 2151 2804 2205 Sed
2862 2167 2978 2204 non
3033 2150 3175 2204 adeo
3233 2149 3486 2220 rigorose
3545 2149 3613 2203 de

1913 2239 2180 2309 operibus
2206 2239 2528 2294 inﬁdelium
2561 2245 2791 2293 sanctus
2833 2239 3031 2292 doctor
3057 2238 3278 2291 locutus
3318 2241 3419 2300 est,
3473 2252 3610 2290 nam

1913 2329 2132 2399 aliquos
2182 2329 2530 2399 quandoque
2587 2328 2866 2382 virtutum
2919 2331 3077 2380 actus
3133 2326 3362 2380 eosdem
3413 2325 3613 2379 elicere

1911 2417 2102 2487 palam
2136 2418 2432 2483 concessit,
2468 2421 2526 2470 ut
2558 2433 2625 2471 ex
2656 2417 2819 2470 dictis
2849 2416 2982 2470 satis
3012 2419 3266 2486 apparet.

1984 2523 2010 2592 ἓ
2035 2524 2099 2594 Υ,
2135 2524 2492 2594 Αγινεᾳησίῑιε
2521 2523 2883 2594 Augusti-nus
2905 2539 3168 2594 asserens
3191 2520 3464 2592 parvulos
3493 2537 3609 2590 pu-

1979 2591 2096 2665 niri
2116 2593 2424 2648 mitissima
2454 2591 2629 2665 pcend
2641 2610 2842 2648 sensus
2863 2592 2923 2646 in
2938 2591 3160 2662 inferis,
3193 2591 3298 2663 per
3326 2607 3615 2646 excessum

1982 2664 2202 2718 locutus
2230 2665 2331 2718 sil.

1984 2772 2275 2843 Nusquam
2307 2771 2438 2824 novi
2469 2770 2774 2841 Augustini
2798 2785 3060 2823 censores
3086 2767 3294 2838 potiori
3323 2768 3488 2821 titulo
3518 2762 3605 2821 ex-

1909 2875 2096 2914 cessus
2125 2860 2311 2913 eidem
2343 2859 2586 2928 objicere
2639 2859 2924 2925 videntur,
2959 2873 3132 2928 quam
3165 2856 3260 2910 ubi
3321 2856 3388 2909 de
3428 2855 3612 2925 poenis

93 2949 416 3008 Christum.
450 2953 510 3001 ut
549 2964 652 3017 pro
693 2947 798 3000 ista
857 2947 966 3000 ﬁde
1007 2948 1403 3016 qualecunque
1455 2945 1800 3016 supplicium
1830 2969 1867 3024 ρ
1908 2964 2214 3019 puerorum
2250 2948 2367 3001 sine
2406 2949 2686 3017 baptismo
2720 2947 3112 3002 decedentium
3139 2961 3266 2999 cum
3295 2944 3615 3014 Pelagianis

90 3038 372 3108 perferet,
400 3043 455 3090 et
485 3040 814 3090 contemnat
843 3036 1182 3089 humanum.
1218 3035 1461 3088 Proinde
1515 3034 1657 3088 sicut
1700 3051 1799 3088 ne-

91 3127 357 3197 gandum
391 3143 502 3178 non
529 3131 613 3178 est
641 3126 750 3178 hoc
781 3125 953 3178 etiam
1005 3141 1123 3178 esse
1157 3125 1372 3178 donum
1424 3123 1540 3190 Dei,
1600 3123 1679 3177 ita
1719 3124 1800 3177 in-

95 3217 486 3286 telligendum
522 3220 606 3267 est
645 3214 754 3267 alia
803 3229 921 3266 esse
977 3213 1074 3266 Dei
1133 3213 1284 3266 dona
1343 3212 1592 3265 ﬁliorum
1646 3213 1800 3266 illius

102 3308 645 3376 llierusalem,quae
699 3321 921 3358 sursum
983 3305 1160 3358 libera
1219 3308 1302 3357 est
1359 3307 1541 3358 mater
1586 3309 1798 3358 nostra.

104 3400 240 3451 Haec
271 3401 404 3448 sunt
432 3395 584 3448 enim
638 3393 1060 3464 quodammodo
1089 3392 1474 3460 haereditaria,
1507 3393 1564 3446 in
1596 3393 1803 3464 quibus

99 3502 306 3539 sumus
341 3485 593 3538 hazredes
653 3483 772 3547 Dei,
809 3483 1132 3537 cohaeredes
1192 3487 1384 3535 autem
1416 3481 1642 3535 Christi.
1678 3481 1803 3535 Alia

99 3591 263 3639 vero,
313 3590 442 3644 quae
495 3577 733 3643 possunt
785 3572 1040 3642 accipere
1096 3571 1267 3624 etiam
1301 3570 1404 3623 ﬁlii
1457 3570 1801 3624 concubina-

105 3679 260 3727 rum,
289 3661 500 3731 quibus
537 3659 717 3713 ,ιυόωί
767 3659 1042 3719 carnales,
1077 3663 1133 3710 et
1185 3657 1528 3710 schismatici
1567 3658 1652 3710 vel
1684 3658 1800 3710 hac-

106 3749 269 3803 retici
328 3753 750 3818 comparantur.
812 3750 884 3800 At
923 3744 1215 3798 Cornelius
1255 3749 1382 3797 ante
1434 3744 1801 3815 baptismum,

105 3841 245 3892 item
277 3837 457 3891 Judaei
500 3842 554 3890 et
594 3835 846 3889 haeretici
897 3835 1048 3887 inter
1103 3839 1426 3903 peccatores
1475 3839 1800 3900 censentur,

105 3943 357 3996 quorum
393 3930 583 3978 tamen
616 3941 789 3994 opera
837 3924 1098 3993 quaedam
1145 3921 1446 3986 laudanda,
1480 3925 1674 3989 utpote
1709 3919 1806 3972 Dei

105 4018 275 4077 dona,
310 4014 663 4084 Augustinus
695 4012 970 4066 concedit.
1005 4010 1148 4064 Illud
1202 4025 1335 4062 vero
1384 4008 1613 4061 tolerari
1646 4008 1803 4060 nullo

108 4105 281 4158 modo
309 4108 515 4172 potest,
549 4103 700 4173 quod
734 4102 904 4154 audet
943 4099 1295 4153 llialdonatus
1352 4112 1622 4162 asserere,
1680 4095 1801 4148 Tri-

107 4193 404 4247 dentinam
439 4192 720 4261 synodum
752 4191 1047 4244 damnasse
1105 4187 1446 4240 sententiam
1502 4183 1805 4256 Augustini

1912 3037 2240 3106 disputavit.
2300 3035 2517 3090 Etenim
2595 3035 2816 3107 antiqui
2874 3035 3045 3089 etiam
3114 3032 3431 3088 scholastici
3506 3035 3613 3086 hoc

1913 3126 2102 3196 ipsum
2150 3125 2218 3179 de
2250 3129 2444 3179 sancto
2500 3124 2724 3178 doctore
2781 3123 3164 3194 publicarunt.
3219 3124 3332 3176 Hoc
3386 3122 3604 3187 Scotus,

1911 3215 2020 3268 hoc
2050 3213 2386 3279 Richardus,
2418 3213 2524 3267 hoc
2555 3214 2750 3282 Major,
2800 3212 3130 3282 Capreolus,
3165 3211 3376 3281 aliique
3407 3209 3607 3263 unani-

1912 3303 1990 3357 mi
2046 3318 2327 3356 consensu
2381 3301 2689 3356 tradidere.
2760 3302 2836 3354 De
2883 3301 2992 3354 hoc
3047 3298 3347 3369 Augustini
3403 3297 3612 3368 placito

1911 3391 2134 3461 scripsit
2180 3395 2405 3444 sanctus
2462 3391 2854 3443 Banaventura
2915 3406 2926 3442 ε
2964 3390 3158 3441 «Plus
3217 3386 3376 3454 dixit,
3420 3385 3612 3439 minus

1915 3482 2112 3534 volens
2143 3479 2409 3550 intelligi.
2448 3502 2473 3527 ν
2529 3479 2710 3543 Quam
2752 3477 3092 3532 sententiam
3146 3479 3401 3530 Annatus
3450 3490 3614 3544 gran-

1913 3569 2172 3624 dioribus
2203 3568 2622 3622 characteribus
2679 3566 2993 3637 exscripsit,
3029 3565 3348 3636 saepiusque
3380 3563 3450 3617 ad
3491 3565 3614 3617 Au-

1913 3658 2128 3729 gustini
2170 3657 2564 3711 auctoritatem
2593 3656 2926 3711 elevandam
2950 3655 3220 3709 obtrudit.
3255 3654 3365 3706 Nec
3385 3651 3614 3705 defuere

1914 3747 2014 3818 qui
2045 3763 2166 3799 rem
2195 3747 2461 3816 politulo,
2497 3750 2558 3799 ut
2586 3745 2723 3815 ipsis
2781 3744 3016 3814 quidem
3047 3743 3295 3806 videtur,
3353 3739 3616 3809 exemplo

1915 3836 2286 3906 explicarunt,
2320 3839 2460 3889 teste
2491 3833 2785 3898 Hauzerio,
2815 3837 2954 3886 tom.
2996 3832 3036 3884 Il
3069 3829 3388 3883 Anatomiaa
3418 3830 3612 3897 Augu-

1916 3924 2200 3990 stinianm,
2235 3924 2342 3979 col.
2371 3926 2474 3976 765
2507 3937 2518 3974 :
2556 3941 2582 3971 (ι
2617 3921 2773 3986 Hinc,
2818 3919 3025 3990 inquit,
3077 3917 3220 3970 sicut
3267 3916 3485 3986 equites
3516 3932 3604 3968 ar-

1915 4011 2074 4077 mati,
2109 4011 2245 4064 dum
2277 4009 2622 4062 invehuntur
2651 4008 2711 4060 in
2737 4008 2949 4072 hostes,
3010 4005 3194 4058 solent
3251 4003 3450 4056 eodem
3499 4001 3607 4054 im-

1916 4103 2052 4169 petu
2083 4097 2280 4151 obvios
2315 4096 2487 4150 etiam
2518 4111 2730 4165 pueros
2759 4095 3008 4147 inermes
3039 4092 3374 4145 conculcare
3400 4107 3412 4155 ;
3447 4089 3526 4142 ita
3564 4093 3620 4142 et

1920 4187 1978 4239 Β.
2011 4184 2364 4254 Augustinus
2393 4181 2790 4253 persequendo
2850 4179 3184 4250 Pelagianos
3229 4178 3451 4231 videtur
3496 4176 3619 4247 qui-

109 4284 182 4336 de
204 4281 476 4351 operibus
507 4280 848 4333 inﬁdelium.
880 4277 1142 4343 Ubinam,
1198 4292 1392 4346 quaeso
1448 4282 1522 4340 te,
1556 4273 1805 4344 synodus
1838 4266 1879 4319 D
1912 4274 2148 4328 busdam
2181 4272 2342 4343 quasi
2401 4288 2518 4342 prae
2574 4271 2792 4324 fervore
2851 4267 3146 4338 pugnandi
3203 4267 3394 4320 minus
3446 4265 3617 4318 etiam

109 4372 178 4425 de
215 4369 486 4441 operibus
537 4368 856 4422 inﬁdelium
905 4365 1206 4436 loquitur?
1252 4366 1479 4418 Canone
1528 4363 1625 4416 illo
1677 4379 1803 4432 sep-

112 4459 258 4513 timo
317 4459 550 4512 damnat
609 4457 937 4511 dicentem:
981 4455 1164 4523 Opera
1214 4452 1428 4518 omnia,
1489 4467 1616 4521 quae
1677 4453 1804 4502 ante

107 4547 580 4617 justiﬁcatiouem
673 4546 836 4611 ﬁunt,
929 4558 1270 4614 quacunque
1362 4540 1581 4593 ratione
1666 4539 1808 4592 facta

115 4637 254 4700 sint,
309 4653 438 4690 vere
488 4652 607 4689 esse
661 4637 909 4704 peccata,
959 4632 1045 4684 vel
1103 4630 1299 4684 odium
1361 4628 1459 4682 Dei
1515 4626 1741 4681 mereri.
1781 4647 1802 4674 ρ

114 4726 242 4789 Quo
268 4726 627 4778 anathemate
658 4723 892 4793 contigit
921 4736 1173 4774 errorem
1226 4722 1559 4772 novatorum
1619 4716 1806 4770 dicen-

111 4815 259 4868 tium
291 4813 488 4868 omnia
517 4829 690 4883 opera
727 4813 873 4865 facta
903 4811 974 4863 ab
1007 4808 1236 4862 homine
1264 4811 1421 4860 extra
1477 4804 1810 4859 charitatem

114 4909 172 4958 et
222 4902 280 4956 in
337 4906 568 4972 peccato
620 4901 926 4954 constituto
986 4913 1104 4951 esse
1165 4901 1412 4966 peccata,
1450 4895 1602 4966 quod
1655 4894 1813 4946 illaa

107 4992 473 5048 conscientiae
503 4994 663 5044 reatu
715 4988 1025 5053 vitiantur;
1061 5001 1188 5056 qua:
1242 4983 1524 5038 sententia
1580 4987 1635 5036 et
1675 4982 1814 5035 falsa

108 5088 166 5135 et
211 5081 350 5135 olim
391 5081 659 5134 damnata
716 5077 840 5137 fuit,
882 5076 965 5130 uti
1022 5075 1291 5135 vidimus,
1350 5073 1416 5126 ab
1471 5071 1808 5142 Augustino.

111 5172 359 5224 Tantum
387 5184 518 5222 vero
545 5168 701 5221 abest
753 5170 812 5218 ut
868 5167 1057 5219 Patres
1109 5161 1422 5216 Tridentini
1470 5177 1594 5213 eam
1640 5159 1814 5213 sancti

111 5258 358 5312 doctoris
391 5257 733 5310 sententiam
764 5253 1111 5319 damnarint,
1173 5251 1314 5322 quin
1346 5249 1534 5320 potius
1567 5265 1678 5302 non
1716 5249 1812 5302 de«

114 5348 289 5402 fuerit
315 5364 380 5400 ex
415 5362 614 5400 eorum
648 5351 798 5400 coztu
828 5350 881 5398 et
911 5341 1146 5396 scientia
1177 5346 1232 5394 et
1284 5338 1560 5410 dignitate
1615 5353 1812 5408 perce-

118 5436 308 5502 lcbris,
364 5433 466 5505 qui
522 5437 722 5504 postea
776 5430 1082 5502 Augustini
1134 5429 1479 5483 sententiam
1533 5425 1595 5479 in
1650 5441 1815 5479 sensu

118 5525 292 5578 etiam
325 5520 596 5578 severiori
652 5526 938 5591 acceptam
973 5517 1307 5573 defenderit.
1370 5516 1465 5569 Hic
1516 5519 1703 5567 autem
1737 5518 1818 5566 est

1919 4361 2171 4432 parvulis
2204 4361 2314 4415 illis
2346 4361 2691 4432 pepercisse.
2734 4379 2761 4409 »
2794 4357 3062 4422 Quinimo
3118 4372 3221 4409 nec
3249 4373 3280 4409 a
3311 4357 3616 4408 scommate

1921 4450 2286 4504 abstinuere:
2349 4451 2597 4504 afﬁrmat
2642 4447 2796 4501 enim
2848 4447 2978 4501 Soto
3036 4446 3164 4498 illos
3227 4443 3325 4516 qui
3373 4442 3618 4514 positam

1921 4538 2097 4592 sancti
2148 4538 2458 4609 Augustini
2515 4537 2857 4590 sententiam
2909 4533 3242 4594 defendunt,
3302 4530 3622 4601 nuncupari

1916 4627 2244 4698 ignominia:
2277 4643 2441 4681 causa
2483 4631 2702 4680 tortores
2729 4640 3042 4694 puerorum,
3080 4627 3137 4676 et
3170 4626 3360 4676 noster
3410 4622 3621 4674 Putea-

1916 4733 2025 4769 nus
2056 4716 2116 4768 in
2149 4720 2258 4781 1-2,
2294 4719 2493 4785 quaest.
2528 4717 2615 4779 83,
2648 4718 2752 4767 art.
2784 4714 2837 4779 4,
2870 4713 3000 4766 dub.
3039 4713 3090 4774 4,
3123 4715 3363 4765 testatur
3409 4710 3619 4778 Grego-

1922 4806 2073 4860 rium
2109 4804 2546 4868 Ariminensem,
2571 4802 2724 4872 quod
2756 4801 2966 4854 similia
2995 4800 3316 4870 Augustino
3368 4794 3620 4858 tradidit,

1921 4892 2199 4964 appellari
2234 4897 2485 4946 tortorem
2512 4906 2818 4960 puerorum.
2858 4892 3058 4960 Itaque
3090 4889 3362 4952 Adamus,
3389 4899 3508 4952 cap.
3565 4884 3619 4947 6,

1921 4998 2065 5054 page
2097 4981 2441 5050 666,5cribit
2480 4980 2865 5050 Augustinum
2911 4978 2972 5031 in
3023 4976 3267 5030 taxanda
3311 4968 3618 5025 infantium

1923 5087 2093 5142 pana
2130 5088 2155 5120 ί(
2191 5069 2297 5123 zeli
2355 5085 2585 5123 excessu
2638 5073 2793 5122 extra
2847 5066 3221 5138 quaestionem
3278 5074 3448 5130 quam
3490 5071 3620 5109 cum

1927 5159 2243 5228 Pelegianis
2275 5158 2521 5212 habebat
2551 5162 2792 5211 tractum
2849 5155 3044 5220 fuisse,
3108 5168 3170 5204 ac
3203 5152 3410 5220 praeter
3437 5145 3620 5198 inten-

1923 5248 2139 5302 tionem
2187 5248 2460 5300 locutum.
2511 5265 2537 5296 ι)
2585 5245 2866 5315 Addique,
2925 5244 3116 5296 Patres
3168 5258 3195 5288 «
3245 5234 3344 5306 qui
3400 5233 3466 5288 de
3517 5234 3622 5287 hac

1929 5335 2245 5407 quaestione
2293 5334 2566 5404 scripsere
2626 5349 2823 5388 omnes
2883 5325 3223 5382 contrariam
3279 5321 3623 5377 sententiam

1933 5423 2251 5479 tradidisse.
2290 5443 2316 5474 ι)
2351 5424 2505 5478 Idem
2533 5423 2704 5476 habet
2725 5417 3021 5479 Moraines,
3043 5415 3190 5484 disp.
3225 5415 3313 5480 40,
3346 5427 3506 5466 num.
3530 5412 3616 5463 60.

1932 5515 2086 5578 Quod
2119 5530 2249 5567 vero
2282 5513 2583 5582 Gregorius
2615 5511 2845 5578 Magnus
2902 5522 2964 5558 ac
2998 5503 3329 5574 Fulgentius
3366 5503 3621 5570 Ruspen-
