3906 6182
346 259 440 312 631

1350 204 1907 305 ειῑΡΡιΕΜΕΝΤυΜ
1949 248 2037 303 AD
2075 246 2307 303 OPERA
2345 247 2401 301 S.
2443 243 2837 302 AUCUSTINI.

3707 253 3793 304 63⁸2.

347 379 424 434 sis
452 378 512 434 in
541 393 608 434 ea
637 377 895 434 doctrina
923 392 1054 431 cum
1082 377 1273 430 sancto
1313 374 1630 444 Augustino
1675 373 2035 440 concinuere,
2072 377 2115 430 A
2149 371 2517 442 Evangelium
2545 369 2803 442 loquitur
2842 386 2856 438 ;
2890 369 3029 424 duas
3059 371 3246 440 partes
3288 369 3533 426 facturus
3561 378 3659 440 est,
3687 375 3802 430 dex-

351 468 544 524 scribit
594 485 606 523 :
661 488 690 519 ς(
739 468 862 521 Non
913 481 979 519 ex
1025 479 1190 517 sensu
1239 463 1517 525 Ecclesiae,
1567 467 1840 534 tanquam
1916 463 2046 516 illus

353 563 546 627 testes,
577 557 676 611 sed
706 573 772 610 ex
803 570 905 608 suo
948 553 1003 606 id
1040 551 1362 605 asseruisse.
1401 570 1428 602 ι)
1479 551 1596 622 Ego
1642 551 1874 622 quidem
1925 566 2047 604 rem

356 645 786 718 Augustinianae
827 640 1033 694 scholae
1073 645 1296 711 gratam
1333 656 1425 694 me
1459 641 1744 694 facturum
1783 639 2045 703 arbitror,

359 737 407 790 si
432 737 536 790 hac
564 734 623 786 in
646 748 704 785 re
752 736 1009 784 sanctum
1049 731 1272 783 Patrem
1312 729 1471 783 omni
1517 745 1806 784 excessum
1857 727 2047 799 suspi-

360 824 518 878 cione
546 821 881 884 liberavero,
910 818 1196 889 simulque
1225 819 1524 872 ostendero
1557 819 1823 872 eumdem
1858 818 2050 871 catho-

358 913 480 967 licae
511 907 766 964 Ecclesia:
797 908 1099 978 probatum
1130 908 1359 977 dogma,
1392 922 1758 961 communem
1793 906 2054 977 antiquo-

358 1015 486 1054 rum
519 1001 772 1061 Patrum,
806 1013 870 1050 ac
899 995 1084 1066 seipso
1115 995 1345 1066 dignam
1380 995 1722 1049 sententiam
1753 995 2012 1049 docuisse
2040 1014 2053 1061 ;

359 1106 388 1144 e
412 1093 611 1142 contra
640 1103 773 1140 vero
803 1085 1264 1140 scholasticorum
1290 1086 1594 1156 plerosque
1643 1083 1703 1138 in
1751 1084 2055 1155 opiniones

361 1179 637 1249 quasdam
668 1176 736 1230 de
768 1175 1072 1230 infantium
1103 1174 1286 1245 pcenis
1316 1174 1692 1240 descendisse,
1731 1190 1860 1244 quas
1910 1190 2055 1244 pon-

321 1293 326 1298 ε
361 1266 578 1321 tiﬁcum
611 1267 1018 1329 Romanorum,
1053 1263 1404 1335 synodorum
1450 1279 1512 1316 ac
1560 1265 1793 1317 Hatrum
1832 1261 2057 1317 statutis

361 1356 530 1426 plane
561 1356 947 1409 adversantur.
986 1355 1124 1408 Rem
1148 1352 1343 1424 paucis
1371 1352 1449 1406 sic
1474 1352 1734 1407 conﬁcio.

365 1478 562 1536 Sancti
594 1477 788 1532 Patris
813 1475 1119 1549 Augustini
1140 1475 1426 1549 sententia
1460 1475 1740 1549 depaenis
1765 1473 2057 1549 sensibili-

435 1550 536 1604 bus
546 1546 919 1620 parvulorum:
930 1547 1063 1620 sine
1079 1546 1360 1620 baptismo
1381 1546 1769 1620 devertentium
1789 1547 2061 1620 adversus

437 1617 783 1692 Pelagianos-
813 1618 1030 1692 tradita
1051 1617 1407 1689 proponitur.
1440 1617 1707 1692 Primum
1727 1634 1835 1692 pro
1859 1617 2059 1671 eadem

2153 466 2332 516 teram
2363 465 2420 514 et
2467 459 2753 514 sinistram
2807 458 3050 513 sinistris
3107 458 3401 514 dicturus:
3434 463 3509 515 Ite
3554 465 3609 515 in
3654 465 3801 529 ignem

2153 557 2429 610 wternum,
2483 551 2578 617 qui
2627 553 2855 618 paratus
2908 553 2985 602 est
3031 547 3243 602 diabolo
3291 553 3341 602 et
3395 550 3615 618 Angelis
3672 553 3796 620 ejus;

2157 638 2370 694 dextris
2389 637 2681 691 dicturus:
2725 638 2927 704 Venite,
2971 635 3231 690 benedicti
3283 638 3461 690 Patris
3515 641 3629 705 mei,
3656 643 3803 707 perci-

2153 729 2268 796 pite
2293 741 2536 793 regnum,
2569 725 2711 793 quod
2738 726 2884 780 vobis
2908 729 3170 795 paratum
3199 729 3273 778 est
3305 725 3371 778 ab
3402 727 3602 794 origine
3621 729 3804 782 mundi.

2159 817 2313 869 Hanc
2345 831 2588 885 regnum
2629 814 2904 880 nominat,
2938 814 3084 866 hanc
3115 829 3244 866 cum
3275 813 3497 867 diabolo
3527 815 3807 869 damnatio-

2160 920 2310 958 nem.
2347 905 2562 958 NULLUS
2592 918 2842 957 numerus
2873 918 2964 955 εει
2992 917 3193 955 uanius
3250 918 3435 968 LOCL'S,
3489 902 3584 956 ubi
3628 919 3807 973 ponere

2161 1009 2335 1064 queas
2365 992 2628 1046 infantes.
2665 993 2742 1045 De
2773 991 2910 1044 vivis
2949 995 3006 1044 et
3049 989 3286 1044 mortuis
3333 991 3685 1060 iudicabitur,
3733 993 3811 1047 alii

2163 1086 2332 1137 erunt
2356 1081 2425 1135 ad
2446 1082 2760 1144 dexteram,
2789 1079 2887 1133 alii
2916 1080 2987 1133 ad
3011 1078 3324 1134 sinistram.
3358 1080 3479 1133 Non
3514 1080 3636 1133 novi
3662 1080 3809 1147 aliud,

2164 1173 2268 1237 QUI
2298 1188 2492 1225 moras
2522 1187 2762 1233 MEDIL'M,
2798 1184 3011 1224 necnon
3041 1186 3108 1223 ne
3148 1185 3335 1223 nemo.
3390 1169 3512 1222 Non
3562 1175 3614 1223 te
3657 1170 3812 1224 oll'en-

2166 1260 2284 1326 dat,
2313 1259 2413 1330 qui
2436 1259 2728 1313 dexteram
2760 1257 2988 1329 qumrit,
3038 1262 3094 1310 et
3136 1261 3190 1310 te
3213 1256 3402 1326 ipsum
3433 1256 3702 1310 admonet.
3733 1259 3816 1312 Re-

2166 1348 2303 1402 cede
2334 1349 2403 1402 de
2429 1347 2616 1401 medio
2643 1365 2655 1414 ;
2687 1347 2783 1400 sed
2813 1346 2934 1400 noli
2964 1346 3024 1400 in
3055 1344 3365 1398 sinistram.
3393 1345 3447 1398 Si
3466 1361 3594 1415 ergo
3623 1345 3817 1400 dextera

2169 1436 2276 1491 erit
2297 1441 2354 1490 et
2383 1436 2628 1500 sinistra,
2672 1439 2727 1488 et
2753 1435 2974 1488 nullum
3005 1433 3256 1488 medium
3300 1433 3485 1486 locum
3515 1433 3571 1485 in
3599 1435 3816 1503 Evange—

2169 1525 2244 1579 lio
2271 1524 2554 1583 novimus,
2587 1539 2713 1577 ecce
2744 1521 2804 1575 in
2859 1522 3091 1576 dextera
3141 1535 3391 1592 regnum
3430 1521 3687 1575 canorum
3713 1527 3817 1575 est:

2173 1615 2454 1682 Percipite,
2498 1612 2706 1683 inquit,
2737 1627 2979 1678 regnum.
3008 1609 3116 1675 Qui
3143 1610 3223 1664 ibi
3264 1625 3381 1662 non
3410 1613 3510 1675 est,
3545 1608 3599 1662 in
3634 1609 3823 1663 sinistra

435 1709 504 1746 ea:
519 1677 691 1766 saera
701 1690 1002 1766 Scriptura
1015 1677 1418 1762 argumentum
1428 1731 1440 1744 .
1454 1694 1505 1744 Α
1513 1677 1937 1744 dversariorum
1948 1705 1977 1742 r

2321 1677 2472 1766 Quid
2505 1677 2614 1754 erit
2662 1701 2722 1754 in
2757 1677 3020 1754 sinistra?
3050 1702 3129 1754 Ite
3183 1701 3242 1752 in
3275 1703 3452 1765 ignem
3495 1704 3744 1753 aeternum.
3773 1701 3820 1753 ln

437 1761 710 1834 ponsione
738 1762 1000 1832 explosae.

365 1905 372 1910 ·
437 1886 748 1955 Pelagiani,
808 1885 946 1940 licet
1004 1888 1322 1939 assererent
1368 1900 1578 1956 pueros
1627 1883 1748 1938 sine
1796 1883 2066 1953 originali

368 1981 598 2046 peccato
630 1975 807 2042 nasci,
862 1974 1089 2029 eosdem
1119 1978 1331 2038 tamen,
1366 1972 1414 2027 si
1463 1972 1636 2026 sacris
1684 1972 1854 2026 undis
1912 1973 2069 2026 inex~

369 2065 513 2137 piati
541 2064 899 2131 decederent,
933 2064 995 2116 in
1026 2079 1266 2132 regnum
1307 2063 1578 2116 caelorum
1627 2060 1710 2115 ire
1759 2062 2065 2132 negabant,

371 2149 532 2203 illam
560 2148 788 2203 Domini
813 2147 1154 2202 sententiam
1194 2145 1422 2200 reveriti
1455 2162 1468 2200 :
1518 2148 1644 2204 Nisi
1685 2148 1806 2216 quis
1850 2152 2068 2201 renatus

371 2239 543 2305 fuerit
561 2253 628 2292 em
663 2252 808 2305 aqua
852 2241 903 2290 et
949 2237 1164 2305 Spiritu
1205 2241 1406 2301 sancto,
1456 2251 1562 2289 non
1605 2235 1836 2290 intrabit
1872 2237 1931 2289 in
1978 2251 2070 2289 re-

372 2341 539 2394 gnum
568 2326 816 2380 cuztorum
844 2324 863 2393 (
893 2327 1086 2379 Jonan.
1113 2341 1194 2390 III,
1230 2324 1299 2392 5).
1334 2323 1540 2378 Scribit
1569 2325 1690 2378 haec
1719 2324 2071 2396 Augustinus

378 2429 547 2468 serm.
583 2414 649 2467 14
680 2413 750 2467 de
782 2413 946 2467 Verb.
997 2413 1197 2482 Apost.
1235 2429 1250 2465 :
1301 2431 1327 2463 α
1369 2411 1522 2478 Ideo,
1574 2412 1780 2483 inquit,
1832 2413 2070 2483 parvulo

376 2518 492 2556 non
543 2501 830 2572 baptizato
886 2500 1148 2572 polliceri
1205 2516 1448 2571 regnum
1497 2500 1603 2555 Dei-
1650 2517 1768 2555 non
1812 2517 2071 2571 possum,

375 2594 571 2645 contra
620 2590 850 2645 Domini
879 2589 1221 2644 sententiam
1242 2593 1521 2658 apertam.
1556 2608 1583 2640 ››
1635 2589 1777 2644 Cum
1827 2606 1961 2643 vero
2002 2589 2073 2643 ab

377 2679 538 2734 omni
568 2679 806 2734 crimine
835 2678 1124 2732 immunes
1156 2693 1363 2748 pueros
1391 2677 1850 2746 pronuntiarent,
1885 2679 1944 2733 in
1992 2679 2074 2733 lo-

377 2785 507 2823 cum
537 2784 840 2839 pcenarum
867 2767 1097 2820 eosdem
1149 2765 1300 2819 trudi
1347 2765 1772 2832 inﬁciabantur,
1825 2766 2077 2822 dicentes

378 2857 688 2912 secundam
713 2855 1021 2928 quamdam
1051 2853 1381 2909 felicitatem
1411 2853 1524 2908 illis
1556 2859 1828 2908 statutam
1859 2855 1920 2909 in
1964 2872 2079 2910 me-

2177 1792 2408 1846 dextera
2451 1791 2663 1860 unique
2729 1789 2801 1843 ad
2857 1803 3104 1860 regnum
3160 1792 3466 1853 aeternum,
3532 1787 3587 1840 in
3639 1787 3823 1842 sinistra

2177 1881 2369 1952 ignem
2401 1885 2696 1934 aeternum.
2735 1877 2843 1943 Qui
2873 1877 3070 1931 nonin
3100 1877 3357 1942 dextera,
3381 1877 3576 1946 procul
3605 1876 3756 1930 dubio
3779 1877 3823 1931 in

2179 1969 2427 2024 sinistra.
2462 1970 2607 2022 Eaco
2667 1983 2761 2028 om
2801 1983 2912 2021 NON
2969 1983 3024 2020 IN
3086 1983 3289 2032 uacuo,
3351 1982 3553 2021 rnocun
3602 1981 3744 2020 nemo
3783 1983 3821 2020 is

2179 2075 2340 2113 IGNEM
2394 2073 2678 2112 ETERNUH.
2711 2076 2738 2107 »
2774 2056 2879 2111 Ubi
2908 2055 3225 2127 despiciens
3257 2055 3522 2109 homines
3561 2070 3704 2108 secus
3729 2055 3822 2125 opi-

2179 2152 2380 2202 nantes
2411 2146 2588 2200 veluti
2619 2146 2688 2200 de
2732 2145 2868 2200 faece
2925 2145 3074 2216 vulgi
3105 2144 3182 2198 ait
3216 2159 3228 2197 :
3266 2147 3368 2199 Hic
3415 2147 3606 2213 quaeris
3633 2145 3822 2199 medium

2181 2237 2331 2290 homo
2360 2236 2425 2288 de
2470 2235 2660 2289 med-io.
2721 2235 2850 2288 Haec
2904 2233 3256 2304 Augustinus
3309 2233 3533 2300 publice
3583 2249 3677 2304 pro
3720 2249 3822 2286 con-

2180 2325 2346 2380 cione
2372 2323 2625 2378 recitavit
2673 2324 3015 2394 Carthagine
3068 2322 3129 2376 in
3175 2322 3416 2377 basilica
3454 2323 3646 2394 majori
3668 2339 3819 2377 coram

2181 2413 2411 2468 Aurelio
2442 2412 2687 2468 Primate
2716 2412 2890 2466 totius
2917 2411 3141 2479 Africae,
3173 2429 3291 2483 quo
3315 2412 3550 2483 jubente
3597 2429 3706 2465 eam
3734 2427 3824 2463 ora-

2183 2503 2397 2557 tionem
2428 2501 2648 2563 habuit,
2679 2506 2742 2554 ut
2769 2500 2951 2555 fusius
2998 2500 3359 2554 narravimus
3412 2501 3510 2556 lib.
3539 2517 3555 2554 ι
3597 2500 3720 2554 Hist.
3747 2501 3823 2553 Pe-

2182 2593 2320 2662 lag.,
2355 2608 2478 2662 cap.
2512 2595 2562 2645 5.
2617 2590 2756 2644 Hinc
2785 2605 2977 2643 versus
3006 2589 3180 2643 tinem
3211 2589 3299 2644 ait
3328 2606 3340 2644 :
3373 2609 3401 2639 ‹
3438 2590 3578 2660 Lego
3606 2593 3793 2642 tantum
3820 2603 3830 2638 ι

2185 2681 2420 2737 Sanctus
2460 2678 2774 2751 Cyprianus
2806 2684 2910 2746 est,
2939 2695 3112 2750 quem
3153 2679 3212 2732 in
3246 2695 3455 2733 manus
3501 2678 3721 2749 sumpsi,
3764 2691 3832 2728 an-

2187 2769 2381 2841 tiquus
2407 2770 2708 2838 episcopus
2755 2767 2902 2822 sedis
2957 2767 3204 2837 hujus.»
3257 2767 3362 2822 Illa
3407 2767 3578 2839 igitur
3607 2763 3833 2820 sententia

2187 2857 2255 2912 de
2283 2856 2538 2911 sensibili
2570 2871 2882 2924 puerorum
2935 2872 3102 2927 poena
3131 2856 3365 2927 publice
3423 2854 3728 2911 orthodoxis
3771 2857 3832 2906 te-

379 2947 472 3002 dio
503 2946 754 3016 quodam
783 2946 905 3000 loco
935 2944 1085 2998 inter
1113 2942 1356 3015 gloriam
1388 2942 1551 3014 regni
1598 2943 1840 2998 caelestis
1890 2948 1946 2998 et
1987 2943 2076 2998 in-
2107 2976 2146 3031 ρ
2189 2947 2374 3001 nenda
2407 2951 2532 3000 tum
2561 2945 2838 3015 temporis
2889 2945 3340 3016 proponebatur,
3374 2961 3547 3016 quam
3575 2949 3716 2998 tanta
3739 2957 3834 2995 cer-

380 3035 632 3090 ferorum
665 3033 962 3105 supplicia.
1000 3032 1103 3088 Ubi
1133 3037 1324 3086 tamen
1356 3031 1448 3085 hic
1478 3031 1698 3086 medius
1721 3032 1879 3086 locus
1910 3038 2073 3088 esset.

378 3123 499 3193 ipse
529 3123 792 3194 Pelagius
837 3138 894 3175 se
943 3120 1160 3174 nescire
1207 3119 1458 3190 ingenue
1505 3120 1687 3174 fassus
1735 3125 1820 3174 est
1863 3121 2078 3176 celebri

378 3212 477 3265 illo
527 3210 674 3265 dicto
736 3209 886 3279 apud
942 3207 1328 3279 Augustinum
1376 3208 1472 3262 lib.
1520 3209 1587 3262 de
1628 3211 1864 3263 Peccato
1906 3209 2076 3280 orig.,

383 3315 506 3369 cap.
529 3301 590 3354 2t
631 3319 644 3355 :
679 3319 706 3349 ‹
734 3298 866 3354 Sine
897 3297 1184 3368 baptismo
1210 3296 1434 3368 parvuli
1459 3297 1788 3364 morientes,
1821 3314 1934 3369 quo
1966 3315 2079 3354 non

383 3391 534 3453 eant,
566 3387 682 3441 scio
718 3403 730 3440 :
766 3402 879 3457 quo
934 3390 1085 3453 eant,
1131 3385 1340 3439 nescio.
1394 3404 1422 3436 ι)
1470 3387 1582 3439 Nec
1629 3385 1893 3456 discipuli
1940 3388 2078 3458 quid

384 3475 594 3530 certius
643 3475 952 3540 tradidere,
985 3474 1094 3528 hoc
1139 3489 1323 3527 unum
1376 3477 1712 3542 asserentes,
1745 3474 1829 3528 ire
1868 3491 2079 3545 pueros

384 3565 446 3619 in
474 3564 688 3633 locum,
717 3568 783 3618 ut
833 3579 966 3618 mox
1020 3562 1310 3628 notabam,
1370 3562 1632 3616 secunda:
1671 3562 1975 3618 felicitatis.
2008 3565 2082 3618 At

385 3650 738 3722 Augustinus
754 3651 899 3704 hanc
927 3667 961 3704 a
989 3649 1308 3720 Pelagianis
1337 3645 1676 3720 promissam
1692 3651 1883 3722 pueris
1911 3650 2080 3706 felici-

383 3744 561 3796 tatem
590 3755 708 3804 non
736 3738 907 3793 modo
936 3737 1134 3804 irrisit,
1185 3753 1383 3792 verum
1433 3737 1606 3792 etiam
1665 3739 1861 3794 solidis
1915 3755 2082 3809 argu-

386 3828 592 3884 mentis
647 3826 908 3900 probavit
958 3826 1202 3881 infantes
1253 3826 1373 3881 sine
1439 3826 1725 3898 baptismo
1780 3829 2080 3883 defunctos

385 3917 536 3973 mitti
593 3916 651 3971 in
682 3916 1006 3987 gehennam
1047 3913 1214 3984 ignis.
1275 3915 1412 3969 Hinc
1463 3916 1719 3970 haeretici
1771 3917 2081 3984 Augustini

387 4005 730 4062 sententiam
772 4005 858 4059 uti
887 4003 1178 4058 crudelem
1210 4003 1563 4074 rejiciebant,
1597 4009 1659 4059 ut
1707 4010 1865 4073 patet
1893 4023 1961 4060 ex
1991 4006 2080 4060 his

384 4096 590 4152 Iuliani
618 4095 800 4149 verbis
824 4093 918 4148 lib.
954 4111 1012 4148 ιιι
1045 4093 1243 4164 Operis
1273 4093 1537 4164 imperf.,
1571 4109 1694 4165 cap.
1742 4097 1880 4161 199;
1912 4115 1938 4146 «
1970 4095 2080 4150 Sed

389 4183 680 4238 reclamas.
741 4181 1055 4236 Audiamus
1103 4197 1240 4252 ergo
1299 4181 1435 4252 quid
1489 4181 1697 4252 parias,
1747 4182 2080 4236 Aristoteles

2186 3035 2428 3090 titudine
2458 3040 2684 3090 sanctus
2734 3036 2896 3088 Pater
2954 3035 3334 3100 asseverabat,
3393 3039 3454 3088 ut
3496 3030 3836 3105 proculdubio

2186 3127 2243 3179 in
2268 3128 2446 3194 ignem
2475 3129 2731 3180 zternum
2761 3123 2941 3177 ituros
2971 3123 3218 3178 infantes
3277 3124 3682 3194 pronuntiaret.
3714 3118 3835 3175 Unde

2187 3229 2301 3267 non
2331 3214 2552 3284 primus
2593 3213 2692 3266 illa
2743 3211 3002 3266 docuisse
3059 3212 3381 3267 credendus
3423 3219 3526 3281 est,
3563 3212 3653 3266 sed
3699 3209 3833 3263 totius

2187 3302 2443 3357 Ecclesiae
2459 3301 2612 3356 illius
2633 3301 2814 3356 aetatis
2852 3301 3025 3356 ﬁdem
3049 3306 3303 3355 secutus.
3347 3304 3504 3357 Idem
3538 3298 3833 3371 Augustinus

2187 3391 2296 3445 alio
2326 3390 2507 3445 utitur
2535 3390 2882 3457 testimonio,
2936 3390 3088 3460 quod
3128 3405 3264 3443 cum
3320 3391 3490 3444 afﬁne
3521 3390 3737 3443 recitato
3763 3384 3832 3446 sit,

2186 3481 2277 3535 hic
2304 3480 2586 3536 indicabo.
2623 3480 2738 3534 Lib.
2775 3480 2887 3534 Ide
2917 3482 3291 3534 Peccatorum
3339 3478 3547 3534 Meritis
3595 3482 3647 3532 et
3673 3473 3834 3530 remis-

2187 3569 2366 3628 sione,
2416 3584 2540 3638 cap.
2589 3571 2673 3630 28,
2721 3567 2838 3621 ait:
2877 3589 2899 3617 ι
2933 3568 3044 3621 Nec
3092 3572 3176 3620 est
3207 3568 3364 3621 ullus
3403 3567 3506 3622 ulli
3551 3565 3747 3619 medius
3771 3562 3833 3614 lo-

2186 3673 2304 3723 cus,
2333 3661 2398 3711 ut
2424 3656 2607 3726 possit
2629 3672 2749 3710 esse
2782 3655 2892 3710 nisi
2918 3671 3048 3710 cum
3080 3655 3333 3725 diabolo,
3365 3656 3464 3727 qui
3494 3671 3605 3709 non
3632 3659 3706 3708 est
3734 3665 3833 3705 cum

2185 3747 2425 3801 Christo.
2451 3747 2589 3800 Hinc
2620 3751 2675 3800 et
2698 3745 2819 3816 ipse
2854 3744 3127 3799 Dominus
3159 3745 3359 3799 volens
3387 3745 3604 3798 auferre
3654 3742 3714 3796 de
3740 3753 3827 3792 cor-

2186 3835 2351 3890 dibus
2409 3851 2550 3890 MALE
2580 3850 2916 3889 caenermun
2970 3850 3121 3888 isun
3180 3851 3374 3889 NESCIO
3427 3849 3573 3896 ous!
3625 3844 3833 3887 uenim-

2185 3938 2314 3988 rem,
2351 3938 2521 3994 quam
2551 3927 2830 3976 conantur
2860 3922 3095 3993 quidam
3128 3922 3386 3992 parvulis
3435 3938 3547 3976 non
3589 3915 3836 3990 baptizatis

2188 4011 2459 4076 tribuere,
2510 4016 2574 4066 ut
2626 4010 2790 4082 quasi
2857 4011 3062 4065 merito
3120 4011 3468 4066 innocentiae
3517 4011 3623 4064 sint
3664 4009 3714 4062 in
3751 4004 3837 4057 vita

2189 4105 2420 4167 aeterna,
2445 4099 2542 4154 sed
2591 4099 2725 4171 quia
2765 4115 2878 4154 non
2927 4103 3060 4153 sunt
3104 4099 3402 4169 baptizati,
3442 4116 3553 4154 non
3599 4098 3700 4151 sint
3737 4106 3835 4146 cum

2189 4189 2408 4244 Christo
2451 4189 2512 4243 in
2559 4205 2739 4259 regno
2794 4189 2940 4260 ejus,
3001 4187 3362 4243 deﬁnitivam
3405 4187 3631 4261 protulit
3661 4183 3720 4238 ad
3747 4183 3837 4236 hac

387 4273 711 4327 Poenorum.
735 4272 999 4338 Tantum,
1054 4269 1264 4340 inquis,
1300 4271 1514 4325 malum
1532 4270 1582 4323 ei
1613 4271 1780 4339 inest,
1815 4276 1876 4324 ut
1905 4270 2084 4341 possi-
2116 4271 2158 4325 D
2193 4295 2293 4332 ora
2316 4278 2663 4332 obstruenda
2709 4277 3071 4338 sententiam,
3103 4276 3202 4331 ubi
3231 4279 3346 4332 ait:
3397 4279 3500 4344 Qui
3542 4290 3721 4330 mecum
3757 4283 3835 4323 non

390 4361 590 4414 deatur
621 4377 654 4413 a
683 4359 929 4426 diabolo,
989 4362 1159 4429 atque
1213 4363 1492 4412 aeternum
1549 4363 1836 4413 mereatur
1895 4359 2083 4414 incen-

391 4447 569 4502 dium.
607 4468 629 4496 ι
665 4449 794 4502 Haec
825 4447 940 4513 ille,
989 4445 1082 4499 cui
1123 4445 1514 4517 Augustinus:
1549 4466 1576 4496 α
1632 4446 1690 4502 Si
1741 4451 1934 4501 autem
1965 4464 2080 4502 non

392 4534 611 4588 eruitur
665 4535 734 4588 de
772 4538 1048 4604 potestate
1102 4534 1489 4599 tenebrarum,
1544 4539 1602 4588 et
1652 4535 1769 4589 illic
1824 4540 2082 4591 remanet

390 4622 680 4695 parvulus,
707 4622 843 4693 quid
878 4621 1104 4676 miraris
1133 4621 1195 4675 in
1245 4621 1378 4692 igne
1432 4626 1646 4678 interno
1692 4640 1821 4678 cum
1853 4623 2081 4679 diabolo

385 4713 667 4779 futurum,
699 4711 798 4782 qui
828 4711 888 4764 in
922 4710 1019 4764 Dei
1053 4727 1293 4783 regnum
1322 4711 1533 4767 intrare
1585 4729 1697 4767 non
1729 4713 1974 4768 sinitur?
1998 4719 2082 4769 An

390 4802 526 4875 quia
556 4799 846 4871 Pelagiani
870 4799 1060 4854 nescio
1110 4817 1282 4872 quem
1322 4801 1569 4873 parvulis
1625 4819 1738 4857 non
1787 4802 2083 4873 baptizatis

389 4895 602 4964 praeter
633 4891 731 4945 Dei
759 4907 1026 4962 regnum,
1087 4890 1296 4962 quietis
1343 4895 1399 4945 et
1427 4891 1557 4947 vitae
1611 4897 1840 4947 aeternae
1894 4893 2080 4948 locum

387 4985 738 5053 praeparant,
767 4980 897 5035 ideo
934 4980 1141 5035 Christi
1166 4980 1272 5035 erit
1300 4981 1440 5034 falsa
1478 4980 1759 5036 sententia
1785 5002 1799 5048 ;
1831 4983 1940 5048 Qui
1963 4999 2081 5037 cre-

388 5071 590 5125 diderit
619 5074 669 5125 et
699 5070 1009 5139 baptizatus
1028 5072 1199 5136 fuerit
1229 5071 1410 5125 salvus
1441 5073 1563 5126 erit.
1613 5073 1719 5140 Qui
1763 5076 1941 5127 autem
1976 5088 2083 5128 non

388 5159 678 5214 crediderit
704 5159 1149 5214 condemnabitur
1169 5161 1196 5214 ?
1225 5178 1253 5210 »

462 5248 716 5302 Primum
743 5253 1146 5320 argumentum
1174 5265 1276 5319 pro
1307 5248 1491 5319 pmnis
1535 5251 1906 5318 parvulorum
1953 5266 2081 5305 san-

389 5339 508 5389 ctus
553 5338 719 5389 Pater
762 5338 991 5393 deduxit
1029 5355 1094 5392 ex
1149 5354 1272 5408 cap.
1313 5353 1417 5390 xxv
1449 5338 1664 5403 Matth,
1720 5337 1872 5409 quod
1907 5355 2078 5394 serm.

394 5425 459 5478 14
489 5424 558 5479 de
586 5424 752 5482 Verb.
804 5427 1059 5498 Apostoli
1105 5426 1184 5481 ita
1223 5426 1520 5498 proposuit
1552 5443 1564 5480 :
1603 5446 1630 5478 ‹‹
1663 5426 1950 5481 Venturus
1999 5432 2084 5482 est

393 5511 691 5580 Dominus,
723 5517 778 5568 et
825 5515 1184 5583 judicaturus
1243 5515 1311 5570 de
1360 5513 1500 5568 vivis
1529 5517 1585 5569 et
1633 5515 1900 5582 mortuis,
1935 5515 2080 5572 sicut

2191 4371 2268 4421 est
2319 4367 2605 4422 adversum
2629 4383 2710 4421 me
2756 4372 2851 4435 est,
2904 4372 3011 4421 etc.
3038 4367 3246 4430 (Matth.
3285 4367 3407 4438 xu).
3461 4367 3570 4420 Hoc
3597 4363 3731 4417 idem
3764 4373 3832 4411 ar-

2192 4461 2534 4526 gumentum
2562 4461 2748 4510 versat
2791 4455 3226 4526 antiquissimus
3271 4461 3474 4509 auctor
3514 4444 3836 4523 Hypognosli-

2191 4561 2299 4598 con
2330 4544 2426 4599 lib.
2461 4562 2515 4612 v,
2559 4561 2682 4614 cap.
2723 4547 2774 4610 5,
2825 4544 2927 4598 ubi
2971 4544 3050 4598 ait
3086 4560 3098 4596 :
3135 4563 3161 4593 »
3208 4545 3349 4598 Ecce
3403 4559 3514 4597 non
3547 4539 3832 4610 baptizatus.

2189 4633 2347 4687 vitali
2394 4633 2565 4687 etiam
2609 4633 2732 4687 cibo
2762 4633 3079 4704 poculoque
3111 4632 3386 4703 privatus,
3439 4630 3692 4686 dividitur
3717 4642 3743 4679 ε
3767 4638 3834 4676 re-

2191 4738 2304 4792 gno
2333 4724 2628 4790 caelorum,
2664 4721 2760 4775 ubi
2793 4721 2923 4775 fons
2939 4721 3251 4775 viventium
3284 4724 3579 4791 permanet
3604 4715 3832 4772 Christus.

2193 4808 2273 4860 Da
2299 4807 2443 4862 mihi
2473 4813 2680 4878 praeter
2704 4806 2855 4860 hunc
2883 4807 3128 4860 alterum
3159 4807 3371 4870 locum,
3405 4804 3502 4860 ubi
3534 4804 3652 4857 vitm
3694 4795 3836 4870 possit

2191 4895 2417 4966 requies
2448 4911 2567 4949 esse
2599 4895 2885 4965 perennis.
2919 4895 3176 4949 Primum
3207 4895 3367 4949 enim
3403 4895 3586 4948 locum
3626 4889 3747 4944 lides
3769 4898 3835 4936 ca-

2193 4984 2533 5039 tholicorum
2555 4984 2745 5039 divina
2773 4985 3113 5039 auctoritate
3169 4999 3414 5055 regnum
3475 4977 3699 5036 credidit
3735 4985 3831 5027 esse

2192 5075 2484 5142 caelorum,
2529 5074 2702 5139 unde,
2744 5077 2808 5128 ut
2851 5073 2988 5139 dixi,
3047 5089 3166 5127 non
3208 5072 3526 5142 baptizatus
3575 5063 3829 5134 excipitur.

2191 5163 2516 5218 Secundum
2547 5163 2892 5233 gehennam;
2927 5160 3025 5215 ubi
3064 5160 3247 5216 omnis
3278 5164 3529 5232 apostata
3559 5156 3684 5210 vela
3710 5146 3836 5206 Chri-

2193 5252 2264 5305 sti
2287 5251 2398 5306 lide
2428 5251 2649 5305 alienus
2680 5256 2892 5305 aeterna
2922 5251 3200 5322 supplicia
3229 5249 3569 5318 experietur.
3620 5239 3829 5296 Tertium

2191 5339 2416 5411 penitus
2452 5339 2802 5410 ignoramus,
2849 5339 2966 5393 imo
3007 5355 3110 5394 nec
3158 5353 3278 5393 esse
3321 5337 3379 5390 in
3422 5329 3704 5404 Scripturis
3729 5338 3831 5377 san-

2192 5429 2294 5482 ctis
2321 5429 2659 5483 invenimus.
2697 5428 2892 5498 Finge,
2935 5428 3253 5500 Pelagiane,
3307 5425 3492 5480 locum
3535 5437 3598 5476 ex
3641 5413 3829 5505 ofﬁcina

2191 5518 2441 5588 perversi
2467 5518 2750 5588 dogmatis
2787 5517 2892 5581 tui,
2925 5517 3025 5572 ubi
3055 5517 3224 5572 alieni
3260 5531 3293 5568 a
3335 5510 3536 5569 Christi
3566 5504 3728 5579 gratia
3764 5504 3825 5550 vi-
