3946 6176
153 265 269 317 633

1462 262 1780 320 VINDICIE
1819 262 2363 320 AUGUSTINIANIE.

3561 263 3663 317 634

150 386 285 437 tam
312 383 528 455 requiei
556 388 613 438 et
640 383 838 455 gloriae
863 384 1150 455 possidere
1180 386 1401 457 parvuli
1429 387 1667 457 possint.
1710 389 1855 442 Dex-
1890 392 1932 445 A
1959 390 2181 443 malum.
2241 388 2459 443 Scimus
2515 384 2689 441 etiam
2730 384 2996 455 parvulos
3051 384 3368 439 secundum
3422 400 3488 438 ea
3532 400 3661 456 qua:

154 478 293 529 tera
316 482 396 526 est
412 473 554 543 justi
572 474 784 543 judicis
814 474 1064 528 sedentis
1091 483 1353 545 regnum,
1388 482 1444 530 et
1484 477 1712 531 sinistra
1757 494 1857 548 ge-

157 563 384 626 henna;
418 563 528 615 vita
557 568 613 616 et
651 579 820 629 mors,
849 564 991 634 justi
1021 569 1078 618 et
1107 564 1311 635 iniqui.
1348 567 1409 618 lu
1432 566 1659 621 dextera
1683 566 1859 637 igitur

151 651 298 722 justi
331 655 459 704 sunt
494 652 807 717 constituti,
848 653 906 706 in
959 651 1184 707 sinistra
1215 655 1463 724 operarii
1503 656 1853 726 iniquitatis;

160 740 228 794 in
254 755 427 809 regno
457 740 682 811 requies
707 740 1148 808 baptizatorum,
1178 742 1238 795 in
1265 744 1528 812 gehenna
1557 761 1727 815 paena
1770 745 1860 798 in-

153 828 525 882 credulorum
554 849 568 895 ;
597 829 710 883 vita
737 829 803 883 ad
837 829 1096 883 lzetitiam
1126 830 1325 901 gloriae
1350 850 1364 899 ;
1393 848 1543 885 mors
1566 833 1635 885 ad
1660 832 1857 887 ﬁetum

153 922 215 971 et
265 917 573 970 stridorem
626 918 922 985 dentium;
978 920 1119 989 justi
1174 920 1233 973 in
1290 937 1464 991 regno
1522 922 1702 975 Patris
1728 938 1859 976 cum

154 1006 402 1070 Christo,
436 1006 620 1077 iniqui
643 1008 698 1061 in
728 1007 860 1077 igne
888 1013 1103 1062 aeterno
1137 1014 1336 1079 parato
1384 1010 1610 1064 diabolo
1658 1015 1716 1064 et
1757 1027 1856 1064 an-

148 1095 297 1165 gelis
338 1094 482 1164 ejus.
526 1096 635 1150 Sed
686 1097 789 1149 hoc
838 1096 1030 1151 dicens
1084 1114 1201 1152 non
1248 1098 1550 1153 divisiones
1603 1100 1855 1153 locorum

148 1185 475 1238 multorum
523 1184 673 1253 dedi,
722 1186 833 1239 nisi
881 1186 1126 1241 duorum
1170 1191 1415 1253 tantum,
1467 1188 1735 1259 quoniam
1790 1190 1858 1243 ad

144 1272 290 1339 duo,
322 1289 567 1343 regnum
610 1274 872 1329 videlicet
912 1280 967 1329 et
1004 1277 1346 1346 gehennam,
1383 1277 1503 1330 haec
1543 1278 1738 1331 omnia
1768 1294 1856 1331 re-

143 1360 445 1427 feruntur,
475 1362 698 1416 etiamsi
730 1364 893 1434 plura
924 1363 1206 1430 dicantur,
1249 1369 1351 1418 etc.
1387 1364 1493 1430 Qui
1542 1366 1858 1436 baptizatus

143 1466 293 1520 ergo
326 1466 443 1503 non
474 1456 578 1516 est,
612 1451 669 1505 in
698 1451 767 1505 iis
798 1468 925 1522 quze
955 1453 1115 1523 regni
1147 1454 1419 1508 cmlorum
1450 1459 1582 1508 sunt
1615 1471 1726 1509 non
1750 1472 1855 1526 po-

138 1544 263 1592 test
293 1540 559 1610 reperiri.
606 1542 666 1594 Et
695 1540 741 1594 si
774 1557 892 1595 non
924 1540 1023 1607 ibi,
1072 1546 1334 1611 putasne,
1366 1544 1686 1614 Pelagiane,
1734 1544 1855 1614 jam

141 1628 333 1682 sentis
364 1628 481 1693 ubi,
528 1633 625 1682 aut
654 1635 803 1683 certe
832 1630 921 1684 dic
953 1629 1096 1685 ubi?

224 1716 412 1771 Varim
444 1716 575 1770 huic
622 1723 963 1789 argumento
996 1717 1272 1789 applicari
1301 1719 1487 1773 solent
1515 1720 1585 1774 ab
1617 1722 1859 1776 scholas-

139 1805 285 1860 ticis
314 1806 734 1877 responsiones,
767 1807 864 1860 sed
916 1822 1113 1860 omnes
1160 1807 1320 1861 facile
1352 1809 1704 1879 rejiciuntur.
1758 1812 1859 1865 Ca-

138 1894 417 1948 tharinus
447 1894 506 1947 in
542 1895 815 1966 opusculo
847 1895 916 1949 de
947 1900 1095 1949 statu
1126 1898 1517 1967 parvulorum,
1553 1904 1858 1970 postquam

138 1983 299 2038 dixit
330 1984 437 2036 hoc
466 1989 869 2054 argumentum
898 2000 1017 2037 esse
1045 1984 1322 2056 opposita:
1352 1987 1859 2041 sententiaaAchil-

140 2071 279 2140 lem,
332 2077 505 2142 negat
542 2073 810 2143 parvulos
855 2072 1061 2126 debere
1102 2072 1224 2127 sisti
1272 2072 1332 2127 in
1366 2074 1602 2143 judicio.
1655 2074 1858 2129 Morai-

138 2177 277 2221 nes,
310 2161 464 2231 disp.
507 2163 577 2215 40
608 2161 677 2215 de
725 2162 931 2228 Gratia,
979 2178 1138 2217 num.
1190 2165 1274 2227 11,
1319 2164 1628 2232 respondet
1671 2164 1859 2234 primo

140 2250 309 2304 male
338 2250 583 2320 supponi
619 2250 689 2304 ab
730 2250 1052 2305 adversario
1095 2266 1217 2305 esse
1265 2252 1475 2323 dogma
1526 2252 1662 2306 ﬁdei
1704 2254 1859 2323 quod

139 2339 224 2393 ad
249 2339 534 2409 judicium
564 2340 851 2409 generale,
876 2338 945 2393 de
977 2355 1090 2409 quo
1122 2339 1379 2394 Christus
1417 2340 1674 2411 loquitur
1722 2341 1858 2394 Mat-

145 2426 294 2481 lhtei
332 2444 458 2493 xxv,
488 2428 710 2496 parvuli
733 2427 845 2481 sint
875 2428 1269 2498 comparituri,
1302 2428 1498 2499 ibique
1548 2430 1617 2483 ad
1664 2429 1857 2483 dexte-

142 2533 281 2569 ram
336 2516 422 2569 vel
464 2517 534 2570 ad
582 2516 868 2571 sinistram
927 2518 1256 2572 Collocandi.
1322 2520 1463 2573 Nam
1509 2518 1859 2572 contrarium

143 2605 276 2658 sine
322 2620 513 2657 errore
552 2610 747 2657 contra
783 2604 956 2657 ﬁdem
991 2606 1279 2659 afﬁrmant
1326 2606 1625 2660 Durandus
1671 2610 1726 2659 et
1764 2607 1859 2660 Al-

143 2694 370 2747 bertus.
405 2694 469 2746 Et
498 2708 659 2748 num.
694 2696 758 2745 l2
806 2694 1114 2763 respondet
1158 2695 1405 2748 secundo
1451 2710 1639 2765 neque
1686 2694 1858 2748 etiam

144 2783 270 2837 ﬁde
313 2782 503 2835 divina
542 2788 763 2835 certum
801 2797 920 2835 esse
959 2783 1110 2852 quod
1153 2782 1283 2836 licet
1318 2783 1566 2837 infantes
1598 2784 1669 2837 ad
1698 2783 1856 2853 judi-

144 2871 312 2925 cium
351 2871 616 2941 generale
661 2870 773 2923 sint
817 2871 1212 2941 comparituri,
1262 2871 1441 2925 futuri
1481 2873 1595 2926 sint
1633 2873 1701 2925 de
1751 2889 1852 2926 nu-

1966 494 2070 548 per
2096 493 2299 547 corpus
2347 481 2645 547 gesserunt
2672 481 3000 544 recepturos
3030 474 3116 527 vel
3160 475 3374 527 bonum
3427 473 3514 526 vel
3545 489 3661 527 ma-

1965 567 2105 621 lum.
2149 568 2454 621 Gesserunt
2502 572 2690 619 autem
2722 580 2838 618 non
2868 580 2970 635 per
3008 562 3243 633 seipsos,
3287 562 3383 615 sed
3434 577 3536 630 per
3565 577 3661 614 eos

1966 656 2174 727 quibus
2204 671 2307 726 pro
2330 655 2440 708 illis
2464 653 2953 725 respondentibus,
2986 658 3043 706 et
3070 651 3397 705 renuntiare
3431 650 3659 704 diabolo

1967 744 2254 812 dicuntur,
2313 750 2367 796 et
2407 745 2634 797 credere
2682 744 2740 796 in
2770 745 2963 804 Deum,
3028 742 3179 795 unde
3211 746 3264 794 et
3303 740 3363 793 in
3414 756 3656 793 numero

1964 832 2221 887 ﬁdelium
2250 837 2677 902 computantur,
2707 832 3057 900 pertinentes
3077 830 3148 884 ad
3180 828 3521 883 sententiam
3557 830 3660 881 Do-

1968 921 2108 974 mini
2158 921 2433 975 dicentis:
2481 924 2585 991 Qai
2640 920 2936 975 crediderit
2983 925 3032 973 et
3090 921 3406 989 baptizatus
3461 920 3653 984 fuerit,

1964 1010 2145 1063 salvus
2174 1012 2278 1063 erit
2310 1010 2501 1078 (Marc.
2533 1008 2661 1079 xvr).
2699 1010 2933 1077 Propter
2971 1007 3126 1078 quod
3158 1013 3214 1060 et
3244 1007 3375 1071 illis,
3410 1006 3510 1077 qui
3550 1006 3658 1058 hoc

1964 1103 2383 1152 sacramentum
2432 1114 2546 1151 non
2591 1097 2897 1167 accipiunt,
2947 1097 3227 1165 contingit
3280 1096 3431 1165 quod
3462 1092 3655 1165 sequi-

1962 1189 2089 1240 tur:
2122 1188 2228 1253 Qui
2267 1192 2445 1240 autem
2472 1202 2577 1240 non
2606 1186 2917 1252 crediderit,
2951 1185 3393 1239 condemnabitur
3445 1183 3653 1251 (Ibid).

1968 1277 2123 1330 Unde
2155 1282 2213 1330 et
2260 1275 2386 1346 ipsi,
2432 1276 2578 1329 sicut
2615 1275 2745 1337 dixi,
2782 1274 2827 1327 si
2875 1275 2932 1327 in
2985 1274 3080 1327 illa
3113 1290 3284 1343 parva
3315 1277 3480 1326 aetate
3532 1287 3655 1324 mo-

1964 1364 2211 1431 riuntur,
2247 1366 2443 1436 utique
2475 1364 2788 1418 secundum
2828 1380 2895 1417 ea
2920 1378 3048 1433 quae
3093 1378 3196 1432 per
3233 1377 3439 1429 corpus
3471 1376 3659 1429 gesse-

1964 1460 2119 1519 runt,
2150 1454 2208 1507 id
2240 1459 2325 1508 est
2349 1460 2606 1523 tempore
2630 1469 2742 1523 quo
2773 1452 2831 1505 in
2863 1467 3101 1521 corpore
3132 1450 3384 1515 fuerunt,
3432 1448 3659 1519 quando

1964 1559 2068 1614 per
2119 1543 2291 1596 corda
2346 1548 2403 1595 et
2456 1558 2554 1595 ora
2607 1540 2957 1611 gestantium
2987 1538 3353 1592 crediderunt
3402 1537 3490 1589 vel
3543 1550 3662 1589 non

1966 1632 2342 1694 crediderunt,
2379 1631 2607 1702 quando
2641 1628 2909 1700 baptizati
2941 1630 3024 1681 vel
3056 1644 3173 1682 non
3206 1625 3477 1696 baptizati
3502 1628 3657 1689 sunt,

1967 1721 2195 1791 quando
2252 1735 2482 1774 carnem
2555 1718 2778 1773 Domini
2835 1717 3325 1771 manducaverunt
3383 1714 3470 1766 vel
3541 1728 3659 1767 non

1966 1810 2473 1870 manducaverunt,
2508 1808 2735 1877 quando
2785 1812 2842 1861 et
2879 1806 3223 1876 sanguinem
3268 1802 3541 1857 biberunt
3576 1800 3661 1854 vel

1967 1915 2083 1952 non
2116 1897 2386 1951 biberunt
2416 1913 2430 1962 ;
2483 1897 2790 1950 secundum
2822 1896 2943 1949 haec
2982 1910 3117 1965 ergo
3148 1909 3276 1965 quae
3317 1908 3421 1961 per
3450 1905 3659 1959 corpus

1967 1990 2285 2057 gesserunt,
2312 2001 2427 2039 non
2456 1984 2769 2038 secundum
2795 2001 2857 2037 ea
2890 2000 3037 2054 quae,
3073 1983 3119 2035 si
3143 1982 3232 2036 hic
3261 1982 3359 2036 diu
3384 1980 3661 2046 viverent,

1967 2074 2184 2145 gesturi
2217 2074 2423 2139 fuerat,
2463 2073 2807 2143 judicantur.
2833 2092 2861 2121 ι)
2915 2073 3087 2125 Porro
3116 2070 3217 2123 has
3244 2069 3385 2122 duas
3433 2071 3661 2119 senten-

1966 2164 2072 2218 tias
2122 2179 2251 2217 cum
2280 2162 2515 2233 reliquis
2543 2161 2668 2215 aliis
2699 2162 2893 2215 decem
2923 2160 3209 2230 pertinere
3240 2159 3311 2212 ad
3362 2156 3532 2210 ﬁdem
3563 2170 3663 2207 ca-

1978 2255 2225 2310 holicam
2294 2255 2488 2309 docuit
2532 2254 2748 2307 ibidem
2805 2258 3031 2307 sanctus
3086 2254 3249 2306 Pater
3301 2250 3390 2304 his
3440 2248 3660 2303 verbis:

1971 2364 1993 2393 ι
2028 2346 2243 2415 Nempe
2275 2344 2640 2398 manifestum
2672 2347 2755 2396 est
2782 2359 2849 2396 ex
2880 2342 2992 2395 illis
3020 2340 3319 2396 duodecim
3343 2337 3662 2404 sententiis,

1967 2450 2106 2504 quas
2128 2433 2415 2503 pertinere
2465 2433 2533 2486 ad
2583 2431 2918 2486 catholicam
2950 2430 3121 2484 ﬁdem
3155 2444 3362 2499 negare
3421 2443 3529 2481 non
3589 2425 3667 2479 si-

1966 2522 2139 2590 neris,
2168 2542 2190 2570 ι
2243 2530 2347 2575 etc.
2382 2523 2660 2590 Repetam
2699 2518 2792 2572 hic
2823 2517 3156 2572 Bellarmini
3195 2516 3364 2570 verba
3395 2515 3492 2569 lib.
3527 2531 3565 2569 Il
3596 2514 3665 2568 de

1968 2612 2118 2665 Grat.
2159 2614 2215 2664 et
2245 2610 2420 2663 libero
2450 2607 2687 2663 arbitrio
2738 2623 2860 2676 cap.
2896 2610 2977 2674 ll,
3014 2605 3145 2659 licet
3199 2605 3310 2658 alia
3368 2603 3666 2657 occasione

1967 2700 2037 2754 ab
2069 2699 2192 2770 ipso
2224 2698 2594 2769 pronuntiata
2621 2713 2634 2750 :
2672 2716 2694 2743 ι
2727 2696 2867 2749 Nam
2894 2694 2939 2745 si
2968 2694 3293 2765 Augustini,
3343 2692 3553 2763 inquit,
3593 2692 3665 2745 de

1967 2787 2471 2860 praadestinatione
2503 2786 2704 2856 (dicam
2758 2784 2827 2837 de
2865 2782 3047 2853 poenis
3077 2784 3448 2851 parvulorum
3498 2778 3665 2850 judi-

1966 2876 2292 2943 candorum)
2348 2873 2629 2928 sententia
2676 2872 2818 2925 falsa
2863 2876 3027 2935 esset,
3088 2885 3205 2923 non
3258 2873 3449 2939 posset
3509 2867 3664 2921 idem

146 2976 319 3015 mero
361 2959 823 3031 jndicandorum.
874 2961 939 3013 Et
1000 2959 1137 3014 citat
1173 2961 1485 3027 Tostatum,
1532 2960 1857 3015 Carthusia-
1889 2987 1928 3043 ο
1968 2964 2318 3035 Augustinus
2366 2963 2435 3017 ab
2486 2960 2706 3031 ingenti
2762 2958 3083 3013 temeritate
3145 2956 3395 3023 defendi,
3449 2956 3663 3027 quippe

146 3066 299 3104 num
331 3055 387 3103 et
416 3054 676 3103 sanctum
706 3050 1007 3118 Thomam,
1039 3051 1092 3114 4,
1124 3049 1252 3104 dist.
1308 3051 1400 3118 47,
1449 3066 1503 3120 q.
1546 3066 1603 3120 p.
1646 3054 1749 3103 art.
1804 3054 1855 3117 3,

146 3139 224 3193 ad
251 3143 305 3205 5,
339 3138 438 3192 ubi
475 3139 720 3192 afﬁrmat
749 3155 954 3209 pueros
986 3142 1115 3193 ante
1145 3139 1456 3209 perfectam
1493 3143 1717 3192 aetatem
1760 3140 1856 3193 de—

154 3229 427 3283 cedentes
452 3229 509 3282 in
530 3229 743 3299 judicio
781 3228 1215 3300 comparituros,
1258 3246 1374 3283 non
1414 3233 1475 3282 ut
1505 3229 1857 3299 judicentur,

153 3318 257 3371 sed
294 3322 358 3370 ut
384 3317 611 3371 videant
641 3317 881 3388 gloriam
909 3317 1137 3389 judicis.
1173 3318 1332 3383 Quod
1360 3318 1655 3388 probabile
1694 3322 1860 3389 putat

153 3407 369 3461 Suarez
411 3405 562 3476 apud
600 3405 868 3460 eumdem
910 3406 1271 3460 Morainium.
1323 3407 1568 3461 Numero
1611 3423 1744 3461 vero
1794 3410 1857 3461 l3

158 3495 404 3549 ulterius
439 3494 743 3567 respondet
788 3511 907 3549 non
949 3494 1083 3549 satis
1128 3499 1386 3549 constare
1434 3495 1656 3549 futuros
1692 3494 1750 3549 in
1782 3496 1856 3549 si—

154 3584 357 3653 nistra,
391 3600 453 3638 ac
480 3600 596 3639 non
623 3584 812 3655 potius
837 3584 899 3639 in
926 3584 1127 3657 .medio
1177 3584 1425 3656 quodam
1475 3584 1598 3639 loco
1646 3583 1857 3638 consti-

154 3673 423 3728 tuendos.

233 3763 402 3816 Nulla
430 3766 623 3816 tamen
656 3777 724 3816 ex
754 3761 875 3816 istis
905 3761 1372 3833 responsionibus
1399 3762 1621 3817 admitti
1649 3764 1854 3831 potest:

159 3867 297 3906 nam
325 3856 519 3922 aperte
546 3851 605 3905 in
633 3851 869 3906 concilio
920 3852 1199 3917 Africano,
1247 3856 1311 3906 ut
1358 3868 1487 3905 mox
1537 3851 1857 3919 ostendam,

159 3940 463 3995 deﬁnitum
494 3944 577 3993 est
606 3942 869 4011 parvulos
897 3941 1119 3996 futuros
1148 3942 1207 3995 in
1237 3942 1462 3995 sinistra
1503 3940 1591 3994 his
1627 3941 1812 3993 verbis
1841 3955 1854 3993 :

160 4047 189 4078 (ι
230 4028 342 4093 Qui
370 4028 523 4082 enim
553 4028 747 4083 dextra
776 4035 949 4098 caret,
981 4030 1267 4085 sinistram
1298 4028 1496 4100 procul
1527 4027 1701 4083 dubio
1730 4043 1857 4098 par-

155 4121 278 4172 tem
307 4116 577 4171 incurret.
612 4136 640 4167 ι)
671 4118 736 4172 Et
764 4124 989 4172 sanctus
1024 4120 1277 4174 Gelasius
1307 4134 1475 4188 papa,
1510 4117 1568 4171 in
1619 4115 1859 4186 epistola

156 4206 231 4261 ad
262 4207 559 4277 episcopos
600 4222 705 4276 per
748 4207 1045 4275 Picenum,
1089 4208 1358 4261 adversus
1406 4206 1746 4276 Pelagianos
1787 4204 1857 4259 de

157 4296 365 4350 iisdem
397 4295 648 4366 parvulis
678 4295 867 4367 inquit
900 4312 913 4349 :
948 4314 973 4346 ι(
1008 4298 1069 4350 Et
1100 4296 1235 4367 quia
1284 4312 1397 4350 non
1441 4295 1549 4349 nisi
1596 4296 1855 4350 dextram
1889 4281 1933 4335 Ι)

155 4389 385 4456 partem
412 4384 655 4455 legimus
687 4390 744 4438 et
772 4384 1081 4451 sinistram,
1115 4400 1234 4437 non
1261 4384 1390 4437 illos
1428 4384 1638 4437 faciant
1683 4384 1743 4436 in
1789 4382 1859 4435 si-

156 4475 341 4529 nistra
389 4475 621 4544 regione
666 4472 788 4527 sine
834 4473 1179 4544 baptismate
1228 4489 1546 4539 remanere,
1588 4472 1684 4525 sed
1722 4472 1857 4543 bap-

158 4563 365 4617 tizatos
389 4563 579 4615 sinant
604 4562 672 4616 ad
704 4562 961 4615 dextram
1003 4563 1309 4616 salutarem
1350 4577 1508 4615 sacra
1552 4577 1857 4631 regenera-

161 4652 317 4705 tione
346 4650 659 4705 transferri.
699 4671 725 4703 ››
772 4652 925 4704 Hane
974 4651 1178 4705 Gelasii
1225 4650 1523 4722 epistolam
1565 4650 1703 4720 legit
1744 4652 1857 4705 Mo-

158 4739 370 4807 raines,
416 4755 658 4811 eamque
716 4740 863 4811 disp.
918 4742 968 4804 2,
1015 4756 1176 4795 num.
1221 4744 1308 4806 3t,
1356 4739 1625 4794 eruditam
1666 4745 1848 4795 vocat.

158 4830 370 4883 Verum
420 4830 751 4883 omittamus
807 4828 1137 4883 Africanum
1199 4846 1479 4884 canonem
1535 4845 1599 4883 ac
1656 4830 1861 4883 Gelasii

154 4917 479 4989 epistolam,
514 4920 634 4972 haec
668 4917 821 4972 enim
864 4918 1183 4972 scholastici
1231 4923 1449 4974 veteres
1488 4935 1603 4973 non
1650 4919 1857 4990 legere,

152 5023 353 5061 nonne
377 5007 727 5078 Augustinus
748 5008 896 5061 hanc
918 5007 1260 5061 sententiam
1284 5008 1457 5061 veluti
1480 5008 1859 5061 orthodoxam

153 5096 371 5167 dogma
400 5096 631 5150 tradidit
657 5096 897 5151 ?Statuit
939 5101 1161 5150 sanctus
1203 5097 1397 5151 doctor
1444 5096 1504 5149 in
1546 5096 1709 5165 epist.
1762 5098 1856 5148 107

152 5185 227 5239 ad
277 5186 512 5238 Vitalem
574 5184 876 5240 duodecim
932 5186 1177 5256 regulas,
1224 5200 1467 5256 quarum
1517 5184 1758 5253 septima
1804 5188 1862 5237 et

154 5278 357 5329 octava
388 5273 476 5327 his
511 5274 695 5328 verbis
721 5274 1121 5329 describuntur
1149 5291 1161 5327 :
1202 5295 1223 5323 ι
1255 5276 1462 5330 Scimus
1497 5272 1642 5340 quod
1683 5288 1859 5326 omnes

151 5362 460 5417 astabimus
500 5368 624 5416 ante
654 5364 897 5417 tribunal
925 5365 1159 5430 Christi,
1194 5365 1257 5415 ut
1298 5364 1444 5429 ferat
1488 5364 1860 5428 unusquisque

156 5454 456 5507 secundum
486 5467 548 5505 ea
579 5466 698 5520 qua
722 5468 823 5521 per
851 5468 1044 5523 corpus
1075 5454 1260 5521 gessit,
1291 5467 1409 5506 non
1447 5450 1756 5503 secundum
1794 5466 1860 5504 ea

154 5557 285 5612 quae
316 5541 362 5595 si
394 5540 611 5595 diutius
640 5541 877 5607 viveret,
900 5546 1165 5612 gesturus
1196 5540 1321 5609 fuit,
1353 5543 1466 5595 sive
1501 5540 1715 5606 bonum,
1748 5542 1859 5594 sive

1956 3053 2067 3124 qui
2096 3068 2212 3106 non
2245 3052 2427 3105 solum
2460 3056 2575 3105 tam
2604 3049 2812 3103 acriter
2842 3064 2948 3118 pro
2978 3046 3223 3102 falsitate
3251 3051 3541 3109 certasset,
3566 3045 3660 3099 sed

1967 3141 2138 3195 etiam
2165 3156 2268 3211 pro
2302 3139 2413 3193 ﬁde
2443 3138 2722 3193 catholica
2742 3137 3037 3193 venditare
3063 3152 3234 3191 ausus
3253 3139 3414 3189 esset.
3454 3156 3476 3182 ι
3507 3135 3665 3188 Idem

1965 3236 2161 3300 postea
2188 3229 2359 3284 etiam
2392 3229 2626 3284 tradidit
2653 3229 2797 3282 libro
2826 3226 3030 3298 quinto
3053 3225 3241 3295 operis
3267 3221 3541 3293 postremi
3573 3222 3666 3276 ad-

1967 3334 2161 3373 versus
2198 3319 2509 3373 lulianum.
2566 3318 2715 3373 Beda
2763 3318 2958 3383 etiam,
3014 3314 3113 3386 qui
3160 3314 3326 3385 longe
3365 3316 3493 3382 post
3546 3314 3664 3365 Au-

1966 3408 2259 3478 gustinum
2298 3407 2509 3473 floruit,
2556 3407 2806 3461 afﬁrmat
2864 3404 3175 3460 secundum
3215 3401 3552 3456 catholicam
3595 3400 3666 3453 ﬁ-

1966 3497 2097 3552 dem
2126 3497 2395 3567 parvulos
2421 3496 2757 3567 judicandos
2796 3511 2941 3548 esse.
2998 3492 3220 3547 Etenim
3277 3491 3337 3544 in
3386 3486 3663 3560 praelimi-

1968 3588 2092 3641 nari
2112 3586 2181 3640 ad
2212 3601 2436 3639 sacrum
2480 3585 2735 3639 codicem
2772 3582 3131 3638 Canticorum
3182 3580 3448 3635 adversus
3481 3576 3664 3632 Julia-

1967 3692 2108 3730 num
2139 3675 2246 3729 ait:
2282 3695 2304 3724 ι
2337 3674 2497 3739 Quod
2542 3673 2680 3727 dicit
2710 3672 3031 3741 (Julianus),
3066 3687 3181 3725 non
3241 3668 3473 3723 aliunde
3524 3666 3664 3719 alios

1961 3766 2240 3838 judicare,
2274 3764 2415 3817 alios
2454 3761 2720 3833 judicari,
2767 3760 2878 3814 nisi
2927 3760 3062 3830 quia
3111 3759 3171 3813 in
3220 3759 3419 3813 eadem
3460 3760 3666 3810 natura

1966 3855 2158 3925 dispar
2185 3853 2454 3908 'voluntas
2483 3853 2573 3916 sit,
2605 3855 2663 3904 et
2693 3849 2849 3921 quia,
2879 3864 3010 3902 cum
3053 3863 3250 3901 omnes
3281 3846 3435 3900 idem
3476 3843 3660 3914 possi-

1967 3962 2115 4010 mus,
2148 3944 2367 3997 diversa
2404 3941 2697 4008 faciamus,
2758 3938 3097 3993 contradicit
3150 3936 3445 3991 catholicae
3499 3932 3664 3998 ﬁdei,

1966 4047 2095 4103 qua:
2134 4031 2308 4085 etiam
2356 4046 2627 4085 PARVULOS
2671 4045 2793 4083 assa
2829 4043 3151 4084 JUDlCANDOS
3182 4025 3505 4089 conﬁtetur,
3564 4038 3661 4077 eos

1966 4120 2067 4191 qui
2105 4119 2166 4173 in
2191 4119 2390 4173 eadem
2436 4123 2640 4172 natura
2692 4118 2860 4189 positi
2892 4116 3223 4189 priusquam
3256 4113 3469 4184 aliquid
3523 4110 3662 4165 boni

1967 4209 2169 4263 malive
2200 4208 2384 4262 facere
2414 4212 2515 4263 aut
2542 4208 2706 4270 velle,
2758 4211 2857 4260 aut
2903 4206 3103 4259 saltem
3151 4218 3316 4257 nosse
3370 4202 3655 4271 poterant,

1967 4298 2088 4352 sine
2121 4296 2403 4369 baptismo
2427 4298 2573 4369 rapti
2594 4301 2746 4351 sunt.
2781 4314 2809 4347 η

1966 4422 2280 4479 Secundum
2303 4424 2704 4492 argumentum
2720 4436 2787 4473 ex
2812 4415 3320 4492 Scriptura.Pueri
3346 4415 3662 4469 nascuntur

2036 4495 2144 4567 sub?
2154 4488 2437 4567 potesldle
2460 4490 2752 4567 daemonis,
2778 4507 2845 4567 ea;
2869 4488 3332 4567 quaAeoruntdem
3346 4502 3523 4567 paena
3540 4502 3667 4567 sen-

2035 4557 2223 4619 sibilis
2254 4568 2455 4635 aperte
2484 4557 2928 4635 Monstrum}.
2973 4562 3155 4635 Quam
3183 4557 3501 4635 infeliciter
3530 4557 3661 4635 huic

2036 4628 2371 4709 argumento
2396 4632 2837 4709 abadversariis
2863 4632 3288 4709 respondeatur.
3312 4632 3461 4709 _()cto
3482 4628 3666 4701 paeni:

2034 4703 2306 4779 pdrvulus
2332 4705 2562 4774 subjici,
2592 4720 2713 4775 qua
2742 4703 2980 4759 breviter
3015 4706 3411 4757 numerantur.

2036 4830 2293 4884 Alterum
2351 4832 2759 4899 argumentum
2802 4826 3122 4880 desumitur
3160 4841 3227 4879 ex
3278 4822 3545 4877 omnibus
3592 4819 3662 4873 iis

1968 4932 2139 4971 sacrae
2171 4916 2394 4987 paginae
2444 4914 2580 4969 locis
2624 4913 2684 4967 in
2731 4913 2939 4983 quibus
2968 4911 3207 4967 humani
3256 4908 3482 4980 generis
3524 4921 3661 4975 cap-

1966 5004 2155 5058 tivitas
2186 5004 2289 5057 sub
2332 5002 2589 5073 principe
2639 5002 2901 5057 daemone
2948 5000 3298 5070 designatur.
3347 4997 3507 5048 Joan.
3561 5009 3657 5056 xu,

1969 5096 2027 5147 3t
2058 5113 2073 5157 ;
2114 5095 2266 5149 Nunc
2295 5094 2552 5161 Princeps
2584 5092 2747 5160 hujus
2785 5089 2977 5145 mundi
3000 5090 3244 5155 ejiciatur
3273 5086 3446 5151 foras.
3491 5083 3654 5135 Marc.

1968 5199 2047 5242 Ill,
2075 5186 2180 5235 2‘7:
2241 5184 2399 5237 Nemo
2426 5187 2602 5251 potest
2640 5197 2771 5236 vasa
2799 5181 2961 5247 fortis
3021 5178 3291 5242 ingressus
3342 5174 3401 5227 in
3446 5171 3661 5226 domum

1969 5272 2223 5340 diripere,
2256 5273 2365 5325 nisi
2386 5274 2543 5341 prius
2573 5273 2766 5337 fortem
2817 5269 3022 5332 alliget,
3060 5268 3109 5317 et
3151 5266 3274 5314 tunc
3303 5261 3518 5315 domum
3542 5263 3658 5330 ejus

1968 5362 2209 5430 diripiet.
2243 5361 2397 5415 Idem
2432 5360 2706 5415 Dominus
2736 5361 2968 5410 testatur
3021 5350 3213 5405 Matth.
3247 5365 3346 5416 xu,
3373 5352 3473 5403 29:
3516 5350 3662 5414 Quo-

1967 5450 2121 5506 modo
2180 5454 2357 5520 potest
2413 5453 2699 5518 quisquam
2737 5447 2945 5498 intrare
3002 5442 3060 5493 in
3102 5439 3339 5493 domum
3393 5440 3554 5504 fortis
3612 5442 3661 5491 et

1966 5555 2100 5595 vasa
2130 5542 2245 5609 ejus
2276 5540 2530 5609 diripere,
2588 5535 2696 5589 nisi
2750 5533 2906 5601 prius
2950 5530 3257 5599 alligaverit
3308 5530 3550 5595 fortem?
3596 5526 3664 5583 Et
