3906 6182
329 235 429 286 635

1335 228 1887 285 SUPPLEMENTUM
1925 229 2015 284 AD
2053 227 2281 288 OPERA
2325 232 2379 286 S.
2423 231 2810 289 AUGUSTINI.
3672 248 3746 300 636

326 354 491 410 Lucae
540 370 594 410 ιι
643 353 916 410 Dominus
955 355 1249 424 comparat
1292 352 1615 407 daemonem
1643 355 1782 420 forti
1809 359 2019 409 armato
2046 357 2089 411 A
2129 356 2374 411 Ecclesia
2400 356 2767 411 uniformiter
2802 355 2939 427 agit,
2988 373 3102 412 non
3141 358 3314 413 otioso
3359 365 3757 436 contemplemur

327 445 650 500 custodienti
668 447 871 500 atrium
895 459 1069 498 suum.
1117 443 1189 496 Ex
1222 441 1429 513 quibus
1468 442 1607 496 locis
1637 447 1862 498 sanctus
1893 444 2018 498 doc-

326 537 419 588 tor
445 532 620 587 infert
639 533 905 603 parvulos
934 547 1064 585 cum
1085 530 1343 602 principe
1359 531 1620 586 daemone
1643 537 1856 586 aeterno
1888 532 2021 602 igne

327 623 680 680 cremandos.
723 621 868 677 Audi
925 621 1217 691 integrum
1270 620 1510 675 maximi
1539 620 1644 675 viri
1702 621 2022 675 discursum

221 702 230 708 ’
327 714 427 771 lib.
456 730 514 768 ιιι
545 710 743 782 Operis
773 709 1086 780 imperfecti
1127 713 1326 763 contra
1367 710 1678 777 lulianum,
1712 726 1841 780 cap.
1898 713 2018 777 199,

328 797 488 867 cujus
518 798 780 868 superius
828 797 1216 867 fragmentum
1259 797 1426 852 dedi:
1493 821 1512 846 υ
1549 801 1632 853 Tu
1685 806 1897 866 autem,
1933 799 2021 853 in-

329 885 472 956 quit,
497 885 592 956 qui
628 902 752 941 eam
786 884 1015 956 (nempe
1045 886 1356 957 imaginem
1389 887 1508 956 Dei)
1539 904 1714 958 negas
1736 905 1769 942 a
1796 888 2021 943 diabolo

327 973 624 1043 possideri,
667 976 865 1045 procul
907 975 1083 1029 dubio
1118 991 1293 1045 negas
1321 992 1354 1029 a
1381 981 1655 1048 potestate
1707 977 1831 1030 erui
1863 982 2020 1031 tene-

335 1064 590 1125 brarum.
625 1081 755 1119 cum
786 1065 847 1118 in
878 1064 1082 1120 Christi
1111 1082 1352 1136 regnum
1393 1066 1822 1137 regeneratione
1852 1071 2028 1120 trans-

326 1153 528 1220 fertur,
579 1157 634 1207 et
689 1170 916 1208 accusas
954 1154 1278 1208 universam
1334 1154 1668 1208 catholicam
1721 1155 2022 1209 Ecclesiam

327 1256 538 1312 magno
563 1241 802 1296 crimine
849 1243 1192 1313 majestatis;
1237 1259 1355 1296 non
1387 1243 1541 1297 enim
1584 1243 1804 1314 legibus
1852 1244 2023 1315 hujus

329 1330 531 1384 mundi
562 1335 788 1386 tenetur
824 1348 954 1386 reus
982 1332 1241 1403 quisquis
1261 1332 1592 1403 imaginem,
1617 1333 1876 1404 quamvis
1904 1349 2024 1387 non

328 1419 537 1486 vivam,
591 1419 954 1492 imperatoris
1024 1422 1307 1476 exsufﬂet.
1379 1423 1764 1477 Exsufﬂantur
1833 1426 2022 1476 autem

327 1507 552 1578 parvuli
582 1508 641 1562 in
691 1509 1002 1572 exorcismo
1029 1511 1363 1582 priusquam
1416 1511 1815 1582 baptizentur;
1867 1511 2026 1566 exuf-

330 1596 543 1652 flantur
583 1597 762 1668 igitur
806 1597 944 1652 vivae
996 1597 1299 1669 imagines,
1347 1615 1462 1653 non
1518 1599 1668 1671 regis
1725 1600 2024 1671 cujusque,

330 1687 429 1740 sed
470 1685 586 1740 Dei.
623 1688 740 1740 lmo
769 1703 902 1741 vero
935 1688 1284 1753 exsufﬂatur,
1315 1688 1415 1743 sed
1445 1688 1728 1757 diabolus,
1754 1688 1852 1760 qui
1890 1705 2025 1743 con-

330 1775 561 1845 tagione
588 1775 801 1846 peccati
831 1781 987 1830 tenet
1038 1779 1236 1848 procul
1269 1777 1440 1832 dubio
1469 1794 1654 1843 reum,
1683 1782 1748 1832 ut
1792 1778 1892 1832 illo
1940 1777 2026 1831 fo-

329 1878 420 1917 ras
461 1863 657 1929 misso,
709 1866 981 1935 parvulus
1010 1867 1388 1921 transferatur
1429 1867 1499 1922 ad
1554 1867 1864 1922 Christum.
1921 1866 2026 1920 Ex-

329 1951 590 2007 sufﬂetur
621 1953 812 2024 itaque
845 1954 1056 2008 Juliani
1085 1955 1354 2022 amentia,
1392 1971 1463 2010 ne
1494 1954 1806 2026 majestatis
1833 1970 1931 2008 rea
1965 1954 2027 2007 in

327 2043 696 2112 parvulorum
730 2043 1095 2098 mundatione
1147 2049 1203 2098 et
1249 2044 1644 2099 exsufflatioue
1675 2044 1897 2098 dicatur
1927 2045 2026 2097 Ec-

327 2129 512 2185 clesia.
562 2130 618 2185 Si
662 2138 854 2185 autem
885 2147 998 2186 non
1031 2132 1253 2187 eruitur
1307 2133 1378 2189 de
1433 2137 1715 2204 potestate
1761 2132 2024 2188 tenebra-

326 2234 472 2283 rum,
501 2222 556 2274 et
584 2218 700 2273 illic
731 2225 986 2274 remanet
1010 2223 1302 2291 parvulus,
1345 2221 1482 2293 quid
1535 2222 1762 2276 miraris
1812 2239 1865 2277 ιιι(
1896 2239 2024 2278 IGNE

330 2324 552 2364 meum
582 2324 686 2363 cuu
718 2323 950 2365 DIABOLO
982 2327 1254 2378 ruruauu,
1279 2311 1413 2382 quia
1439 2311 1500 2364 in
1531 2311 1631 2365 Dei
1673 2327 1912 2381 regnum
1945 2311 2029 2366 iu-

330 2400 482 2452 trare
531 2413 647 2451 non
694 2398 943 2452 sinitur?
997 2401 1084 2453 An
1115 2400 1249 2470 quia
1281 2399 1572 2471 Pelagiani
1621 2399 1809 2454 nescio
1856 2417 2028 2472 quem

336 2487 587 2558 parvulis
617 2503 732 2541 non
751 2487 1051 2559 haptizatis
1072 2494 1282 2559 praeter
1311 2488 1413 2543 Dei
1440 2504 1708 2558 regnum,
1739 2489 1946 2560 quietis
1974 2495 2030 2545 et

333 2576 464 2630 vitae
495 2580 724 2630 aeternae
755 2576 946 2630 locum
972 2582 1319 2647 praeparant,
1359 2578 1486 2633 ideo
1518 2578 1726 2632 Christi
1755 2579 1863 2632 erit
1887 2579 2031 2634 falsa

333 2664 645 2718 sententia:
686 2665 791 2730 Qui
835 2665 1126 2720 crediderit
1170 2671 1220 2720 et
1267 2667 1574 2736 baptizatus
1621 2669 1790 2733 fuerit
1844 2669 2029 2723 salvus

335 2753 460 2815 erit,
503 2754 598 2822 qui
627 2757 803 2806 autem
833 2767 940 2806 non
991 2754 1284 2808 crediderit
1329 2755 1771 2810 condemnabitur
1825 2755 2024 2826 (Marc.

332 2841 493 2908 xvr)?
525 2861 550 2891 ι)
604 2841 817 2896 Rursus
856 2842 951 2896 lib.
985 2859 1017 2894 v
1067 2843 1323 2913 ejusdem
1369 2843 1554 2915 operis
1595 2861 1717 2915 cap.
1753 2848 1823 2899 6:
1857 2865 1885 2896 (ι
1943 2847 2030 2899 An

332 2930 504 2996 forte,
545 2929 753 3000 inquit,
785 2930 1049 2984 homines
1107 2947 1225 2985 non
1283 2936 1436 2996 sunt,
1479 2931 1579 3004 qui
1633 2936 1911 2986 eruantur
1961 2932 2029 2986 de
2059 2949 2096 3003 ί]

334 3023 611 3091 potestate
679 3019 1045 3074 tenebrarum
1092 3036 1336 3091 quarum
1374 3025 1531 3076 tenet
1574 3020 1835 3076 diabolus
1875 3020 2029 3091 prin-

335 3108 628 3180 cipatum?
658 3110 770 3162 Aut
818 3125 950 3162 vero
1009 3125 1092 3163 ITA
1149 3125 1349 3163 DESIPIS
1380 3115 1442 3163 ut
1470 3109 1722 3164 affirmes
1777 3126 1875 3163 eos
1921 3109 2028 3163 sibi

339 3197 629 3252 diabolum
654 3213 769 3251 non
797 3197 1106 3264 vindicare,
1139 3215 1280 3269 quos
1306 3197 1556 3268 possidet
1587 3202 1645 3252 et
1693 3214 1810 3251 sum
1839 3202 2028 3268 potes-

337 3285 442 3340 tati
473 3285 726 3340 subditos
755 3286 956 3342 tenet?
997 3287 1102 3341 Sed
1138 3291 1198 3340 ut
1230 3291 1441 3340 taceam
1491 3286 1561 3341 de
1609 3285 1698 3339 his
1729 3301 1872 3355 quos
1924 3301 2030 3356 po—

339 3373 498 3449 testis
525 3374 709 3429 dicere
739 3391 843 3446 per
868 3391 1030 3430 suam
1074 3376 1285 3430 malam
1340 3375 1695 3429 voluntatem
1723 3390 1755 3426 a
1808 3372 2032 3427 diabolo

338 3461 639 3534 possideri,
679 3463 815 3535 quid
859 3463 1118 3518 dicturus
1158 3481 1216 3517 es
1258 3464 1327 3518 de
1356 3462 1455 3517 illo
1488 3464 1556 3518 de
1587 3479 1700 3533 quo
1737 3467 1898 3532 pater
1952 3461 2035 3531 ip-

339 3552 476 3620 sius,
506 3553 748 3608 Domino
768 3553 1177 3624 interrogante,
1203 3552 1494 3623 respondit
1540 3552 1691 3623 quod
1738 3568 1803 3606 ex
1846 3551 2033 3607 infan-

335 3642 415 3698 tia
445 3659 547 3698 sua
573 3643 644 3698 ab
668 3643 967 3698 immundo
997 3642 1203 3713 spiritu
1244 3643 1590 3696 vexaretur?
1621 3642 1816 3696 Nonne
1846 3656 2035 3695 mem-

336 3733 441 3788 bra
479 3733 600 3804 ejus
631 3735 687 3785 et
713 3747 933 3798 sensus,
980 3746 1109 3801 quae
1149 3730 1341 3784 omnia
1374 3730 1488 3786 Deo
1520 3734 1747 3784 auctore
1777 3729 2037 3784 instituta

343 3825 495 3891 sunt,
523 3825 580 3875 et
607 3819 938 3874 communia
978 3819 1309 3890 impiorum,
1360 3819 1704 3890 piorumque
1741 3823 1874 3872 sunt
1914 3835 2034 3872 mu-

339 3927 497 3975 nera,
533 3909 792 3964 diabolus
823 3908 949 3972 sibi,
1003 3914 1068 3962 ut
1096 3908 1398 3980 afﬂigeret,
1447 3907 1814 3963 vindicabat?
1854 3915 1963 3962 etc.
2005 3926 2032 3957 ι)

342 4003 454 4055 Hoc
519 4002 926 4068 argumentum
983 3997 1143 4053 valde
1200 4001 1429 4070 torquet
1491 3997 1860 4064 adversarios,
1937 3995 2036 4068 qui

345 4090 516 4146 variis
588 4088 735 4144 datis
819 4088 1205 4144 solutionibus
1276 4088 1391 4143 vim
1453 4088 1732 4159 ejusdem,
1799 4099 1863 4141 ut
1929 4102 2035 4157 ego

347 4180 582 4252 quidem
608 4177 874 4241 arbitror,
902 4178 1110 4233 frustra
1141 4178 1380 4233 evadere
1409 4182 1709 4232 conantur.

2127 445 2370 513 intuitu;
2399 461 2530 500 cum
2559 446 2674 499 sive
2704 446 2948 516 parvuli,
2980 445 3096 500 sive
3120 446 3350 516 juvenes
3385 450 3450 504 ad
3495 468 3756 523 regenera~

2127 533 2303 587 tionis
2329 535 2568 589 veniunt
2595 539 3036 603 sacramentum,
3070 550 3186 588 non
3226 536 3376 606 prius
3415 539 3612 594 fontem
3652 541 3760 596 vita:

2129 623 2364 692 adeunt,
2412 639 2586 694 quam
2633 623 2990 693 exorcismis,
3024 628 3082 676 et
3127 624 3590 681 exsufﬂationibus
3613 629 3762 683 Cleri-

2127 729 2323 768 corum
2352 713 2583 783 spiritus
2614 714 2684 767 ab
2731 713 2811 768 eis
2859 712 3192 767 immundus
3238 713 3500 784 abigatur,
3549 721 3604 770 ut
3646 721 3766 774 tunc

2128 818 2258 857 vere
2288 807 2578 873 appareat,
2621 803 2909 873 quomodo
2953 804 3204 871 Princeps
3246 805 3430 857 mundi
3469 804 3616 872 hujus
3661 809 3766 861 mit-

2130 895 2280 946 tatur
2306 893 2461 958 foras
2492 891 2670 960 (Joan.
2703 890 2821 958 xu,)
2849 895 2898 944 et
2924 891 3184 961 quomodo
3209 893 3362 960 prius
3394 893 3631 959 alligetur
3669 895 3769 960 for-

2129 983 2220 1046 tis,
2257 984 2306 1034 et
2337 981 2582 1048 deinceps
2623 995 2756 1034 vasa
2802 981 2918 1048 ejus
2957 980 3297 1049 diripiantur
3335 982 3392 1034 in
3433 984 3770 1049 possessionem

2132 1070 2401 1124 translata
2447 1070 2668 1123 victoris
2729 1069 2950 1136 (Matth.
3019 1073 3132 1135 xu),
3196 1071 3291 1137 qui
3343 1071 3596 1137 captivam
3647 1070 3770 1125 ducit

2131 1160 2500 1227 captivitatem
2557 1157 2798 1226 (Psalm.
2864 1157 3048 1224 cxvu),
3097 1161 3148 1211 et
3203 1156 3300 1211 dat
3344 1157 3480 1211 dona
3511 1159 3772 1213 hominibus

2133 1246 2352 1315 (Ephes.
2387 1248 2480 1314 ιν).
2518 1246 2613 1300 His
2644 1261 2802 1316 ergo,
2833 1250 2938 1299 etc.
2969 1265 2997 1296 »
3033 1246 3217 1310 Quam
3263 1244 3564 1299 doctrinam
3607 1250 3773 1315 postea

2130 1335 2392 1389 universa
2423 1333 2663 1389 Ecclesia
2691 1334 2946 1401 tradidit,
2995 1339 3061 1388 ut
3105 1339 3260 1404 patet
3305 1349 3370 1388 ex
3399 1349 3517 1404 cap.
3553 1335 3773 1390 Sacerdo-

2132 1427 2228 1490 tes,
2279 1423 2347 1477 de
2399 1423 2718 1477 Consecrat.
2764 1423 2893 1476 dist.
2941 1423 2995 1488 4,
3045 1425 3100 1475 et
3145 1437 3270 1492 cap.
3317 1423 3550 1491 parvuli,
3589 1425 3638 1475 et
3673 1438 3773 1492 cap.

2135 1515 2286 1569 Sicut
2314 1513 2508 1576 nossis,
2544 1515 2602 1565 et
2630 1527 2755 1582 cap.
2788 1512 3013 1576 Dehinc,
3043 1509 3173 1577 etc.,
3208 1514 3264 1563 et
3288 1525 3540 1580 expresse
3568 1509 3778 1580 synodus

2135 1599 2489 1667 Tridentina,
2520 1615 2652 1653 sess.
2687 1604 2741 1661 5.
2783 1599 2852 1654 de
2896 1602 3127 1670 peccato
3175 1598 3326 1669 orig.
3381 1597 3589 1666 definit,
3626 1598 3778 1652 Adam

2136 1709 2165 1742 αι
2197 1689 2502 1744 incurrisse
2530 1705 2660 1743 cum
2677 1693 2857 1742 morte
2905 1687 3292 1759 captivitatem
3333 1687 3436 1740 sub
3479 1687 3596 1758 ejus
3621 1691 3778 1757 potes-

2133 1783 2264 1843 tate,
2300 1778 2400 1850 qui
2431 1777 2632 1832 mortis
2661 1776 2868 1832 deinde
2898 1776 3100 1830 habuit
3123 1776 3454 1846 imperium,
3483 1777 3583 1830 hoc
3597 1780 3670 1829 est
3689 1774 3781 1829 dia-

2133 1868 2271 1922 boli.
2306 1887 2332 1919 ι)
2383 1867 2523 1922 Hinc
2562 1870 2788 1920 sanctus
2825 1865 3201 1936 Augustinus,
3254 1865 3350 1918 lib.
3398 1881 3456 1920 v1
3489 1863 3668 1936 Operis
3699 1864 3783 1918 im-

2133 1957 2278 2028 perf.
2312 1961 2502 2010 contra
2529 1955 2662 2017 Jul.,
2700 1970 2822 2026 cap.
2855 1957 2943 2018 20,
2975 1954 3348 2025 reprehendit
3371 1954 3642 2009 lulianum
3661 1969 3782 2024 (egre

2133 2047 2393 2101 ferenten
2421 2045 2720 2111 dominum,
2751 2059 2812 2098 ac
2831 2059 3188 2114 possessorem
3227 2044 3457 2110 imagini
3501 2045 3589 2098 Dei
3623 2042 3781 2096 diabo-

2135 2137 2246 2190 lum
2271 2136 2495 2206 imponi,
2520 2133 2644 2188 haec
2665 2132 2954 2188 scribens:
3009 2153 3032 2182 α
3068 2132 3218 2187 Dicit
3261 2133 3439 2199 lesus,
3486 2131 3580 2202 qui
3618 2146 3780 2185 secun-

2137 2224 2274 2278 dum
2305 2223 2414 2277 hoc
2436 2237 2651 2276 nomen
2681 2237 2850 2276 suum
2889 2221 3106 2274 salvum
3149 2220 3288 2275 facit
3332 2220 3601 2291 populum
3649 2233 3783 2271 suum

2137 2329 2167 2366 a
2197 2311 2442 2382 peccatis
2471 2327 2672 2365 eorum
2708 2326 2722 2364 :
2753 2312 2916 2366 Nemo
2938 2308 3134 2380 intrat}
3154 2312 3217 2364 in
3244 2309 3457 2364 domum
3495 2310 3662 2376 fortis,
3699 2309 3785 2360 nisi

2133 2403 2290 2470 prius
2321 2401 2632 2468 alligaverit
2657 2399 2868 2470 fortem,
2898 2403 2956 2452 et
2978 2415 3077 2452 vos
3107 2399 3167 2451 in
3213 2397 3322 2452 hoc
3349 2397 3551 2469 populo
3598 2394 3780 2458 Christi,

2137 2505 2309 2560 quem
2340 2488 2555 2542 salvum
2597 2487 2731 2541 facit
2768 2503 2802 2540 a
2849 2486 3092 2556 peccatis
3139 2502 3364 2550 eorum,
3416 2485 3662 2555 parvulos
3697 2498 3785 2536 non

2138 2593 2257 2632 esse
2289 2575 2619 2642 conceditis,
2652 2592 2796 2646 quos
2825 2578 2890 2629 ut
2931 2591 2964 2628 a
3011 2574 3279 2645 pmpriis,
3328 2573 3406 2628 ita
3449 2589 3549 2627 nec
3584 2570 3784 2641 origina-

2137 2667 2285 2721 lihus
2323 2665 2494 2720 vultis
2541 2664 2840 2719 Obstrictos
2887 2680 3005 2718 esse
3047 2664 3320 2735 peccatis,
3367 2666 3424 2716 et
3466 2677 3588 2716 cum
3639 2656 3786 2714 fallaci

2139 2760 2324 2809 vestro
2357 2770 2621 2808 sermone
2646 2753 2906 2808 minuitis
2943 2753 3090 2806 vires
3136 2753 3286 2822 ejus,
3331 2767 3500 2823 quem
3540 2749 3667 2804 dixit
3703 2747 3785 2800 Ve-

2137 2844 2277 2898 ritas
2309 2845 2535 2898 fortem.
2571 2862 2599 2894 »
2631 2845 2834 2898 Postea
2865 2858 2879 2895 :
2912 2860 2941 2893 ‹‹
2971 2842 3083 2896 Nec
3109 2841 3220 2896 tibi
3248 2841 3504 2896 videatur
3531 2837 3786 2908 indignum

2139 2933 2292 3004 quod
2321 2933 2575 3003 subjecta
2595 2936 2678 2986 est
2708 2931 2934 2986 diabolo
2966 2931 3156 3001 imago
3206 2931 3308 2986 Dei
3333 2947 3346 2997 ;
3376 2931 3480 2984 hoc
3523 2928 3661 2982 enim
3700 2939 3788 2978 non

2139 3022 2300 3077 fieret
2329 3022 2439 3076 nisi
2461 3021 2676 3093 judicio
2708 3021 2829 3089 Dei,
2862 3035 2967 3076 nec
2988 3025 3322 3075 removetur
3368 3019 3476 3074 ista
3518 3013 3784 3077 damnatio,

2138 3111 2248 3166 nisi
2274 3111 2459 3182 gratia
2489 3111 2610 3177 Dei,
2641 3115 2744 3164 etc.
2782 3129 2810 3162 ι›

2210 3200 2546 3254 Catharinus
2572 3215 2728 3253 more
2759 3198 2949 3266 solito,
2980 3198 3088 3253 hoc
3118 3202 3210 3252 est
3237 3197 3516 3264 audacter,
3548 3195 3603 3249 in
3646 3207 3785 3262 opus-

2137 3287 2263 3342 culo
2296 3287 2464 3340 citato
2494 3287 2574 3340 ait
2605 3303 2616 3341 :
2653 3305 2680 3337 α
2718 3288 2912 3357 Neque
2943 3287 3047 3340 sub
3078 3285 3297 3340 diaboli
3328 3288 3595 3356 perpetuo
3627 3284 3783 3352 potes-

2140 3379 2255 3429 tate
2282 3379 2469 3444 erunt,
2496 3375 2631 3446 quia
2661 3379 2718 3429 et
2746 3391 2850 3445 pro
2901 3375 3014 3429 illis
3060 3376 3280 3445 ejectus
3318 3374 3426 3428 erit
3463 3371 3698 3428 diabolus
3729 3367 3791 3420 fo-

2141 3481 2233 3518 ras
2263 3464 2323 3518 in
2353 3463 2446 3518 die
2476 3463 2806 3530 novissimo,
2858 3467 2921 3518 ut
2965 3463 3111 3518 nihil
3149 3463 3302 3532 juris
3351 3462 3553 3518 habeat
3595 3455 3793 3512 ulterius

2141 3553 2203 3606 in
2273 3552 2420 3606 illos.
2462 3574 2482 3600 ι
2541 3554 2656 3608 Hoc
2703 3558 2899 3607 tamen
2945 3568 3314 3624 responsum,
3364 3557 3430 3605 ut
3473 3551 3608 3604 bene
3651 3545 3790 3600 etiam

2143 3641 2360 3695 notavit
2423 3641 2817 3709 Bellarminns,
2887 3641 2955 3695 ab
3000 3639 3240 3695 homine
3291 3638 3562 3694 catholico
3607 3629 3794 3690 defendi

2145 3729 2383 3784 minime
2403 3733 2608 3801 potest.
2638 3732 2772 3784 Peto
2815 3728 2971 3784 enim
3000 3744 3181 3800 quare
3231 3729 3476 3783 infantes
3524 3724 3676 3780 modo
3706 3720 3796 3773 siut

2143 3818 2350 3889 captivi
2401 3818 2721 3873 daemonis?
2770 3818 2935 3873 Clara
2996 3822 3129 3872 sunt
3200 3815 3462 3872 Ecclesiae
3525 3814 3792 3883 dogmata:

2146 3907 2228 3962 0b
2270 3907 2482 3978 peccati
2529 3907 2822 3979 originalis
2867 3907 3172 3962 maculam.
3225 3908 3441 3961 Rursus
3491 3904 3795 3970 interrogan-

2147 3996 2252 4050 dus
2274 4000 2358 4050 est
2385 3995 2724 4050 Catharinus
2753 4012 2825 4050 an
2855 3996 2978 4050 haec
3005 3995 3233 4050 macula
3282 3995 3554 4049 duratura
3595 3989 3660 4042 sit
3698 3987 3800 4057 post

2146 4085 2296 4140 diem
2322 4083 2526 4154 judicii
2553 4084 2642 4138 vel
2681 4085 2848 4138 non?
2900 4083 2955 4138 Si
3004 4083 3320 4137 secundum
3362 4081 3526 4144 dicat,
3576 4078 3632 4132 in
3670 4089 3797 4129 erro-

2148 4189 2268 4227 rem
2297 4171 2530 4240 labitur,
2564 4173 2681 4227 solo
2712 4171 2866 4226 enim
2895 4171 3240 4242 baptismate
3276 4171 3377 4225 illa
3407 4169 3569 4240 culpa
3595 4159 3798 4220 destrui-

415 4269 742 4340 Respondet
789 4267 977 4340 primo
1012 4267 1245 4336 quidam
1279 4267 1418 4321 alias
1445 4263 1852 4320 celeberrimus
1881 4261 2040 4316 theo-
2068 4246 2115 4301 Ῑ)
2151 4266 2244 4315 tur
2275 4277 2287 4315 :
2326 4282 2353 4310 ‹‹
2385 4261 2514 4315 Haec
2543 4261 2661 4315 noli
2691 4260 2898 4328 dicere,
2949 4261 3026 4314 ait
3073 4260 3451 4331 Augustinus,
3500 4257 3545 4310 si
3586 4255 3663 4308 vis
3703 4264 3796 4340 esse

347 4358 549 4427 logus:
581 4359 708 4412 Haec
740 4373 910 4428 poena
959 4373 1074 4411 non
1104 4357 1329 4410 videtur
1372 4355 1562 4408 debita
1594 4357 1826 4424 peccato
1880 4351 2043 4422 origi-

345 4444 497 4511 nali;
526 4445 672 4500 sicut
699 4447 754 4501 ei
784 4463 899 4500 nou
929 4445 1170 4501 debetur
1207 4459 1375 4514 paena
1414 4457 1628 4505 sensus,
1669 4441 1751 4496 ita
1794 4457 1906 4494 non
1938 4441 2039 4495 de-

350 4534 519 4590 betur
547 4533 716 4589 simul
766 4535 996 4589 traditio
1028 4534 1087 4588 in
1113 4549 1318 4588 manus
1346 4531 1523 4586 hostis
1553 4529 1934 4602 potentissimi
1989 4532 2044 4584 et

347 4621 739 4685 infensissimi,
785 4623 881 4693 qui
913 4623 1189 4694 perducat
1215 4621 1508 4675 hominem
1549 4620 1608 4673 iu
1647 4618 2042 4674 necessitatem

345 4711 625 4766 moralem
656 4709 985 4765 incurrendi
1017 4710 1298 4781 ejusmodi
1337 4726 1588 4781 poenam,
1615 4714 1670 4762 et
1699 4708 1868 4762 simul
1901 4724 2039 4778 pro-

346 4800 554 4857 hibitio
583 4799 1019 4855 auxiliatoribus
1049 4816 1118 4855 ne
1148 4799 1437 4871 suppetias
1493 4799 1694 4853 ferant.
1730 4800 1858 4853 Haec
1888 4799 2043 4852 enim

350 4894 498 4946 esset
527 4906 692 4962 paena
721 4889 950 4960 gravior
977 4905 1148 4959 quam
1189 4905 1359 4959 paena
1387 4905 1584 4943 sensus
1610 4905 1622 4943 :
1663 4887 1877 4959 quippe
1904 4889 2044 4942 tole-

348 4980 582 5035 rabilius
595 4984 680 5034 est
697 4979 880 5032 solum
899 4977 1140 5032 cruciari
1156 4994 1329 5050 quam
1350 4978 1488 5050 poni
1509 4977 1567 5031 in
1591 4976 1792 5031 morali
1808 4977 2046 5031 necessi-

347 5073 463 5124 tate
487 5069 619 5124 novi
649 5067 904 5122 criminis
937 5067 1206 5122 merentis
1234 5068 1398 5122 illum
1420 5066 1755 5122 cruciatum.
1781 5067 1911 5120 Haec
1937 5081 2047 5120 res-

346 5159 553 5228 ponsio
565 5175 682 5212 non
705 5162 984 5212 consonat
1003 5157 1263 5212 Ecclesiae
1291 5156 1514 5211 statutis
1539 5172 1608 5210 ex
1624 5155 1833 5226 quibus
1851 5158 2044 5224 aperte

354 5246 644 5316 colligitur
662 5263 725 5300 ex
748 5251 978 5317 peccato
1006 5246 1274 5318 originali
1303 5263 1406 5300 nos
1429 5261 1548 5299 esse
1570 5243 1820 5315 captivos
1839 5243 2044 5296 daemo-

355 5335 463 5390 nis.
499 5335 736 5390 Sanctus
753 5336 1109 5402 leestinus,
1127 5335 1371 5406 utvulgo
1383 5337 1607 5405 putant,
1630 5333 1690 5386 in
1721 5331 1959 5402 epistola
1977 5331 2045 5384 ad

357 5423 656 5495 episcopos
688 5424 902 5489 Galliae,
929 5441 1052 5496 cap.
1089 5428 1174 5492 l2,
1205 5424 1326 5479 haec
1353 5421 1591 5478 deﬁnit:
1626 5441 1653 5472 α
1676 5421 1822 5476 Illud
1851 5418 2047 5489 etiam,

356 5513 507 5591 quod
537 5511 684 5568 circa
722 5511 1089 5586 baptizaudos
1145 5514 1206 5568 in
1260 5512 1524 5568 universo
1579 5509 1797 5564 mundo
1857 5511 2049 5562 sancta

2149 4349 2460 4404 catholicus
2527 4349 2642 4419 (lib.
2712 4365 2768 4402 ιιι
2829 4348 2894 4402 de
2961 4348 3113 4416 Orig.
3169 4349 3387 4412 anim,
3437 4361 3551 4414 cap.
3598 4343 3718 4412 9).:
3756 4334 3800 4391 Si

2147 4441 2420 4511 primum,
2459 4456 2593 4510 ergo
2643 4438 2964 4495 remanebit
3003 4439 3302 4510 integrum
3345 4439 3442 4508 jus
3489 4431 3717 4491 daamoni
3755 4428 3800 4482 in

2150 4546 2360 4601 pueros
2389 4529 2557 4584 etiam
2589 4534 2714 4600 post
2739 4529 2890 4584 diem
2933 4528 3158 4600 judicii,
3206 4544 3339 4582 cum
3382 4526 3562 4580 adhuc
3605 4515 3800 4577 obnoxii

2151 4624 2320 4675 erunt
2343 4623 2573 4690 peccato
2618 4617 2906 4688 originali.
2978 4617 3210 4685 Audiat,
3255 4615 3395 4670 velit
3441 4613 3594 4679 nolit,
3647 4613 3803 4677 Augu-

2151 4708 2386 4775 stinum,
2420 4723 2593 4778 quem
2623 4705 2726 4760 hac
2768 4705 2826 4759 in
2871 4704 3212 4776 quaestione,
3268 4703 3355 4757 uti
3402 4703 3461 4756 in
3503 4699 3622 4754 aliis
3659 4695 3801 4750 etiam

2153 4813 2302 4868 saepe
2331 4796 2636 4867 impugnat
2662 4794 2760 4849 lib.
2795 4811 2815 4849 ι
2844 4794 2914 4848 de
2945 4793 3166 4865 Nuptiis
3194 4798 3254 4848 et
3283 4807 3546 4862 concup.,
3577 4804 3687 4858 cap.
3714 4785 3798 4840 23:

2155 4907 2183 4935 «
2231 4887 2343 4941 Hoc
2385 4883 2582 4955 generi
2627 4884 2880 4938 humano
2935 4881 3217 4936 inﬂictum
3261 4881 3469 4934 vulnus
3511 4897 3540 4934 a
3588 4871 3799 4933 diabolo.

2153 4973 2431 5046 quidquid
2452 4988 2556 5043 per
2601 4972 2744 5027 illud
2793 4970 3046 5026 nascitur
3091 4971 3245 5041 cogit
3285 4984 3407 5023 esse
3455 4968 3556 5024 sub
3591 4959 3798 5021 diabolo.

2153 5067 2426 5133 tanquam
2450 5061 2520 5116 de
2551 5078 2654 5116 suo
2682 5061 2914 5116 fructice
2939 5060 3188 5115 fructum
3222 5059 3357 5130 jure
3404 5058 3671 5126 decerpat,
3708 5059 3796 5139 nell

2156 5152 2304 5223 quod
2337 5151 2407 5205 ab
2460 5151 2556 5205 illo
2589 5151 2663 5204 sit
2710 5154 2914 5203 natura
2958 5149 3235 5215 humana,
3286 5165 3415 5221 quae
3438 5161 3550 5201 non
3599 5144 3672 5197 est
3713 5134 3800 5190 nisi

2155 5257 2221 5296 ex
2248 5241 2383 5306 Deo,
2415 5240 2511 5294 sed
2545 5239 2768 5306 vitium,
2799 5237 2953 5310 quod
2979 5253 3098 5291 non
3126 5242 3212 5292 est
3241 5253 3308 5292 ex
3345 5239 3475 5292 Deo.
3527 5234 3638 5287 Non
3673 5223 3799 5316 enim

2154 5333 2389 5401 propter
2429 5329 2677 5400 seipsum
2718 5344 2846 5399 quae
2895 5325 3181 5382 laudibilis
3226 5330 3332 5392 est,
3381 5323 3511 5396 quia
3554 5331 3682 5390 opus
3718 5314 3801 5366 Dei

2154 5423 2260 5486 est,
2291 5418 2387 5473 sed
2415 5421 2650 5490 propter
2708 5415 3034 5472 damnabile
3087 5415 3313 5481 vitium,
3347 5430 3459 5485 quo
3489 5409 3670 5464 vitiata
3713 5403 3798 5463 est,

2159 5512 2360 5562 natura
2411 5507 2666 5563 humana
2722 5507 3066 5572 damnatur;
3119 5508 3357 5575 propter
3411 5499 3552 5572 quod
3605 5495 3798 5549 damna-
