3946 6176
124 262 233 314 637

1422 255 1745 313 νΙΝΒΙΟΙᾸΞ
1782 256 2331 314 ΑυρυδτιΝιΑΝΑς.

3522 260 3623 315 638

123 386 247 449 tur,
292 382 527 451 propter
576 378 683 432 hoc
734 380 790 432 et
844 377 1156 433 damnabili
1199 378 1425 434 diabolo
1455 379 1815 450 subjugatur,
1845 385 1888 438 A
1928 381 2255 437 ﬂationibus
2287 397 2403 436 non
2438 381 2655 436 utimur
2708 381 2779 436 ad
2814 382 3222 436 absolvendum
3268 386 3622 453 peccatorem

124 472 267 542 quia
292 477 346 522 et
370 469 491 539 ipse
550 468 810 523 diabolus
849 468 1080 537 spiritus
1110 467 1441 521 immundus
1467 473 1570 522 est.
1602 489 1629 517 ι
1666 469 1821 522 Idem

126 558 366 612 asseruit
415 562 643 610 sanctus
700 556 1157 626 Fulgentius‘lib.
1207 573 1224 610 1
1264 557 1331 610 de
1378 557 1623 611 Veritate
1669 573 1819 626 pra-

128 646 542 712 destinationis,
585 662 707 716 cap.
740 647 836 699 t4:
870 664 897 695 ‹‹
931 647 1109 699 Causa
1153 661 1287 700 vero
1327 648 1611 716 majorum
1651 651 1822 716 atque

127 737 413 790 minorum
448 734 549 805 qui
586 734 707 788 sine
746 734 1083 803 baptismate
1133 749 1364 788 cursum
1412 734 1541 788 vita
1572 750 1821 804 prasen-

122 825 196 877 tis
240 824 298 877 in
345 823 684 876 inﬁdelitate
714 826 1135 890 consummant,
1177 827 1457 893 quantum
1498 825 1701 876 attinet
1755 822 1821 876 ad

118 912 589 967 communionem
637 910 931 981 originalis
975 911 1211 980 peccati,
1263 928 1379 964 una
1428 916 1528 965 est.
1593 912 1667 965 Ex
1720 911 1825 965 hac

122 1002 353 1071 utrique
400 1001 564 1054 ibunt
612 999 672 1052 in
718 999 912 1069 ignem
966 1005 1267 1065 aternum,
1317 999 1416 1070 qui
1465 1005 1697 1071 paratus
1743 1003 1824 1053 est

119 1090 349 1143 diabolo
376 1095 431 1142 et
472 1088 688 1159 angelis
733 1090 874 1157 ejus,
921 1089 1056 1158 quia
1106 1088 1165 1142 in
1215 1088 1296 1141 eis
1353 1089 1823 1159 chirographum,

118 1196 233 1250 quo
266 1178 378 1233 sibi
406 1195 502 1232 eos
546 1177 861 1248 deceptoris
904 1176 1160 1247 nequitia
1205 1177 1476 1247 subdidit,
1523 1179 1824 1233 Salvatoris

117 1268 306 1337 gratia
339 1283 452 1320 non
475 1267 701 1322 delevit.
736 1288 757 1315 ι

190 1356 526 1426 Respondet
568 1355 825 1425 Arriaga,
861 1359 999 1409 tom.
1035 1373 1053 1409 1
1083 1354 1142 1409 in
1188 1358 1304 1421 1-2,
1359 1354 1502 1427 disp.
1552 1358 1641 1421 52,
1683 1354 1826 1409 nihil

117 1444 279 1497 aliud
336 1444 655 1514 signiﬁcare
710 1460 919 1514 pueros
972 1461 1092 1498 esse
1150 1445 1255 1498 sub
1287 1450 1562 1515 potestate
1592 1444 1822 1505 diaboli.

115 1548 296 1603 quam
375 1548 495 1586 esse
566 1538 906 1603 peccatores.
985 1533 1097 1587 Alii
1162 1550 1295 1587 vero
1358 1536 1560 1605 putant
1622 1550 1826 1604 pueros

114 1637 242 1674 esse
297 1620 406 1674 sub
446 1626 723 1691 potestate
767 1620 979 1675 diaboli
1027 1637 1131 1692 per
1172 1627 1465 1692 peccatum
1524 1621 1824 1692 originale,

113 1710 258 1781 quia
287 1708 520 1763 damon
569 1725 636 1762 ex
676 1709 773 1763 illo
818 1713 1045 1780 peccato
1093 1709 1294 1763 habuit
1338 1714 1673 1780 potestatem
1704 1715 1828 1764 ten-
1860 1708 1930 1733 υ·

112 1797 283 1851 tandi
313 1814 495 1868 genus
525 1798 865 1862 humanum,
899 1803 952 1852 et
997 1804 1409 1868 consequenter
1461 1799 1652 1868 ipsum
1691 1816 1828 1869 per-

113 1886 297 1939 dendi
326 1887 381 1939 in
413 1887 697 1955 gehenna.
732 1888 938 1940 Verum
962 1888 1119 1940 aliud
1156 1892 1241 1941 est
1269 1904 1389 1940 esse
1439 1892 1817 1958 peccatorem,

114 1974 279 2029 aliud
320 1974 610 2045 captivum
649 1975 900 2046 diaboli;
936 1976 1231 2046 captivitas
1272 1976 1426 2029 enim
1475 1982 1559 2030 est
1597 1977 1829 2031 effectus

113 2064 361 2133 peccati,
403 2064 568 2118 sicuti
601 2064 646 2117 si
677 2064 805 2135 quis
854 2064 1119 2136 princeps
1148 2065 1440 2120 subditum
1487 2067 1558 2120 ob
1599 2067 1829 2138 aliquod

114 2153 345 2207 crimen
406 2152 464 2206 in
518 2153 745 2224 tyranni
797 2152 1036 2223 alicujus
1094 2158 1429 2224 potestatem
1477 2155 1824 2211 detruderet.

116 2243 301 2295 Porro
351 2242 840 2312 quemadmodum
891 2247 1189 2313 peccatum
1247 2245 1489 2297 mortale
1532 2245 1831 2298 hominem

118 2330 458 2385 transcribit
488 2330 548 2384 in
592 2330 867 2384 familiam
902 2330 1186 2385 subditam
1229 2331 1479 2395 diabolo,
1522 2332 1628 2387 hoc
1657 2333 1829 2387 etiam

118 2425 425 2489 peccatum
484 2419 763 2491 originale
812 2424 1062 2489 prastat,
1111 2419 1261 2473 unde
1331 2421 1554 2475 dicebat
1604 2427 1831 2475 sanctus

118 2510 327 2563 doctor
358 2509 452 2563 lib.
490 2526 505 2562 1
534 2509 603 2563 de
634 2525 757 2578 pec.
784 2509 995 2563 Meritis
1021 2508 1335 2575 etremiss.,
1361 2526 1485 2580 cap.
1520 2512 1609 2578 34,
1632 2510 1825 2564 initio:

122 2620 143 2647 ι
190 2598 339 2662 Quid
364 2598 433 2652 de
464 2598 585 2668 ipsa
613 2599 796 2651 forma
827 2597 1168 2651 sacramenti
1201 2598 1444 2668 loquar?
1472 2598 1675 2651 vellem
1726 2595 1828 2649 ali-

117 2687 261 2757 quis
289 2687 547 2751 istorum,
587 2686 684 2758 qui
715 2686 995 2739 contraria
1039 2686 1289 2755 sapiunt,
1344 2686 1486 2740 mihi
1534 2686 1830 2756 baptizan-

118 2776 271 2829 dum
303 2777 604 2845 parvulum
640 2776 887 2830 afferret.
920 2775 1063 2839 Quid
1098 2775 1159 2828 iu
1196 2775 1294 2828 illo
1334 2776 1453 2845 agit
1483 2774 1831 2829 exorcismus

119 2879 317 2931 meus,
346 2864 391 2916 si
421 2863 479 2916 in
500 2864 714 2918 familia
746 2863 957 2918 diaboli
988 2880 1103 2917 non
1137 2862 1403 2917 tenetur?
1435 2882 1462 2915 ››
1493 2863 1652 2927 Quod
1699 2879 1830 2917 vero

119 2951 231 3005 alii
285 2951 483 3005 dicunt
538 2952 667 3005 ideo
716 2968 836 3005 esse
882 2967 1065 3022 genus
1129 2951 1447 3005 humanum
1496 2951 1599 3005 sub
1648 2956 1831 3021 potes-
1860 2976 1899 3030 ρ

120 3044 247 3094 tate
281 3039 580 3101 damonis.
614 3040 748 3111 quia
802 3040 896 3094 hic
950 3044 1313 3111 potestatem,
1375 3043 1432 3093 et
1472 3040 1567 3110 jus
1613 3056 1677 3093 ex
1735 3039 1833 3093 illo

118 3132 363 3200 peccato
390 3129 670 3182 contraxit
712 3129 967 3183 tentandi
1020 3128 1305 3203 homines,
1361 3128 1555 3199 inepte
1603 3145 1835 3200 prorsus

122 3217 426 3282 asseritur,
454 3220 578 3270 tum
608 3217 743 3287 quia
774 3216 971 3287 nequit
1015 3233 1223 3288 pueros
1272 3221 1514 3279 tentare,
1547 3216 1648 3287 qui
1692 3218 1833 3271 velle

125 3305 218 3360 nil
250 3310 505 3375 possunt,
542 3310 665 3359 tum
713 3305 847 3376 quia
893 3305 1080 3376 potuit
1125 3309 1343 3359 tentare
1390 3305 1694 3372 Adamum,
1736 3305 1835 3376 qui

127 3400 332 3448 tamen
388 3394 647 3448 nondum
685 3398 807 3447 erat
856 3394 959 3447 sub
1014 3398 1297 3464 potestate
1364 3394 1661 3460 damonis,
1713 3399 1833 3447 tum

130 3482 276 3554 quia
304 3499 465 3554 posse
495 3483 723 3550 tentari,
764 3498 882 3536 non
904 3486 989 3536 est
1034 3499 1176 3549 esse,
1211 3483 1309 3537 sed
1357 3499 1521 3554 posse
1547 3498 1668 3537 esse
1708 3500 1836 3552 cap-

131 3572 338 3625 tivum.
373 3574 444 3624 At
470 3570 636 3642 pueri
692 3574 1005 3625 nascuntur
1048 3587 1249 3641 reapse
1297 3570 1502 3641 captivi
1535 3571 1831 3626 damonis.

136 3660 298 3715 Unde
336 3659 587 3713 Zosimus
633 3675 804 3730 papa,
853 3659 1017 3729 epist.
1070 3662 1188 3722 157,
1236 3659 1387 3730 apud
1424 3666 1684 3713 sanctum
1718 3662 1832 3713 Au-

132 3748 429 3821 gustinum
462 3748 570 3802 ait:
607 3766 635 3797 σι
666 3749 867 3802 Nullus
897 3746 1072 3813 enim,
1102 3747 1213 3801 nisi
1259 3748 1358 3818 qui
1392 3747 1610 3817 peccati
1639 3764 1834 3802 servus

132 3842 239 3904 est,
275 3837 417 3891 liber
473 3836 736 3903 efﬁcitur,
788 3852 892 3890 nec
944 3836 1274 3906 redemptus
1324 3836 1434 3889 dici
1477 3841 1686 3906 potest,
1724 3836 1836 3890 nisi

133 3926 395 3997 quivere
424 3941 529 3996 per
567 3930 859 3996 peccatum
914 3924 1023 3979 fuit
1073 3928 1205 3977 ante
1261 3923 1535 3993 captivus.
1594 3944 1621 3973 «
1673 3925 1833 3980 Clare

132 4015 309 4069 etiam
340 4019 563 4067 sanctus
611 4012 916 4083 Gregorius
968 4012 1072 4066 lib.
1139 4028 1264 4065 xxv1
1322 4012 1491 4065 Moral
1522 4055 1535 4077 ,
1577 4028 1699 4082 cap.
1741 4016 1832 4079 20,

133 4102 440 4171 distinguit
468 4101 849 4170 captivitatem
892 4117 925 4154 a
962 4104 1242 4170 potestate
1282 4100 1577 4155 tentandi:
1616 4120 1644 4152 α
1675 4102 1833 4155 Nunc

134 4193 423 4264 princeps,
456 4190 658 4261 inquit,
693 4190 862 4260 hujus
914 4188 1114 4243 mundi
1144 4188 1403 4259 ejicietur
1446 4188 1615 4244 foras.
1672 4190 1832 4245 Unde

1928 472 2013 524 vel
2043 471 2302 525 omnium
2333 471 2665 540 pessimum,
2699 471 2796 524 sed
2827 476 3050 524 tantum
3102 471 3163 524 in
3217 470 3621 541 energumenis

1930 560 2219 620 sanandis,
2268 559 2368 630 qui
2425 559 2577 612 intus
2631 575 2663 611 a
2706 559 2933 613 diabolo
2993 575 3095 629 per
3146 559 3622 613 inhabitationem

1930 648 2308 719 possidentur.
2345 648 2564 701 Notavit
2593 648 2697 701 hoc
2738 647 2977 717 insignis
3008 649 3101 701 ille
3132 647 3425 701 carmelita
3461 648 3624 701 Joan-

1931 752 2031 789 nes
2088 737 2392 800 Bacconus,
2453 736 2553 807 qui
2604 736 2823 789 cateris
2878 737 3224 790 scholasticis
3274 736 3527 806 antiquis
3554 736 3623 790 de

1931 824 2035 877 hac
2063 824 2405 893 captivitate,
2439 824 2590 877 unde
2627 825 2996 893 parvulorum
3053 840 3236 894 pana
3285 825 3419 877 satis
3474 825 3624 877 clare

1932 912 2273 977 inferuntur,
2329 912 2416 965 vix
2471 928 2652 982 pauca
2691 913 2860 966 verba
2895 913 3248 981 facientibus,
3308 929 3455 966 unus
3506 913 3627 982 ipse

1931 1001 2567 1073 Augustino-catholica
2632 1001 2930 1055 sententia
3001 1002 3237 1055 adhasit
3281 1002 3340 1055 in
3387 1004 3421 1054 2
3479 1005 3620 1055 sent.

1930 1091 2058 1146 dist.
2116 1094 2206 1159 39,
2254 1094 2452 1161 quast.
2512 1094 2560 1158 l,
2607 1090 2704 1143 ubi
2756 1090 2835 1144 ait
2891 1091 2959 1144 de
3013 1091 3285 1144 damonis
3332 1089 3622 1145 dominio:

1934 1200 1961 1231 α
1994 1180 2282 1233 Inhabitat
2327 1180 2473 1243 dico,
2530 1196 2645 1233 non
2698 1179 2843 1233 sicut
2881 1179 3067 1233 forma
3140 1180 3472 1248 informans,
3522 1194 3626 1233 nec

1933 1285 2037 1340 per
2066 1268 2306 1322 formam
2337 1268 2609 1338 aliquam,
2660 1284 2834 1338 quam
2883 1272 3035 1321 creat
3087 1267 3145 1320 in
3202 1268 3392 1321 anima
3423 1284 3628 1338 pecca-

1933 1358 2096 1425 trice,
2135 1356 2280 1410 sicut
2312 1357 2457 1410 Deus
2498 1372 2624 1409 eam
2681 1360 2851 1424 creat,
2910 1356 3007 1409 sed
3051 1356 3267 1409 habitat
3296 1372 3395 1426 per
3450 1356 3630 1409 domi-

1935 1446 2097 1499 nium
2126 1446 2185 1499 in
2233 1450 2519 1516 peccante,
2554 1460 2655 1498 seu
2704 1445 2829 1497 aliis
2868 1445 3053 1499 verbis
3107 1447 3234 1516 jure
3284 1445 3523 1499 dominii
3573 1450 3629 1499 et

1934 1534 2248 1606 potestatis.
2283 1555 2309 1585 η
2350 1535 2413 1588 Et
2462 1533 2541 1588 ibi
2593 1533 2659 1585 ad
2718 1535 2751 1585 2
2809 1533 3049 1587 dubium
3104 1533 3304 1587 deﬁnit
3352 1533 3629 1603 originale

1934 1629 2229 1693 peccatum
2280 1644 2307 1670 ‹‹
2342 1639 2443 1693 per
2496 1621 2837 1691 obsequium
2879 1627 3085 1675 nostra
3141 1622 3449 1674 voluntatis
3496 1637 3631 1693 erga

1934 1714 2243 1778 diabolum,
2295 1716 2350 1765 et
2399 1728 2468 1765 ex
2515 1710 2883 1781 consequenti
2932 1710 3104 1762 etiam
3154 1710 3365 1764 diaboli
3413 1709 3633 1763 inhabi-

1934 1802 2271 1855 tationem.»
2342 1800 2626 1853 Inhabitat
2674 1798 2851 1869 igitur
2909 1798 3135 1851 damon
3185 1798 3245 1850 in
3297 1798 3630 1867 corporibus

1937 1906 2051 1944 non
2081 1889 2495 1961 baptizatorum
2539 1893 2660 1941 tum
2713 1887 3055 1956 pusillorum
3102 1892 3225 1940 tum
3278 1886 3627 1952 adultorum,

1936 1996 2049 2034 non
2088 1984 2152 2033 ut
2182 1995 2310 2032 vere
2348 1978 2463 2032 sint
2521 1975 2919 2047 energumeni,
2974 1975 3069 2029 sed
3104 1982 3167 2029 ut
3213 1975 3477 2045 princeps
3500 1975 3630 2045 jure

1937 2066 2179 2122 dominii
2211 2068 2269 2119 in
2296 2082 2475 2135 regno
2506 2081 2627 2126 suo,
2642 2069 2800 2118 tanta
2827 2070 2911 2118 est
2938 2068 3186 2134 potestas
3217 2080 3388 2135 quam
3414 2064 3473 2117 in
3505 2064 3633 2117 illos

1936 2158 2107 2211 habet
2145 2155 2412 2226 princeps
2435 2154 2822 2217 tenebrarum,
2856 2169 2984 2224 qua
3032 2152 3227 2207 omnia
3270 2169 3335 2207 ex
3368 2152 3632 2208 exsufﬂa-

1935 2246 2185 2300 tionibus
2214 2248 2270 2297 et
2324 2242 2651 2297 exorcismis
2709 2242 3099 2312 colliguntur;
3153 2242 3435 2313 siquidem
3496 2242 3633 2295 dum

1935 2335 2205 2408 parvulus
2234 2332 2576 2403 baptizatur,
2612 2330 2749 2384 dicit
2772 2330 3035 2383 sacerdos
3064 2346 3075 2383 :
3111 2333 3241 2395 Emi,
3272 2332 3500 2399 spiritus
3528 2332 3635 2383 im-

1937 2423 2152 2487 munde,
2188 2426 2237 2476 et
2267 2422 2341 2475 da
2398 2422 2569 2475 locum
2618 2420 2853 2489 Spiritui
2890 2424 3094 2473 sancto.
3146 2421 3471 2473 Peccatores
3503 2433 3635 2471 vero

1938 2510 2133 2565 ﬁdeles
2180 2514 2311 2563 sunt
2358 2509 2427 2563 de
2484 2524 2723 2579 corpore
2781 2507 3063 2571 Ecclesia,
3114 2507 3275 2577 cujus
3332 2510 3503 2576 caput
3556 2510 3640 2558 est

1940 2598 2214 2654 Christus.
2253 2600 2330 2653 De
2379 2602 2657 2668 potestate
2688 2595 2965 2649 damonis
3002 2611 3177 2665 supra
3230 2593 3488 2647 inﬁdeles
3528 2594 3639 2647 late

1938 2688 2206 2742 discurrit
2235 2692 2458 2741 sanctus
2486 2686 2682 2740 doctor
2707 2684 2870 2754 epist.
2911 2686 3031 2752 107,
3069 2682 3139 2736 ad
3173 2682 3429 2735 Vitalem.

2010 2775 2339 2846 Respondet
2367 2774 2598 2828 tandem
2660 2772 2980 2826 Moraines:
3017 2790 3042 2821 α
3105 2770 3294 2824 Tertia
3350 2768 3514 2834 ratio,
3548 2768 3636 2822 in-

1940 2864 2065 2936 quit
2094 2880 2253 2918 num.
2292 2867 2376 2928 l7,
2407 2878 2512 2915 nos
2544 2860 2781 2914 minime
2811 2859 3017 2931 tangit,
3050 2857 3150 2930 qui
3198 2874 3312 2912 non
3358 2872 3638 2928 negamus

1941 2954 2207 3024 parvulos
2259 2952 2388 3005 illos
2446 2966 2740 3004 mansuros
2796 2965 2915 3003 esse
2967 2948 3027 3001 in
3067 2954 3348 3002 aternum
3394 2948 3507 3000 Deo
3547 2946 3637 2999 in-

1942 3041 2090 3097 visos
2121 3045 2354 3112 propter
2380 3044 2675 3110 peccatum
2734 3038 3036 3109 originale,
3094 3042 3151 3091 et
3215 3035 3636 3107 quodammodo

1942 3131 2046 3184 sub
2102 3128 2424 3199 captivitate
2471 3142 2535 3179 ac
2589 3126 2855 3181 servitute
2896 3125 3129 3192 diaboli,
3163 3129 3227 3178 ut
3256 3123 3315 3177 in
3366 3124 3467 3179 hac
3499 3124 3635 3193 vita,

1941 3219 2189 3289 privatos
2219 3217 2429 3271 scilicet
2465 3215 2698 3285 speciali
2739 3214 2835 3269 Dei
2866 3214 3237 3285 protectione,
3274 3228 3386 3283 qua
3416 3213 3487 3267 ab
3515 3213 3640 3283 ejus

1941 3305 2327 3359 invasionibus
2358 3308 2413 3357 et
2467 3302 2921 3357 infestationibus
2972 3301 3114 3355 ﬁant
3159 3300 3465 3354 immunes.
3502 3320 3528 3347 ι
3576 3300 3640 3351 In

1940 3394 2045 3448 hac
2073 3392 2441 3463 responsione
2478 3391 2721 3445 maxime
2751 3389 3009 3460 displicet
3047 3389 3143 3443 illa
3197 3389 3472 3460 particula
3501 3403 3640 3456 quo—

1941 3484 2245 3544 dammodo,
2281 3481 2534 3535 limitans
2559 3480 2837 3534 damonis
2875 3479 2935 3533 in
2976 3478 3230 3550 captivos
3272 3483 3637 3549 potestatem.

1942 3572 2180 3644 Egregie
2236 3570 2424 3641 inquit
2459 3569 2811 3640 Augustinus
2858 3569 2955 3623 lib.
3008 3586 3062 3622 v1
3101 3574 3301 3623 contra
3347 3569 3481 3631 Jul.,
3514 3582 3636 3638 cap.

1939 3664 2009 3718 20
2038 3678 2049 3715 :
2086 3681 2113 3713 α
2146 3661 2285 3715 Cum
2316 3659 2501 3713 fallaci
2538 3663 2725 3712 vestro
2755 3673 3016 3711 sermone
3043 3657 3303 3712 minuitis
3344 3660 3491 3710 vires
3519 3656 3641 3726 ejus

1940 3767 2115 3821 quem
2147 3749 2286 3804 dixit
2334 3748 2554 3802 Veritas
2592 3747 2821 3801 fortem.
2859 3768 2885 3794 υ
2945 3746 3155 3817 thuid
3203 3745 3357 3799 enim
3416 3744 3644 3798 additur

1940 3837 2221 3892 restrictio
2265 3851 2440 3907 quam
2488 3850 2590 3889 nec
2622 3833 2864 3888 concilia
2893 3849 2998 3887 nec
3027 3833 3327 3904 pontiﬁces
3358 3848 3640 3902 apposue-

1940 3944 2001 3981 re
2031 3926 2058 3979 ?
2090 3925 2233 3981 Illud
2258 3930 2449 3979 autem
2476 3923 2537 3976 iu
2568 3923 2767 3977 eadem
2798 3921 3167 3993 responsione
3190 3937 3412 3975 summe
3436 3922 3640 3991 placet,

1941 4015 2094 4088 quod
2122 4015 2332 4069 fatetur
2360 4028 2569 4083 pueros
2606 4028 2725 4065 non
2774 4011 2996 4064 futuros
3037 4010 3323 4064 immunes
3366 4026 3400 4062 a
3428 4009 3645 4063 damo-

1942 4105 2031 4157 nis
2079 4100 2469 4156 invasionibus
2526 4103 2582 4153 et
2633 4096 3112 4166 infestationibus,
3174 4098 3279 4151 hoc
3342 4097 3498 4151 enim
3558 4101 3643 4151 est

1941 4193 2097 4265 quod
2153 4188 2528 4253 intendimus,
2605 4202 2811 4258 nempe
2865 4185 3089 4240 futuros
3144 4184 3417 4239 obnoxios
3462 4185 3644 4256 panis

126 4283 252 4352 jam
311 4295 464 4334 nunc
510 4284 729 4333 sanctos
780 4278 1044 4333 homines
1092 4294 1210 4331 non
1258 4277 1504 4332 tenendo
1557 4278 1827 4349 possidet,
1866 4277 1909 4331 D
1946 4280 2327 4345 sensibilibus,
2376 4293 2443 4331 eo
2494 4277 2646 4349 quod
2701 4275 2875 4331 futuri
2925 4279 3056 4328 sunt
3102 4274 3205 4328 sub
3262 4274 3643 4329 crudelissimi

137 4370 235 4425 sed
264 4369 538 4423 tentando
569 4367 951 4439 persequitur.
987 4368 1128 4421 Nam
1178 4366 1314 4437 quia
1362 4382 1480 4421 non
1510 4366 1571 4420 in
1618 4368 1699 4421 eis
1737 4367 1829 4421 in-

137 4459 417 4513 trinsecus
474 4462 692 4528 regnat,
726 4461 925 4510 contra
968 4472 1064 4509 eos
1110 4460 1330 4527 pugnat
1360 4456 1730 4525 extrinsecus,
1775 4460 1834 4512 et

139 4547 277 4619 quia
306 4546 459 4601 intus
491 4544 811 4600 dominium
841 4544 1107 4615 perdidit,
1151 4544 1301 4599 bella
1347 4545 1582 4598 molitur
1611 4544 1766 4599 foris.
1807 4566 1825 4592 ι

215 4638 496 4691 Praterea
545 4635 752 4688 falsum
807 4637 893 4687 est
948 4649 1156 4704 pueros
1222 4633 1420 4687 eodem
1480 4633 1650 4688 modo
1711 4649 1833 4688 esse

141 4723 247 4779 sub
300 4727 578 4794 potestate
634 4722 913 4777 damonis
992 4738 1093 4792 per
1166 4727 1458 4792 peccatum
1531 4722 1830 4792 originale,

136 4812 284 4867 sicut
313 4828 416 4883 per
444 4811 739 4883 quodlibet
764 4811 1004 4878 actuale,
1038 4809 1119 4863 uti
1149 4811 1312 4865 docet
1338 4810 1638 4876 Moraines,
1671 4827 1831 4867 num.

138 4904 243 4958 t3:
295 4918 430 4955 nam
486 4901 545 4954 iu
600 4899 852 4970 parvulis
884 4904 942 4953 et
991 4899 1208 4953 cateris
1264 4916 1379 4954 non
1411 4900 1713 4971 baptizatis
1744 4901 1835 4971 jus

132 4990 308 5045 habet
336 4990 567 5044 damon
619 4989 793 5043 veluti
849 4988 909 5042 in
946 4989 1182 5059 proprio
1224 4989 1534 5059 mancipio,
1578 4996 1639 5043 ut
1679 4989 1835 5043 enim

134 5079 343 5134 deﬁnit
369 5083 592 5133 sanctus
645 5077 975 5132 Calestinus
1004 5094 1151 5149 papa
1199 5093 1391 5147 supra,
1428 5077 1645 5132 utimur
1674 5093 1833 5131 exor-

133 5167 328 5223 cismis
358 5172 416 5222 et
444 5166 939 5221 exsufﬂationibus
982 5165 1341 5231 clericorum,
1390 5171 1454 5219 ut
1492 5167 1721 5235 spiritus
1768 5166 1835 5219 ab

131 5260 211 5312 eis
258 5256 568 5311 immundus
624 5257 895 5323 abigatur.
959 5256 1103 5325 Ergo
1160 5270 1290 5307 vere
1347 5258 1482 5308 sunt
1532 5254 1775 5323 possessi
1804 5271 1837 5308 a

134 5347 400 5401 damone
430 5361 533 5416 per
559 5345 1056 5409 inhabitationem,
1093 5359 1223 5397 cum
1258 5358 1444 5414 neque
1476 5344 1706 5412 spiritus
1732 5344 1834 5397 im-

132 5436 373 5491 mundus
398 5436 552 5503 abigi
581 5450 685 5489 nec
716 5437 967 5505 princeps
1014 5435 1141 5503 ejici
1165 5434 1319 5499 foras
1348 5431 1550 5503 possit,
1606 5430 1716 5485 nisi
1764 5431 1839 5485 sit

132 5524 294 5579 intus
325 5523 388 5578 in
427 5524 682 5595 parvulo.
718 5523 934 5587 Quibus
964 5526 1156 5577 tamen
1189 5521 1519 5578 exorcismis
1544 5524 1599 5575 et
1648 5520 1833 5574 exsuf-

1945 4368 2174 4443 tyranui
2228 4371 2532 4439 potestate.
2591 4366 2706 4421 Nisi
2756 4365 2907 4421 dicat
2963 4364 3209 4419 infantes
3239 4363 3383 4417 nihil
3413 4363 3547 4417 mali
3577 4380 3644 4418 ex

1943 4458 2275 4531 hujusmodi
2300 4456 2676 4512 invasionibus
2697 4459 2752 4509 et
2779 4454 3224 4521 infestationibus
3253 4458 3644 4524 percepturos,

1944 4566 2058 4620 quo
2085 4547 2221 4620 quid
2260 4546 2371 4601 dici
2401 4549 2587 4617 potest
2624 4544 2875 4615 ineptius
2896 4542 2923 4596 ?
2978 4547 3257 4597 vexantur
3285 4542 3440 4596 enim
3474 4558 3587 4596 non
3614 4558 3646 4596 a

1944 4636 2178 4706 frigore,
2225 4649 2340 4687 non
2374 4648 2406 4685 a
2436 4633 2644 4697 calore,
2704 4630 2798 4684 sed
2830 4645 2863 4682 a
2893 4630 3175 4696 damone,
3210 4631 3298 4683 cui
3346 4630 3491 4684 mitte
3545 4645 3644 4681 no-

1944 4723 2101 4778 cendi
2129 4726 2292 4775 artes.

2015 4809 2211 4864 Simile
2255 4806 2431 4861 etiam
2482 4805 2726 4859 adducto
2776 4807 3112 4873 argumento
3152 4808 3239 4858 est
3283 4804 3448 4870 illud,
3489 4803 3641 4874 quod

1944 4898 2232 4968 colligitur
2261 4912 2323 4950 ex
2375 4894 2621 4966 Epistula
2671 4893 2739 4947 ad
2800 4892 2963 4947 Rom.
2999 4893 3100 4946 1X:
3154 4894 3248 4946 Sic
3294 4898 3473 4946 autem
3506 4895 3643 4945 Deus

1944 4989 2121 5043 volens
2166 4984 2444 5040 ostendere
2470 4986 2633 5048 iram,
2673 4986 2724 5036 et
2756 4981 3122 5036 demonstrare
3162 4983 3457 5050 potentiam
3488 4997 3643 5035 suam

1945 5076 2131 5129 attulit
2151 5076 2208 5127 in
2236 5074 2407 5127 multa
2433 5074 2707 5142 patientia
2737 5086 2871 5126 vasa
2921 5072 3035 5135 ira,
3080 5085 3181 5138 que
3226 5072 3473 5140 perfecta
3517 5074 3645 5124 sunt

1945 5168 2002 5219 in
2051 5163 2424 5234 perditionem.
2476 5162 2614 5225 Qua
2674 5177 2805 5214 vasa
2870 5158 2971 5212 ira
3023 5157 3236 5212 ibidem
3294 5172 3428 5211 vasa
3473 5158 3643 5213 etiam

1946 5252 2277 5308 contumelia
2324 5249 2644 5321 apellantur
2698 5248 2768 5301 ab
2816 5246 3103 5316 Apostolo.
3160 5246 3300 5299 Cum
3358 5245 3534 5317 igitur
3562 5246 3644 5300 in—

1947 5342 2126 5397 fantes
2158 5340 2271 5393 sint
2317 5355 2447 5393 vasa
2496 5335 2882 5401 contumelia,
2915 5334 3026 5400 cui,
3087 5350 3305 5404 quaso,
3364 5335 3486 5390 loco
3548 5335 3643 5390 illa

1951 5432 2096 5485 Deus
2126 5428 2422 5499 deputabit
2448 5429 2476 5482 ?
2509 5448 2530 5475 ι
2564 5427 2731 5491 Deus,
2764 5423 2949 5494 inquit
2981 5422 3315 5492 Fulgentius
3342 5438 3478 5478 vasa
3527 5438 3644 5477 con-

1949 5520 2177 5574 tumelia
2206 5523 2421 5572 aterno
2474 5529 2701 5586 semper
2747 5527 2944 5565 arsura
2975 5511 3274 5585 deputabit
3301 5510 3584 5566 incendio.
3612 5530 3638 5567 η
