3906 6182
313 242 414 293 639

1317 241 1872 298 SUPPLEMENTUM
1912 243 2002 296 AD
2041 241 2274 298 OPERA
2313 241 2367 296 S.
2410 235 2800 294 AUGUSTINI.
3656 252 3730 306 640

310 361 506 415 Patres
535 360 784 417 Africani
810 362 870 417 in
900 362 1137 426 epistola
1166 362 1454 433 synodica,
1483 380 1606 434 cap.
1644 368 1706 420 t3
1749 382 1762 419 :
1807 384 1834 416 «
1869 367 2014 421 Vasa
2047 369 2089 421 A
2117 367 2243 420 cula
2282 365 2408 419 illos
2437 363 2557 435 pati
2585 366 2805 417 certum
2849 365 2952 428 est,
3000 377 3130 415 cum
3175 362 3285 417 sint
3319 367 3524 435 captivi,
3552 385 3644 426 nec
3665 374 3740 430 illa

313 453 685 508 contumeliose
730 456 882 518 sunt,
939 452 1147 522 quibus
1195 450 1440 506 dicitur:
1475 455 1571 518 Ite,
1600 455 1894 521 maledicti,
1947 458 2006 508 in

314 541 491 609 ignem
517 547 795 606 aeternum,
827 543 923 610 qui
954 546 1298 610 praeparatus
1345 546 1423 596 est
1453 541 1666 596 diabolo
1715 548 1764 597 et
1793 543 2005 612 angelis

315 630 449 699 ejus.
482 649 510 680 ιο
544 631 704 694 Quod
738 629 896 699 prius
933 629 1202 682 docuerat
1227 628 1504 684 Africana
1535 631 1789 684 Ecclesiae
1823 632 2006 702 magi-

314 723 428 772 ster
463 719 562 779 lib,
597 735 613 770 ι
645 717 841 788 Operis
872 716 1098 787 imperi.
1151 723 1352 771 contra
1395 719 1531 784 Jul,
1565 719 1623 772 in
1653 719 1799 773 ﬁne:
1840 742 1867 770 «
1897 722 2007 775 Nos

315 823 447 861 vero
492 808 670 860 Deum
724 805 957 876 quidem
1013 807 1383 877 parvulorum
1442 808 1702 879 opiﬁcem
1736 810 2006 880 praedica-

315 911 463 960 mus,
511 894 608 948 sed
667 909 730 948 ex
785 895 982 948 eadem
1048 911 1237 949 massa
1300 896 1554 950 medium
1600 897 1787 952 locum
1840 898 2004 964 vasis,

313 983 412 1037 ubi
441 999 543 1036 nec
599 983 660 1036 in
712 982 994 1038 honorem
1050 983 1202 1044 ﬁant.
1252 1001 1438 1056 neque
1487 986 1546 1040 in
1575 987 2005 1055 contumeliam,

314 1087 485 1142 quem
522 1087 640 1126 non
689 1072 847 1126 dedit
896 1075 1224 1144 Apostolus,
1277 1092 1390 1130 non
1419 1077 1641 1135 damus.
1678 1099 1705 1130 ››
1740 1079 2008 1134 Conside-

314 1166 442 1214 rent
474 1160 648 1231 igitur
678 1161 987 1216 adversarii
1017 1167 1234 1216 tantam
1267 1180 1386 1218 esse
1425 1171 1762 1235 potestatem
1792 1169 2010 1222 daemo-

315 1249 403 1301 nis
429 1249 487 1302 in
516 1266 619 1302 sua
649 1265 799 1317 vasa,
834 1255 898 1304 ut
935 1251 1112 1320 prius,
1162 1257 1227 1306 ut
1266 1252 1455 1324 inquit
1501 1255 1772 1323 Christus,
1801 1257 2010 1310 daemo-

317 1335 404 1390 nis
431 1336 822 1408 triumphator
850 1339 1115 1409 ligandus
1144 1340 1335 1411 fuerit,
1378 1359 1551 1414 quam
1585 1361 1652 1398 ex
1683 1346 1804 1416 ejus
1835 1347 2008 1400 domo

315 1441 448 1479 vasa
471 1432 832 1496 raperentur,
866 1443 969 1482 nec
1001 1429 1282 1495 minuant,
1315 1435 1378 1484 ut
1407 1431 1485 1485 ait
1533 1437 1760 1487 sanctus
1791 1434 2008 1502 doctor,

311 1515 508 1580 fallaci
531 1529 768 1570 sermone
796 1517 934 1570 vires
965 1518 1100 1586 ejus,
1131 1533 1284 1584 quem
1331 1519 1478 1573 dixit
1527 1522 1739 1576 Veritas
1792 1524 2007 1588 fortem.

388 1603 619 1657 Certum
678 1603 855 1674 igitur
910 1611 996 1660 est
1056 1607 1322 1676 parvulos
1372 1624 1489 1662 non
1541 1609 1857 1680 baptizatos
1890 1627 2011 1666 esse

320 1709 452 1746 vasa
479 1694 846 1748 contumeliae
877 1694 939 1748 in
961 1695 1130 1750 domo
1163 1696 1460 1764 daamonis,
1493 1715 1524 1753 e
1565 1716 1677 1770 qua
1707 1717 1811 1771 per
1849 1701 2012 1756 Chri-

319 1785 472 1834 stum
523 1797 640 1834 non
692 1787 824 1836 sunt
868 1789 1083 1854 erepta,
1137 1792 1194 1838 et
1244 1785 1464 1857 captiva
1502 1787 1716 1842 ibidem
1770 1789 1951 1843 teneri
1983 1807 2014 1844 a

313 1870 451 1935 forti
479 1873 688 1923 armato
726 1871 1050 1924 custodienti
1091 1875 1290 1927 atrium
1341 1889 1516 1930 suum.
1553 1878 1706 1930 Hanc
1752 1877 2015 1932 tenebro-

314 1973 435 2012 sam
466 1958 702 2012 domum
746 1960 1063 2014 scholastici
1110 1962 1462 2033 antiquiores
1509 1965 1702 2020 dixere
1748 1965 2012 2033 limbum,

313 2046 375 2100 in
420 2063 534 2117 quo
572 2049 795 2118 parvuli
825 2049 1172 2104 detinentur.
1209 2053 1292 2105 lta
1329 2053 1507 2107 sancti
1533 2055 1798 2122 Thomas,
1830 2057 2014 2110 Bona-

315 2141 572 2200 ventura,
606 2136 745 2190 item
785 2136 999 2204 Scotus,
1059 2140 1330 2209 Egidius,
1394 2143 1716 2210 Durandus,
1780 2144 2013 2199 Richar-

318 2223 422 2276 dus
462 2228 519 2277 et
573 2224 670 2278 alii
721 2226 1121 2290 communiter,
1181 2233 1321 2283 teste
1379 2231 1742 2300 Bellarmino,
1801 2250 1926 2305 cap.
1981 2237 2015 2288 2

317 2327 509 2383 supra.
571 2313 648 2366 Ex
717 2330 830 2384 qua
901 2315 1176 2384 doctrina,
1237 2319 1412 2373 velint
1477 2321 1678 2388 nolint,
1738 2323 2016 2392 probatur

315 2416 485 2471 poena
521 2417 735 2456 sensus.
773 2405 879 2457 Pro
940 2421 1054 2475 quo
1112 2408 1424 2463 notandum
1479 2414 1581 2476 est,
1645 2412 1800 2482 quod
1853 2413 2018 2468 docet

317 2495 544 2543 sanctus
575 2491 771 2546 doctor
801 2492 898 2547 lib.
931 2497 990 2548 2t
1030 2494 1099 2548 de
1141 2495 1299 2550 Civit.
1350 2498 1472 2565 Dei,
1523 2515 1644 2570 cap.
1705 2504 1789 2566 ll,
1825 2520 1852 2552 α
1887 2504 2014 2555 octo

316 2593 530 2649 genera
559 2594 858 2649 plenarum
887 2581 946 2636 in
977 2582 1194 2653 legibus
1224 2600 1345 2639 esse
1377 2601 1390 2639 :
1440 2585 1738 2656 damnum,
1763 2588 2008 2655 vincula,

315 2665 571 2731 verbera,
619 2668 914 2736 talionem,
955 2669 1354 2742 ignominiam,
1415 2675 1699 2744 exsilium,
1750 2683 2012 2745 mortem,

317 2754 667 2809 servitutem.
694 2776 721 2807 ι)
757 2757 923 2827 Ergo,
954 2775 1082 2813 cum
1139 2762 1380 2832 parvuli,
1412 2769 1623 2834 praeter
1668 2783 1894 2836 poenam
1926 2783 2018 2821 ex-

319 2842 452 2912 silii,
483 2860 656 2915 quam
689 2846 1009 2902 scholastici
1036 2855 1238 2904 vocant
1264 2868 1490 2922 poenam
1525 2853 1743 2921 damni,
1785 2855 2013 2926 patian-

2116 455 2255 508 solvi
2293 453 2512 525 possint
2565 452 2676 506 nisi
2727 451 2887 522 prius
2937 450 3060 521 ipse
3098 450 3255 505 fortis
3310 461 3538 509 armatus
3587 467 3740 516 custos

2117 543 2246 598 atrii
2303 543 2588 613 alligetur.
2640 541 2943 595 Patiuntur
2987 539 3159 594 etiam
3207 556 3424 609 poenam
3456 547 3741 616 ignominia,

2118 635 2248 686 sunt
2277 631 2452 695 enim,
2482 634 2622 684 teste
2649 631 2942 699 Apostolo,
2972 643 3106 682 vasa
3134 632 3448 684 contumelia
3476 633 3628 699 (Rom.
3667 638 3742 706 ιι).

2121 721 2257 774 llinc
2305 724 2530 776 sanctus
2565 719 2780 785 doctor,
2832 717 2929 771 lib.
2965 734 2981 770 1
3015 723 3212 771 contra
3245 718 3535 784 lulianum,
3580 723 3746 792 Operis

2118 809 2346 881 imperi.
2397 825 2519 880 cap.
2570 810 2699 862 l38:
2734 826 2761 858 α
2796 808 2869 861 Ex
2901 822 3015 877 qua
3065 810 3254 860 tamen
3296 807 3510 876 (massa)
3558 811 3679 864 alios
3701 812 3745 865 in

2120 900 2218 953 Dei
2240 914 2481 969 regnum
2515 895 2777 967 adoptari
2804 895 3082 960 fatemini,
3113 911 3255 966 quos
3285 898 3467 965 procul
3492 897 3644 952 dubio
3670 915 3746 952 va-

2117 1003 2179 1041 sa
2219 987 2276 1041 in
2335 988 2612 1041 honorem
2663 985 2808 1039 facta
2855 983 3189 1050 conceditis;
3240 983 3374 1037 alios
3420 1000 3542 1038 vero
3569 1001 3667 1038 non
3691 987 3747 1040 ad

2117 1077 2223 1131 hoc
2253 1075 2532 1145 adoptari.
2584 1091 2728 1145 quos
2767 1073 2914 1127 facta
2962 1089 3096 1126 vasa
3127 1071 3188 1125 in
3229 1074 3624 1139 contumeliam,
3664 1075 3749 1129 nisi

2120 1165 2508 1235 intelligenter
2526 1162 2912 1228 consentiatis,
2942 1161 3305 1232 impudenter
3337 1163 3560 1232 negatis.
3592 1165 3750 1234 Neque

2119 1254 2296 1322 enim,
2351 1253 2397 1306 si
2453 1269 2564 1306 non
2620 1257 2704 1306 est
2753 1267 2924 1322 paena
2978 1250 3373 1310 damnationis.
3429 1250 3560 1304 sicut
3592 1253 3749 1320 vultis,

2120 1358 2237 1397 non
2265 1341 2373 1396 erit
2394 1341 2594 1395 saltem
2633 1339 2982 1394 contumelia
3007 1337 3277 1410 imaginis
3324 1339 3436 1405 Dei,
3483 1339 3698 1410 separari
3728 1355 3754 1392 a

2120 1448 2297 1503 regno
2320 1430 2439 1485 Dei.
2474 1449 2502 1478 s
2526 1431 2762 1500 Insuper
2802 1425 3098 1498 patiuntur
3156 1426 3405 1492 verbera,
3435 1431 3610 1480 carent
3630 1424 3752 1479 enim

2121 1526 2261 1576 teste
2295 1519 2588 1586 Morainio,
2620 1533 2780 1572 num.
2836 1521 2922 1586 t7,
2943 1517 3168 1586 speciali
3197 1517 3301 1569 Dei
3336 1517 3757 1585 protectione,qua

2120 1611 2189 1664 ab
2212 1611 2348 1679 ejus,
2373 1609 2587 1662 scilicet
2616 1607 2916 1672 daemonis,
2958 1605 3345 1670 invasionibus,
3402 1608 3450 1657 et
3497 1605 3756 1670 infestatio-

2119 1699 2279 1752 nibus
2307 1701 2442 1767 ftant
2471 1700 2755 1751 immunes.
2797 1697 2908 1749 Nec
2937 1695 3228 1765 putandus
3253 1699 3336 1748 est
3372 1692 3505 1746 adeo
3534 1691 3666 1745 mitis
3686 1690 3759 1744 hic

2121 1792 2416 1858 tyrannus,
2447 1790 2508 1839 ut
2527 1801 2717 1838 servos
2744 1801 2876 1838 suos
2916 1799 2987 1837 ne
3013 1783 3188 1836 semel
3218 1781 3443 1853 quidem
3502 1779 3670 1849 ﬂagris
3693 1780 3757 1832 af-

2122 1876 2300 1947 ﬂigat.
2335 1874 2480 1929 Satis
2509 1874 2600 1940 sit,
2629 1873 2876 1927 infantes
2901 1889 3022 1926 esse
3074 1888 3206 1924 vasa
3238 1871 3297 1924 in
3325 1870 3472 1924 illius
3518 1869 3687 1931 domo,
3711 1871 3760 1920 ut

2122 1964 2202 2018 ait
2232 1964 2503 2029 Christus,
2545 1970 2600 2016 et
2631 1961 2884 2032 captivos
2925 1965 2982 2015 in
3025 1962 3251 2027 familia
3294 1960 3493 2014 diaboli
3520 1959 3684 2020 teneri,
3713 1960 3761 2008 ut

2122 2053 2286 2108 docet
2314 2057 2540 2106 sanctus
2573 2053 2736 2105 Pater
2765 2050 2862 2104 lib.
2911 2049 3006 2103 cit.
3061 2049 3131 2103 de
3171 2053 3527 2120 peccatorum
3571 2044 3759 2106 Meritis,

2121 2159 2243 2212 cap.
2298 2143 2386 2196 34.
2433 2140 2589 2194 Adde
2645 2139 2733 2194 his
2786 2154 3015 2210 poenam
3044 2137 3295 2204 talionis,
3355 2136 3452 2206 qui
3488 2134 3626 2189 enim
3659 2147 3761 2185 cum

2124 2248 2224 2285 suo
2249 2230 2434 2302 primo
2482 2233 2716 2300 parente
2768 2229 3003 2282 noluere
3033 2242 3153 2281 esse
3184 2227 3290 2280 sub
3332 2226 3460 2290 Deo,
3507 2221 3624 2276 facti
3658 2222 3762 2273 sunt

2122 2320 2268 2375 servi
2305 2320 2410 2373 sub
2441 2318 2693 2373 diabolo.
2735 2318 2884 2372 Tene
2914 2332 3087 2370 aurea
3116 2314 3299 2369 sancti
3355 2311 3584 2368 doctoris
3628 2309 3763 2362 verba

2123 2409 2220 2464 lib.
2253 2426 2348 2463 xw
2386 2407 2455 2462 de
2485 2407 2722 2462 Civitate
2752 2407 2872 2472 Dei,
2927 2421 3048 2476 cap.
3104 2409 3209 2460 15:
3271 2405 3472 2458 «Justa
3521 2397 3762 2455 damnatio

2124 2499 2425 2552 subsecuta
2450 2501 2552 2565 est,
2585 2496 2716 2549 talis
2765 2495 3000 2567 quidem
3045 2493 3358 2560 damnatio,
3389 2496 3453 2546 ut
3496 2489 3586 2560 qui
3612 2492 3763 2540 custo-

2125 2587 2331 2642 diendo
2362 2586 2692 2640 mandatum
2738 2586 2920 2639 fuerat
2975 2584 3147 2639 etiam
3194 2600 3364 2638 carne
3393 2575 3763 2670 spiritalis,

2125 2681 2213 2730 ret
2249 2676 2422 2730 etiam
2465 2681 2658 2728 mente
2687 2673 2963 2740 carnalis;
2990 2679 3046 2728 et
3097 2689 3237 2744 quia
3267 2687 3368 2725 sua
3416 2666 3660 2740 superbia
3685 2663 3767 2717 sibi

2123 2767 2428 2837 placuerat,
2461 2765 2558 2818 Dei
2584 2764 2803 2834 justitia
2860 2763 2968 2817 sibi
3023 2763 3356 2827 donaretur,
3407 2776 3508 2814 nec
3543 2758 3671 2851 sicut
3701 2752 3766 2851 at-

2123 2856 2364 2911 fectabat
2392 2854 2452 2908 in
2483 2871 2586 2908 sua
2615 2858 2761 2908 esset
2806 2854 3138 2907 omnimoda
3164 2857 3465 2924 potestate,
3497 2847 3586 2902 sed
3624 2861 3652 2898 a
3690 2847 3769 2896 sei-

317 2934 411 2986 tur
440 2933 765 2988 servitutem
801 2936 907 2990 sub
937 2938 1217 3004 daemone,
1250 2947 1307 2995 et
1348 2957 1654 3009 carcerem,
1688 2944 1860 2998 aliam
1889 2961 2017 3016 pro-
2045 2963 2084 3018 ς
2123 2962 2226 3016 pso
2252 2960 2478 3016 quoque
2510 2942 2846 2997 dissentiens
2895 2942 3000 2996 sub
3047 2942 3167 3002 illo.
3217 2941 3308 2996 cui
3354 2937 3622 3011 peccando
3666 2946 3769 2984 con-

319 3020 464 3077 fecto
495 3038 724 3093 pugnam
765 3025 1060 3096 patiuntur
1091 3044 1122 3082 a
1147 3045 1316 3098 poena
1346 3031 1560 3085 damni.
1602 3033 1794 3096 Qualis
1826 3040 2017 3089 autem

321 3108 394 3164 sit
422 3109 530 3164 ista
567 3128 737 3182 pcena
781 3115 1067 3170 servitutis
1109 3118 1214 3172 sub
1257 3118 1515 3190 principe
1558 3122 1925 3178 tenebrarum
1958 3140 2021 3178 ac

318 3198 455 3253 forti
480 3208 697 3256 armato
729 3203 1050 3258 audivimus
1091 3221 1262 3276 supra
1301 3223 1332 3260 a
1360 3209 1732 3264 celeberrimo
1773 3213 2020 3282 quodam

324 3289 590 3359 theologo
645 3289 901 3347 dicente:
973 3296 1094 3349 Haec
1170 3298 1312 3350 enim
1363 3302 1495 3352 esset
1560 3315 1720 3367 poma
1778 3303 2018 3366 gravior,

322 3392 486 3446 quam
511 3393 671 3448 poma
702 3395 907 3436 sensus.
959 3383 1281 3438 Verissime.
1315 3387 1490 3454 Pone,
1531 3389 1777 3456 exempli
1817 3388 2019 3458 gratia,

322 3467 642 3538 principem
685 3469 834 3524 filios
883 3471 1122 3542 alicujus
1179 3473 1392 3528 subditi
1445 3491 1561 3529 non
1599 3477 1784 3530 solum
1825 3478 2022 3532 exsilio

323 3560 619 3619 mulctare,
675 3563 732 3612 et
761 3564 999 3630 paterna
1037 3561 1208 3616 etiam
1253 3564 1583 3618 haereditate
1632 3565 1877 3635 privare,
1929 3567 2025 3621 sed

323 3643 453 3698 illos
481 3660 714 3716 quoque
742 3651 988 3717 tyranno
1015 3649 1267 3721 cuipiam
1300 3651 1360 3704 in
1390 3653 1676 3724 mancipia
1696 3654 2024 3718 divendere,

323 3732 477 3787 haud
509 3749 644 3786 sane
669 3735 876 3806 exigua
928 3743 1072 3792 esset
1117 3744 1405 3809 postrema
1461 3739 1568 3795 ista
1625 3759 1795 3812 poma
1847 3745 2027 3814 capti-

327 3821 533 3876 vitatis.
568 3823 742 3877 Porro
768 3826 926 3879 nulla
957 3827 1137 3898 pejor,
1178 3829 1337 3882 nulla
1368 3830 1646 3900 acerbior,
1680 3833 1838 3886 nulla
1884 3839 2029 3888 atro-

324 3911 448 3965 cior
474 3911 772 3982 captivitas
799 3918 902 3981 est,
927 3932 1101 3986 quam
1127 3933 1246 3970 esse
1264 3918 1369 3973 sub
1395 3919 1676 3987 daemone,
1706 3921 2028 3989 Phalaride,

327 3999 618 4072 Dionysio,
669 4003 950 4057 Maxentio
995 4006 1335 4076 crudeliore,
1364 4011 1739 4080 tyrannorum
1771 4010 2030 4064 omnium

329 4089 842 4146 truculentissimo.
876 4092 1071 4163 Neque
1104 4095 1242 4148 levis
1272 4097 1554 4152 censenda
1593 4103 1679 4151 est
1720 4115 1890 4168 pcena
1915 4115 2034 4152 car-

328 4177 490 4244 ceris,
523 4179 810 4249 praecipue
855 4181 958 4236 sub
986 4185 1125 4249 forti
1177 4191 1387 4240 armato
1441 4187 1770 4241 custodiente
1808 4190 2029 4241 atrium.

2128 3035 2319 3100 sensit,
2345 3049 2449 3104 pro
2472 3032 2730 3086 libertate
2764 3047 2936 3102 quam
2965 3031 3358 3100 concupierat,
3403 3027 3612 3086 duram,
3642 3020 3772 3074 misc-

2127 3139 2365 3194 ramque
2395 3126 2588 3193 ageret
2643 3121 3013 3186 servitutem;
3051 3124 3317 3172 mortuus
3362 3115 3555 3186 spiritu
3595 3111 3769 3202 volens.

2128 3218 2186 3267 et
2239 3227 2476 3282 corpore
2527 3209 2836 3264 moriturus
2880 3208 3117 3262 invitus:
3165 3207 3422 3261 desertor
3472 3208 3678 3256 eterna:
3718 3210 3774 3246 v1~

2129 3307 2222 3368 tas,
2251 3301 2423 3355 etiam
2455 3303 2688 3364 aeterna,
2721 3297 2832 3351 nisi
2879 3296 3062 3368 gratia
3113 3296 3404 3360 liberaret,
3434 3295 3604 3346 morte
3649 3286 3776 3340 dam-

2131 3393 2316 3442 natus.
2347 3407 2368 3434 ι
2411 3387 2649 3440 Mortem
2695 3400 2828 3437 vero
2875 3399 3176 3455 poenarum
3211 3382 3466 3436 ultimam
3494 3393 3601 3431 non
3629 3372 3776 3426 solum

2131 3475 2508 3547 corporalem,
2566 3473 2664 3526 sed
2718 3473 2889 3527 etiam
2947 3472 3305 3542 spiritualem
3373 3464 3655 3522 incurrisse
3703 3471 3780 3529 per

2132 3569 2427 3637 peccatum
2509 3562 2831 3617 universam
2911 3559 3116 3615 Adami
3172 3558 3554 3632 posteritatem
3581 3554 3779 3650 perium

2135 3659 2238 3710 est.
2295 3655 2360 3707 Et
2405 3651 2638 3724 quidem
2687 3666 2899 3720 pueros
2953 3665 3018 3702 ex
3078 3655 3315 3720 peccato
3363 3642 3616 3716 originali
3648 3650 3783 3710 poena

2135 3743 2332 3799 mortis
2357 3740 2620 3796 secundae
2664 3740 2963 3793 mulctatos
2993 3737 3170 3793 tradit
3221 3736 3430 3809 passim
3461 3735 3666 3787 sanctus
3689 3726 3782 3778 doc-

2136 3839 2264 3900 tor;
2295 3831 2388 3886 lib.
2420 3848 2435 3884 1
2469 3831 2537 3885 ad
2570 3828 2939 3893 Bonifacium,
2974 3843 3098 3897 cap.
3127 3829 3222 3893 22,
3256 3826 3335 3880 ait
3366 3841 3379 3878 :
3417 3845 3439 3874 ι
3463 3824 3568 3876 Aut
3595 3817 3635 3870 si
3661 3827 3784 3868 evan-

2139 3921 2332 3994 gelicis
2361 3919 2590 3974 vocibus
2630 3917 2904 3988 cogimini
2967 3915 3259 3982 confiteri,
3303 3929 3408 3967 nec
3455 3911 3634 3971 vitam,
3663 3903 3782 3956 salu-

2139 4017 2370 4082 temque
2401 4024 2561 4080 posse
2591 4007 2801 4060 habere
2849 4005 3116 4076 parvulos
3146 4004 3219 4058 de
3259 4015 3495 4072 corpore
3541 3996 3784 4056 exeuntes,

2143 4100 2250 4154 nisi
2281 4097 2494 4152 fuerint
2521 4094 2809 4166 baptizati,
2855 4093 3099 4165 quaerite
3129 4109 3233 4146 cur
3265 4089 3666 4160 compellantur
3697 4090 3786 4132 non

2142 4187 2412 4260 baptizati
2448 4183 2709 4239 secundae
2755 4183 2951 4237 mortis
2993 4181 3185 4235 subire
3233 4177 3590 4250 supplicium.
3621 4193 3644 4219 υ
3675 4168 3788 4260 Mors

327 4266 389 4320 ld
447 4266 619 4320 etiam
668 4269 812 4323 alter
857 4286 888 4324 e
938 4272 1206 4327 societate
1254 4274 1498 4344 scriptor
1553 4275 1880 4330 Neotericus
1918 4293 2035 4330 non
2070 4261 2112 4316 Ῑ)
2143 4257 2336 4333 autem
2367 4274 2612 4330 secunda
2652 4289 2720 4327 ex
2749 4288 2874 4343 cap.
2935 4274 3003 4326 20
3055 4269 3427 4341 Apocalypsis
3478 4257 3788 4326 intelligitur.

333 4353 655 4419 inﬁciatur;
689 4360 1095 4425 gravissimam,
1129 4361 1319 4431 inquit
1347 4362 1585 4433 Arriaga
1620 4365 1732 4417 1-2.
1768 4363 1909 4433 disp.
1945 4367 2032 4431 52,

332 4457 495 4495 num.
520 4446 572 4507 5,
599 4460 816 4512 poenam
844 4446 1002 4501 illam
1025 4449 1268 4502 carceris
1296 4449 1437 4514 fore,
1472 4450 1572 4504 ubi
1609 4451 1782 4504 veluti
1815 4451 2034 4521 stipites

333 4543 439 4582 nec
468 4529 679 4595 videre,
710 4535 796 4588 vel
847 4535 1110 4602 olfacere,
1171 4552 1274 4590 nec
1315 4542 1544 4606 gustare
1595 4539 1729 4610 quid
1779 4545 2033 4610 possent,

337 4632 473 4670 sane
503 4617 625 4671 haec
656 4621 938 4676 sensibilis
986 4639 1154 4693 paena
1201 4630 1365 4680 esset.
1416 4628 1570 4681 Unde
1620 4629 1812 4699 plures
1842 4645 1906 4682 ex
1938 4629 2034 4682 iis-

337 4705 468 4760 dem
509 4707 860 4763 scholasticis
887 4713 1316 4779 recentioribus,
1349 4731 1420 4769 ne
1452 4733 1660 4786 pueros
1715 4733 1886 4787 poena
1915 4735 2036 4772 car-

337 4795 480 4850 ceris
527 4796 808 4868 afﬂigant,
851 4804 1026 4856 nescio
1075 4819 1230 4872 quem
1275 4807 1491 4860 tertium
1537 4806 1869 4876 decipiendis
1901 4823 2037 4876 par-

336 4887 480 4941 vulis
517 4889 736 4954 faciunt
784 4891 973 4959 locum,
1014 4892 1099 4946 uti
1154 4893 1292 4947 olim
1324 4895 1632 4966 Pelagiani,
1667 4900 1808 4950 teste
1838 4902 2034 4950 sancto

338 4976 560 5031 Gelasio
576 4993 747 5048 papa,
763 4979 924 5050 cujus
939 4981 1198 5052 proxima
1210 4983 1382 5037 verba
1393 4989 1543 5047 sunt,
1569 4989 1625 5038 et
1637 4989 1830 5038 sancto
1851 4986 2041 5055 Augu-

338 5064 488 5118 stino
520 5067 833 5137 saepissime
865 5069 920 5124 id
948 5070 1272 5126 affirmante
1306 5077 1361 5124 et
1396 5073 1690 5138 irridente,
1725 5073 2035 5126 finxerunt.

410 5152 615 5208 Verum
667 5155 803 5226 quid
865 5157 1056 5212 dicent
1108 5159 1418 5213 adversarii
1475 5161 1521 5214 si
1553 5167 1680 5214 octo
1711 5161 1808 5214 illa
1841 5177 2040 5231 pcena-

334 5254 463 5293 rum
494 5256 706 5311 genera
755 5261 784 5298 a
833 5246 1083 5316 parvulis
1139 5247 1407 5301 sustineri
1458 5250 1880 5319 probabimus?
1913 5251 2038 5303 Pae-

341 5343 474 5381 nam
515 5329 710 5384 damni
739 5338 795 5386 et
823 5335 1004 5389 exsilii
1049 5336 1160 5406 ipsi
1200 5337 1538 5406 concedunt,
1593 5338 1761 5392 modo
1812 5355 2042 5408 pcenam

337 5417 681 5488 captivitatis
710 5425 767 5474 et
794 5424 1035 5479 carceris
1087 5441 1154 5480 ex
1197 5426 1369 5480 sacris
1415 5426 1616 5480 litteris
1662 5428 1812 5481 clare
1859 5427 2038 5482 dedu-

336 5505 544 5561 ximus.
580 5509 658 5562 De
683 5509 918 5582 reliquis
953 5519 1202 5584 quatuor
1244 5515 1494 5586 idipsum
1540 5516 1870 5586 probamus.
1907 5517 2041 5571 Vin-

2147 4367 2241 4421 ubi
2289 4366 2408 4420 haec
2464 4365 2770 4433 leguntur:
2824 4364 2895 4416 Et
2942 4363 3038 4430 qui
3091 4375 3198 4414 non
3227 4365 3305 4414 est
3335 4360 3574 4411 inventus
3599 4353 3650 4403 in
3683 4344 3788 4400 libro

2142 4459 2267 4510 vitae
2315 4456 2568 4523 scriptus,
2621 4453 2816 4505 missus
2865 4453 2924 4504 in
2971 4455 3227 4517 stagnum
3275 4448 3436 4516 ignis.
3497 4444 3557 4496 Et
3599 4439 3787 4523 postea:

2142 4546 2395 4611 lnfernus
2423 4522 2502 4595 iet
2547 4556 2688 4595 mors
2736 4541 2890 4594 missi
2944 4543 3069 4593 sunt
3126 4539 3185 4592 in
3218 4542 3471 4604 stagnum
3501 4522 3790 4620 ignis._‘Hzt-'

2144 4637 2222 4688 est
2253 4647 2392 4686 mors
2421 4630 2675 4686 secunda.
2727 4629 2934 4693 Quare,
2991 4642 3123 4680 cum
3170 4624 3338 4696 pueri
3394 4622 3512 4675 sine
3559 4617 3792 4704 baptismo

2146 4721 2483 4777 decedentes
2537 4735 2652 4773 non
2707 4717 2822 4770 sint
2880 4715 3072 4787 scripti
3146 4714 3208 4768 in
3267 4713 3413 4767 libro
3460 4709 3602 4769 vitae,
3651 4699 3790 4754 dubio

2145 4809 2346 4881 procul
2400 4807 2568 4861 morti
2621 4804 2905 4870 secundae,
2965 4803 3073 4857 hoc
3124 4805 3226 4866 est,
3287 4797 3410 4870 igni
3473 4790 3790 4882 deputantur.

2148 4880 2264 4952 lloc
2314 4900 2718 4966 argumentum
2778 4897 2833 4946 et
2884 4892 3006 4946 fuse
3055 4897 3111 4945 et
3157 4889 3379 4944 erudite
3431 4901 3493 4939 ex
3522 4880 3794 4966 Augustino

2147 4989 2310 5056 urget
2334 4961 2794 5055 archiepiscopus
2818 4979 3195 5035 Thuamensis
3230 4978 3289 5030 in
3337 4971 3596 5045 opusculo
3627 4966 3686 5020 de
3713 4961 3794 5014 hac

2148 5070 2483 5143 quaestione,
2541 5085 2663 5140 cap.
2721 5071 2773 5121 ll
2836 5072 2894 5120 et
2956 5069 3035 5120 12.
3077 5065 3200 5119 Scio
3221 5060 3555 5148 Morainium
3601 5059 3795 5148 ῂςεροιξξ

2149 5161 2304 5226 dere,
2335 5176 2494 5214 num.
2526 5161 2613 5221 69,
2649 5161 2895 5211 mortem
2947 5153 3254 5209 secundam
3302 5165 3420 5204 esse
3464 5145 3793 5218 privationem

2151 5249 2382 5304 visionis
2414 5248 2547 5313 Dei;
2603 5246 2699 5300 sed
2749 5245 2870 5299 haec
2924 5241 3218 5312 responsio
3273 5237 3524 5309 rejicitur
3545 5232 3610 5284 ab
3636 5231 3795 5313 Angli-

2153 5339 2302 5394 stino
2335 5354 2457 5409 cap.
2492 5312 2560 5392 92
2592 5333 2922 5400 Enchiridii,
2956 5339 3011 5386 et
3040 5331 3142 5385 lib.
3181 5346 3278 5384 xm
3315 5329 3384 5381 de
3412 5321 3565 5417 Civit.
3587 5331 3713 5417 "cap.
3745 5312 3795 5417 ξ

2152 5435 2210 5484 et
2239 5429 2338 5482 lib.
2371 5395 2483 5494 xiv,
2507 5442 2632 5496 cap.
2666 5427 2734 5481 28
2763 5441 2775 5491 ;
2813 5395 2951 5478 item
2985 5439 3017 5476 a
3045 5424 3236 5475 sancto
3265 5411 3557 5485 Fulgentio
3585 5407 3716 5498 libri
3741 5395 3796 5498 ad

2154 5489 2488 5582 Monimum,
2521 5489 2642 5584 cap.
2678 5517 2730 5580 6,
2763 5513 2861 5568 ubi
2893 5528 2960 5565 ex
3009 5509 3181 5564 sacris
3227 5503 3430 5561 litteris
3471 5489 3796 5570 pronuntmnt
