3946 6176
144 284 250 336 641

1442 282 1771 340 VINDICUE
1807 284 2348 352 AUGUSTINIAI‘UE,

3550 300 3653 353 642

140 409 390 458 mortem
412 401 662 473 primam
692 416 835 469 esse,
870 418 1000 457 cum
1032 402 1225 457 anima
1240 409 1553 474 separatur
1580 422 1610 458 a
1643 422 1847 476 corpo-
1880 411 1921 464 A
1950 406 2232 461 hareseos
2276 407 2582 463 falsitatem
2618 408 2882 464 conﬁxit:
2942 431 2963 459 ι
2999 411 3147 465 Illud
3175 428 3332 483 vero,
3362 415 3649 487 inquiens,

140 507 229 555 re,
260 491 564 546 secundam
589 508 722 545 vero
748 508 878 546 cum
899 493 1101 547 eadem
1121 497 1400 547 aternum
1440 494 1679 563 punitur
1718 510 1849 549 cum

144 588 401 642 corpore.

389 660 582 740 sancti
608 661 856 743 doctoris
884 661 1474 743 sententia-pretantur
1498 680 1561 743 ea:
1589 662 1849 743 conciliis

220 731 538 811 Africanis,
574 735 632 814 et
649 731 1211 814 Ινὶίίθγείεβη-ζιοίξρηζίἱ
1243 735 1448 814 Rapa.
1495 734 1753 814 Assertio

210 802 399 873 panis
423 804 795 873 parvulorum
824 804 895 856 ab
931 803 1192 857 Ecclesia
1219 802 1504 872 Africana
1533 804 1683 858 inter
1706 806 1848 873 ﬁdei

212 873 503 946 dogmata,
525 878 665 928 (este
683 878 882 946 sancio
899 874 1217 944 Fulgenlio,
1237 875 1445 946 relata.
1471 875 1715 946 Insigne
1740 893 1846 946 pro

210 945 419 998 eadem
440 962 504 998 re
529 945 722 999 sancti
749 946 969 999 Gelasii
993 962 1161 1017 papa
1192 945 1597 1002 testimonium.

207 1032 567 1099 Scholastici,
618 1033 717 1104 qui
762 1034 821 1087 in
870 1034 1181 1088 statuendis
1240 1036 1607 1105 parvulorum
1661 1035 1846 1105 panis

136 1122 197 1176 in
222 1122 512 1176 diversam
544 1123 614 1176 ab
644 1123 963 1193 Augustino
1010 1123 1351 1177 sententiam
1400 1124 1612 1191 abiere,
1658 1125 1843 1195 publi-

134 1215 365 1274 carunt,
400 1211 659 1280 ejusdem
689 1210 955 1281 opinione
984 1227 1209 1264 munum
1243 1212 1611 1276 Augustinum
1649 1218 1841 1281 patro-

131 1314 264 1351 num
294 1299 533 1364 habere,
566 1305 631 1353 ut
662 1300 915 1369 loquitur
950 1299 1304 1360 Catharinus.
1342 1316 1584 1371 eamque
1619 1303 1843 1369 paucis—

130 1390 300 1441 simos
320 1388 507 1458 sequi,
530 1394 593 1442 ut
613 1389 691 1441 ait
712 1389 1006 1443 Moraines.
1029 1389 1147 1443 Imo
1165 1389 1518 1455 Catharinus,
1544 1406 1721 1443 unum
1737 1387 1844 1442 sibi

130 1492 443 1546 opponens
471 1476 881 1546 Augustinum,
913 1477 1111 1531 scribit
1145 1494 1156 1531 :
1188 1496 1215 1527 ί(
1248 1481 1319 1531 At
1361 1494 1591 1547 magna,
1630 1476 1839 1547 inquit,

128 1570 217 1619 est
257 1566 570 1620 auctoritas
626 1566 952 1636 Augustini,
1003 1582 1213 1635 magna
1257 1567 1534 1637 profecto,
1564 1565 1839 1631 veritatis,

130 1671 267 1726 qua
291 1656 417 1725 jam
451 1659 640 1726 pateat
668 1656 838 1724 longe
870 1656 1072 1725 major,
1106 1657 1275 1725 longe
1295 1655 1477 1724 major
1506 1654 1840 1724 pontificum

129 1744 471 1810 auctoritas,
505 1750 561 1797 et
588 1744 845 1798 Ecclesia
877 1744 945 1797 de
973 1744 1250 1798 cathedra
1282 1744 1554 1810 docentis,
1597 1748 1653 1796 et
1689 1758 1844 1796 com-

128 1832 335 1886 munis
387 1833 688 1885 doctorum
734 1830 1034 1885 sententia.
1070 1852 1092 1880 ν
1133 1832 1348 1895 Quibus
1396 1832 1492 1885 ille
1524 1836 1725 1885 auctor
1782 1829 1843 1883 in

127 1925 401 1973 veterum
440 1921 669 1973 Patrum
703 1920 926 1991 scriptis
956 1936 1015 1973 se
1045 1921 1214 1989 plane
1246 1920 1531 1990 hospitem
1558 1919 1839 1990 prodidit;

128 2009 358 2063 etenim
417 2008 598 2061 sancti
665 2009 845 2062 Patris
891 2009 1233 2062 sententiam
1295 2015 1351 2063 et
1395 2009 1741 2079 synodorum
1789 2011 1845 2061 et

130 2097 485 2153 Pontiﬁcum
508 2098 849 2151 testimoniis
878 2097 1365 2165 conﬁrmabimus,
1407 2104 1464 2152 et
1510 2099 1580 2152 iis
1610 2098 1845 2169 quidem

127 2188 285 2243 adeo
320 2188 694 2255 evidentibus,
721 2192 785 2241 ut
843 2187 1079 2241 minime
1127 2187 1380 2241 dubitem
1427 2188 1567 2258 quin
1624 2188 1845 2240 schola-

128 2277 287 2338 stici,
323 2276 459 2329 siin
490 2277 687 2330 eadem
720 2276 1073 2344 incidissent,
1105 2292 1175 2329 ne
1216 2276 1394 2329 latum
1455 2276 1689 2345 quidem
1736 2292 1843 2329 un-

128 2381 319 2436 guem
349 2365 420 2419 ab
456 2365 877 2434 Augustiniana
908 2365 1187 2418 sententia
1215 2365 1619 2419 discessissent.
1676 2366 1845 2419 Recte

128 2455 363 2516 Scotus,
398 2454 458 2507 in
485 2457 535 2518 2,
588 2455 714 2507 dist.
758 2456 846 2522 33,
887 2453 1201 2524 quastione
1251 2454 1415 2507 unica
1462 2457 1847 2521 magistrorum

128 2542 555 2598 Parisiensium
588 2543 858 2611 placitum
893 2548 1090 2596 contra
1133 2543 1521 2613 Augustinnm
1564 2547 1711 2595 stare
1759 2542 1844 2596 di-

128 2633 249 2699 xit,
282 2632 489 2703 quibus
520 2637 711 2686 tamen
741 2632 913 2687 totius
940 2630 1144 2685 Africa
1166 2631 1519 2685 venustiores
1552 2631 1846 2701 episcopos

129 2728 525 2782 opponemus.

217 2802 285 2855 Et
342 2802 575 2871 quidem
629 2805 847 2855 veteres
898 2798 1231 2855 Parisiensis
1298 2799 1501 2853 schola
1565 2798 1845 2867 doctores,

128 2906 277 2944 cum
324 2906 549 2943 summa
593 2889 823 2959 ingenia
884 2888 1089 2942 schola
1140 2887 1551 2941 subtilitatibus
1592 2888 1845 2940 devovis-

127 2983 286 3039 sent,
320 2994 524 3047 parum
556 2978 713 3032 fuere
743 2978 802 3030 in
829 2977 1176 3047 synodorum
1225 2992 1288 3029 ac
1321 2978 1549 3029 Patrum
1602 2975 1843 3028 lectione

126 3067 374 3121 versati.
410 3068 547 3121 Hinc
577 3066 912 3120 eruditionis
951 3065 1176 3120 defectu
1220 3064 1497 3135 quasdam
1542 3064 1844 3133 opiniones

130 3155 463 3218 obtrusere,
513 3172 543 3209 a
591 3156 799 3225 quibus
850 3154 1191 3224 antiquioris
1260 3153 1517 3207 Ecclesia
1584 3153 1843 3222 magistri

128 3244 372 3315 longius
402 3244 703 3299 distarunt.
739 3247 850 3298 Hoc
900 3244 958 3297 in
1005 3240 1274 3313 praesenti
1317 3240 1703 3296 controversia
1739 3257 1841 3311 pa-

130 3333 312 3399 tebit,
344 3333 403 3387 in
442 3351 554 3404 qua
593 3332 908 3386 scholastici
956 3348 1023 3385 ex
1073 3347 1275 3385 manca
1315 3330 1635 3400 Pelagiana
1682 3330 1844 3383 hare-

135 3439 271 3476 seos
296 3422 512 3488 notitia,
541 3423 625 3475 uti
654 3440 683 3474 a
730 3425 956 3489 recepta
987 3419 1303 3490 antiquitus
1346 3420 1628 3473 sententia
1658 3434 1841 3471 reces-

137 3516 366 3577 serunt,
394 3512 474 3564 ita
497 3511 727 3563 illorum
754 3509 1013 3579 plerique
1042 3508 1102 3562 in
1132 3508 1475 3579 quibusdam
1514 3524 1643 3561 cum
1682 3508 1841 3561 Pela-

136 3600 331 3671 gianis
391 3615 720 3664 convenere,
782 3600 935 3668 quod
1000 3598 1173 3651 etiam
1222 3596 1436 3651 notavit
1484 3613 1614 3651 cum
1662 3596 1843 3651 laudis

134 3690 477 3763 praefatione
514 3688 895 3742 nominandus
944 3688 1245 3742 cardinalis
1306 3687 1702 3754 Bellarminus,
1749 3703 1841 3741 cu-

131 3778 230 3848 jus
260 3779 434 3831 verba
463 3777 519 3831 in
549 3778 699 3830 calce
746 3777 864 3829 fere
906 3777 1078 3846 hujus
1128 3776 1527 3829 controversia
1566 3776 1837 3830 recitabo.

134 3867 319 3923 Primi
354 3866 612 3921 omnium
640 3864 891 3919 Africani
922 3867 1118 3919 Patres
1148 3864 1589 3934 Pelagianorum
1620 3880 1841 3917 errores

138 3956 507 4011 anathemate
533 3957 899 4025 perculerunt
922 3953 982 4007 in
1014 3958 1255 4024 utraque
1284 3952 1499 4023 synodo
1535 3952 1840 4021 provincia

139 4045 622 4115 Carthaginensis,
654 4044 909 4114 itemque
939 4043 998 4096 in
1031 4044 1207 4096 altera
1237 4041 1455 4111 synodo
1496 4041 1838 4110 Milevitana,

137 4136 276 4190 dein
297 4134 356 4188 in
381 4134 647 4204 plenariis
661 4133 931 4196 conciliis,
950 4132 1030 4185 uti
1041 4132 1217 4185 fusius
1233 4131 1373 4185 libro
1386 4130 1563 4200 priori
1577 4129 1839 4184 Historia

136 4224 466 4294 Pelagiana
488 4223 653 4276 nobis
685 4222 1030 4291 descriptum
1063 4225 1163 4274 est.
1204 4221 1268 4273 In
1300 4219 1389 4272 his
1426 4224 1618 4271 autem
1667 4218 1838 4271 sacris

1957 496 2110 565 quod
2140 513 2233 550 eos
2275 503 2459 551 vestra
2514 497 2837 551 fraternitas
2875 499 3078 553 asserit
3132 501 3465 570 pradicare,
3517 522 3649 573 par-

1953 585 2116 637 vulos
2158 589 2389 639 aterna
2439 586 2567 639 vita
2597 587 2851 656 pramiis
2884 588 3056 641 etiam
3117 590 3235 643 sine
3294 591 3648 661 baptismatis

1954 673 2138 743 gratia
2177 691 2339 744 posse
2360 674 2581 741 donari,
2616 675 2938 745 perfatuum
2973 682 3073 730 est.
3111 697 3137 729 »
3182 679 3354 747 Epist.
3403 683 3466 733 95
3502 682 3652 750 apud

1952 761 2356 830 Augustinum.
2394 763 2586 832 Itaque
2640 768 2763 817 tum
2794 764 2998 834 synodi
3056 770 3180 819 tum
3209 768 3465 835 pontifex
3491 770 3650 823 illam

1951 849 2125 902 vitam
2147 855 2421 903 aternam
2453 851 2702 919 parvulis
2758 852 2819 905 in
2850 852 3113 923 originali
3145 861 3372 923 peccato
3405 858 3650 912 mortuis

1952 942 2258 1006 negarunt,
2313 955 2486 1007 quam
2546 938 2835 1009 Pelagiani
2891 941 3102 995 eisdem
3154 943 3348 1012 pueris
3412 945 3644 1001 dabant.

1953 1024 2076 1077 Vita
2130 1030 2323 1079 autem
2384 1039 2596 1081 aterna
2651 1028 2785 1082 dicit
2839 1037 3172 1100 perpetuam
3228 1034 3647 1101 possessionem

1955 1113 2054 1166 Dei
2079 1113 2331 1168 animam
2360 1115 2579 1169 beantis
2608 1116 2669 1169 in
2710 1133 2888 1187 regno
2919 1118 3209 1187 calorum,
3244 1126 3299 1174 et
3327 1138 3393 1175 ex
3447 1139 3649 1177 conse—

1951 1204 2149 1273 quenti
2199 1205 2583 1259 exclusionem
2614 1207 3005 1278 cujuscunque
3049 1209 3315 1275 miseria,
3373 1212 3464 1265 cui
3513 1213 3641 1267 vita

1951 1292 2263 1361 opponitur
2315 1300 2529 1347 aterna
2592 1310 2903 1365 mors,qua
2954 1298 3211 1351 consistit
3257 1300 3316 1351 in
3372 1306 3648 1370 perpetua

1950 1380 2255 1435 amissione
2306 1383 2517 1437 summi
2581 1383 2738 1449 boni,
2811 1390 2867 1438 et
2922 1386 3160 1455 perenni
3212 1388 3513 1444 afﬂictione
3584 1407 3647 1443 ac

1950 1469 2291 1524 cruciatibus
2347 1471 2407 1524 in
2455 1472 2675 1525 inferis.
2725 1476 2796 1526 At
2846 1475 3134 1544 Pelagiani
3192 1492 3476 1547 nusquam
3525 1480 3647 1533 ausi

1950 1563 2083 1611 sunt
2109 1558 2294 1613 dicere
2342 1577 2548 1629 pueros
2606 1560 2727 1614 sine
2765 1562 3047 1631 baptismo
3088 1563 3265 1618 ituros
3302 1567 3363 1619 in
3406 1584 3648 1637 regnum

1951 1647 2245 1708 calorum,
2277 1653 2337 1700 ut
2375 1665 2437 1702 ex
2473 1665 2641 1702 serm.
2681 1652 2746 1703 14
2806 1650 2874 1703 de
2928 1652 3120 1705 Verbis
3172 1655 3433 1721 Apostoli
3485 1672 3650 1726 supe-

1952 1737 2071 1790 rius
2096 1738 2324 1791 laudato
2382 1740 2765 1807 exposuimus.
2816 1739 3019 1796 Scribit
3065 1740 3134 1795 de
3163 1743 3367 1797 iisdem
3426 1749 3646 1816 Augus-

1952 1826 2106 1879 tinus
2136 1826 2234 1879 lib.
2266 1843 2283 1880 1
2313 1826 2382 1880 de
2412 1833 2774 1897 peccatorum
2814 1830 3025 1883 Meritis
3057 1836 3111 1884 et
3132 1832 3485 1899 remissione,
3520 1851 3645 1905 cap.

1958 1916 2057 1967 l8:
2096 1933 2123 1965 «
2160 1914 2362 1968 Dicunt
2410 1918 2676 1985 parvulos
2724 1917 2939 1970 recenti
2970 1918 3084 1971 vita
3135 1919 3311 1973 editos
3341 1922 3648 1977 visceribus

1953 2011 2227 2067 matrum,
2275 2019 2393 2056 non
2423 2011 2660 2073 propter
2695 2006 3105 2060 remittendum
3138 2015 3434 2077 peccatum
3465 2012 3648 2080 perci-

1953 2104 2087 2158 pere
2136 2090 2502 2160 baptismum.
2561 2092 2661 2146 sed
2703 2099 2763 2147 ut
2822 2094 3134 2164 spiritalem
3190 2101 3648 2165 procreationem

1953 2193 2070 2231 non
2099 2178 2389 2246 habentes,
2418 2188 2683 2235 creentur
2710 2182 2772 2236 in
2802 2183 3045 2247 Christo,
3072 2189 3127 2238 et
3146 2185 3322 2255 ipsius
3351 2188 3515 2257 regni
3536 2205 3650 2243 ca:

1956 2267 2140 2320 lorum
2168 2268 2474 2339 participes
2500 2270 2664 2338 fiant,
2695 2288 2762 2325 eo
2821 2272 2994 2326 modo
3024 2272 3214 2326 ﬁliiet
3236 2275 3493 2330 haredes
3523 2277 3643 2342 Dei,

1952 2357 2275 2412 coharedes
2314 2365 2507 2413 autem
2539 2360 2769 2415 Christi.
2806 2380 2832 2413 ››
2864 2362 3003 2414 Hinc
3057 2362 3211 2416 idem
3241 2369 3467 2418 sanctus
3523 2366 3650 2420 doc-

1954 2449 2044 2498 tor
2071 2452 2267 2501 contra
2294 2447 2631 2518 Pelagianos
2670 2449 2750 2503 ait
2787 2450 2886 2506 lib.
2933 2468 2969 2504 ιι
2999 2451 3195 2521 Operis
3226 2452 3488 2522 imperf.,
3524 2471 3648 2525 cap.

1958 2536 2091 2588 H3:
2125 2554 2151 2585 «
2205 2536 2566 2607 Respondete
2621 2539 2761 2608 quid
2790 2538 2933 2605 sitis,
2964 2540 3063 2609 qui
3113 2546 3194 2594 tot
3223 2541 3502 2612 imagines
3552 2544 3652 2597 Dei

1956 2621 2074 2678 sine
2116 2623 2269 2677 illius
2312 2626 2529 2694 peccati
2576 2627 2783 2680 merito
2843 2628 3118 2697 separatis
3150 2646 3183 2681 a
3212 2645 3390 2699 regno
3440 2614 3559 2697 Dei,
3593 2638 3651 2686 et

1954 2708 2138 2763 facitis
2185 2712 2326 2764 duas
2373 2719 2616 2767 aternas
2655 2714 2988 2769 felicitates:
3051 2732 3226 2769 unam
3279 2734 3409 2787 qua
3466 2718 3537 2770 sit
3588 2719 3651 2773 in

1955 2813 2133 2865 regno
2167 2799 2304 2866 Dei;
2337 2802 2595 2868 alteram,
2629 2818 2758 2872 qua
2791 2804 2864 2855 sit
2892 2808 3047 2856 extra
3085 2819 3328 2873 regnum
3362 2805 3483 2860 Dei.
3516 2826 3543 2854 »
3584 2808 3650 2862 Et

1956 2886 2056 2940 lib.
2086 2904 2103 2939 1
2133 2888 2391 2957 ejusdem
2423 2890 2632 2959 operis,
2675 2906 2797 2960 cap.
2838 2894 2956 2955 l32,
2988 2892 3161 2945 tradit
3193 2893 3460 2962 parvulos
3486 2896 3648 2963 juxta

1955 2974 2290 3044 Pelagianos
2319 2976 2541 3030 futuros
2573 2996 2601 3027 α
2632 2978 2693 3031 in
2723 2979 2849 3032 loco
2878 2979 3069 3049 aliquo
3100 2981 3359 3034 secunda
3387 2980 3569 3036 felicit
3584 3000 3639 3036 a-

1950 3062 2043 3129 tis,
2068 3080 2261 3135 quem,
2293 3066 2501 3136 inquit,
2542 3067 2752 3121 talibus
2787 3068 3089 3123 adificavit
3118 3070 3350 3124 haresis
3382 3076 3585 3138 vestra.
3620 3096 3645 3119 υ

1955 3152 2030 3204 Ex
2061 3152 2150 3205 his
2179 3153 2422 3207 infertur
2464 3154 2640 3208 vitam
2671 3162 2969 3225 aternam,
3026 3173 3199 3228 quam
3252 3158 3338 3211 illi
3393 3159 3649 3214 haretici

1949 3244 2142 3311 pueris
2174 3242 2607 3311 promittebant,
2642 3244 2810 3297 sitam
2838 3244 3011 3298 fuisse
3042 3245 3101 3299 in
3132 3246 3377 3300 secunda
3399 3248 3646 3317 quadam

1949 3328 2238 3397 felicitate,
2266 3332 2374 3385 hoc
2412 3337 2511 3396 est,
2560 3332 2768 3387 minori
2798 3350 2864 3387 ea
2889 3351 3003 3404 qua
3032 3334 3372 3389 fruebantur
3396 3336 3549 3391 beati
3584 3337 3644 3392 in

1948 3433 2126 3488 regno
2155 3420 2455 3475 calorum.
2498 3422 2637 3475 Nam
2667 3439 2796 3477 cum
2846 3423 3058 3477 ibidem
3088 3425 3253 3495 pueri
3303 3426 3490 3479 nullos
3518 3442 3650 3480 cru-

1946 3506 2128 3561 ciatus
2177 3525 2277 3579 per
2306 3514 2484 3564 totam
2549 3511 2927 3565 aternitatem
2975 3512 3198 3582 passuri
3247 3518 3453 3579 essent,
3485 3519 3650 3568 ater-

1948 3611 2089 3649 num
2117 3597 2308 3650 felices
2339 3598 2524 3652 vivere
2562 3599 2632 3653 ab
2678 3600 2817 3669 ipsis
2864 3600 3214 3654 dicebantur.
3266 3601 3473 3655 Scribit
3518 3618 3648 3655 san-

1948 3689 2072 3738 ctus
2109 3686 2458 3756 Fulgentius,
2501 3687 2601 3742 lib.
2634 3705 2653 3740 1
2699 3688 2767 3742 ad
2820 3689 3155 3753 Monimum,
3201 3705 3324 3760 cap.
3382 3693 3434 3756 6,
3470 3691 3650 3743 Deum

1949 3774 2153 3828 anima
2182 3791 2286 3843 per
2313 3780 2607 3844 peccatum
2638 3784 2876 3829 mortua
2907 3777 3191 3846 duplicem
3220 3777 3458 3846 insuper
3489 3794 3648 3831 mor-

1949 3867 2063 3915 tem
2097 3862 2544 3918 comminatum:
2592 3884 2620 3914 «
2650 3864 2901 3918 Primam
2936 3865 2995 3917 in
3028 3865 3388 3934 separatione
3437 3866 3646 3918 anima

1949 3955 2006 4004 et
2039 3951 2327 4020 corporis;
2372 3951 2676 4005 secundam
2706 3952 2768 4004 in
2820 3956 3031 4004 aterna
3062 3952 3407 4005 cruciatione
3438 3952 3646 4005 anima

1948 4043 2004 4092 et
2032 4038 2302 4108 corporis.
2340 4042 2420 4093 Ac
2449 4054 2549 4109 per
2581 4040 2686 4093 hoc
2713 4038 2982 4108 primam,
3015 4055 3128 4109 qua
3161 4038 3483 4093 discedente
3522 4040 3647 4094 ani-

1946 4141 2043 4178 ma
2074 4142 2203 4181 caro
2234 4128 2356 4181 sola
2389 4126 2668 4181 moritur:
2717 4128 3024 4180 secundam
3070 4144 3221 4193 vero,
3284 4128 3512 4199 quando
3562 4144 3649 4183 re-

1948 4213 2111 4268 diens
2141 4215 2200 4268 in
2229 4232 2460 4271 carnem
2489 4214 2683 4269 anima
2728 4215 2789 4269 in
2846 4216 3046 4270 eadem
3093 4223 3150 4271 et
3190 4233 3319 4270 cum
3352 4218 3552 4272 eadem
3585 4219 3645 4271 in

134 4311 512 4365 conventibus
535 4326 730 4381 poenas
761 4309 1056 4363 sensibiles
1076 4323 1391 4378 puerorum
1417 4306 1539 4360 sine
1558 4305 1840 4375 baptismo
1874 4297 1916 4351 D
1950 4319 2063 4373 qua
2105 4305 2375 4374 peccavit,
2427 4321 2595 4359 carne
2645 4310 2961 4376 torquetur.
3015 4328 3035 4355 ιδ
3082 4307 3290 4361 Prima
3340 4307 3513 4360 morti
3542 4324 3645 4378 op-

132 4397 539 4453 decedentium
583 4403 820 4451 statutas
865 4413 987 4451 esse
1034 4397 1381 4451 demonstro.
1431 4396 1624 4448 Patres
1672 4410 1839 4465 syno-

132 4487 195 4542 di
228 4486 709 4557 Carthaginensis,
756 4487 814 4539 in
858 4485 1059 4539 litteris
1108 4486 1179 4539 ad
1220 4483 1637 4550 Innocentium,
1688 4483 1839 4553 apud

133 4578 522 4648 Augustinum
554 4577 794 4647 epistola
818 4579 904 4643 99,
933 4576 1054 4629 hac
1085 4575 1154 4629 de
1194 4572 1512 4645 Pelagianis
1543 4574 1834 4629 scribunt:

141 4687 165 4714 ε
204 4667 470 4720 Parvulos
495 4666 666 4719 etiam
696 4670 931 4736 propter
961 4665 1222 4729 salutem,
1263 4680 1393 4735 qua
1444 4679 1546 4733 per
1588 4663 1835 4717 Salvato-

132 4771 260 4809 rem
291 4756 578 4810 Christum
609 4755 796 4820 datur,
827 4753 1199 4824 baptizandos
1228 4758 1463 4822 negant,
1506 4768 1570 4806 ac
1618 4753 1694 4806 sic
1742 4769 1838 4807 eos

128 4845 434 4898 mortifera
464 4845 573 4897 ista
601 4843 854 4897 doctrina
896 4844 955 4895 in
1005 4848 1285 4896 aternum
1336 4846 1559 4907 necant,
1603 4842 1839 4912 promit-

126 4936 343 4998 tentes,
410 4932 582 4985 etiam
630 4932 678 4985 si
736 4947 852 4984 non
894 4930 1274 5000 baptizentur,
1317 4931 1614 4984 habituros
1662 4930 1837 4983 vitam

126 5026 431 5074 aternam.
470 5039 495 5069 ι)
530 5020 723 5072 Patres
753 5034 884 5071 vero
918 5018 1203 5072 Numidia
1234 5018 1562 5087 provincia,
1598 5018 1657 5070 in
1688 5017 1834 5087 epis-

120 5110 247 5163 tola
270 5109 343 5163 ad
370 5109 636 5161 eumdem
667 5106 1088 5172 Innocentium,
1118 5122 1247 5177 qua
1285 5106 1433 5159 inter
1474 5106 1838 5175 Augustinia-

120 5214 230 5252 nas
258 5204 345 5252 est
375 5200 465 5256 93.
497 5198 617 5250 hac
665 5196 787 5267 ipsa
836 5197 1089 5250 scribunt
1132 5196 1200 5249 de
1248 5195 1464 5248 eisdem
1512 5194 1831 5248 hareticis:

124 5307 155 5339 α
188 5288 405 5341 Pueros
432 5302 662 5356 quoque
693 5287 977 5355 parvulos,
1004 5286 1051 5338 si
1081 5284 1254 5339 nullis
1280 5284 1631 5338 innoventur
1657 5283 1835 5337 Chris-

119 5375 301 5430 tiana
332 5376 531 5445 gratia
562 5374 952 5440 sacramentis,
986 5373 1277 5427 habituros
1316 5373 1491 5426 vitam
1536 5379 1833 5441 aternam,

118 5481 383 5537 nequam
447 5463 895 5535 prasumptione
971 5463 1394 5516 contendunt.»
1468 5461 1833 5515 Innocentius

118 5556 406 5626 pontifex,
448 5554 538 5610 his
580 5552 787 5609 litteris
822 5552 1087 5623 acceptis,
1141 5551 1299 5623 gravi
1347 5550 1622 5622 rescripto
1671 5566 1833 5608 nova

1949 4393 2188 4463 ponitur
2239 4394 2354 4448 vita
2406 4399 2799 4464 temporanea,
2857 4397 3023 4450 alteri
3051 4413 3183 4450 vero
3238 4396 3355 4451 vita
3406 4402 3644 4464 aterna,

1949 4482 2177 4552 quando
2217 4484 2409 4538 anima
2450 4491 2723 4555 perpetua
2768 4485 3037 4540 felicitate
3067 4486 3306 4553 fruetur,
3340 4502 3453 4557 qua
3482 4486 3551 4540 de
3584 4502 3644 4541 re

1945 4571 2531 4643 legaturAugustinus
2553 4574 2631 4628 lib
2668 4591 2738 4627 xx
2751 4574 2819 4628 de
2833 4575 3069 4629 Civitate
3086 4574 3205 4641 Dei,
3230 4591 3350 4647 cap.
3377 4579 3428 4630 6.
3447 4577 3643 4647 Itaque

1944 4660 2060 4715 vita
2082 4669 2295 4715 aterna
2316 4662 2640 4727 infantium,
2670 4679 2739 4716 ex
2757 4663 3196 4733 Pelagianorum
3224 4666 3528 4733 sententia,
3546 4666 3642 4718 illa

1947 4754 2031 4803 est
2046 4766 2175 4820 qua
2204 4751 2514 4820 opponitur
2534 4750 2708 4804 morti
2732 4752 3014 4817 secunda,
3041 4770 3171 4825 qua
3195 4754 3324 4807 ideo
3348 4771 3411 4808 ex
3431 4757 3645 4822 Augus-

1945 4838 2088 4904 tino,
2121 4838 2220 4892 lib.
2252 4855 2405 4904 xvm,
2437 4838 2673 4905 ibidem,
2704 4856 2826 4909 cap.
2861 4843 2950 4907 28,
2987 4863 3008 4889 ο
3044 4843 3293 4896 secunda
3325 4857 3477 4894 mors
3509 4839 3644 4892 dici-

1944 4930 2055 4994 tur,
2090 4928 2226 4997 quia
2255 4944 2357 4981 nec
2395 4928 2588 4981 anima
2627 4927 2707 4983 ibi
2755 4929 2943 4983 vivere
2987 4930 3225 4984 dicenda
3269 4934 3372 4995 est,
3427 4943 3555 4997 qua
3611 4944 3644 4980 a

1945 5015 2042 5070 Dei
2076 5016 2187 5069 vita
2220 5017 2404 5070 aliena
2432 5018 2560 5084 erit,
2601 5034 2704 5071 nec
2751 5034 2979 5088 corpus,
3021 5018 3175 5089 quod
3213 5015 3440 5070 aternis
3479 5014 3639 5068 dolo-

1942 5104 2101 5158 ribus
2131 5106 2460 5176 subjacebit.
2516 5128 2538 5155 ι
2588 5108 2793 5173 Quare,
2850 5124 2981 5161 cum
3011 5105 3216 5176 synodi
3255 5103 3535 5158 Africana
3579 5121 3641 5158 ac

1942 5199 2168 5248 sanctus
2207 5195 2566 5249 Innocentius
2600 5195 2948 5249 damnarunt
2995 5196 3245 5249 dicentes
3276 5210 3488 5264 pueros
3520 5194 3642 5249 sine

1941 5282 2228 5353 baptismo
2258 5284 2556 5337 defunctos
2598 5284 2808 5338 habere
2841 5283 3012 5335 vitam
3053 5287 3351 5344 aternam,
3383 5284 3641 5352 explose-

1941 5378 2076 5426 runt
2110 5373 2416 5426 secundam
2443 5372 2599 5426 illam
2627 5373 2949 5426 felicitatem
2983 5386 3157 5440 quam
3186 5378 3346 5425 extra
3398 5388 3643 5442 regnum

1944 5461 2045 5515 Dei
2079 5461 2370 5533 Pelagiani
2426 5462 2739 5516 infantibus
2771 5460 3202 5530 promittebant,
3262 5466 3319 5515 et
3349 5477 3414 5515 ex
3453 5477 3642 5517 conse-

1942 5552 2142 5623 quenti
2168 5550 2467 5607 decrevere
2512 5550 2742 5605 eosdem
2768 5547 3054 5603 subituros
3082 5549 3253 5605 etiam
3280 5555 3526 5606 mortem
3555 5567 3639 5606 se-
