3906 6182
339 259 442 312 643

1351 255 1904 311 SUPPLEMENTUM
1947 256 2034 310 AD
2071 254 2298 310 OPERA
2338 255 2394 309 S.
2433 256 2821 312 AUGUSTINI.
3675 275 3753 328 644

339 383 606 447 cundam,
637 397 765 454 quae
801 382 980 436 beatae
1024 379 1153 433 vitae
1197 378 1524 448 opponitur.
1581 379 1860 432 Caeterum
1915 377 2030 432 vita
2058 383 2100 436 Α
2139 381 2339 432 rentur
2366 377 2582 432 visione
2613 377 2733 444 Dei,
2766 381 2822 432 et
2842 376 3092 447 profecto
3123 376 3266 432 Deus
3287 379 3343 433 in
3381 381 3485 436 illis
3512 399 3756 460 regnaret,

338 469 434 524 illa
474 476 753 526 aeternum
791 471 977 534 beata,
1009 483 1180 538 quam
1212 466 1504 537 Pelagiani
1534 467 1726 539 pueris
1771 467 2025 521 destina-

339 558 498 627 bant,
555 566 686 614 ante
712 558 959 630 synodos
987 556 1277 610 Africanas
1309 557 1516 627 rejecta
1546 557 1654 612 fuit
1699 555 1759 610 in
1789 555 2026 610 concilio

340 647 749 719 Diospolitano,
801 661 952 700 anno
1002 646 1127 712 415,
1177 645 1274 699 ubi
1321 661 1454 700 cum
1485 645 1770 716 objectum
1827 645 2028 700 fuisset

339 737 590 806 Pelagio,
624 734 950 789 leestium
996 734 1174 804 ipsius
1199 733 1541 805 discipulum
1568 734 1846 800 docuisse,
1879 752 1905 786 α
1939 734 2026 788 in-

336 821 538 890 fantes,
568 821 790 876 etiamsi
821 837 937 875 non
977 821 1358 893 baptizentur,
1400 823 1610 878 habere
1657 824 1833 877 vitam
1859 829 2026 877 aeter-

335 925 492 975 nam,
529 931 551 958 ι
588 909 816 980 negavit
843 926 900 963 se
929 909 1026 964 illa
1055 910 1284 964 dixisse.
1321 911 1458 966 Hinc
1484 912 1776 983 Pelagium
1807 927 2028 982 preme-

334 997 432 1052 bat
450 999 817 1068 Augustinus,
833 997 998 1068 epist.
1023 1001 1121 1053 106
1145 1000 1213 1053 ad
1238 1000 1540 1054 Paulinum
1566 1002 1871 1066 Nolanum,
1893 1015 2030 1070 pue-

334 1105 430 1145 ros
457 1089 578 1143 sine
608 1089 794 1160 gratia
823 1089 1267 1158 regenerationis
1287 1091 1343 1143 in
1366 1091 1585 1144 Christo
1617 1110 1644 1142 α
1672 1107 1790 1145 non
1819 1091 2028 1145 habere

336 1177 396 1232 in
425 1193 482 1231 se
501 1177 699 1242 vitam,
735 1194 798 1232 ac
826 1195 929 1248 per
944 1179 1052 1232 hoc
1072 1195 1257 1248 poenas
1278 1179 1640 1249 sempiternas
1672 1179 1967 1234 obnoxios.
1996 1200 2024 1228 »

370 1320 375 1325 ,
406 1266 645 1322 Conrius
675 1283 738 1320 ac
780 1266 1059 1321 Moraines
1103 1267 1519 1336 existimarunt,
1554 1267 1726 1322 vitam
1757 1273 2029 1322 aeternam

334 1371 508 1426 quam
541 1355 793 1425 parvulis
822 1355 1114 1426 Pelagiani
1145 1356 1582 1425 pollicebantur,
1639 1356 1809 1410 sitam
1856 1356 2029 1410 fuisse

333 1444 396 1498 in
425 1445 640 1499 visione
672 1445 823 1498 clara
858 1444 979 1510 Dei,
1027 1450 1186 1498 extra
1215 1449 1408 1499 tamen
1441 1461 1686 1514 regnum
1735 1445 2026 1498 caelorum.

334 1533 491 1588 Unde
536 1533 870 1604 responderi
902 1537 1090 1603 potest
1117 1534 1223 1597 liis,
1274 1549 1403 1604 quas
1454 1533 1749 1604 hucusque
1797 1532 2028 1587 deduxi-

333 1635 483 1686 mus,
509 1621 750 1691 synodos
781 1622 1042 1676 statuisse
1073 1638 1281 1692 pueros
1315 1639 1429 1676 non
1468 1639 1632 1693 posse
1680 1621 1801 1676 sine
1841 1622 2027 1692 bapti-

332 1723 454 1762 smo
484 1708 596 1762 frui
624 1709 738 1764 vita
784 1717 1020 1778 aeterna,
1078 1711 1186 1764 hoc
1230 1716 1316 1765 est
1347 1711 1562 1766 visione
1611 1712 1761 1766 clara
1797 1712 1895 1765 Dei
1926 1727 2028 1765 nec

329 1801 522 1851 tamen
543 1799 732 1852 statim
759 1798 979 1861 inferri,
1011 1805 1193 1854 morte
1216 1801 1466 1854 secunda
1482 1801 1832 1870 juxtatotam
1864 1815 2027 1855 suam

329 1885 692 1941 latitudinem
725 1889 1069 1958 plectendos,
1118 1890 1213 1943 sed
1245 1895 1416 1960 prout
1461 1890 1584 1944 bmc
1612 1895 1837 1944 tantum
1892 1889 2029 1944 dicit

327 1975 707 2046 privationem
731 1977 962 2031 visionis
995 1978 1115 2043 Dei,
1142 1994 1258 2032 non
1296 1983 1578 2049 quatenus
1615 1979 1871 2032 continet
1905 1995 2030 2032 cru-

327 2063 506 2118 ciatus
535 2069 590 2117 et
637 2070 853 2120 aeterna
898 2066 1180 2136 supplicia
1227 2067 1436 2120 animae
1494 2073 1552 2121 et
1602 2067 1882 2137 corporis.
1919 2067 2029 2123 Sed

327 2151 450 2206 haec
487 2153 768 2208 sententia
794 2154 949 2208 nulla
983 2156 1198 2208 ratione
1229 2155 1454 2210 admitti
1486 2160 1693 2225 potest,
1743 2156 1791 2210 si
1841 2155 2025 2210 consi-

327 2239 594 2294 daremus
624 2240 762 2311 quid
802 2241 1094 2311 Pelagiani
1146 2243 1382 2296 nomine
1438 2243 1599 2314 regni
1626 2245 1898 2298 cmlorum
1937 2245 2026 2299 in-

329 2329 674 2398 telligerent.
718 2331 783 2383 Et
825 2330 955 2384 licet
1002 2331 1300 2397 Moraines,
1351 2347 1512 2385 num.
1573 2336 1661 2396 55,
1722 2333 1874 2387 dicat
1904 2350 2024 2388 eos-

328 2415 458 2470 dem
496 2417 550 2470 id
607 2433 712 2470 non
763 2419 899 2472 satis
954 2421 1280 2487 expressisse
1327 2419 1617 2490 colligitur
1661 2423 1852 2475 tamen
1897 2439 2027 2493 quae

327 2502 500 2560 fuerit
527 2503 760 2558 illorum
782 2505 1064 2560 sententia
1092 2523 1160 2560 ex
1189 2507 1415 2561 Juliano
1447 2509 1546 2563 lib.
1581 2525 1632 2562 v1
1673 2509 1873 2578 Operis
1925 2510 2029 2565 im-

326 2593 496 2661 perf.,
527 2609 656 2663 cap.
691 2596 779 2658 37,
812 2593 911 2647 ubi
949 2593 1062 2649 ait:
1099 2611 1127 2645 α
1163 2595 1334 2649 Multo
1367 2596 1611 2650 maxime
1659 2599 2026 2668 congregatio

325 2681 512 2735 omnis
537 2681 854 2752 glorificata
902 2688 1227 2737 sanctorum
1267 2699 1388 2737 esse
1439 2685 1552 2739 Deo
1610 2685 1865 2755 subjecta
1909 2703 2027 2740 non

327 2769 576 2836 desistet,
609 2771 706 2824 sed
735 2776 918 2825 totum
965 2787 1174 2842 corpus
1201 2772 1442 2844 dignum
1499 2789 1676 2844 regno
1728 2775 2024 2842 cmlorum,

325 2857 477 2928 quod
505 2859 610 2912 sub
641 2858 846 2913 Christi
877 2860 1060 2930 capite
1107 2863 1476 2930 construitur,
1510 2862 1716 2917 divinae
1757 2863 2024 2918 volunta-

324 2947 370 3000 ti
427 2948 675 3017 perfecta
721 2949 1020 3003 affectione
1059 2949 1368 3004 cohaerebit
1414 2955 1478 3005 ut
1535 2953 1808 3006 exstincta
1867 2952 2026 3006 omni
2055 2973 2093 3026 ο

322 3037 631 3106 cupiditate
671 3038 993 3107 culparum,
1050 3039 1196 3092 Deus
1225 3043 1283 3092 et
1336 3039 1630 3094 contineat
1687 3045 1920 3095 cunctos
1973 3046 2028 3095 et

323 3125 627 3192 compleat.
652 3146 679 3173 ιι
705 3125 778 3178 Ex
794 3125 882 3178 bis
911 3125 1155 3180 infertur
1170 3127 1506 3196 Pelagianos
1527 3144 1640 3182 non
1665 3129 2024 3199 promississe

323 3210 518 3281 pueris
544 3211 820 3265 visionem
855 3213 1116 3282 beatam;
1147 3215 1361 3268 etenim
1388 3216 1586 3270 videns
1619 3218 1796 3270 Deum
1826 3219 2026 3272 divinae

319 3298 588 3366 voluntati
629 3302 868 3368 per/ecta
907 3301 1183 3368 affectione
1212 3303 1454 3367 cohaeret,
1484 3308 1544 3357 ut
1589 3307 1859 3360 exstincta
1905 3323 2023 3361 om—

319 3387 381 3438 ni
409 3385 710 3454 cupiditate
733 3389 1035 3455 culparum,
1089 3389 1234 3442 Deus
1265 3395 1316 3443 et
1352 3393 1620 3446 contineat
1662 3394 1926 3448 eumdem
1973 3400 2025 3451 et

320 3475 598 3542 compleat.
634 3474 818 3538 Quare
845 3477 1005 3546 pueri
1036 3475 1289 3531 fruentes
1320 3478 1532 3532 visione
1563 3481 1714 3534 clara
1757 3482 1853 3535 Dei
1897 3497 2020 3537 rea-

318 3575 419 3631 pse
441 3561 628 3615 forent
674 3561 734 3616 in
764 3579 944 3633 regno
1004 3564 1124 3630 Dei,
1158 3565 1312 3635 quod
1348 3566 1431 3620 illi
1463 3569 1770 3638 negabant.
1805 3570 2021 3624 Rursus

320 3655 548 3704 sanctus
576 3652 931 3722 Augustinus
962 3654 1176 3725 ubique
1208 3655 1416 3726 premit
1445 3658 1780 3726 Pelagianos
1812 3675 2022 3730 negan-
2053 3653 2058 3660 ’

318 3741 405 3792 tes
430 3746 720 3810 peccatum
765 3742 1062 3812 originale,
1117 3745 1268 3814 quod
1304 3745 1469 3814 pueri
1501 3746 1713 3799 exclusi
1754 3763 1788 3800 a
1839 3763 2018 3818 regno

317 3829 591 3881 caelorum
622 3829 911 3884 immerito
957 3835 1014 3884 et
1063 3831 1275 3902 injuste
1305 3839 1464 3887 tanta
1516 3832 1746 3889 miseria
1787 3841 2016 3908 torque-

316 3921 533 3972 rentur.
581 3917 695 3972 Lib.
734 3936 769 3972 ιι
801 3919 1001 3990 Operis
1029 3920 1282 3991 imperf.,
1316 3938 1419 3992 cap
1451 3925 1548 3978 H3
1575 3937 1587 3978 :
1629 3944 1650 3972 ε
1676 3928 1754 3978 Ac
1783 3926 2018 3981 tandem

317 4004 649 4076 aliquando,
675 4007 886 4078 inquit,
920 4015 1080 4063 extra
1107 4025 1352 4079 regnum
1389 4011 1490 4065 Dei
1521 4011 1773 4066 infelices
1794 4013 2016 4069 futuros

316 4093 573 4148 fatemini
624 4098 890 4166 parvulos
950 4115 1068 4152 non
1117 4104 1358 4155 renatos.
1419 4100 1598 4154 Dicite
1651 4117 1787 4172 ergo
1844 4103 2016 4173 hujus

314 4180 662 4236 infelicitatis
685 4185 978 4250 meritum,
1008 4187 1231 4241 verbosi
1255 4189 1686 4250 etcontentiosi.
1724 4191 1825 4261 qui
1848 4208 2014 4263 nega-

2132 482 2237 520 nec
2287 482 2354 520 eo
2399 466 2729 521 dilemmate
2767 466 3118 536 Augustinus
3166 466 3490 524 adversarios
3534 479 3760 544 perculis.

2134 559 2256 621 set;
2287 555 2500 609 etenim
2545 556 2691 608 Deus
2732 553 2881 608 clare
2923 555 3075 608 visus
3120 559 3313 624 regnat
3339 558 3480 612 solus
3518 560 3572 614 in
3611 565 3767 620 anima

2132 642 2397 709 videntis,
2438 647 2492 696 et
2531 658 2726 696 omnes
2769 643 3026 714 ejusdem
3073 649 3228 697 actus
3269 645 3408 714 regit
3443 663 3502 701 ac
3545 652 3764 708 modera-

2133 734 2249 786 tur.
2283 732 2479 802 Itaque
2512 731 2798 803 Pelagiani
2829 731 3241 786 beatitudinem
3271 738 3568 792 naturalem
3610 745 3770 810 pueris

2133 819 2530 887 destinabant;
2561 820 2644 874 uti
2671 821 2826 874 enim
2872 821 2957 875 illi
3005 822 3338 876 naturaliter
3381 824 3682 883 innocentes
3717 834 3770 885 ab

2132 908 2336 962 iisdem
2367 910 2780 974 asserebantur,
2815 910 3072 981 ejusdem
3111 911 3281 964 etiam
3327 913 3534 969 ordinis
3571 916 3770 972 beatitu-

2133 1001 2251 1052 tem
2281 997 2566 1065 invexere,
2601 998 2663 1052 in
2691 1016 2804 1070 quo
2836 1004 3028 1053 tamen
3059 999 3318 1070 dogmate
3348 1018 3623 1073 nunquam
3664 1008 3771 1076 quid

2135 1086 2410 1140 sentirent
2440 1087 2647 1142 nostris
2692 1087 2978 1155 innotuit;
3031 1089 3181 1142 unde
3221 1090 3558 1159 Augustinus
3599 1092 3771 1164 aliique

2135 1177 2328 1230 Patres
2358 1177 2693 1232 eorumdem
2725 1177 3065 1231 sententiam
3099 1177 3266 1246 plane
3315 1195 3370 1231 se
3418 1195 3524 1232 non
3561 1182 3772 1250 percipe-

2133 1280 2196 1318 re
2226 1264 2359 1318 fassi
2388 1269 2538 1320 sunt.
2574 1265 2672 1321 Ille
2701 1266 2799 1320 lib.
2833 1267 2902 1320 de
2937 1265 3433 1321 Prmdestinatione
3478 1274 3772 1329 sanctorum.

2136 1369 2262 1423 cap.
2301 1355 2383 1415 13,
2408 1359 2622 1418 narrat,
2670 1370 2704 1408 a
2741 1353 3059 1425 Pelagianis
3104 1354 3356 1423 promitti
3403 1357 3584 1425 pueris
3624 1374 3776 1412 raescuo

2137 1457 2295 1496 curus
2321 1443 2608 1508 felicitatis
2635 1444 2828 1511 locum,
2859 1447 2915 1496 et
2967 1442 3026 1497 iu
3069 1443 3169 1497 lib.
3202 1443 3272 1497 de
3319 1444 3634 1509 Haeresibus,
3677 1463 3774 1516 cap.

2139 1532 2230 1597 88,
2277 1535 2535 1585 aeternam
2581 1537 2632 1584 et
2674 1531 2884 1586 beatam
2933 1547 3194 1592 omnes!
3237 1534 3406 1586 citam
3452 1547 3612 1586 suam.
3652 1533 3778 1587 Idem

2138 1618 2312 1673 habet
2341 1620 2436 1674 lib.
2479 1637 2495 1673 ι
2526 1619 2594 1674 de
2625 1619 2857 1690 Origine
2883 1619 3114 1687 animm,
3157 1621 3320 1690 cujus
3357 1620 3521 1674 verba
3560 1637 3671 1675 mox
3710 1637 3779 1674 re-

2137 1705 2335 1762 feram.
2386 1709 2510 1777 Ipse
2554 1709 2817 1778 Pelagius
2853 1708 3039 1762 dicere
3086 1708 3349 1764 solebat:
3396 1709 3507 1775 Quo
3550 1715 3658 1764 eant
3693 1725 3781 1764 nes-

2136 1797 2238 1856 cio,
2271 1801 2335 1850 ut
2361 1812 2430 1850 ex
2459 1796 2778 1866 Augustino
2809 1796 3072 1867 superius
3096 1797 3311 1852 dictum
3333 1802 3435 1850 est.

2207 1885 2399 1939 Redeo
2429 1885 2501 1938 ad
2531 1886 2826 1940 Africanas
2853 1886 3128 1958 synodos.
3168 1887 3234 1940 In
3273 1885 3507 1940 concilio
3547 1885 3781 1941 celebrato

2137 1987 2288 2026 anno
2325 1974 2429 2027 418
2478 1973 2820 2044 Carthagine
2860 1979 3058 2028 contra
3089 1974 3447 2045 Pelagianos,
3482 1974 3540 2027 in
3575 1990 3674 2045 quo
3713 1973 3782 2027 hic

2136 2076 2320 2115 canon
2367 2061 2426 2114 in
2472 2061 2708 2116 vetustis
2748 2061 3036 2116 codicibus
3083 2067 3328 2116 statutus
3369 2063 3588 2133 legitur.
3617 2081 3642 2114 α
3672 2063 3782 2116 Item

2135 2149 2370 2220 placuit,
2440 2154 2505 2205 ut
2559 2150 2607 2205 si
2675 2151 2803 2222 quis
2845 2150 2999 2216 dicit,
3051 2150 3182 2206 ideo
3225 2151 3433 2205 dixisse
3482 2150 3780 2205 Dominum:

2135 2241 2198 2294 In
2229 2239 2384 2294 domo
2403 2241 2586 2294 Patris
2614 2243 2719 2294 mei
2734 2243 3036 2294 mansiones
3064 2242 3250 2295 multa:
3273 2245 3399 2294 sunt
3423 2240 3716 2308 (Joan.x1v),
3739 2244 3784 2290 ut

2139 2327 2513 2398 intelligatur,
2551 2329 2688 2399 quia
2718 2328 2776 2382 in
2807 2345 2984 2400 regno
3010 2331 3289 2383 cmiorum
3325 2329 3432 2382 erit
3473 2344 3675 2389 monis
3715 2343 3786 2380 iia-

2143 2431 2289 2482 DIUS,
2321 2421 2421 2471 aut
2453 2433 2628 2472 unus
2674 2433 2896 2472 sucum
2927 2433 3112 2485 Locus,
3147 2417 3248 2472 ubi
3291 2419 3452 2472 beate
3489 2417 3662 2471 vivant
3683 2431 3783 2485 par-

2138 2505 2274 2569 vuli,
2307 2505 2408 2576 qui
2435 2505 2558 2560 sine
2587 2505 2875 2576 baptismo
2905 2523 2975 2561 ex
3025 2508 3130 2562 hac
3177 2507 3296 2580 vita
3340 2507 3664 2577 migrarunt,
3693 2504 3786 2557 sine

2137 2610 2251 2664 quo
2280 2593 2338 2648 in
2369 2611 2613 2666 regnum
2645 2596 2942 2659 con-lorum,
2998 2597 3151 2668 quod
3191 2601 3280 2650 est
3321 2596 3434 2650 vita
3470 2599 3682 2659 mterna,
3720 2592 3783 2644 iu-

2136 2687 2288 2737 trare
2317 2699 2432 2738 non
2473 2689 2735 2754 possunt,
2772 2685 3076 2739 anathema
3122 2685 3216 2738 sit.
3273 2685 3411 2739 Nam
3451 2700 3574 2738 cum
3621 2678 3784 2735 Domi-

2135 2787 2244 2826 nus
2268 2772 2417 2827 dicat
2450 2789 2462 2827 :
2495 2775 2620 2830 Nisi
2648 2775 2772 2841 quis
2799 2778 3021 2828 renatus
3045 2776 3226 2840 fuerit
3249 2789 3318 2828 ex
3352 2789 3498 2842 aqua
3529 2778 3574 2826 et
3617 2771 3786 2839 Spiritu

2137 2868 2338 2929 sancto,
2379 2880 2485 2919 non
2523 2863 2758 2918 intrabit
2789 2865 2847 2916 in
2884 2877 3109 2930 regnum
3157 2864 3434 2927 enatorum,
3473 2860 3594 2932 quis
3633 2857 3785 2912 catho-

2133 2953 2275 3008 licus
2331 2954 2550 3009 dubitet
2599 2967 2917 3006 marrcrpau
2968 2967 3102 3006 rom:
3153 2968 3397 3016 nueom,
3437 2949 3534 3021 qui
3575 2948 3782 3001 coheres

2137 3056 2258 3094 esse
2289 3057 2406 3094 non
2448 3040 2659 3094 meruit
2687 3039 2946 3094 Christi?
2992 3039 3098 3104 Qui
3146 3040 3307 3095 enim
3338 3041 3534 3094 dextra
3558 3039 3710 3099 caret,
3735 3049 3788 3086 sx-

2135 3145 2364 3184 msrau
2394 3143 2600 3184 paocun
2622 3140 2781 3184 υυιιο
2823 3144 3024 3184 PARTEM
3073 3146 3363 3185 INCUBRB‘I.
3398 3148 3425 3179 ν
3483 3128 3542 3181 In
3590 3122 3790 3179 Historia

2135 3219 2458 3290 Pelagiana,
2498 3221 2602 3274 lib.
2656 3235 2696 3284 ι,
2744 3234 2868 3289 cap.
2926 3223 3012 3287 13,
3056 3218 3216 3273 hunc
3261 3231 3541 3271 canonem
3581 3209 3788 3273 recitavi,

2132 3309 2232 3363 ubi
2261 3325 2325 3363 ex
2358 3309 2558 3363 Photio
2589 3307 2810 3362 ostendi
2840 3307 2900 3362 in
2926 3307 3179 3377 antiquis
3228 3306 3516 3361 codicibus
3559 3302 3789 3371 scriptum

2131 3398 2323 3465 fuisse,
2355 3399 2506 3470 quod
2538 3399 2712 3454 etiam
2742 3402 2985 3453 testatur
3033 3395 3255 3459 Binius,
3304 3395 3436 3449 licet
3491 3410 3522 3446 a
3545 3386 3790 3446 nonnullis

2133 3489 2376 3543 omissus
2409 3489 2500 3555 sit,
2533 3489 2603 3543 de
2652 3505 2766 3560 quo
2817 3487 2951 3541 nolo
2983 3501 3114 3539 cum
3146 3483 3429 3556 quopiam
3460 3474 3792 3535 contentionis

2129 3577 2326 3632 funem
2372 3578 2598 3632 ducere.
2644 3576 2884 3631 Interim
2916 3575 3024 3628 hoc
3067 3575 3266 3644 ipsum
3320 3571 3497 3625 sancti
3535 3561 3791 3637 Augustini

2127 3668 2455 3722 testimonio
2485 3665 2858 3730 conﬁrmabo,
2891 3663 2991 3734 qui
3022 3663 3120 3716 lib.
3158 3679 3201 3716 II
3231 3662 3302 3716 de
3333 3659 3562 3730 Origine
3605 3654 3790 3716 animai,

2128 3772 2251 3827 caP.
2309 3760 2393 3822 t2,
2458 3755 2698 3810 scribit:
2761 3776 2782 3802 ι
2847 3751 3109 3807 Novellos
3156 3750 3462 3806 haereticos
3508 3743 3792 3812 Pelagianos

2121 3843 2435 3914 justissima
2495 3841 2866 3898 conciliorum
2923 3839 3345 3894 catholicorum
3406 3842 3460 3914 et
3508 3834 3648 3889 sedis
3691 3844 3794 3898 apu-

2126 3931 2337 3986 stolicaa
2363 3931 2654 3986 damnavit
2685 3929 3012 3995 auctoritas,
3043 3945 3109 3982 eo
3139 3929 3297 3999 quod
3329 3925 3452 3980 ausi
3482 3923 3677 3979 fuerint
3702 3931 3790 3971 non

2128 4021 2429 4090 baptizatis
2458 4019 2709 4091 parvulis
2737 4019 2869 4073 dare
2891 4017 3099 4089 quietis
3125 4023 3185 4071 et
3215 4016 3418 4072 salutis
3446 4015 3627 4069 locum
3655 4007 3792 4063 etiam

2122 4116 2332 4181 praeter
2361 4125 2606 4179 regnum
2654 4108 2949 4162 caelorum.
2984 4127 3012 4155 »
3063 4106 3229 4160 Unde
3261 4104 3398 4159 satis
3437 4098 3721 4157 verisimile
3744 4093 3793 4147 fit

2128 4199 2426 4252 laudatum
2458 4213 2738 4251 canonem
2784 4211 2983 4266 reapse
3013 4194 3191 4249 fuisse
3245 4194 3318 4248 ab
3362 4189 3634 4247 Africanis
3659 4197 3792 4256 syno-

314 4269 388 4323 tis
409 4271 686 4341 originale
707 4281 1070 4342 peccatum.»
1098 4277 1362 4344 Etlib.iv,
1387 4279 1751 4347 cap'99,ait:
1779 4299 1805 4330 io
1827 4282 2016 4350 Ipsum
2052 4271 2092 4324 Ῑ)
2128 4285 2214 4340 dis
2267 4292 2586 4341 exaratum.
2634 4285 2778 4339 Illud
2827 4300 2959 4337 vero
3009 4283 3437 4337 observandum
3486 4277 3651 4343 venit,
3692 4272 3792 4326 ideo

316 4359 491 4412 etiam
522 4361 599 4414 sic
633 4361 860 4430 amatis,
894 4369 956 4416 ut
1001 4379 1119 4418 non
1154 4364 1233 4418 ibi
1265 4381 1408 4430 esse,
1443 4383 1558 4419 non
1606 4368 1805 4422 saltem
1836 4369 2015 4424 levem

312 4462 545 4516 pinnam
573 4449 816 4504 credatis
854 4451 1103 4505 hominis
1136 4469 1276 4516 esse,
1313 4454 1415 4507 sed
1449 4455 1686 4509 nullam.
1725 4475 1751 4506 ν
1779 4457 1941 4520 Quod
1968 4458 2017 4512 si

318 4535 578 4605 Pelagini
607 4543 765 4592 extra
798 4555 1043 4609 regnum
1081 4541 1179 4595 Dei
1206 4540 1419 4596 dabant
1447 4543 1698 4613 parvulis
1737 4545 2016 4601 visionem

318 4623 438 4687 Dei,
487 4624 639 4678 haud
686 4635 1070 4698 congruenter
1113 4631 1466 4700 Augustinus
1495 4637 1692 4687 contra
1740 4633 1894 4703 ipsos
1926 4635 2014 4688 in-

314 4711 536 4766 ferebat
582 4730 788 4784 pueros
833 4718 1050 4771 futuros
1097 4719 1352 4774 infelices
1382 4726 1436 4775 et
1466 4738 1648 4792 poenae
1701 4723 2006 4794 subjectos.

315 4800 459 4854 Nam
509 4801 707 4856 videns
755 4804 932 4857 Deum
982 4806 1237 4876 possidet
1278 4825 1568 4863 summum
1616 4810 1856 4880 bonum,
1911 4828 2016 4866 nec

311 4888 431 4943 ullo
463 4895 628 4961 pacto
661 4895 846 4960 potest
872 4907 994 4945 esse
1036 4893 1248 4958 infelix,
1285 4901 1384 4950 aut
1422 4896 1592 4950 alicui
1624 4913 1805 4968 poena:
1836 4899 2013 4953 obno-

315 4977 463 5033 xius.
501 4980 786 5034 Praeterea
817 4986 1042 5036 sanctus
1074 4984 1258 5051 Pater,
1288 4985 1432 5039 libro
1463 5002 1502 5039 n
1531 4986 1732 5056 Operis
1761 4987 2013 5058 imperf.,

311 5082 436 5137 cap.
491 5071 610 5130 113,
665 5068 755 5123 his
803 5069 978 5124 instat
997 5072 1224 5127 Iuliano
1269 5079 1325 5127 et
1377 5075 1645 5144 collegis:
1681 5075 1876 5143 Dicite,
1909 5077 2011 5132 ob-

311 5169 470 5208 secro
519 5157 580 5211 in
627 5173 695 5212 ea
748 5158 1014 5214 felicitate
1071 5178 1198 5233 quae
1247 5167 1401 5216 extra
1443 5164 1540 5217 Dei
1591 5181 1831 5236 regnum
1879 5167 2008 5232 erit,

314 5241 540 5296 ullusne
590 5247 851 5312 regnabit
909 5265 981 5302 an
1011 5250 1251 5303 nullus?
1297 5249 1344 5303 si
1392 5253 1604 5317 nullus,
1645 5253 1879 5307 liberior
1904 5256 2014 5308 erit

310 5333 511 5398 procul
544 5331 718 5386 dubio
737 5335 859 5390 sine
891 5337 1008 5391 ullo
1035 5354 1170 5408 rege
1201 5337 1298 5391 illa
1319 5337 1594 5407 felicilas;
1624 5341 1670 5394 si
1697 5358 1832 5396 vero
1865 5344 2010 5397 ullus

309 5417 372 5470 in
404 5433 472 5472 ea
502 5421 783 5491 regnabit,
818 5425 946 5495 quis
975 5426 1084 5480 erit
1112 5443 1210 5481 rex
1241 5425 1558 5496 imaginum
1609 5430 1728 5496 Dei,
1769 5431 1868 5501 qui
1894 5447 2009 5487 non

311 5505 424 5562 erit
453 5507 602 5564 Deus
620 5509 649 5564 ?
682 5531 704 5560 ι
739 5513 813 5568 At
837 5512 899 5568 in
937 5515 1038 5572 illa
1062 5515 1313 5571 secunda
1338 5516 1604 5572 felicitate
1652 5520 1819 5589 pueri
1847 5521 2008 5576 frue-

2123 4376 2317 4430 Patres
2348 4391 2585 4446 negasse
2612 4375 2783 4428 alium
2813 4373 3016 4427 alicubi
3048 4373 3245 4437 locum,
3281 4371 3425 4442 quia
3452 4370 3560 4423 duo
3605 4365 3792 4418 tantum

2125 4461 2248 4516 loca
2279 4463 2652 4517 nominantur
2682 4462 2739 4515 in
2772 4461 2943 4515 sacris
2989 4461 3218 4522 litteris,
3278 4475 3490 4529 nempe
3537 4457 3715 4510 dextra
3751 4451 3795 4499 et

2124 4550 2373 4618 sinistra,
2406 4557 2464 4606 et.
2489 4567 2558 4605 ex
2587 4549 2960 4620 consequenti
3004 4551 3312 4620 participes
3352 4551 3470 4615 fore
3502 4541 3709 4633 diaboli.
3744 4535 3793 4633 in

2126 4637 2358 4693 sinistra
2381 4640 2612 4711 judicis,
2642 4640 2796 4694 unde
2821 4644 3083 4693 asserunt
3121 4655 3339 4709 pueros
3385 4638 3603 4691 futuros
3648 4630 3700 4682 in
3735 4630 3792 4678 si.

2122 4727 2322 4782 eodem
2349 4729 2494 4783 libro
2526 4729 2596 4784 de
2627 4728 2858 4799 Origine
2889 4729 3119 4796 animm,
3140 4744 3270 4798 cap.
3305 4730 3360 4791 9,
3393 4723 3583 4778 scribit
3606 4719 3794 4772 sanctus

2122 4815 2290 4870 Pater
2322 4833 2335 4870 :
2373 4840 2396 4867 ι
2433 4818 2557 4871 Non
2585 4817 2885 4887 baptizatis
2901 4815 3152 4888 parvulis
3175 4832 3355 4869 nemo
3371 4805 3795 4897 promittatintfr

2121 4904 2549 4959 damnationem
2585 4921 2941 4976 regnumque
2965 4906 3244 4959 caelorum
3289 4901 3521 4973 quietis,
3570 4897 3647 4950 vel
3691 4891 3793 4946 feli-

2120 4993 2307 5047 citatis
2351 5009 2666 5048 cuwsunar
2709 5000 2878 5065 atque
2937 5009 3202 5055 UBILIBB‘I‘,
3251 4990 3419 5062 quasi
3467 4999 3662 5044 IEDIUX
3711 4995 3790 5034 Lo-

2121 5098 2247 5136 cux.
2285 5083 2401 5137 Hoc
2424 5083 2580 5138 enim
2602 5083 2684 5136 eis
2704 5083 2874 5136 etiam
2903 5082 3133 5136 haeresis
3155 5081 3469 5150 Pelagiana
3491 5068 3748 5163 promisit.
3766 5083 3789 5114 ι

2120 5171 2306 5235 Quare
2336 5187 2466 5225 cum
2491 5172 2588 5225 illa
2619 5170 2815 5242 opinio
2846 5170 2910 5225 de
2941 5171 3103 5240 quasi
3130 5169 3310 5223 medio
3342 5168 3471 5230 loco,
3500 5174 3688 5231 nempe
3725 5169 3792 5208 ωε

2118 5261 2206 5312 ter
2239 5259 2556 5314 inferorum
2589 5277 2786 5332 pinnas
2815 5265 2872 5315 et
2901 5259 3110 5330 gaudia
3163 5257 3333 5327 regni
3382 5252 3632 5312 caelestis.
3666 5247 3793 5339 ίηίξτ

2119 5362 2340 5402 errores
2390 5349 2622 5402 haeresis
2670 5348 2993 5418 Pelagianae
3041 5346 3402 5416 Augustinus
3451 5333 3789 5396 recensueril,

2118 5441 2338 5490 constat
2365 5437 2628 5492 eamdem
2656 5441 2712 5490 et
2755 5438 2826 5491 ab
2875 5434 3154 5490 Africanis
3206 5432 3492 5494 Patrilus,
3541 5426 3635 5498 qui
3677 5435 3788 5474 cou-

2119 5527 2203 5580 tra
2227 5523 2389 5581 illam
2419 5525 2685 5581 haeresim
2733 5523 3169 5596 diligentissime
3196 5520 3538 5581 excubuere,
3577 5515 3787 5570 damna-
