3946 6176
134 284 240 336 645

1421 281 1743 337 νΙΝῡΙΟΙᾸΞ
1782 281 2330 337 ΑΙΠΞΙΙΞΤΙΝΙΑΝίΕ.

3538 287 3640 342 646

131 411 254 460 tam
300 404 497 469 fuisse,
547 404 704 475 quod
750 419 815 456 ex
859 402 1111 457 dicendis
1155 401 1466 456 clarissime
1512 403 1825 473 apparebit.
1857 407 1900 461 A
1939 404 2336 475 episcOporum
2359 402 2594 458 nomina
2622 406 2956 457 cunctorum
2985 402 3318 458 dicebantur
3346 404 3407 459 in
3446 407 3639 475 titulo,

206 493 303 547 His
334 492 544 547 addam
574 492 854 562 synodum
889 493 1307 561 Byzacenorum
1342 493 1575 546 Patrum
1608 492 1668 546 in
1700 493 1835 547 Sar-

132 581 353 636 diniam
380 598 410 633 a
439 579 871 633 Thrasamundo
904 595 1037 657 rege
1068 580 1450 633 Vandalorum
1496 581 1705 634 Ariano
1755 598 1835 635 re-

137 670 457 741 legatorum
489 668 853 722 sententiam.
906 669 1047 722 Cum
1091 668 1590 738 Constantinopoli
1636 684 1837 738 graves

135 759 207 813 de
234 758 427 813 divina
456 757 640 827 gratia
669 758 797 810 lites
834 757 1207 827 agitarentur,
1259 757 1525 811 nonnulli
1567 758 1837 812 monachi

130 862 239 917 pro
301 846 506 900 iisdem
569 845 983 914 componendis
1040 846 1281 899 Romam
1332 846 1590 915 profecti,
1642 847 1839 900 audita

133 933 541 989 Africanorum
586 933 910 987 antistitum
941 933 999 986 in
1057 933 1318 988 Sardinia
1362 935 1622 988 exsulum
1663 935 1836 1001 fama,

131 1022 490 1092 legationem
554 1021 625 1075 ad
693 1024 920 1076 eosdem
978 1021 1362 1087 destinarunt;
1409 1023 1622 1076 librum
1667 1024 1839 1076 etiam

131 1110 419 1165 miserunt
449 1111 517 1164 de
553 1110 950 1166 lncarnatione
984 1111 1210 1164 Domini
1243 1116 1299 1165 et
1337 1111 1529 1165 divina
1578 1113 1760 1182 gratia
1808 1129 1838 1166 a

129 1198 338 1269 seipsis
367 1199 769 1268 conscriptum,
806 1204 1068 1269 rogantes
1098 1205 1162 1253 ut
1200 1199 1269 1253 de
1316 1200 1514 1253 eodem
1557 1200 1840 1269 judicium

129 1286 374 1341 ferrent.
408 1286 677 1357 Byzaceni
700 1288 915 1357 Patres,
948 1304 1078 1340 cum
1100 1288 1391 1341 communi
1412 1287 1667 1354 consilio,
1702 1287 1838 1358 quid

129 1376 474 1430 memoratis
518 1376 813 1429 monachis
865 1376 1294 1430 rescribendum
1343 1377 1492 1430 foret
1532 1377 1839 1431 deliberas-

129 1469 282 1531 sent,
321 1464 617 1533 Fulgentio
647 1464 914 1534 episcopo
963 1465 1247 1535 Ruspensi
1286 1465 1583 1535 injunxere
1635 1469 1695 1517 ut
1742 1464 1840 1518 de-

128 1558 292 1606 creta
324 1570 358 1605 a
388 1553 649 1606 Patribus
678 1553 737 1606 in
767 1554 983 1606 litteras
1036 1554 1309 1615 mitteret,
1371 1554 1470 1624 qui
1516 1569 1546 1608 e
1599 1553 1839 1623 vestigio

128 1641 356 1696 librum
385 1641 636 1695 exaravit
666 1642 1005 1712 inscriptum
1031 1642 1098 1696 de
1131 1642 1525 1696 lncarnatione
1556 1647 1612 1695 et
1637 1641 1838 1711 gratia.

134 1732 203 1785 ln
235 1747 304 1785 eo
340 1737 529 1784 autem
560 1732 863 1801 Augustini
894 1731 1179 1784 sententia
1208 1732 1276 1785 de
1307 1731 1490 1801 pugnis
1531 1746 1841 1799 puerorum

133 1818 500 1889 apertissime
576 1820 848 1886 traditur;
926 1819 1138 1873 etenim
1224 1835 1347 1888 cap.
1384 1820 1447 1873 14
1520 1819 1837 1889 inquiunt:

134 1908 315 1971 «Qum
342 1907 565 1977 justitia
608 1912 711 1973 est,
762 1913 824 1960 ut
871 1907 1062 1977 imago
1115 1906 1235 1970 Dei,
1289 1923 1419 1978 quae
1468 1906 1614 1960 nihil
1659 1906 1845 1976 potuit

132 2012 246 2067 per
303 1997 551 2066 seipsam
619 1995 973 2065 delinquere,
1034 1996 1080 2048 si
1151 2011 1268 2049 non
1342 1995 1659 2049 redimatur
1722 2012 1844 2048 san-

134 2087 320 2157 guine
397 2085 521 2139 Filii
610 2084 728 2150 Dei,
808 2085 866 2138 in
939 2101 1183 2156 regnum
1256 2084 1357 2138 Dei
1424 2100 1539 2137 non
1605 2083 1842 2154 permit-

132 2181 300 2230 tatur
358 2174 622 2228 intrare?
687 2173 808 2237 Quo
863 2173 1060 2244 utique
1140 2172 1398 2243 quisquis
1461 2188 1577 2225 non
1654 2171 1844 2241 ingre-

137 2261 323 2327 ditur,
375 2277 877 2315 mrsammmueus
918 2277 1059 2314 IGNIS
1103 2277 1308 2315 aream
1348 2276 1698 2315 CRUCIABITUR
1744 2276 1847 2313 pa;-

142 2364 261 2403 N15.
302 2349 425 2413 Qua
471 2350 649 2419 igitur
687 2350 910 2419 justitia
962 2351 1107 2403 Deus
1146 2350 1336 2419 justus
1379 2349 1692 2403 infantibus
1724 2350 1845 2402 sine

140 2444 384 2508 peccato
416 2438 777 2491 nascentibus
806 2438 1018 2508 ingerit
1045 2454 1295 2508 pcenam,
1327 2437 1387 2491 in
1418 2438 1626 2508 quibus
1664 2454 1848 2509 poenas

140 2542 265 2581 non
294 2525 513 2579 invenit
542 2543 771 2579 causam
799 2526 826 2579 ?
857 2546 882 2579 »
918 2528 1063 2580 Item
1093 2543 1216 2597 cap.
1245 2529 1311 2580 30
1331 2528 1451 2580 haec
1477 2526 1842 2580 scribuntur:

146 2614 485 2678 aQuomodo
506 2614 843 2681 infantibus,
877 2615 975 2685 qui
995 2615 1359 2684 baptizantur
1379 2619 1436 2669 et
1459 2616 1521 2668 in
1544 2615 1742 2669 eadem
1765 2613 1847 2667 in-

138 2704 329 2758 fantia
348 2703 694 2769 moriuntur,
716 2704 889 2758 donat
910 2709 1181 2758 aeternam
1203 2704 1462 2768 salutem,
1488 2719 1736 2774 quorum
1752 2702 1845 2756 bo-

139 2808 284 2847 nam
307 2808 411 2846 nec
428 2796 731 2862 exspectat,
764 2808 866 2845 nec
885 2791 1105 2845 invenit
1131 2792 1526 2845 voluntatem?
1547 2793 1686 2843 ltem
1708 2791 1848 2843 alios

139 2881 438 2951 quomodo
478 2880 599 2934 sine
642 2880 982 2950 baptismate
1015 2883 1269 2933 mortuos
1306 2895 1541 2933 areams
1576 2894 1846 2933 caecum-

143 2985 252 3024 nns
271 2970 525 3037 damnat,
540 2985 669 3022 cum
690 2969 749 3021 in
768 2969 848 3022 eis
869 2969 1087 3021 nullam
1109 2968 1336 3037 culpam
1359 2968 1523 3021 malae
1542 2967 1847 3021 voluntatis
1878 2996 1915 3050 ο

143 3057 444 3111 inveniat?
490 3058 685 3110 Nonne
725 3056 862 3110 istos
909 3055 1174 3110 inimicos
1218 3056 1418 3126 gratias
1469 3056 1603 3135 Dei,
1626 3071 1730 3108 nec
1760 3055 1849 3108 de-

143 3146 401 3200 fensores
443 3145 701 3211 humani,
749 3145 845 3199 sed
884 3145 1217 3215 deceptores
1249 3143 1471 3198 arbitrii
1508 3144 1577 3198 ad
1602 3136 1715 3198 hoc
1744 3159 1848 3197 sua

143 3235 493 3306 perversitas
522 3233 693 3304 cogit,
726 3238 793 3287 ut
838 3235 1017 3288 Deum
1056 3239 1263 3304 putent
1302 3233 1569 3303 iniquum
1597 3232 1658 3286 in
1688 3232 1848 3286 obitu

145 3324 412 3377 omnium
444 3322 831 3393 parvulorum,
863 3322 961 3387 ubi
991 3324 1150 3376 nulla
1180 3322 1594 3376 interveniente
1628 3323 1712 3376 vel
1743 3321 1846 3375 bo-

146 3412 330 3466 nitate
396 3413 479 3464 vel
548 3411 767 3465 malitia
830 3410 1153 3475 voluntatis,
1214 3410 1359 3464 alios
1425 3410 1619 3464 vident
1675 3409 1849 3480 potiri

148 3515 349 3569 regno,
407 3500 546 3553 alios
601 3514 1004 3553 mraamnamm
1067 3514 1367 3552 parurxros
1429 3515 1683 3552 memoro
1730 3498 1757 3551 τ
1821 3519 1841 3546 ι

148 3589 252 3643 Hic
286 3588 429 3643 liber
458 3588 606 3642 inter
644 3588 939 3642 volumina
969 3588 1147 3641 sancti
1177 3587 1464 3657 Fulgentii
1495 3592 1845 3656 recensetur,

150 3677 305 3749 quod
354 3678 425 3731 ab
455 3678 579 3747 ipso
610 3677 854 3731 dictatus
892 3676 1019 3744 fuit,
1049 3682 1101 3730 at
1145 3675 1411 3729 eumdem
1444 3692 1475 3728 a
1509 3675 1726 3745 synodo
1757 3691 1850 3745 ap-

149 3766 475 3837 probatum,
508 3782 572 3819 ac
607 3766 676 3819 ad
708 3766 1019 3819 monachos
1051 3767 1292 3819 Romam
1323 3765 1561 3817 missum
1592 3768 1749 3834 patet
1780 3779 1848 3817 ex

148 3856 259 3909 hoc
296 3855 553 3925 ejusdem
591 3854 776 3917 initio,
813 3854 909 3907 ubi
941 3852 1190 3923 episcopi
1226 3851 1497 3922 Byzaceni
1537 3852 1847 3905 nominan-

148 3948 244 3999 tur
284 3961 297 3997 :
344 3962 372 3995 α
423 3942 812 3997 Dilectissimis
854 3947 910 3996 et
956 3941 1016 3995 in
1064 3941 1272 3996 Christi
1304 3940 1414 3993 ﬁde
1466 3946 1635 4009 atque
1666 3939 1850 4010 gratia

146 4032 464 4105 plurimum
493 4030 903 4102 amplectendis
925 4030 1133 4084 sanctis
1156 4029 1447 4090 fratribus,
1471 4030 1636 4082 Petro
1666 4028 1850 4082 diaco-

150 4138 247 4187 no,
280 4121 504 4187 Joanni,
539 4120 770 4174 Leontio
803 4124 861 4173 et
896 4119 1008 4173 alio
1033 4117 1258 4185 Joanni,
1289 4116 1626 4186 caterisque
1660 4115 1848 4169 fratri-

146 4210 277 4275 bus,
296 4216 425 4276 etc.,
453 4209 749 4273 Dacianus,
778 4210 1135 4274 Fortunatus,
1164 4208 1426 4273 Boethus,
1455 4205 1642 4259 Victor
1670 4204 1849 4259 Scho—

1943 494 2040 547 sed
2073 494 2247 547 solius
2288 495 2345 547 B.
2395 492 2679 563 Fulgentii
2723 508 2909 545 sermo
2962 492 3259 546 tenebatur
3304 493 3363 547 in
3412 497 3572 565 stylo.
3608 518 3635 549 »

1944 582 2129 646 Quare
2177 599 2241 635 ea
2280 582 2545 635 omnibus
2607 579 2825 651 Byzacii
2892 580 3172 645 Patribus,
3220 598 3469 653 quorum
3514 589 3635 638 tum

1942 671 2217 741 temporis
2247 669 2524 724 Decianus
2553 674 2675 722 erat
2700 669 2933 738 primas,
2967 670 3249 724 sententia
3298 674 3471 727 stetit.
3528 676 3637 728 Ha-

1944 759 2144 813 bemus
2174 759 2347 813 etiam
2371 758 2672 829 epistolam
2696 758 3020 828 synodicam
3061 761 3394 814 eorumdem
3422 762 3640 817 antisti-

1943 853 2088 914 tum,
2124 849 2275 902 inter
2314 864 2458 919 quos
2500 852 2691 901 tamen
2747 848 3071 917 Fulgentius
3117 865 3236 902 non
3286 851 3637 920 nominatur,

1944 953 2115 1009 quam
2149 936 2455 1008 publicavit
2482 936 2833 1004 Sirmondus,
2876 941 2931 990 et
2971 937 3122 991 inter
3172 938 3354 1008 Opera
3400 940 3640 1009 Fulgen-

1943 1027 2029 1093 tii,
2063 1032 2202 1082 tom.
2262 1027 2329 1080 VI
2386 1026 2527 1080 Bibl.
2581 1028 2833 1089 Patrum,
2900 1025 3035 1079 edit.
3086 1026 3429 1095 Coloniens.,
3490 1046 3638 1084 anno

1949 1117 2083 1170 1618
2114 1118 2458 1179 recensetur,
2510 1114 2569 1168 in
2625 1115 2786 1184 cujus
2837 1130 2959 1184 cap.
3015 1118 3046 1169 8
3101 1115 3301 1171 eadem
3357 1117 3641 1172 sententia

1943 1203 2207 1257 traditur.
2238 1203 2415 1256 Verba
2446 1202 2685 1256 inferius
2713 1202 2982 1256 recitabo.

2019 1292 2155 1345 Volo
2188 1292 2279 1344 hic
2328 1291 2618 1345 evidenter
2666 1291 2965 1344 ostendere
3016 1289 3332 1361 antiquitus
3378 1291 3440 1345 in
3486 1293 3636 1346 Afri-

1946 1396 2088 1433 cana
2145 1380 2407 1445 Ecclesia,
2468 1380 2527 1432 in
2568 1394 2682 1448 qua
2738 1378 3144 1449 quadringenti
3200 1380 3491 1450 sexaginta
3547 1397 3641 1435 sex

1948 1466 2200 1537 episcopi
2231 1467 2701 1531 numerabantur,
2737 1468 2877 1519 adeo
2920 1473 3137 1519 certum
3185 1466 3378 1536 fuisse,
3433 1484 3643 1537 pueros

1948 1556 2070 1609 sine
2099 1556 2381 1625 baptismo
2411 1556 2705 1609 defunctos
2734 1554 2928 1621 puniri
2950 1554 3008 1606 in
3036 1554 3233 1608 inferis
3266 1572 3435 1625 pmna
3464 1557 3644 1610 sensi-

1951 1644 2074 1708 bili,
2108 1650 2173 1697 ut
2203 1643 2258 1697 id
2304 1644 2455 1696 inter
2493 1642 2625 1696 ﬁdei
2665 1643 2933 1712 dogmata
2976 1643 3223 1696 relatum
3267 1643 3452 1697 fuerit.
3503 1645 3643 1698 Cum

1953 1735 2151 1805 Petrus
2208 1733 2496 1797 diaconus,
2568 1730 2653 1784 vir
2708 1730 3087 1795 doctissimus,
3142 1736 3207 1784 ut
3257 1747 3324 1784 ex
3390 1732 3647 1800 ejusdem

1952 1821 2099 1875 libro
2133 1822 2201 1874 de
2234 1821 2629 1874 lncarnatione
2654 1824 2710 1873 et
2750 1819 2934 1888 gratia
2973 1823 3210 1883 constat,
3255 1817 3315 1871 in
3359 1818 3649 1873 Orientem

1953 1909 2388 1963 transmissurus
2458 1914 2622 1966 esset.
2698 1906 2915 1977 rogavit
2968 1923 3072 1976 per
3118 1907 3332 1960 litteras
3389 1913 3649 1962 sanctum

1956 1998 2337 2067 Fulgentium,
2372 2002 2433 2051 ut
2459 1997 2687 2051 brevem
2720 1995 2853 2049 fidei
2903 1995 3195 2049 catholicae
3244 1995 3535 2065 synopsim
3578 1997 3650 2051 ad

1953 2103 2012 2139 se
2038 2088 2306 2151 mitteret,
2337 2086 2428 2139 cui
2476 2102 2532 2138 se
2578 2085 2937 2139 conformare
2985 2089 3176 2154 posset
3225 2100 3239 2138 :
3297 2085 3653 2156 intelligebat

1954 2175 2109 2229 enim
2151 2176 2341 2244 plures
2383 2175 2628 2228 haereses
2675 2173 2903 2244 passim.
2935 2178 3056 2226 toto
3108 2173 3337 2227 Oriente
3376 2174 3647 2244 grassari.

1957 2263 2285 2333 Fulgentius
2313 2263 2521 2316 librum
2547 2262 2732 2316 eidem
2766 2260 2922 2314 misit
2948 2260 3283 2331 inscriptum
3313 2262 3381 2316 de
3414 2262 3548 2317 Fide
3578 2263 3650 2317 ad

1956 2354 2210 2417 Petrum,
2243 2368 2356 2423 qua
2386 2352 2455 2406 de
2484 2367 2543 2404 re
2576 2350 2693 2403 dixi
2717 2350 2819 2403 lib.
2855 2366 2891 2403 ιι
2932 2349 3073 2403 Hist.
3126 2350 3342 2419 Pelag,
3386 2364 3511 2419 cap.
3568 2352 3651 2403 19.

1956 2442 2019 2495 In
2051 2457 2117 2495 eo
2149 2448 2344 2494 autem
2374 2438 2660 2493 volumine
2681 2438 3061 2509 quadraginta
3080 2437 3351 2508 dogmata
3369 2438 3440 2492 ad
3466 2438 3655 2492 catho-

1955 2529 2125 2583 licam
2152 2530 2325 2583 ﬁdem
2356 2528 2702 2599 pertinentia
2731 2526 2951 2592 recitat,
2984 2542 3165 2596 eaque
3196 2526 3257 2579 in
3289 2526 3518 2595 singula
3563 2542 3653 2579 ea-

1955 2616 2077 2687 pita
2107 2617 2337 2687 digerit,
2368 2633 2497 2687 quae
2538 2617 2616 2670 ita
2654 2616 2999 2669 inchoantur
3025 2631 3039 2669 :
3072 2616 3408 2669 Firmissime
3437 2619 3572 2681 tene,
3604 2619 3656 2669 et

1955 2707 2263 2759 nullatenus
2292 2704 2521 2758 dubites.
2556 2704 2811 2758 Primum
2862 2703 3071 2772 dogma
3119 2702 3389 2756 recitatur
3433 2718 3554 2772 cap.
3597 2704 3649 2757 4.

1957 2793 2099 2848 Cum
2130 2810 2262 2846 vero
2285 2808 2408 2863 cap.
2444 2795 2509 2846 26
2545 2792 2827 2862 posuisset
2871 2791 3081 2861 dogma
3126 2806 3262 2843 xxiii
3308 2792 3377 2844 de
3422 2794 3654 2860 peccato

1958 2881 2245 2952 originali,
2290 2880 2473 2951 capite
2525 2879 2852 2949 insequenti
2902 2881 2967 2932 27
3026 2880 3148 2933 haec
3203 2878 3436 2933 scribit:
3474 2900 3496 2928 ι
3535 2879 3653 2933 Fir-

1958 2970 2208 3024 missime
2231 2974 2378 3032 tene,
2414 2974 2471 3023 et
2495 2969 2818 3021 nullatenus
2849 2967 3091 3027 dubites,
3124 2984 3240 3021 non
3262 2969 3447 3021 solum
3476 2967 3654 3021 homi-

1955 3074 2056 3111 nes
2079 3058 2199 3129 jam
2229 3057 2447 3111 ratione
2477 3061 2723 3123 utentes,
2776 3071 2973 3109 verum
3018 3056 3191 3110 etiam
3238 3056 3506 3126 parvulos
3550 3054 3651 3126 qui

1954 3146 2068 3200 sive
2100 3146 2159 3200 in
2186 3146 2361 3199 uteris
2384 3150 2653 3211 matrum,
2684 3145 2797 3198 sive
2822 3161 2954 3198 cum
2978 3144 3047 3199 de
3083 3146 3363 3199 matribus
3386 3144 3505 3198 nati
3528 3145 3652 3198 sine

1954 3240 2305 3289 sacramento
2337 3234 2515 3288 sancti
2540 3233 2917 3303 baptismatis,
2949 3233 3101 3303 quod
3133 3232 3303 3287 datur
3331 3232 3390 3287 in
3419 3232 3653 3286 nomine

1955 3324 2158 3391 Patris,
2207 3328 2263 3377 et
2303 3324 2448 3387 Filii,
2498 3327 2553 3376 et
2602 3322 2846 3392 Spiritus
2902 3322 3103 3387 sancti,
3165 3321 3235 3375 de
3293 3322 3402 3375 hoc
3444 3322 3652 3376 saeculo

1955 3416 2284 3477 transeunt,
2346 3428 2488 3466 rarus
2552 3428 2755 3465 meam
2820 3426 3152 3465 θεωρῇ-εειΝο
3208 3425 3484 3465 surpucm
3560 3426 3655 3464 PU-

1954 3518 2207 3568 NIENDOS,
2255 3502 2410 3571 quia,
2454 3500 2555 3554 etsi
2607 3500 2858 3570 propriae
2904 3499 3140 3553 actionis
3186 3504 3481 3568 peccatum
3534 3484 3691 3551 nul-ﬁ

1954 3589 2074 3643 lum
2122 3590 2464 3653 habuerunt,
2516 3587 2811 3659 originalis
2850 3592 3044 3641 tamen
3084 3587 3297 3656 peccati
3333 3585 3653 3640 damnatio-

1953 3694 2089 3732 nem
2133 3677 2347 3731 carnali
2393 3677 2767 3747 conceptione
2814 3680 2870 3730 et
2936 3675 3231 3729 nativitate
3274 3680 3587 3728 traxerunt.
3625 3694 3653 3725 ι)

1956 3768 2070 3821 Hoc
2097 3784 2225 3820 xxiv
2258 3767 2486 3836 dogma,
2528 3782 2648 3831 seu,
2687 3770 2750 3817 ut
2790 3764 2885 3817 ille
2928 3764 3203 3834 loquitur,
3237 3764 3550 3832 capitulum
3585 3763 3655 3816 de

1954 3855 2064 3909 ﬁde
2096 3857 2261 3908 Petro
2290 3853 2635 3908 credendum
2662 3852 2975 3924 proposuit,
3023 3858 3079 3905 et
3124 3867 3253 3904 cum
3291 3856 3487 3920 postea
3525 3850 3656 3903 reli-

1953 3960 2066 4014 qua
2087 3942 2335 4011 capitula
2371 3942 2681 4006 recitasset,
2741 3941 2862 3994 haec
2916 3940 3089 3993 habet
3117 3955 3242 4007 cap.
3300 3940 3368 3992 44
3402 3955 3414 3993 :
3466 3958 3493 3989 α
3525 3939 3655 3991 Haec

1953 4031 2184 4085 interim
2219 4028 2596 4100 quadraginta
2621 4028 2868 4098 capitula
2897 4028 2967 4081 ad
3009 4028 3270 4097 regulam
3322 4042 3469 4080 veras
3521 4026 3655 4080 ﬁdei

1955 4118 2279 4174 ﬁrmissime
2310 4116 2655 4187 pertinentia
2693 4116 2937 4169 ﬁdeliter
2988 4116 3173 4181 crede,
3224 4115 3444 4169 fortiter
3498 4118 3652 4180 tene,

1956 4206 2227 4261 veraciter
2252 4205 2648 4275 patienterque
2677 4203 2935 4258 defende.
2973 4204 3034 4257 Et
3065 4202 3115 4256 si
3143 4219 3317 4273 quem
3369 4201 3654 4257 contraria

150 4299 401 4363 lastieus,
459 4297 749 4364 Orontius,
809 4296 1195 4361 Vindiacinus,
1255 4295 1464 4363 Victor,
1520 4294 1843 4359 Ianuarius,
1878 4293 1919 4345 D
1958 4295 2046 4349 his
2076 4294 2455 4365 dogmatizare
2484 4292 2834 4363 cognoveris,
2863 4296 3139 4362 tanquam
3160 4297 3380 4361 pestem
3422 4292 3555 4362 fuge
3600 4295 3656 4345 et

150 4387 527 4451 Victorianus,
599 4387 892 4449 Photinus,
970 4384 1413 4449 Quodvultdeus,
1497 4382 1848 4454 Fulgentius,

154 4475 307 4530 Felix
339 4480 393 4528 et
428 4473 749 4540 Januarius,
785 4473 843 4527 in
874 4474 1116 4527 Domino
1156 4473 1418 4525 salutem.
1457 4492 1478 4519 ιι
1514 4470 1851 4535 Quindecim

150 4563 332 4634 igitur
364 4562 613 4634 episcOpi
646 4562 958 4617 doctissimi
987 4578 1051 4615 ac
1083 4559 1423 4615 sanctissimi
1454 4561 1515 4613 in
1546 4559 1852 4630 Augustini

154 4652 494 4705 sententiam
527 4650 767 4722 pedibus
798 4651 969 4705 ivere.
1007 4651 1119 4704 Nec
1148 4650 1334 4703 obstat
1372 4649 1670 4703 laudatum
1696 4649 1852 4703 volu-

151 4755 286 4792 men
316 4740 488 4793 fuisse
535 4738 819 4809 Fulgentii
852 4754 1030 4791 manu
1059 4744 1371 4803 exaratum,
1417 4736 1517 4807 qui
1546 4736 1853 4807 Augustini

150 4828 338 4883 Patris
378 4828 721 4881 sententiam
755 4827 1040 4880 mordicus
1079 4826 1375 4892 tuebatur;
1408 4841 1542 4879 nam
1573 4825 1633 4878 in
1665 4824 1853 4878 omni-

146 4916 259 4972 bus
284 4916 514 4987 synodis
538 4918 637 4969 uni
664 4916 832 4969 alicui
863 4916 936 4970 ob
965 4914 1351 4969 eruditionem
1377 4918 1432 4968 et
1462 4913 1852 4984 eloquentiam

148 5004 368 5074 insigni
398 5004 624 5074 injungi
671 5005 833 5070 solet,
868 5008 932 5057 ut
976 5002 1200 5074 publica
1244 5004 1475 5056 Patrum
1514 5002 1737 5056 decreta
1768 5002 1855 5055 lit-

147 5093 290 5148 teris
349 5092 593 5145 mandet.
644 5091 848 5146 Scribit
897 5091 1211 5160 discipulus
1253 5089 1558 5159 Fulgentii,
1612 5106 1736 5160 cap.
1783 5092 1854 5144 20

147 5181 221 5236 de
258 5180 385 5234 Vita
428 5180 681 5250 ejusdem
721 5197 735 5234 :
778 5202 805 5230 ‹‹
842 5182 970 5234 Post
1014 5177 1437 5233 deliberationis
1482 5182 1671 5231 autem
1726 5179 1853 5232 lon-

146 5269 421 5341 gissimas
468 5284 675 5332 moras,
708 5268 989 5339 quidquid
1041 5266 1299 5321 deﬁnitio
1340 5266 1660 5320 communis
1692 5266 1849 5321 inve-

148 5364 340 5423 nerat,
382 5358 717 5427 eloquenter
761 5357 1127 5427 allegandum
1184 5354 1444 5411 sensibus
1491 5361 1851 5422 caeterorum,

146 5447 321 5502 beato
377 5446 677 5516 Fulgentio
726 5446 1133 5500 dimittebatur.
1181 5466 1209 5497 ι)
1262 5446 1326 5499 Et
1366 5449 1608 5515 postea:
1652 5461 1681 5495 tt
1726 5446 1857 5498 Pro-

147 5541 355 5609 pterea
423 5535 899 5607 quandocumque
962 5534 1346 5592 rescribebant
1404 5532 1854 5601 consulentibus,

1956 4386 2229 4453 tanquam
2256 4380 2587 4435 haereticum
2619 4379 2817 4450 abjice.
2854 4379 2936 4432 Ita
2958 4378 3112 4432 enim
3138 4378 3246 4433 ista
3287 4396 3417 4450 quae
3462 4378 3656 4450 posui-

1957 4487 2084 4524 mus
2116 4469 2251 4523 tidei
2280 4469 2573 4523 catholica;
2604 4473 2944 4539 congruunt,
2979 4473 3041 4522 ut
3071 4484 3130 4522 se
3152 4468 3280 4539 quis
3310 4484 3425 4522 non
3467 4469 3653 4522 solum

1957 4559 2243 4625 omnibus,
2277 4575 2371 4612 san
2400 4574 2554 4613 anan
2586 4574 2827 4613 smcuus
2859 4558 3099 4612 voluerit
3125 4559 3432 4627 contraire,
3480 4557 3540 4611 in
3590 4574 3654 4611 eo

1958 4649 2112 4720 quod
2156 4647 2398 4717 singulis
2440 4648 2648 4701 horum
2695 4646 3110 4701 contumaciter
3147 4653 3451 4717 repugnet,
3484 4652 3541 4699 et
3568 4645 3657 4699 his

1956 4736 2243 4790 contraria
2269 4736 2470 4789 docere
2499 4752 2614 4790 non
2645 4735 2885 4800 dubitat,
2922 4736 3218 4790 haereticus
3249 4742 3305 4790 et
3332 4734 3654 4788 christiana:

1958 4825 2090 4880 ﬁdei
2123 4825 2408 4891 inimicus,
2437 4830 2608 4895 atque
2638 4840 2704 4879 ex
2735 4825 2838 4878 hoc
2874 4825 3141 4879 omnibus
3189 4822 3481 4878 catholicis
3523 4836 3658 4873 ana—

1956 4913 2414 4967 thematizandus
2437 4917 2724 4983 appareat.
2764 4933 2791 4964 ι>
2823 4913 3019 4984 Itaque
3050 4918 3291 4966 testatur
3324 4907 3656 4978 Fulgentius

1958 5002 2223 5073 parvulos
2251 5018 2383 5055 cum
2412 5002 2532 5054 solo
2574 5000 2841 5071 originali
2879 5006 3107 5072 peccato
3152 4997 3463 5053 morientes
3512 4998 3656 5062 ignis

1958 5092 2147 5145 κιρνηὶ
2172 5093 2493 5158 sempiterno
2533 5092 2801 5159 supplicio
2833 5089 3152 5158 puniendos,
3200 5090 3256 5138 et
3284 5084 3339 5137 id
3380 5083 3455 5137 ad
3496 5099 3657 5150 regu-

1961 5179 2069 5233 lam
2108 5193 2244 5232 verze
2281 5178 2409 5247 ﬁdei
2442 5181 2729 5247 pertinere,
2777 5184 2827 5232 et
2865 5175 3466 5245 tanquamhaereticum
3507 5174 3660 5242 abji-

1960 5268 2225 5333 ciendum,
2260 5267 2357 5337 qui
2390 5267 2578 5322 eidem
2627 5268 2776 5322 dicto
2799 5268 3026 5321 voluerit
3056 5264 3339 5317 contraire.
3390 5264 3517 5317 Haec
3546 5280 3660 5317 non

1960 5355 2223 5425 indigent
2251 5355 2581 5426 interprete,
2615 5357 2712 5410 sed
2761 5360 2984 5408 tantum
3029 5354 3254 5405 lectore.
3284 5350 3420 5415 Quis
3469 5358 3661 5407 autem

1962 5461 2028 5499 ex
2060 5445 2149 5498 his
2182 5460 2298 5497 non
2326 5443 2611 5515 intelligat
2634 5442 2956 5497 Africanam
3010 5441 3309 5495 Ecclesiam
3358 5442 3663 5513 Augustini

1962 5532 2306 5589 sententiam
2338 5534 2407 5588 de
2438 5533 2621 5603 poenis
2665 5528 2971 5586 infantium
3012 5530 3162 5586 inter
3210 5530 3346 5586 ﬁdei
3393 5530 3664 5601 dogmata
