3906 6182
348 259 451 312 647

1365 253 1918 310 SUPPLEMENTUM
1961 254 2051 308 AD
2087 254 2320 310 oram.
2359 256 2414 310 s.
2455 256 2845 312 AUGUSTINI.
3073 233 3077 235 ’
3683 281 3760 334 με

347 378 699 434 recensuisse
725 379 754 434 ?
794 379 989 448 Neque
1015 375 1168 430 enim
1207 374 1468 429 omnium
1514 375 1782 430 Afrorum
1829 377 2045 447 episco-
2077 379 2121 432 A
2150 377 2278 432 dius
2307 378 2410 433 hac
2448 379 2508 433 in
2549 379 2934 450 disputatione
2980 382 3184 437 adduci
3224 387 3406 454 possit.
3447 391 3553 458 llic,
3587 394 3637 448 in
3677 402 3768 469 epi-

349 485 557 540 porum
587 467 948 523 doctissimus
977 481 1043 519 ea
1068 465 1128 518 in
1157 480 1219 518 re
1250 464 1523 534 deceptus
1563 465 1673 519 dici
1718 471 1928 536 potest,
1959 467 2046 520 vel

350 558 495 612 alios
540 557 786 611 voluisse
847 554 1126 623 decipere,
1171 555 1433 624 proprias
1481 554 1881 624 opiniunculas
1943 573 2044 626 pro

346 646 698 701 inconcussis
731 642 987 698 Ecclesim
1029 641 1392 712 dogmatibus
1435 642 1797 697 venditando.
1848 644 2044 707 Qualis

342 751 477 788 vero
509 739 821 805 quantusve
870 730 1043 784 fuerit
1080 730 1412 801 Fulgentius
1453 747 1520 784 ex
1569 731 1825 800 ejusdem
1870 733 2044 802 gestis

342 828 514 894 patet.
555 823 682 875 Haec
722 819 968 874 sufﬁciat
1005 835 1072 873 ex
1103 836 1225 890 cap.
1266 821 1335 872 20
1363 819 1494 873 libri
1533 818 1602 873 de
1636 820 1754 873 Vita
1785 821 2042 891 ejusdem

339 910 548 966 dixisse
582 926 596 963 :
633 931 661 958 «
690 908 995 978 Sexaginta
1026 908 1240 978 quippe
1273 913 1328 962 et
1353 923 1418 961 eo
1457 909 1702 978 amplius
1745 909 2042 980 episcopos

339 1005 474 1056 tunc
523 1004 719 1052 catena
752 998 968 1069 ligabat
999 997 1202 1063 exsilii,
1247 1013 1492 1068 quorum
1539 997 1738 1068 lingua
1781 1002 1836 1050 et
1879 999 2040 1069 inge-

337 1089 500 1144 nium
546 1088 748 1142 beatus
790 1086 1121 1157 Fulgentius
1168 1085 1465 1155 episcopus
1497 1086 1625 1140 fuit.
1673 1105 1698 1136 η
1746 1087 1850 1141 Tot
1881 1088 2035 1157 ejus-

339 1178 472 1232 dem
525 1176 656 1230 libri
711 1175 844 1230 editi
894 1174 1160 1228 eximiam
1208 1173 1387 1245 ipsius
1432 1174 1750 1228 doctrinam
1810 1175 2037 1229 abunde

340 1266 728 1321 manifestant.
761 1265 898 1319 Vide
928 1280 1058 1334 quae
1108 1263 1178 1318 de
1233 1263 1434 1336 eodem
1489 1262 1607 1318 dixi
1650 1263 1747 1318 lib.
1805 1281 1843 1318 ιι
1894 1265 2032 1319 Hist.

337 1357 533 1426 Pelag.
553 1397 565 1419 ,
591 1369 714 1424 cap.
747 1355 808 1407 2t
844 1358 900 1405 et
927 1353 1014 1406 24.
2007 1357 2012 1366 '

409 1445 526 1498 Hoc
572 1443 761 1513 ipsum
811 1440 1102 1510 colligitur
1137 1455 1205 1493 ex
1250 1440 1591 1510 Augustino,
1633 1439 1733 1511 qui
1779 1439 1876 1494 lib.
1909 1455 1930 1499 ι
1965 1441 2034 1495 de

341 1537 706 1604 peccatorum
756 1529 967 1584 Meritis
996 1533 1052 1582 et
1096 1527 1430 1582 remissione
1471 1545 1594 1598 cap.
1647 1532 1735 1594 28,
1783 1545 2034 1583 asseren-

337 1626 424 1677 tes
465 1636 672 1692 pueros
710 1619 933 1673 futuros
972 1617 1033 1670 in
1067 1617 1254 1670 medio
1291 1617 1542 1688 quodam
1574 1618 1698 1671 loco
1738 1623 2032 1687 nuncupat

337 1711 478 1765 male
519 1709 809 1764 credentes.
843 1708 982 1760 Item
1029 1705 1087 1759 in
1134 1707 1232 1759 lib.
1266 1707 1335 1760 de
1367 1706 1870 1760 Praedestinatione
1902 1723 2033 1760 san-

336 1803 579 1866 ctorum,
609 1813 739 1866 cap.
783 1798 869 1860 l2,
904 1795 982 1848 ait
1014 1811 1026 1847 :
1055 1815 1075 1844 ι
1115 1794 1256 1848 Cum
1287 1795 1613 1848 moriuntur
1636 1795 1902 1860 infantes,
1935 1801 2033 1850 aut

333 1887 542 1942 merito
589 1883 1041 1955 regenerationis
1086 1887 1386 1937 transeunt
1434 1899 1498 1937 ex
1539 1884 1704 1938 malis
1747 1885 1817 1939 ad
1858 1884 2028 1952 bona,

335 1982 433 2030 aut
454 1975 657 2030 merito
689 1973 926 2044 originis
952 1977 1252 2026 transeunt
1277 1989 1344 2026 ex
1389 1973 1553 2026 malis
1595 1989 1664 2026 ΑΙ)
1707 1990 1866 2028 nam.
1919 1975 2032 2028 Hoc

333 2065 608 2120 catholica
637 2062 778 2118 ﬁdes
807 2062 984 2116 novit.
1033 2081 1060 2112 ι)
1094 2063 1396 2131 Praeterea,
1432 2062 1528 2117 lib.
1571 2079 1602 2114 ν
1650 2070 1848 2116 contra
1891 2064 2027 2130 Jul.,

331 2154 532 2226 Operis
568 2152 794 2223 imperf.
841 2168 963 2221 cap.
1002 2152 1089 2215 64,
1133 2151 1249 2204 ait:
1301 2173 1322 2200 ι
1369 2152 1522 2204 Inter
1573 2152 1848 2221 reprobos
1898 2156 2030 2206 sunt

332 2249 484 2297 certe
513 2241 748 2312 plurimi
774 2239 886 2310 qui
917 2239 964 2293 si
1001 2255 1066 2292 ex
1104 2239 1209 2293 hac
1246 2238 1361 2294 vita
1405 2239 1808 2310 abriperentur
1838 2241 2028 2295 infan-

329 2335 437 2397 tes,
480 2330 792 2384 secundum
839 2330 1038 2382 falsam
1082 2335 1324 2382 vestram
1375 2329 1638 2383 haeresim
1675 2330 1902 2400 penitus
1957 2331 2027 2385 ab

332 2420 514 2489 omni,
541 2419 855 2473 secundum
888 2422 1077 2472 autem
1119 2417 1454 2471 catholicam
1505 2417 1676 2472 ﬁdem
1709 2433 1742 2471 a
1788 2418 2025 2473 damna-

331 2508 487 2563 tione
518 2507 852 2579 gravissima
880 2506 1234 2560 tollerentur.
1271 2527 1299 2555 »
1333 2506 1562 2560 Certum
1610 2511 1697 2560 est
1737 2522 1860 2560 eam
1911 2524 2027 2577 pae-

327 2613 463 2652 nam
495 2613 528 2650 a
556 2595 834 2650 catholica
876 2594 986 2649 ﬁde
1016 2594 1076 2647 in
1113 2594 1364 2664 parvulis
1406 2595 1601 2659 asseri,
1647 2610 1822 2666 quam
1865 2596 2023 2649 Pela-

326 2685 482 2758 giani
510 2683 916 2738 inﬁciabantur
961 2702 976 2750 ;
1017 2687 1077 2736 at
1123 2682 1182 2735 hi
1225 2698 1449 2753 poenam
1496 2683 1712 2749 damni,
1764 2684 1870 2737 hoc
1915 2689 2019 2750 est,

324 2775 711 2830 exclusionem
743 2789 773 2826 a
802 2787 980 2842 regno
1015 2772 1284 2826 caelorum
1333 2771 1574 2826 libenter
1618 2773 2020 2827 concedebant.

323 2864 465 2919 Hinc
495 2861 638 2917 dixit
663 2860 1035 2931 Augustinus,
1079 2875 1246 2914 serm.
1279 2864 1340 2914 14
1364 2861 1433 2914 de
1465 2861 1660 2915 Verbis
1710 2862 1971 2930 Apostoli
2003 2878 2016 2916 :

2155 468 2301 521 stola
2328 468 2399 522 ad
2427 468 2724 538 episcopos
2749 486 2853 539 per
2891 470 3159 525 Picenum
3200 479 3385 530 contra
3422 477 3662 538 Senecam
3699 468 3769 542 de-

2153 555 2326 610 lirum
2359 573 2556 611 senem
2587 558 2956 629 Pelagianam
2984 561 3174 625 missa,
3203 562 3390 617 scribit
3420 582 3432 618 :
3464 586 3489 616 (ι
3508 568 3576 621 De
3605 587 3768 640 parvu-

2152 638 2222 692 lis
2269 644 2462 692 autem
2523 641 2677 711 quod
2739 643 2958 708 asserit,
3020 642 3140 696 sine
3183 643 3499 714 baptismate
3543 638 3636 720 pro
3678 658 3767 709 solo

2153 727 2420 796 originali
2450 735 2675 799 peccato
2703 746 2820 784 non
2848 747 3015 802 posse
3043 731 3318 805 damnari,
3349 738 3474 790 satis
3499 746 3769 806 lMPlA,SallS

2150 816 2393 885 profana
2422 819 2732 888 propositio
2763 825 2865 873 est.
2903 839 2930 871 ι)
2968 825 3039 874 At
3068 821 3351 892 Pelagiani
3379 842 3642 896 nunquam
3675 832 3767 886 sine

2147 903 2433 975 baptismo
2469 922 2711 977 regnum
2742 909 3015 962 cmlorum
3065 911 3252 980 pueris
3292 915 3661 981 promiserunt,
3693 922 3766 974 sed

2147 992 2338 1046 nescio
2370 1009 2539 1064 quem
2573 995 2804 1049 tertium
2835 997 3021 1050 locum
3061 996 3214 1051 inter
3257 1000 3452 1054 coelum
3489 1007 3542 1056 et
3581 1003 3765 1060 inferos.

2147 1081 2425 1135 Audiatur
2454 1082 2718 1137 laudatus
2765 1084 3018 1139 Gelasius
3050 1101 3063 1138 :
3098 1107 3120 1134 ι
3169 1085 3316 1140 Nihil
3363 1093 3442 1142 est
3485 1106 3606 1160 ergo
3648 1097 3768 1163 quod

2145 1170 2337 1225 dicant
2389 1172 2542 1242 quod
2599 1189 2712 1227 non
2769 1174 2953 1228 renati
3022 1173 3265 1228 infantes
3321 1180 3681 1234 tantummodo
3726 1183 3770 1236 in

2144 1275 2390 1330 regnum
2418 1262 2692 1315 caelorum
2721 1261 2804 1316 ire
2832 1279 2947 1316 non
2978 1264 3223 1330 valeant,
3255 1280 3368 1318 non
3403 1272 3578 1319 autem
3619 1285 3771 1339 perpe-

2143 1352 2242 1402 tua
2270 1349 2636 1404 damnatione
2665 1350 2999 1421 puniantur.
3037 1371 3062 1403 ω
3098 1351 3204 1406 Ubi
3242 1368 3366 1406 cum
3406 1355 3636 1423 pontifex
3665 1373 3774 1425 pm

2141 1441 2230 1491 ter
2285 1440 2666 1494 exclusionem
2717 1456 2748 1493 a
2799 1456 2976 1511 regno
3035 1441 3266 1506 coalesti,
3323 1457 3448 1512 quas
3513 1449 3587 1497 est
3643 1462 3772 1514 pmna

2141 1526 2356 1593 damni,
2391 1527 2656 1582 decernat
2699 1545 2908 1599 pueros
2949 1539 3217 1598 perpetua
3262 1531 3583 1586 damnatione
3607 1538 3774 1601 puniri,

2140 1614 2330 1682 palam
2369 1616 2432 1668 ﬁt
2462 1617 2728 1670 eumdem
2756 1618 3064 1687 Augustini
3105 1619 3439 1673 sententiam
3467 1623 3774 1690 approbasse,

2144 1707 2199 1756 et
2220 1704 2503 1758 concludit
2535 1722 2548 1759 :
2585 1706 2829 1760 «Dicant
2855 1705 3035 1777 igitur
3061 1707 3121 1760 in
3169 1713 3347 1761 morte
3378 1714 3631 1778 perpetua
3665 1725 3774 1764 con-

2090 1828 2102 1838 .
2143 1792 2346 1859 stituti,
2412 1793 2458 1846 si
2506 1809 2620 1847 non
2681 1793 3036 1849 aestimentur
3081 1811 3205 1849 esse
3252 1796 3514 1850 damnati.
3575 1798 3775 1851 Tomsr

2143 1896 2281 1934 ERGO
2310 1897 2376 1934 DE
2403 1897 2568 1936 MEDIO
2611 1899 2797 1936 NESCIO
2846 1899 2989 1944 QUEM
3038 1899 3142 1938 IPSI
3197 1900 3450 1954 TERTIUM,
3486 1901 3619 1946 οῦει
3654 1903 3773 1940 DECI-

2142 1983 2352 2023 PlENDlS
2381 1986 2643 2026 panvuus
2682 1988 2910 2027 FAClUNT
2937 1988 3130 2027 LOCUII.
3169 1993 3197 2023 »
3226 1975 3304 2028 Ita
3335 1975 3517 2044 arguit
3538 1975 3773 2045 pontifex:

2140 2057 2310 2111 Pueri
2340 2064 2472 2112 sunt
2504 2059 2780 2127 damnati,
2819 2077 2956 2133 ergo
3001 2063 3205 2116 tollant
3232 2063 3300 2117 de
3345 2064 3522 2118 medio
3565 2064 3772 2131 tertium,

2139 2161 2310 2216 quem
2358 2146 2702 2218 decipiendis
2744 2151 2996 2220 parvulis
3043 2151 3267 2206 faciunt
3305 2152 3506 2206 locum.
3571 2154 3637 2206 Ex
3679 2152 3773 2223 qui-

2135 2233 2243 2288 bus
2270 2240 2429 2304 patet
2459 2237 2516 2290 in
2542 2239 2901 2292 antecedenti
2929 2240 3088 2310 loqui
3141 2241 3429 2296 Gelasium
3475 2242 3540 2295 de
3583 2241 3772 2295 damna-

2135 2323 2292 2378 tione
2325 2326 2478 2395 apud
2508 2326 2738 2390 inferos,
2770 2344 2884 2398 qua
2908 2329 3072 2399 pueri
3102 2336 3422 2400 perpetuas,
3453 2330 3554 2384 hoc
3582 2335 3670 2391 est,
3711 2344 3776 2382 se-

2135 2413 2337 2467 cundae
2364 2415 2564 2468 mortis
2595 2417 2873 2485 supplicia
2903 2418 3213 2484 sustinent,
3259 2421 3410 2473 unde
3457 2423 3595 2472 recte
3639 2417 3775 2471 infer-

2133 2504 2230 2554 tur
2257 2503 2574 2557 tollendum
2602 2521 2722 2558 esse
2754 2505 2823 2559 de
2863 2506 3056 2561 medio
3095 2507 3332 2562 tertium
3380 2509 3578 2561 locum.
3609 2509 3668 2560 At
3702 2521 3778 2559 cur

2132 2605 2356 2644 manus:
2422 2590 2573 2654 dicit,
2647 2591 2757 2645 nisi
2814 2598 2879 2647 ut
2927 2593 3041 2648 duo
3101 2599 3333 2649 tantum
3396 2595 3516 2649 loca
3557 2609 3664 2648 esse
3702 2593 3775 2646 de-

2132 2677 2326 2742 claret,
2389 2695 2598 2750 nempe
2649 2681 2855 2735 coelum
2900 2683 3093 2736 sedem
3148 2683 3470 2751 beatorum,
3517 2687 3569 2736 et
3609 2682 3778 2736 inferos

2131 2782 2417 2821 carcerem
2468 2754 2910 2824 damnatorum?
2957 2771 3117 2834 Quod
3179 2772 3505 2826 defensores
3556 2767 3777 2840 Augusti.

2130 2855 2319 2909 nianae
2376 2857 2676 2910 sententia:
2729 2862 2974 2912 tortores
3022 2875 3342 2928 puerorum
3399 2877 3432 2914 a
3485 2856 3778 2932 scholasticis

322 2969 350 3002 α
388 2950 603 3004 Videris
633 2949 787 3003 enim
827 2948 930 3003 tibi
978 2949 1324 3014 misericors,
1375 2949 1512 3020 quia
1558 2965 1674 3004 non
1728 2951 1914 3004 aufers
1966 2950 2020 3004 ei
2050 2971 2088 3026 ρ
2130 2950 2550 3014 nuncupantur,
2599 2946 2769 3017 longe
2818 2946 3065 3017 graviori
3103 2964 3349 3003 censura
3398 2948 3613 3003 eosdem
3657 2945 3778 3000 Gela-

316 3039 514 3106 vitam,
563 3055 795 3104 nauus,
823 3041 1038 3102 tamen,
1071 3054 1243 3107 quem
1293 3053 1522 3107 separas
1570 3055 1600 3091 a
1630 3053 1806 3108 regno
1843 3039 2010 3093 ccelo-

315 3143 466 3182 rum.
519 3128 764 3191 Damus,
796 3142 914 3178 non
952 3141 1084 3179 eum
1113 3125 1382 3195 percutis,
1416 3126 1510 3179 sed
1537 3125 1596 3178 in
1623 3142 1873 3181 EXSILIUM
1901 3144 2012 3180 mr-

315 3232 414 3269 TIS.
451 3216 530 3269 En
584 3215 880 3285 Pelagiani
932 3230 1144 3283 pueros
1184 3225 1290 3268 non
1325 3215 1714 3284 percutiebant,
1755 3215 1862 3268 hoc
1904 3220 2005 3279 est,

311 3320 483 3375 pmna
512 3320 708 3357 sensus
747 3303 876 3356 illos
909 3319 1270 3372 nequaquam
1321 3303 1692 3371 mulctabant,
1738 3303 1837 3358 sed
1883 3319 2011 3373 po:-

259 3457 262 3460 ,
311 3408 386 3446 na
417 3397 639 3445 tantum
670 3392 884 3458 damni,
919 3391 978 3444 in
1000 3391 1262 3444 exsilium
1303 3392 1432 3445 illos
1470 3392 1762 3446 mittendo.
1801 3393 2006 3459 Quare,

311 3479 635 3550 Augustino
663 3485 827 3546 teste,
859 3478 1134 3533 catholica
1179 3480 1322 3534 ﬁdes
1364 3480 1536 3534 tradit
1575 3482 1836 3552 parvulos
1879 3498 2007 3550 per-

309 3571 440 3634 cuti,
475 3573 531 3621 et
556 3584 672 3621 non
701 3572 923 3622 tantum
955 3567 1012 3620 in
1040 3568 1304 3621 exsilium
1335 3569 1504 3635 mitti,
1537 3570 1687 3640 quod
1717 3570 2010 3641 Pelagiani

307 3657 462 3711 ultro
491 3656 832 3710 fatebantur.
868 3657 1084 3710 Rursus
1131 3660 1294 3711 tract.
1344 3659 1408 3710 67
1460 3656 1520 3710 in
1563 3659 1838 3711 Joannem
1889 3659 2009 3712 haec

309 3745 425 3799 ait:
457 3744 738 3798 «Proinde
768 3744 1074 3815 respuendi
1099 3749 1232 3798 sunt
1259 3762 1293 3798 a
1322 3745 1491 3799 corde
1538 3745 1860 3800 Christiano
1908 3749 2009 3817 qui

306 3839 512 3905 putant
540 3833 668 3888 ideo
699 3833 914 3888 dictum
945 3834 1153 3886 multas
1175 3850 1294 3887 esse
1325 3834 1670 3899 mansiones,
1695 3834 1830 3905 quia
1850 3839 2008 3890 extra

304 3937 550 3993 regnum
582 3923 850 3976 caelorum
883 3922 995 3977 erit
1032 3922 1249 3992 aliquid
1295 3923 1391 3977 ubi
1421 3927 1690 3977 maneant
1720 3923 1870 3977 beati
1916 3924 2002 3978 in-

305 4016 580 4066 nocentes
609 4011 709 4082 qui
739 4011 860 4066 sine
896 4011 1176 4082 baptismo
1215 4027 1280 4064 ex
1323 4011 1428 4065 hac
1473 4012 1586 4065 vita
1626 4012 2004 4083 emigrarunt,

306 4101 444 4172 quia
501 4101 622 4154 sine
653 4100 751 4154 illo
802 4101 862 4154 in
890 4115 1070 4170 regno
1108 4100 1390 4154 ccelorum-
1409 4100 1623 4154 intrare
1651 4116 1767 4154 non
1798 4105 2004 4171 potuec

301 4193 457 4244 runt.
504 4190 631 4243 Haec
660 4189 800 4243 ﬁdes
821 4206 936 4243 non
980 4193 1064 4243 est
1110 4189 1284 4255 ﬁdes;
1320 4190 1593 4259 quoniam
1625 4204 1744 4242 non
1767 4195 1852 4244 est
1874 4205 2004 4243 vera

2127 3031 2244 3085 sius
2290 3034 2550 3103 perculit,
2600 3034 2736 3088 dum
2776 3035 2903 3089 illos
2949 3036 3257 3106 deceptor-es
3291 3038 3633 3107 parvulorum
3669 3049 3776 3103 apo-

2120 3121 2304 3174 stolici
2331 3122 2444 3175 oris
2474 3123 2757 3177 sententia
2786 3125 3202 3194 pronuntiavit,
3236 3127 3453 3197 quippe
3479 3124 3573 3195 qui
3601 3122 3775 3176 eisdem

2119 3211 2380 3265 secundm
2422 3211 2706 3265 felicitatis
2733 3211 2923 3266 locum
2955 3212 3114 3267 inani
3145 3213 3557 3269 asseveratione
3580 3209 3776 3280 promit-

2117 3298 2332 3354 tebant.
2383 3300 2505 3353 Imo
2557 3299 2770 3354 ibidem
2814 3301 3047 3371 tertium
3080 3302 3258 3376 illum
3311 3305 3497 3358 locum
3545 3296 3778 3370 explodit,

2119 3392 2306 3441 motus
2337 3388 2539 3442 eodem
2587 3388 2912 3443 testimonio
2943 3407 3239 3445 sacrarum
3290 3391 3626 3456 litterarum,
3651 3383 3778 3457 quod

2115 3475 2281 3530 initio
2309 3493 2374 3531 ex
2405 3478 2723 3548 Augustino
2749 3479 3110 3534 adduximus.
3144 3481 3374 3535 Etenim
3406 3479 3594 3534 scribit
3619 3474 3782 3547 ponti-

2117 3564 2248 3619 tifex
2281 3582 2294 3618 :
2331 3584 2358 3616 α
2388 3567 2612 3620 Tollant
2648 3584 2783 3638 ergo
2823 3569 2891 3623 de
2921 3569 3110 3623 medio
3146 3571 3345 3624 nescio
3377 3585 3547 3640 quem
3576 3565 3674 3636 ipsi
3698 3569 3782 3616 ter-

2117 3654 2262 3708 tium
2311 3671 2481 3725 quem
2536 3655 2884 3726 decipiendis
2931 3659 3188 3729 parvulis
3237 3659 3460 3713 faciunt
3504 3657 3694 3711 locum.
3736 3651 3786 3705 Et

2117 3743 2250 3814 quia
2279 3759 2396 3796 non
2428 3743 2535 3798 nisi
2563 3745 2853 3799 dexteram
2883 3751 3104 3816 partem
3145 3747 3398 3818 legimus
3427 3752 3485 3801 et
3513 3744 3779 3802 sinistram,

2115 3847 2234 3886 non
2272 3831 2399 3886 illos
2429 3833 2639 3887 faciant
2679 3850 2734 3888 IN
2776 3851 3014 3890 SINISTRA
3044 3852 3298 3890 nemone
3335 3836 3460 3891 sine
3488 3832 3785 3904 baptismate

2114 3937 2473 3993 permanere,
2493 3923 2586 3976 sed
2610 3923 2926 3994 baptizatos
2943 3925 3137 3980 sinant
3150 3927 3226 3981 ad
3248 3927 3508 3981 dextram
3521 3925 3782 3977 salutarem

2115 4027 2273 4065 sacra
2295 4012 2727 4082 regeneratione
2749 4014 3071 4069 transferri.
3104 4037 3126 4064 ι
3171 4016 3365 4080 Quare
3399 4013 3642 4070 Gelasius
3668 4021 3787 4079 papa

2113 4115 2230 4153 non
2282 4100 2453 4154 modo
2483 4100 2661 4154 sancti
2705 4102 2954 4156 doctoris
3001 4104 3376 4171 sententiam,
3422 4117 3612 4157 verum
3641 4097 3783 4153 etiam

2113 4189 2370 4258 ejusdem
2415 4205 2642 4260 quoque
2671 4190 2950 4244 rationem
2994 4193 3363 4262 approbavit.
3415 4194 3583 4247 Porro
3611 4182 3786 4243 deﬁni-

304 4284 364 4332 et
412 4279 690 4334 catholica
720 4279 878 4334 ﬁdes.
913 4301 940 4329 »
993 4281 1060 4333 Et
1094 4283 1288 4332 tamen
1326 4278 1586 4332 videmus
1609 4279 1802 4348 plures
1843 4279 2002 4333 scho-
2042 4269 2083 4324 D
2112 4278 2226 4331 tiva
2266 4277 2364 4332 illa
2401 4278 2687 4332 sententia
2732 4284 2819 4334 est
2850 4297 2862 4334 :
2900 4282 3111 4334 Tollant
3141 4299 3274 4350 ergo
3323 4282 3392 4336 de
3436 4280 3604 4334 medio
3647 4275 3788 4328 nescio

300 4366 526 4420 lasticos
568 4367 986 4421 beatitudinem
1036 4367 1354 4420 naturalem
1420 4366 1888 4436 perfectissimam
1932 4368 2004 4422 ci-

301 4458 392 4508 tra
442 4455 664 4509 dolores
711 4461 768 4509 et
811 4455 1100 4509 tristitiam
1156 4454 1404 4525 parvulis
1466 4455 1799 4525 promittere
1849 4463 2004 4511 extra

301 4558 547 4614 regnum
582 4544 703 4603 Dei.
737 4561 980 4615 quorum
1014 4543 1296 4598 sententia
1322 4544 1512 4597 minus
1548 4544 1779 4598 tolerari
1817 4551 2003 4614 potest

305 4648 480 4703 quam
511 4631 609 4686 illa
639 4633 1098 4703 Pelagianorum,
1141 4633 1276 4704 quia
1317 4632 1410 4687 isti
1444 4633 1866 4688 contendebant
1911 4635 1999 4690 in-

298 4721 485 4775 fantes
514 4737 636 4775 esse
683 4721 1019 4776 innocentes
1063 4728 1120 4776 et
1165 4723 1324 4777 nulla
1369 4721 1537 4792 culpa
1578 4722 1996 4794 coinquinatos,

298 4809 455 4865 unde
487 4826 601 4864 non
633 4811 774 4865 adeo
812 4828 981 4882 grave
1011 4811 1324 4866 absurdum
1361 4812 1661 4866 videbatur
1690 4814 1999 4882 quamdam

297 4899 510 4955 eisdem
545 4901 869 4954 felicitatem
891 4911 1234 4972 praeparare,
1267 4917 1395 4955 cum
1435 4907 1630 4955 tamen
1661 4901 1996 4966 scholastici,

297 5004 403 5042 nec
449 4989 750 5060 ignobiles,
786 4995 1041 5044 asserant
1083 5007 1209 5044 cum
1255 4990 1496 5044 Ecclesia
1535 4990 1810 5045 catholica
1857 5007 1996 5062 pue-

294 5091 386 5130 ros
434 5093 553 5131 esse
594 5078 860 5149 originali
919 5079 1046 5133 labe
1094 5078 1354 5145 infectos,
1405 5079 1512 5133 sub
1560 5083 1838 5150 potestate
1879 5079 1996 5133 dae-

297 5164 502 5218 monis.
533 5165 682 5219 ﬁlios
714 5167 812 5221 iraa
860 5183 965 5221 nec
993 5174 1193 5237 postea
1221 5167 1486 5221 dubitent
1514 5167 1729 5223 eisdem
1770 5168 1996 5223 beatam

301 5251 614 5322 quamdam
646 5254 816 5308 vitam
848 5255 1200 5325 promittere.

367 5338 477 5393 Sed
534 5357 600 5393 ex
647 5343 842 5397 eadem
901 5345 1086 5398 Africa
1136 5344 1204 5398 ad
1257 5344 1574 5400 Romanam
1625 5333 1995 5416 apostoliCam

298 5428 492 5483 sedem
543 5437 768 5486 evectus
817 5439 1043 5488 sanctus
1091 5434 1344 5489 Gelasius
1379 5450 1530 5505 papa
1593 5436 1734 5489 adeo
1800 5440 1993 5505 aperte

295 5517 785 5589 Augustinianam
814 5523 1161 5579 sententiam
1189 5523 1566 5592 conﬁrmavit,
1597 5530 1662 5578 ut
1690 5524 1832 5578 nihil
1871 5525 1994 5579 soli-

2113 4382 2270 4434 quem
2305 4368 2416 4436 ipsi
2457 4370 2693 4432 tertium,
2737 4384 2892 4437 quem
2933 4370 3274 4439 decipiendis
3325 4369 3571 4438 parvulis
3606 4363 3788 4432 faciunt

2111 4456 2309 4511 locum.
2370 4456 2432 4510 In
2483 4456 2693 4526 quibus
2743 4457 2882 4510 dum
2932 4457 3069 4512 dicit
3111 4462 3297 4514 nescio
3346 4474 3526 4527 quem,
3575 4455 3790 4509 declarat

2110 4558 2215 4597 nec
2254 4543 2396 4597 scire
2425 4560 2483 4597 se
2513 4560 2614 4597 nec
2645 4543 2939 4614 inquirere
2968 4562 3238 4616 quaenam
3272 4552 3376 4601 aut
3407 4546 3637 4600 ubinam
3666 4540 3787 4594 esset

2109 4632 2355 4686 secunda
2390 4632 2627 4687 felicitas
2665 4634 2916 4704 parvulis
2942 4651 2973 4688 a
3005 4636 3337 4707 Pelagianis
3382 4635 3674 4707 promissa,
3712 4625 3788 4681 sed

2109 4720 2181 4774 ob
2228 4721 2288 4775 id
2318 4737 2518 4775 eorum
2563 4721 2773 4793 dogma
2807 4723 3102 4791 damnare,
3135 4725 3298 4795 quod
3350 4725 3582 4779 tertium
3627 4722 3787 4774 locum

2106 4809 2358 4864 facerent
2403 4810 2555 4864 inter
2597 4827 2840 4881 regnum
2884 4813 3181 4877 caelorum,
3229 4813 3396 4884 quod
3448 4812 3685 4868 dandum
3726 4808 3792 4860 est

2106 4898 2176 4952 iis
2209 4897 2309 4970 qui
2356 4903 2523 4952 erunt
2565 4899 2625 4952 in
2655 4899 2906 4966 dextera,
2939 4905 2994 4955 et
3028 4901 3248 4956 inferni
3279 4918 3501 4973 pmnas,
3551 4914 3667 4970 qua:
3691 4895 3792 4948 des'

2106 4987 2363 5041 tinantur
2390 4987 2462 5040 iis
2507 4987 2606 5058 qui
2637 4994 2806 5042 erunt
2835 4989 2895 5042 in
2937 4989 3192 5046 sinistra.
3259 4992 3340 5045 Ex
3380 4990 3471 5045 his
3509 4989 3634 5059 jure
3660 4982 3793 5040 Gela-

2106 5076 2222 5130 sius
2277 5075 2604 5147 appellatur
2649 5094 2682 5131 a
2730 5077 2989 5132 Gabriele
3051 5080 3336 5149 Vasquez,
3398 5079 3588 5149 prima
3632 5077 3790 5144 parte.

2107 5165 2253 5236 disp.
2271 5169 2328 5220 9t
2345 5206 2360 5232 ,
2379 5182 2540 5220 num.
2563 5170 2654 5232 '75,
2684 5182 2782 5235 per
2809 5170 2993 5222 omnia
3005 5169 3474 5236 Augustiuianus.
3499 5168 3563 5222 Et
3586 5161 3791 5237 quidem

2106 5255 2167 5309 in
2197 5256 2459 5309 eamdem
2490 5255 2814 5327 epistolam,
2853 5261 2918 5311 ut
2945 5257 3086 5312 alias
3115 5259 3475 5316 notavimus,
3512 5255 3672 5308 totius
3697 5255 3790 5303 Au-

2105 5345 2448 5414 gustinianae
2499 5350 2697 5398 contra
2744 5345 3082 5415 Pelagianos
3127 5344 3412 5399 doctrina!
3458 5355 3674 5397 succum
3706 5350 3786 5387 va-

2103 5433 2410 5489 lentiorem
2459 5433 2756 5488 contraxit.
2805 5434 2964 5489 Unde
3011 5450 3136 5488 cum
3173 5450 3244 5487 ex
3299 5432 3605 5488 Clementis
3646 5429 3784 5498 pont.

2105 5527 2221 5594 opt.
2239 5539 2396 5578 max.
2426 5522 2652 5578 indulto
2678 5523 2935 5595 ejusdem
2961 5523 3138 5578 sancti
3154 5523 3453 5592 pontiﬁcis
3472 5515 3782 5575 memoriam
