3946 6176
74 254 171 305 649

1365 257 1686 312 νΙΝΒῙΟΙΕ
1725 257 1856 312 AUG
1870 260 2265 318 USTINIANE.

3471 281 3576 335 650

76 394 373 465 quotannis
403 393 822 464 Augustiniana
861 395 1077 450 familia
1133 396 1407 451 recolenti
1437 399 1764 454 facultatem
1792 384 1837 437 Α
1873 386 2042 454 atque
2099 384 2407 454 minorum:
2464 390 2564 459 qni
2616 392 2736 446 Sine
2781 394 3122 464 baptismate
3165 415 3395 456 cursum
3447 404 3576 458 Vitae

74 483 447 555 impetrasset,
508 482 568 535 in
614 498 851 552 precum
903 484 1089 538 ofﬁcia
1144 485 1402 555 ejusdem
1462 487 1591 540 vitae
1650 486 1764 539 sin-

78 573 202 644 opsi
246 572 521 641 insignem
573 572 777 626 Gelasii
824 588 959 644 erga
1007 574 1186 628 sancti
1233 574 1415 628 Patris
1462 574 1767 645 Augustini

80 660 387 715 doctrinam
444 661 661 715 cultum
728 661 988 717 inseruit.
1055 663 1261 717 Gelasii
1324 665 1520 718 laudes
1568 663 1769 717 recitat

82 749 368 819 Dionysius
395 749 640 819 Exiguus
683 748 744 802 in
789 750 1027 819 epistola
1053 751 1123 804 ad
1158 750 1447 805 lulianum
1475 752 1767 823 presbyte-

68 854 220 904 rum,
268 836 325 889 in
366 853 482 907 qua
520 838 774 907 ejusdem
798 838 1085 908 pontiﬁcis
1126 839 1464 909 doctrinam,
1496 840 1768 910 pietatem

73 942 134 979 ac
196 927 512 980 exantlatos
586 943 689 997 pro
748 928 1060 982 orthodoxa
1118 928 1228 982 ﬁde
1278 930 1502 983 labores
1562 929 1769 983 eximie

73 1015 447 1069 commendat.
492 1016 599 1068 Has
628 1014 842 1069 litteras
872 1018 1027 1086 leges
1062 1017 1122 1071 in
1165 1019 1314 1071 calce
1363 1018 1565 1088 prioris
1596 1018 1770 1089 partis

70 1103 415 1159 collecuonis
448 1104 716 1157 Romana:
745 1105 905 1158 Lucze
937 1106 1232 1160 Holstenii.
1274 1107 1338 1159 Et
1367 1107 1595 1176 quidem
1615 1124 1771 1160 com-

72 1209 303 1246 munem
342 1192 399 1246 id
452 1193 729 1262 temporis
777 1193 953 1248 fuisse
1006 1195 1347 1249 sententiam
1391 1196 1452 1248 in
1504 1195 1767 1263 Ecclesia,

70 1299 277 1352 pueros
306 1283 426 1335 sine
459 1282 741 1353 baptismo
794 1283 1127 1337 decedentes
1175 1284 1235 1337 in
1283 1284 1499 1338 inferos
1526 1284 1771 1353 detrudi,

70 1376 228 1442 patet
256 1388 319 1425 ex
357 1372 548 1425 libello
576 1372 708 1425 ﬁdei
730 1389 899 1443 quem
938 1373 1229 1444 Pelagiani
1253 1374 1509 1444 episcopi
1539 1373 1773 1427 concin-

71 1465 316 1526 narunt;
346 1460 426 1513 ibi
484 1461 635 1514 enim
668 1462 841 1515 veluti
880 1462 1083 1532 ingens
1141 1463 1455 1517 absurdum
1522 1477 1773 1532 exagge-

69 1554 201 1602 rant
234 1564 433 1617 paanas
463 1549 757 1602 sensibiles
785 1565 1118 1619 puerorum.

1873 473 2172 542 praesentis
2218 474 2277 528 in
2316 476 2653 533 inﬁdelitate
2686 492 3109 552 consummant,
3136 494 3413 559 quantum
3445 493 3575 545 atti-

1876 567 1974 615 net
1998 562 2069 616 ad
2101 566 2564 622 communionem
2613 571 2908 642 originalis
2947 578 3184 644 peccati,
3218 595 3333 633 una
3363 586 3463 636 est.
3500 582 3575 636 Ex

1876 651 1981 705 hac
2010 654 2238 723 utrique
2270 653 2435 709 ibunt
2459 658 2517 710 in
2550 658 2738 729 ignem
2773 668 3073 729 aeternum,
3107 667 3205 736 qui
3236 676 3464 738 paratus
3494 674 3579 726 est

1877 740 2106 794 diabolo
2138 747 2194 796 et
2226 745 2443 815 angelis
2492 747 2634 816 ejus,
2694 750 2828 820 quia
2885 752 2944 805 in
2979 754 3059 806 eis
3106 756 3573 827 chirographum,

1878 844 1992 899 quo
2025 830 2133 884 sibi
2182 848 2276 885 eos
2319 835 2633 905 deceptoris
2662 840 2917 909 nequitia
2967 843 3236 913 subdidit,
3277 846 3579 901 Salvatoris

1878 918 2057 988 gratia
2104 936 2221 973 non
2278 922 2552 979 delevit.»
2604 927 2666 979 Et
2696 928 2923 983 statim:
2961 951 2987 978 ‹‹
3018 932 3235 987 Reddet
3268 935 3576 1007 unicuique

1880 1007 2194 1062 secundum
2226 1026 2394 1080 opera
2422 1029 2541 1078 sua,
2577 1020 2639 1067 ut
2660 1032 2775 1069 non
2808 1019 2989 1071 solum
3020 1037 3120 1089 pro
3144 1023 3411 1091 originali
3440 1042 3574 1095 pec-

1881 1100 2004 1150 cato
2071 1115 2306 1152 ETERNIS
2346 1117 2562 1155 IGNIBUS
2612 1119 2861 1158 annnam
2911 1105 3135 1177 (quibus
3191 1126 3382 1166 ausum
3448 1118 3580 1167 sunt

1882 1185 2003 1239 sine
2030 1186 2371 1257 baptismate
2418 1191 2727 1246 morientes
2774 1194 2946 1248 etiam
2998 1198 3237 1266 parvuli,
3290 1201 3387 1271 qui
3435 1202 3581 1256 nihil

1880 1274 2015 1328 boni
2047 1282 2145 1329 aut
2179 1277 2313 1330 mali
2346 1280 2626 1350 egerunt),
2670 1282 2766 1335 sed
2807 1284 2979 1337 etiam
3025 1303 3127 1355 pro
3164 1304 3263 1340 sua
3292 1288 3581 1345 voluntate

1883 1365 2032 1418 mala
2088 1370 2244 1419 tanto
2302 1368 2552 1422 deterius
2615 1375 3013 1441 torqueantur,
3071 1382 3286 1444 quanto
3336 1379 3582 1448 amplius

1883 1455 2132 1524 propriae
2160 1455 2476 1526 iniquitatis
2498 1457 2784 1528 adjiciant.
2826 1482 2853 1510 »
2888 1462 2953 1514 Hi
2985 1464 3267 1533 Fulgentii
3296 1466 3422 1519 libri
3456 1468 3578 1520 exi-

1886 1544 1999 1596 mie
2027 1546 2503 1599 commendantur
2533 1563 2564 1599 a
2607 1548 2867 1602 Patrihus
2912 1551 3188 1604 Africanis
3231 1554 3292 1607 in
3325 1555 3586 1609 Sardinia

68 1638 231 1692 Idem
270 1636 576 1709 Augustini
596 1641 881 1692 assertum
912 1640 1153 1692 Patrum
1177 1654 1247 1692 ac
1269 1637 1530 1710 plurium
1564 1638 1778 1692 theolo-
1807 1680 1848 1733 Β
1886 1649 1989 1702 pro
2020 1633 2129 1686 ﬁde
2158 1633 2473 1689 orthodoxa
2514 1637 2921 1705 exsulantibus,
2977 1639 3036 1693 in
3070 1641 3310 1711 epistola
3356 1645 3585 1714 synodi-

136 1744 345 1799 gorum
374 1726 549 1780 etiam
577 1726 955 1781 recen/iorum
1003 1726 1346 1781 auctoritate
1393 1728 1695 1799 probatur.

148 1820 369 1886 Agmen
404 1818 727 1884 Patrum,ut
772 1833 877 1887 par
905 1823 1008 1882 est,
1045 1816 1424 1887 Hieronymus
1453 1818 1643 1883 ducet,
1677 1815 1778 1887 qui

66 1906 316 1975 propius
376 1905 435 1959 in
487 1906 784 1959 Palaestina
844 1922 972 1959 cum
1045 1905 1271 1975 Pelagio
1337 1905 1511 1959 veluti
1574 1906 1776 1959 collato

70 1994 223 2065 pede
275 1994 526 2048 certavit.
573 1995 761 2048 Edidit
811 1994 907 2048 ille
956 1994 1217 2065 Dialogos
1264 2000 1462 2048 contra
1509 1995 1777 2048 eumdem

70 2081 534 2146 haeresiarcham,
564 2082 621 2135 in
655 2081 863 2152 quibus
895 2083 999 2135 sub
1028 2082 1262 2136 nomine
1311 2082 1585 2136 Critoboli
1619 2084 1777 2137 Pela-

69 2172 261 2242 gium,
321 2172 423 2224 sub
499 2171 734 2223 nomine
790 2186 923 2223 vero
972 2171 1140 2224 Attici
1193 2169 1380 2224 virum
1439 2170 1778 2224 catholicum

71 2262 471 2331 colloquentes
502 2259 746 2313 induxit.
775 2261 970 2330 Itaque
1007 2259 1326 2314 Critobulus
1357 2259 1553 2329 objicit
1578 2260 1634 2313 in
1668 2260 1780 2313 ﬁne

69 2350 233 2404 tertii
294 2349 459 2403 libri:
520 2370 546 2397 ‹‹
597 2348 706 2402 Oro
762 2352 837 2415 te,
912 2349 1049 2419 quid
1110 2348 1379 2403 infantuli
1432 2351 1781 2420 peccavere?

73 2440 197 2493 Nec
252 2435 598 2490 conscientia
663 2436 741 2490 eis
821 2436 1008 2490 delicti
1084 2436 1357 2506 imputari
1415 2442 1618 2506 potest,
1678 2454 1781 2492 nec

72 2526 431 2598 ignorantia,
465 2525 562 2596 qui
587 2526 745 2595 juxta
774 2526 976 2579 Jonam
1008 2527 1344 2596 prophetam
1377 2542 1614 2580 manum
1647 2527 1780 2580 dex-

73 2622 237 2670 tram
285 2614 517 2668 neciunt
550 2620 606 2669 et
654 2614 961 2668 sinistram.
1012 2616 1248 2668 Peccare
1287 2632 1399 2669 non
1438 2621 1695 2686 possunt,
1727 2620 1784 2670 et

73 2710 323 2776 possunt
351 2704 559 2774 perire,
591 2720 777 2775 genua
827 2704 1038 2769 labant,
1081 2704 1302 2774 vagitus
1334 2704 1503 2758 verba
1530 2720 1648 2758 non
1679 2721 1783 2758 ex—

78 2796 320 2865 plicant,
352 2793 674 2847 balbutiens
720 2792 919 2863 lingua
964 2792 1198 2855 ridetur,
1248 2796 1305 2846 et
1354 2810 1581 2846 mensae
1627 2810 1781 2847 Μιδε-

84 2902 187 2938 me
230 2898 528 2937 cuucnarus
584 2881 805 2935 miseris
855 2886 1268 2953 praeparantur.
1307 2900 1333 2932 ί(
1386 2883 1463 2935 En
1518 2881 1783 2952 Pelagius

1886 1738 1949 1776 ca
1988 1739 2109 1792 cap.
2149 1725 2232 1776 18.

1958 1814 2029 1865 At
2085 1811 2289 1866 saeculo
2355 1812 2558 1867 eodem
2626 1813 2941 1881 desinente,
3002 1820 3225 1871 sanctus
3279 1819 3582 1889 Gregorius

1888 1901 2145 1971 Magnus,
2171 1906 2225 1955 et
2247 1901 2570 1973 insequenti
2596 1902 2831 1956 ineunte
2857 1912 3085 1958 sanctus
3122 1907 3368 1961 Isidorus
3392 1908 3585 1979 Hispa-

1888 1990 2060 2043 lensis
2124 1991 2430 2060 Augustini
2488 1993 2830 2045 sententiam
2911 1996 3323 2064 approbarunt,
3373 1997 3587 2069 quippe

1890 2093 2018 2147 quae
2048 2078 2371 2131 communis
2406 2083 2528 2133 tum
2558 2082 2829 2152 temporis
2859 2082 2917 2136 in
2955 2084 3192 2137 Ecclesia
3246 2085 3581 2139 habebatur.

1892 2167 2214 2237 Gregorius,
2275 2169 2370 2222 lib.
2427 2185 2483 2222 Ix
2531 2171 2759 2234 Moral.,
2810 2186 2932 2241 cap.
2986 2175 3071 2239 12,
3104 2172 3164 2225 in
3212 2172 3310 2225 illa
3339 2173 3482 2227 Job:
3518 2176 3585 2229 Ει

1888 2258 2275 2326 multiplicabit
2303 2259 2527 2312 vulnera
2556 2261 2876 2328 mea-etiam
2919 2262 3034 2314 sine
3066 2277 3251 2330 causa,
3295 2261 3416 2315 haec
3454 2262 3589 2315 scri-

1889 2345 2002 2399 bit:
2044 2368 2063 2393 α
2102 2347 2372 2400 Nonnulli
2398 2349 2611 2401 etenim
2644 2349 2802 2418 prius
2834 2367 2864 2403 a
2898 2352 3165 2419 praesenti
3206 2352 3330 2405 luce
3362 2352 3590 2406 subtra-

1889 2434 2130 2502 huntur,
2185 2452 2356 2505 quam
2406 2437 2475 2490 ad
2526 2438 2871 2507 proferenda
2910 2440 3058 2493 bona
3108 2441 3323 2494 malave
3386 2442 3592 2495 merita

1891 2523 2086 2576 activae
2142 2523 2272 2579 vita:
2327 2526 2682 2594 perveniant.
2729 2526 2880 2589 Quos
2923 2527 3059 2597 quia
3124 2527 3290 2598 culpa
3352 2529 3588 2599 originis

1893 2618 2246 2666 sacramenta
2275 2613 2471 2667 salutis
2503 2630 2618 2667 non
2669 2615 2935 2680 liberant,
2990 2621 3045 2668 et
3094 2616 3187 2669 hic
3236 2632 3303 2669 ex
3356 2617 3591 2688 proprio

1891 2702 2032 2754 nihil
2092 2708 2353 2773 egerunt,
2407 2709 2462 2757 et
2491 2704 2623 2757 illuc
2662 2720 2730 2757 an
2764 2719 3042 2757 roausxm
3077 2720 3428 2759 PERVENIUNT.
3462 2704 3592 2769 Qui-

1893 2788 1997 2842 bus
2021 2807 2198 2843 unum
2229 2792 2436 2843 vulnus
2485 2796 2587 2856 est,
2613 2791 3057 2860 corruptibilitcr
3093 2792 3266 2858 nasci,
3292 2793 3445 2847 aliud
3475 2808 3594 2846 car-

1894 2877 2104 2932 naliter
2128 2878 2331 2932 emori.
2364 2878 2471 2933 Sed
2503 2878 2637 2949 quia
2662 2887 2789 2949 post
2818 2885 3062 2934 mortem
3096 2897 3327 2951 quoque
3377 2887 3594 2936 aeterna

76 2972 392 3044 exprobrat
419 2970 710 3025 catholicis
740 2970 915 3024 veluti
948 2970 1085 3040 quid
1123 2970 1435 3024 absurdum
1472 2986 1783 3041 puerorum
1816 2979 1854 3035 C
1897 2984 2050 3021 mors
2098 2966 2374 3038 sequitur,
2437 2968 2653 3021 occulto
2712 2968 2791 3021 eis
2834 2969 3108 3040 justoque
3146 2970 3366 3039 judicio
3420 2971 3593 3025 etiam

70 3066 138 3118 in
178 3063 365 3116 aliena
421 3061 534 3114 vita
586 3060 886 3114 cruciatus.
931 3059 1075 3124 Quid
1118 3059 1206 3112 his
1246 3059 1473 3129 reponit
1510 3058 1784 3129 Hierony-

72 3169 233 3213 mus,
270 3168 342 3204 an
372 3150 516 3204 forte
558 3150 656 3203 illa
704 3149 913 3204 Annati
958 3149 1166 3203 verba:
1200 3151 1470 3215 Negamus
1522 3148 1787 3201 crudelem

70 3242 519 3308 consequentiam
541 3243 566 3294 ?
593 3239 707 3293 Lib.
733 3242 764 3293 8
790 3237 1220 3308 sui'Augustini,
1248 3254 1371 3308 cap.
1414 3241 1465 3306 1,
1496 3252 1625 3307 pag.
1660 3238 1783 3290 858.

73 3329 245 3383 Haud
279 3329 562 3399 equidem,
594 3328 691 3381 sed
722 3344 788 3381 ex
832 3328 1007 3381 Paulo
1039 3327 1298 3397 apostolo
1331 3332 1624 3396 peccatum
1668 3324 1788 3377 ori—

72 3419 278 3490 ginale
312 3418 530 3487 probat,
582 3421 644 3471 ut
672 3417 865 3487 pueris
895 3421 1176 3470 tormenta
1206 3433 1322 3470 non
1354 3416 1563 3486 injuste
1604 3414 1789 3485 iniligi

72 3508 412 3563 videantur.
458 3505 664 3559 Eadem
705 3522 875 3575 pcena
904 3506 1183 3559 sensibilis
1233 3504 1539 3558 infantium
1588 3503 1789 3557 asseri-

74 3604 180 3652 tur
231 3613 266 3649 a
320 3600 513 3648 sancto
567 3595 751 3660 Avito,
796 3594 1048 3647 antistite
1101 3593 1425 3659 Viennensi,
1490 3592 1589 3663 qui
1639 3608 1788 3645 anno

77 3688 189 3739 500
225 3685 286 3738 in
343 3683 534 3738 Galliis
588 3683 801 3736 floruit.
846 3683 1064 3736 Etenim
1099 3683 1157 3734 in
1187 3680 1439 3734 carmine
1482 3680 1554 3734 ad
1608 3679 1793 3734 Fusci-

76 3791 221 3831 nam
250 3789 506 3825 sororem
539 3772 659 3825 hmc
680 3772 971 3841 eleganter
992 3770 1217 3839 scripsit
1251 3786 1265 3823 :

157 3860 435 3915 Omnibus
461 3859 521 3913 id
554 3875 681 3913 vero
702 3858 955 3929 gravius,
987 3857 1040 3911 si
1077 3859 1234 3929 fonte
1263 3855 1483 3929 lavacri

154 3931 359 3988 Divini
385 3940 671 4002 expertem
705 3927 964 3983 tenerum
1003 3946 1162 3983 mors
1190 3927 1387 3982 invida
1416 3928 1616 3980 natum

159 4002 514 4073 Praecipitat,
559 4002 705 4055 dura
726 4006 1062 4073 genera/um
1091 4002 1243 4073 sorte
1264 4015 1558 4064 censurae,

156 4074 274 4141 Qui
298 4090 427 4127 mox
453 4076 515 4126 ut
539 4072 748 4126 matris
772 4074 1011 4126 cessarit
1037 4072 1199 4140 ﬁlzus
1224 4087 1363 4133 esse,

155 4140 516 4201 Perditionz's
544 4142 654 4197 erit
676 4159 691 4212 ;
728 4142 919 4198 tristes
948 4147 1081 4197 tunc
1103 4142 1261 4196 edita
1287 4140 1505 4203 nolunt,

159 4236 299 4301 Quae
323 4249 554 4287 FLAMMIS
587 4234 811 4285 tantum
833 4234 1148 4303 genuerunt
1177 4229 1423 4301 pignora
1446 4229 1685 4282 matres.

80 4326 221 4380 Fuit
266 4329 460 4377 autem
508 4321 761 4377 Alcimus
811 4321 1006 4374 Avitus
1060 4321 1267 4391 praesul
1319 4317 1701 4381 doctissimus,
1734 4330 1797 4367 ac

76 4414 315 4485 synodo
351 4411 674 4482 Epaunensi
696 4410 936 4480 aliisque
962 4409 1253 4479 prmsedit.
1290 4408 1426 4461 huic
1448 4411 1639 4459 autem
1669 4421 1799 4474 sup-

76 4517 293 4574 parem
323 4500 469 4553 dabo
501 4503 755 4552 sanctum
791 4498 1152 4569 Fulgentium
1196 4497 1547 4565 Ruspensem
1581 4492 1797 4562 episco-

78 4607 258 4663 pum,
296 4588 397 4659 qui
431 4588 614 4641 eideru
656 4587 819 4640 Avito
852 4586 1115 4639 convixit.
1168 4586 1264 4638 Hic
1309 4584 1366 4636 iu
1415 4582 1513 4635 lib.
1558 4581 1625 4633 de
1671 4579 1800 4633 Fide

78 4682 158 4735 ad
191 4682 433 4733 Petrum
474 4678 779 4730 diaconum
831 4675 1173 4729 sententiam
1228 4674 1485 4726 eamdem
1529 4676 1803 4739 tanquam

81 4770 159 4823 de
195 4768 315 4821 ﬁde
349 4767 653 4821 tenendam
686 4765 878 4818 docuit
907 4781 1027 4835 cap.
1073 4766 1162 4827 27,
1209 4762 1370 4831 cujus
1418 4759 1588 4812 verba
1637 4773 1803 4827 supe-

77 4858 217 4912 rius
252 4855 632 4910 laudavimus.
678 4854 855 4918 ldem,
893 4854 1038 4906 lib.1
1087 4852 1155 4905 de
1214 4850 1459 4903 Veritate
1512 4845 1803 4917 praedesti-

77 4944 355 5001 nationis
413 4950 469 4998 et
518 4943 738 5014 gratim,
780 4959 903 5011 cap.
964 4944 1045 5006 12,
1095 4940 1207 4993 ait:
1248 4961 1267 4988 σ
1310 4939 1477 4992 Nulla
1520 4937 1695 5005 igitur
1724 4939 1807 4987 est

79 5051 287 5091 causa;
321 5033 617 5087 diversitas
649 5033 705 5085 in
732 5030 1065 5097 infantibus,
1100 5044 1227 5098 qua:
1258 5027 1425 5081 faciat
1446 5042 1622 5077 unum
1647 5022 1803 5092 eligi,

80 5127 353 5180 alterum
402 5120 716 5192 reprobari.
767 5120 821 5174 Si
874 5136 1005 5172 vero
1065 5123 1370 5188 parentum
1419 5115 1809 5166 consideretur

78 5217 388 5272 voluntas,
441 5210 525 5263 illi
579 5209 679 5280 qui
726 5207 1034 5261 Christiani
1090 5211 1245 5271 sunt,
1299 5210 1359 5256 ut
1407 5218 1601 5254 eorum
1660 5201 1809 5253 lilius

81 5304 513 5375 baptizaretur,
547 5297 785 5351 sollicite
844 5298 1164 5359 voluerunt,
1200 5290 1609 5346 instantissime
1641 5305 1811 5341 cura-

84 5398 351 5456 verunt;
386 5402 633 5459 quorum
666 5391 858 5438 tamen
890 5383 1043 5437 ﬁlius
1080 5388 1388 5451 antequam
1430 5377 1813 5447 baptizaretur

81 5486 283 5535 morte
321 5480 664 5549 praeventus,
724 5488 969 5527 :ETERNIS
1020 5488 1111 5525 EST
1157 5484 1371 5524 lGNlBUS
1424 5467 1746 5536 deputatus.
1782 5482 1809 5515 »

83 5570 302 5640 Capite
353 5566 528 5621 etiam
612 5564 675 5616 14
733 5561 965 5615 scribit:
1022 5578 1050 5611 ‹‹
1107 5560 1286 5613 Causa
1343 5572 1473 5610 vero
1530 5557 1813 5624 majorum

377 5653 658 5718 PATROL.
710 5650 949 5718 XLVII.

1899 3056 2018 3109 sine
2051 3073 2220 3110 causa
2258 3057 2495 3110 vulnera
2538 3056 3026 3127 multiplicantur;
3055 3074 3319 3112 reaperua
3340 3058 3591 3129 (quippe)

1895 3161 2175 3198 TORMENTA
2209 3161 2523 3199 PERCIPIUNT
2555 3145 2692 3215 (qui)
2726 3146 2865 3198 nihil
2917 3161 2983 3198 ex
3021 3146 3255 3216 propria
3303 3148 3594 3201 voluntate

1896 3240 2291 3305 peccaverunt.
2360 3257 2380 3281 «
2429 3236 2491 3288 Et
2521 3240 2753 3304 postea:
2813 3253 2841 3285 ί(
2893 3234 3190 3289 Districtus
3233 3236 3430 3306 judex,
3481 3252 3595 3307 qua

1898 3341 1995 3377 eos
2060 3323 2552 3377 animadversione
2603 3324 2868 3387 trucidat,
2930 3340 3074 3394 quos
3131 3325 3297 3395 culpa
3346 3325 3595 3396 propria:

1900 3416 2140 3470 actionis
2195 3416 2447 3480 damnat,
2505 3415 2551 3468 si
2602 3420 2658 3468 et
2709 3414 2837 3468 illos
2897 3431 2951 3468 IN
2996 3431 3262 3470 .erenuuu
3320 3431 3596 3485 pencurrr,

1898 3521 2039 3575 quos
2068 3511 2261 3559 reatus
2291 3505 2515 3559 arbitrii
2558 3520 2675 3558 non
2727 3503 2981 3558 addicit?
3024 3524 3050 3554 ››
3088 3506 3217 3558 Haec
3261 3505 3401 3559 adeo
3448 3507 3599 3559 clara

1899 3600 2031 3647 sunt
2060 3599 2121 3647 ut
2180 3596 2459 3648 Moraines
2514 3594 2665 3648 dicat
2714 3594 3051 3664 Gregorium
3084 3609 3149 3647 ea
3178 3610 3294 3647 non
3325 3611 3389 3648 ex
3423 3610 3596 3649 sensu

1900 3684 2177 3749 Ecclesiae,
2208 3683 2306 3736 sed
2341 3699 2404 3735 ex
2436 3684 2664 3753 propria
2693 3682 2961 3750 opinione
2994 3682 3320 3735 asseruisse.
3354 3683 3592 3736 Sanctus

1900 3774 2168 3838 Isidorus,
2210 3773 2309 3826 lib.
2341 3790 2379 3825 ιι
2415 3772 2601 3824 Differ.
2637 3770 2845 3840 spirit.,
2875 3786 3032 3822 num.
3080 3771 3169 3835 26,
3221 3770 3373 3823 idem
3424 3770 3597 3824 tradit

1900 3862 2200 3932 inquiens:
2237 3885 2256 3909 α
2294 3861 2433 3913 Illud
2484 3866 2675 3913 tamen
2732 3858 3044 3913 tenendum
3077 3864 3181 3926 est,
3229 3859 3599 3929 parvulorum

1901 3951 2120 4004 animas
2181 3965 2329 4001 nexu
2384 3948 2599 4017 peccati
2649 3947 2945 4018 originalis
2978 3962 3099 3999 esse
3130 3946 3405 4007 astrictas,
3467 3963 3597 4016 qua:

1902 4038 2013 4093 nisi
2041 4038 2361 4107 percipiant
2390 4036 2749 4105 baptismatis
2808 4041 3251 4102 sacramentum,
3293 4034 3458 4103 regni
3488 4051 3598 4087 coe-

1902 4128 2056 4181 lestis
2076 4126 2381 4197 participes
2411 4141 2529 4178 esse
2559 4141 2677 4178 non
2708 4128 2967 4194 possunt,
3015 4123 3109 4177 sed
3161 4139 3287 4176 cum
3346 4138 3513 4175 carne
3547 4126 3605 4175 et

1904 4232 2208 4271 commune
2242 4216 2534 4269 habebunt
2562 4219 2876 4283 peccatum,
2915 4217 2972 4265 et
3002 4212 3123 4282 pari
3148 4212 3365 4281 judicio
3396 4226 3605 4264 DAMNA-

1910 4323 2121 4362 nomen
2155 4322 2207 4359 IN
2262 4322 2427 4359 texi-tu
2460 4319 2752 4357 ETERNt'M.
2782 4320 2806 4353 ι
2859 4303 2924 4355 Et
2974 4301 3072 4354 lib.
3107 4318 3123 4353 ι
3155 4299 3600 4365 Sententiarum,

1908 4410 2008 4464 cap
2060 4397 2150 4453 ‘22,
2183 4393 2289 4445 ait:
2330 4394 2492 4445 «Pro
2533 4391 2652 4443 solo
2698 4388 2964 4457 originali
2996 4393 3157 4440 reatu
3200 4387 3366 4440 luunt
3412 4402 3466 4439 1N
3523 4402 3605 4439 nv-

1908 4500 2082 4537 FERNO
2116 4498 2299 4551 nuper
2322 4480 2437 4534 nati
2468 4479 2735 4533 infantuli
2771 4493 2969 4531 scenas.
3009 4498 3030 4523 ιι
3084 4477 3213 4531 Erat
3269 4493 3404 4545 ergo
3456 4479 3609 4528 certa

1910 4571 1967 4624 in
2006 4570 2196 4623 Latina
2245 4567 2480 4622 Ecclesia
2516 4568 2612 4618 illa
2641 4569 2875 4617 asse’rtio
2933 4564 3001 4617 de
3058 4563 3242 4634 pceuis
3273 4578 3605 4633 puerorum,

1914 4675 2085 4728 quam
2140 4656 2511 4726 Augustinus,
2572 4654 2910 4723 Fulgentius
2961 4670 3023 4705 ac
3067 4654 3278 4723 Synodi
3334 4653 3390 4705 in
3424 4653 3611 4704 Africa

1912 4747 2206 4809 docebant,
2252 4760 2421 4813 quam
2483 4743 2733 4795 Gelasius
2794 4759 2857 4795 ac
2910 4742 3215 4811 Gregorius
3272 4738 3611 4793 sanctissimi

1912 4835 2209 4907 pontiﬁces
2241 4834 2298 4885 in
2349 4831 2508 4885 Italia
2562 4833 2883 4896 tradebant,
2929 4848 3099 4900 quam
3149 4836 3373 4881 sanctus
3414 4828 3612 4879 Avitus

1914 4925 1974 4978 in
2006 4923 2205 4989 Gallia,
2240 4926 2295 4975 et
2327 4928 2549 4973 sanctus
2602 4921 2850 4974 Isidorus
2879 4921 2939 4973 in
2992 4918 3260 4988 Hispania
3312 4916 3452 4968 citra
3507 4914 3613 4966 du-

1916 5013 2075 5069 bium
2132 5011 2479 5065 asserebant.
2543 5010 2808 5063 Eamdem
2855 5025 2987 5061 vero
3042 5006 3257 5059 diutius
3307 5017 3484 5072 usque
3542 5001 3614 5056 ad

1920 5101 2392 5156 scholasticorum
2447 5104 2670 5151 aetatem
2725 5098 2971 5167 viguisse
3040 5092 3319 5147 existimo.
3380 5090 3616 5143 Sanctus

1921 5191 2282 5255 Prudentius,
2318 5189 2617 5259 episcopus
2661 5185 3031 5248 Tricassibus,
3076 5180 3174 5251 qui
3218 5179 3414 5234 floruit
3465 5196 3615 5234 anno

1919 5285 2041 5346 8250,
2073 5282 2130 5334 in
2162 5281 2306 5334 libro
2338 5280 2407 5332 de
2442 5274 2961 5335 Przedestinatione,
2992 5288 3114 5339 cap.
3153 5272 3236 5336 16,
3267 5269 3345 5321 ait
3378 5285 3390 5322 :
3422 5288 3449 5319 (ι
3481 5269 3619 5333 Qua:

1921 5371 2141 5444 punitio
2198 5368 2454 5423 bifariam
2504 5365 2790 5426 dividitur,
2845 5367 2900 5413 et
2951 5375 3103 5411 nunc
3157 5358 3217 5411 in
3261 5357 3621 5412 absolutione

1924 5460 2127 5513 animae
2161 5477 2192 5511 a
2222 5476 2325 5511 suo
2359 5472 2593 5526 corpore
2643 5454 2971 5519 comparata
3015 5449 3187 5517 hujus
3235 5448 3435 5517 prima
3476 5463 3621 5517 prae-

1922 5546 2287 5604 varicationis
2342 5547 2565 5609 merito,
2627 5539 2784 5611 quod
2834 5539 2906 5592 ab
2963 5538 3087 5609 ipsa
3126 5536 3313 5591 radice
3362 5536 3426 5589 in
3454 5550 3626 5589 omne

3272 5631 3351 5689 21
