3906 6182
386 260 482 314 651

1401 251 1952 308 SUPPLEMENTUM
1995 253 2084 306 AD
2121 251 2350 308 OPERA
2392 255 2446 308 S.
2490 254 2881 310 AUGUSTINI.
3729 276 3811 328 552

382 397 734 470 posteritatis
784 397 903 468 ejus
958 409 1138 466 genus
1193 391 1544 445 transfusum
1591 395 1760 462 atque
1811 390 2071 444 innatum
2104 377 2145 431 Α
2183 392 2487 460 Augustini
2543 394 2782 448 lectione
2837 395 3169 466 Gregorium
3221 400 3507 467 superavit.
3561 405 3697 460 Hanc
3743 410 3809 466 mi

383 493 485 556 est,
528 491 584 542 et
636 485 1004 558 postmodum
1062 482 1159 550 (in)
1216 496 1492 545 causam,
1550 496 1678 551 qua:
1731 485 1848 534 tam
1907 497 2072 536 auus

382 594 557 650 quam
613 577 856 630 aliorum
913 569 1332 640 multiplicitate
1387 569 1692 623 criminum
1771 569 2075 624 libidinosa

379 666 747 739 perversitate
804 666 1229 715 contracturum
1282 659 1561 730 acquisita
1615 663 1768 712 est.»
1833 660 1896 712 Et
1931 659 2071 712 infe-

380 756 500 810 rius
526 755 593 808 de
639 751 885 825 parvulis
931 749 1164 802 scribit:
1227 768 1253 796 σε
1286 749 1450 801 Extra
1499 747 1769 817 baptismi
1827 749 2072 817 gratiam

376 843 703 906 morientes,
737 856 854 894 non
885 854 1008 902 suo,
1056 837 1150 890 sed
1202 837 1541 906 protoplasti
1593 841 1819 907 peccato
1872 853 2070 890 panpe-

375 947 478 986 TUA
509 945 769 985 PLEXIONE
799 943 1144 983 naua-mrsu.
1176 945 1203 975 »
1261 926 1332 979 Ex
1373 925 1577 995 Anglia
1633 923 1822 978 veniat
1874 925 2070 978 Ansel-

373 1036 522 1088 mus,
553 1019 652 1091 qui
681 1018 741 1072 in
775 1017 873 1071 lib.
908 1017 976 1070 de
1009 1015 1295 1083 Conceptu
1325 1014 1476 1084 Virg.
1511 1019 1567 1066 et
1595 1030 1708 1083 pec.
1745 1014 1916 1083 orig.,
1943 1030 2067 1083 cap.

372 1111 462 1176 22,
492 1109 611 1163 haec
635 1106 862 1162 docuit:
897 1125 924 1156 α
955 1104 1062 1159 Sed
1125 1119 1255 1158 cum
1314 1119 1479 1156 nemo
1509 1103 1731 1158 dubitet
1782 1103 1918 1174 quia
1968 1119 2072 1173 par

371 1214 543 1269 paena
591 1213 706 1250 non
738 1199 1011 1266 sequetur
1059 1191 1299 1262 imparia
1347 1199 1596 1261 peccata,
1638 1190 1694 1244 in
1739 1193 1843 1244 hoc
1875 1196 2068 1245 tamen

372 1287 578 1342 similis
606 1290 685 1340 est
716 1289 771 1338 et
801 1282 1116 1354 personalis
1144 1287 1198 1334 et
1229 1279 1526 1350 originalis
1581 1280 1796 1349 peccati
1831 1280 2066 1334 damna-

371 1377 471 1444 tio,
504 1376 641 1447 quia
684 1376 878 1429 nullus
933 1370 1249 1426 admittitur
1279 1370 1346 1423 ad
1379 1385 1619 1438 regnum
1659 1371 1778 1435 Dei,
1811 1371 1880 1424 ad
1913 1371 2066 1442 quod

369 1467 550 1522 factus
578 1470 664 1520 est
690 1466 884 1528 homo,
913 1461 1022 1515 nisi
1073 1476 1175 1531 per
1232 1464 1476 1512 mortem
1535 1458 1762 1523 Christi,
1799 1458 1920 1512 sine
1952 1477 2065 1530 quo

368 1572 486 1610 non
520 1553 774 1609 redditur
824 1550 978 1622 quod
1013 1566 1113 1620 pro
1141 1549 1275 1602 Adae
1306 1553 1534 1617 peccato
1565 1548 1826 1612 debetur,
1859 1564 2060 1618 quam-

363 1644 448 1698 vis
479 1660 593 1697 non
623 1658 821 1696 omnes
850 1639 1063 1711 pariter
1091 1637 1150 1690 in
1184 1636 1404 1690 inferno
1435 1636 1683 1706 torqueri
1713 1649 2058 1691 mercantur.
2095 1677 2134 1730 Β

366 1734 508 1788 Nam
540 1737 666 1802 post
694 1729 847 1784 diem
871 1727 1074 1798 judicii
1108 1726 1297 1779 nullus
1330 1724 1437 1778 erit
1468 1726 1724 1795 angelus,
1758 1731 1858 1778 aut
1887 1726 2061 1779 homo

361 1837 596 1876 NISIAUT
644 1835 698 1873 IN
752 1833 931 1872 aeoxo
977 1817 1092 1878 DEI,
1141 1830 1252 1868 aur
1313 1830 1366 1867 IN
1415 1829 1678 1868 INFERNO.
1719 1835 1740 1861 ι
1799 1814 2064 1879 Explodit

359 1911 596 1966 tertium
625 1909 789 1963 illum
823 1908 1006 1960 locum
1041 1904 1324 1958 felicitatis
1365 1903 1648 1968 secundae,
1683 1919 1853 1974 quem
1891 1903 2059 1974 pleri-

361 2015 472 2071 que
525 1996 776 2069 parvulis
832 1994 1196 2066 promittunt.
1262 1991 1503 2046 Ultimus
1545 1997 1774 2045 accedat
1829 1998 2060 2046 sanctus

359 2087 656 2152 Aelredus,
689 2084 866 2138 sancti
896 2081 1166 2137 Bernardi
1196 2086 1738 2150 contemporaneus,
1773 2080 1828 2133 in
1865 2081 2009 2133 libro
2042 2098 2058 2134 ι

360 2175 586 2248 Speculi
660 2172 972 2236 charitatis,
1029 2187 1150 2241 cap.
1217 2173 1299 2224 l5.
1372 2169 1514 2223 Cum
1565 2169 1674 2222 sibi
1727 2170 2054 2239 obji'Cissct:

359 2285 388 2317 ιι
421 2264 690 2319 Parvulos
719 2279 848 2334 quae
901 2261 1047 2314 ratio
1103 2259 1313 2313 addicit
1366 2258 1740 2322 damnationi,
1784 2275 1926 2329 quos
1959 2276 2058 2314 nec

358 2353 568 2408 creatio
599 2352 802 2421 malos,
835 2366 940 2405 nec
966 2348 1198 2420 propria
1229 2348 1488 2402 voluntas
1534 2347 1666 2401 fecit
1696 2347 1937 2417 injustos
1967 2349 1997 2403 ?
2030 2371 2051 2398 ι

357 2443 717 2513 Respondet:
777 2461 798 2488 ι
859 2439 1003 2504 Quid
1067 2437 1270 2492 enim?
1345 2437 1622 2506 lnjustum
1680 2437 1926 2490 mstiinis
1993 2443 2057 2493 ut

354 2531 578 2604 lignum
606 2529 810 2584 inutile
865 2533 921 2582 et
967 2526 1384 2580 infructuosum
1443 2525 1592 2596 ignis
1621 2525 1924 2595 depascat?
1960 2528 2056 2581 Co-

354 2621 491 2692 gita,
527 2635 740 2692 quaeso,
793 2622 976 2672 totum
1034 2616 1350 2669 humanum
1409 2629 1590 2682 genus
1642 2615 2050 2684 quasilignum

355 2709 602 2775 aridum,
637 2708 857 2778 lignum
886 2705 1324 2763 infructuosum.
1361 2702 1576 2773 lignum
1607 2703 1668 2756 in
1709 2703 1830 2772 ipsa
1865 2704 2051 2758 radice

351 2799 631 2861 vitiatum,
666 2802 865 2868 utpote
893 2811 1111 2848 veneno
1142 2792 1362 2864 antiqui
1408 2792 1689 2861 serpentis
1721 2793 2049 2859 inliciaturi,

347 2887 663 2958 justissima
694 2884 985 2939 addictum
1014 2881 1280 2943 ﬂaminis,
1315 2880 1432 2950 igni
1476 2879 1844 2945 destinatum,
1892 2881 2050 2949 adju-

352 2976 600 3032 dicatum
630 2971 983 3030 damnationi
1037 2971 1181 3034 Quid
1211 2970 1705 3039 ergo?lngratum
1729 2974 1784 3022 te
1810 2969 2048 3039 prmbes,
2081 2976 2118 3030 C

349 3082 382 3121 0
405 3066 626 3136 lignum
656 3063 885 3117 inutile!
921 3059 1072 3130 quod
1108 3058 1341 3128 quidam
1376 3058 1681 3110 rainuscnli
1709 3074 1741 3110 a
1782 3063 1879 3110 tua
1910 3074 2050 3128 pra:-

350 3160 576 3209 mortua
607 3151 827 3222 praecisi
860 3149 1044 3202 radice
1077 3146 1403 3216 eripiuntur
1432 3144 1718 3206 incendio,
1765 3154 2047 3216 quatenus

350 3240 531 3312 stipiti
560 3239 787 3294 cuidam
817 3237 1102 3291 fructuosa
1133 3233 1329 3286 inserti
1374 3232 1627 3303 pristinae
1662 3232 1907 3286 libertati
1946 3235 2048 3288 do-

348 3337 579 3386 nentur.
617 3349 645 3380 »
682 3329 858 3395 Hujus
905 3323 1083 3377 sancti
1134 3322 1412 3392 Regulam
1460 3321 1582 3390 lege
1627 3321 1776 3389 apud
1827 3323 2046 3376 llolste-

348 3419 531 3480 nium,
566 3432 693 3489 pag.
734 3418 852 3480 l87,
914 3419 1072 3483 parte
1131 3428 1169 3464 ι.
1227 3409 1589 3463 Culleclionis
1641 3409 1934 3471 Romanae.
1974 3412 2048 3465 Ex

346 3508 435 3564 his
467 3511 622 3577 patet
649 3519 822 3576 quam
872 3501 1012 3554 falso
1069 3497 1277 3552 dixerit
1327 3499 1576 3551 Adamus
1629 3513 1806 3552 omnes
1859 3501 2046 3555 Patres

346 3603 534 3653 contra
562 3597 934 3662 Augustinum
966 3594 1128 3644 stare.
1190 3589 1348 3642 Certe
1403 3603 1588 3658 neque
1623 3589 1787 3641 Pater
1817 3588 2042 3657 Snarez,

346 3702 534 3757 neque
567 3686 732 3739 Pater
776 3682 1027 3750 Vasquez
1080 3693 1210 3730 cum
1263 3677 1583 3746 Augustino
1615 3676 1769 3730 eain
1818 3694 1878 3730 re
1917 3695 2045 3732 con-

346 3775 603 3839 veniunt,
651 3779 706 3826 at
734 3771 877 3825 bene
924 3772 1182 3821 sanctum
1227 3767 1517 3819 doctorem
1550 3765 1728 3820 secuti
1757 3774 1890 3820 sunt
1922 3783 2045 3821 om-

344 3880 444 3920 nes
475 3861 656 3918 Latini
697 3863 909 3922 Patres,
969 3855 1069 3927 qui
1123 3855 1570 3908 controversiam
1625 3855 1780 3908 illam
1815 3872 2044 3926 quoquo

343 3954 514 4010 modo
540 3951 874 4020 attigerunt,
901 3946 961 4000 in
999 3960 1244 4017 quorum
1299 3943 1541 3998 lectione
1581 3944 1832 3998 Adamus
1888 3951 2043 3999 totus

342 4043 550 4113 hospes
580 4039 707 4095 fuit.

412 4133 542 4186 Haec
589 4128 782 4199 itaque
837 4123 1089 4195 antiquae
1132 4121 1389 4176 Ecclesia;
1449 4137 1512 4174 ac
1541 4121 1749 4175 sanctis
1779 4121 2040 4175 Patribns

340 4220 409 4276 de
438 4217 746 4274 infantium
801 4213 985 4285 pcenis
1015 4210 1292 4264 sententia
1343 4210 1514 4275 stetit,
1553 4209 1731 4263 donec
1771 4216 1900 4280 post
1931 4212 2036 4264 du-

2185 480 2412 534 laudem
2448 484 2594 535 ultro
2627 485 2969 538 recentiores
3002 486 3279 539 tribuunt.
3311 487 3506 543 Dicitur
3533 509 3561 545 a
3603 495 3809 566 Vasqncz

2187 572 2300 636 1-2,
2335 570 2480 640 disp.
2518 574 2634 639 l83,
2671 590 2827 626 num.
2868 577 2950 632 t3.
2985 577 3232 644 apprime
3263 577 3314 629 in
3344 578 3618 644 Augustini
3645 583 3808 640 doctri-

2181 674 2255 711 na
2293 668 2536 713 versutus
2593 665 2638 715 A
2687 663 2942 716 Vandero
2972 665 3293 732 appellatur
3319 670 3401 718 uir
3427 667 3752 741 doctissimus,
3777 682 3812 730 et

2180 749 2232 801 si
2260 751 2381 816 quis
2410 751 2552 802 alius
2582 750 2838 804 doctrina:
2868 753 3279 818 AuJustiniuna:
3304 757 3664 825 perstudiosus,
3695 762 3811 832 disp.

2186 841 2204 892 l
2245 839 2312 892 de
2349 840 2552 893 Libert.
2612 841 2729 907 Dei,
2777 859 2934 896 num.
2983 844 3074 896 23.
3133 843 3304 896 Addit
3358 844 3570 898 Fasolns
3619 855 3729 918 part
3780 857 3811 913 1,

2181 941 2236 996 q.
2272 929 2361 993 23,
2393 933 2497 980 art.
2537 931 2584 992 l,
2620 930 2753 982 dub.
2807 933 2859 990 3.
2915 947 3074 984 num.
3109 933 3197 995 3's,
3225 931 3375 998 cujus
3408 934 3530 987 libri
3560 938 3816 1002 Augustini

2178 1017 2594 1070 auctoritatibus
2615 1023 2663 1070 et
2697 1022 2972 1071 sententiis
2999 1023 3205 1088 passim
3219 1020 3507 1076 abundant.
3532 1024 3667 1078 litem
3695 1043 3813 1080 nun-

2178 1109 2420 1171 cupatur
2447 1118 2478 1158 a
2513 1106 2819 1174 Roynaudo
2851 1107 3002 1160 homo
3033 1110 3089 1160 in
3137 1111 3435 1173 Augustini
3480 1112 3678 1164 lectione
3720 1131 3810 1166 ver-

2177 1194 2504 1256 satissimus,
2565 1195 2628 1246 In
2679 1211 2832 1248 cens.
2876 1195 3032 1249 inotl‘.
3079 1195 3214 1267 [Pro
3264 1197 3440 1253 Valer.
3498 1200 3810 1273 Cemetiens.]

2178 1297 2328 1334 cens.
2364 1298 2520 1335 num.
2572 1284 2625 1335 2.
2692 1283 2946 1354 Denique
2997 1285 3360 1356 Decampsius
3413 1287 3628 1342 scribit:
3661 1291 3810 1344 «Grc-

2177 1370 2373 1438 gorius
2415 1371 2812 1433 Ariminensis,
2844 1387 3015 1441 quem
3047 1389 3159 1425 non
3194 1374 3322 1426 vita
3379 1381 3583 1428 tantum
3633 1376 3812 1431 institu-

2176 1461 2256 1521 to,
2305 1458 2402 1511 sed
2457 1459 2629 1512 etiam
2685 1459 2940 1512 doctrina
2988 1462 3373 1531 Augustinum
3425 1463 3584 1516 fuisse
3639 1471 3811 1520 norunt

2175 1561 2393 1609 omnes,
2417 1546 2513 1616 qui
2548 1549 2629 1599 vel
2661 1548 2897 1601 strictim
2927 1549 3050 1619 ejus
3097 1550 3270 1603 libros
3329 1550 3686 1621 attigerunt.»
3718 1553 3809 1607 Lib.

2174 1649 2230 1686 ιιι
2263 1634 2330 1687 de
2367 1635 2574 1688 HEBl'eSi
2612 1636 2786 1698 lana,
2840 1637 2983 1706 disp.
3046 1640 3097 1700 3,
3142 1655 3266 1708 cap.
3319 1641 3401 1692 20.
3443 1641 3569 1704 Qum
3599 1644 3810 1696 consulto

2171 1721 2263 1775 hic
2292 1722 2525 1779 inserui.
2547 1729 2604 1776 ut
2648 1729 2878 1793 planum
2913 1727 3342 1796 liantquantum
3371 1729 3404 1780 ti
3427 1729 3799 1783 leiArimineasi

2171 1813 2558 1881 praestandum
2607 1813 2701 1877 sit,
2736 1815 2829 1866 ubi
2861 1815 2929 1866 de
2961 1801 3284 1884 Augustini.
3310 1825 3492 1869 mente
3521 1818 3802 1888 disputatur.

2169 1901 2340 1954 Video
2371 1900 2523 1954 enim
2577 1903 2725 1954 hunc
2761 1903 3040 1970 in~igueni
3091 1904 3386 1958 doctorem
3421 1907 3691 1977 plerasque
3719 1924 3808 1961 sen-

2169 1990 2374 2042 tentias
2402 1996 2674 2059 tanquam
2707 2006 2835 2043 vere
2865 1992 3312 2061 Augustinianas
3350 1993 3650 2060 defendere,
3699 2012 3806 2065 quas

2166 2080 2359 2130 tamen
2395 2080 2732 2130 recentiores
2764 2079 2938 2131 veluti
2975 2088 3230 2150 portenta
3280 2097 3344 2135 ac
3393 2083 3656 2152 paradoxa
3682 2099 3801 2152 prur-

2168 2181 2263 2218 sus
2292 2166 2857 2236 aliti-Augustiniana
2893 2170 3170 2238 rejiciunt.
3212 2171 3312 2223 llic
3346 2172 3527 2241 itaque
3557 2173 3630 2225 vir
3673 2172 3803 2224 subti-

2165 2253 2413 2308 lissimus
2446 2256 3159 2324 Augustiniauctoritatem
3185 2261 3475 2312 communi
3501 2260 3640 2312 illius
3661 2259 3799 2312 anelis

2165 2345 2627 2398 scholasticorum
2692 2346 2884 2399 sen-ui
2963 2349 3294 2417 prreposuit.
3376 2349 3624 2401 Albertus
3663 2348 3797 2400 etiam

2165 2432 2414 2504 Magnus,
2452 2434 2510 2487 in
2541 2435 2796 2494 Summa,
2831 2441 2991 2488 tract.
3031 2439 3112 2497 18,
3150 2437 3503 2505 probabilem
3557 2433 3795 2507 Augustini

2165 2523 2504 2576 sententiam
2539 2525 2767 2588 fatetur,
2801 2525 2884 2576 uti
2916 2526 3088 2578 etiam
3125 2526 3454 2589 Polinauus,
3485 2527 3661 2579 doctor
3690 2526 3799 2578 Dua-

2162 2613 2363 2674 censis,
2389 2611 2446 2665 in
2476 2614 2624 2666 calce
2661 2614 2928 2666 Breviarii
2961 2615 3291 2684 tlieologiei,
3347 2631 3499 2668 num.
3548 2617 3638 2668 469
3689 2615 3798 2667 Coa-

2163 2703 2414 2754 sentiunt
2443 2702 2708 2767 Sonnius,
2747 2709 2904 2755 tract.
2949 2703 3018 2757 de
3080 2704 3349 2756 EXU‘OIIIO
3396 2704 3623 2767 Judicio,
3651 2703 3795 2772 cap.6

2161 2796 2217 2842 et
2245 2794 2273 2842 7
2311 2807 2322 2854 ;
2365 2790 2590 2856 Driedo,
2628 2792 2723 2844 lib.
2759 2807 2774 2843 ι
2807 2792 2874 2843 de
2907 2791 3088 2846 Gratia
3123 2800 3178 2845 et
3206 2793 3393 2846 libero
3423 2794 3652 2855 arbitrio,
3678 2795 3792 2843 tract.

2161 2881 2213 2942 3,
2245 2894 2367 2947 cap.
2399 2881 2454 2942 2,
2505 2886 2646 2949 part.
2708 2896 2743 2932 1.
2798 2880 2869 2932 Ex
2911 2880 3337 2950 Augustiniana
3395 2881 3594 2934 familia
3639 2885 3797 2949 praeter

2159 2968 2494 3037 Gregorium
2531 2974 2649 3021 l'use
2680 2969 2942 3022 eamdem
2974 2969 3323 3022 sententiam
3347 2968 3794 3036 tuenturAUgusti-

2161 3071 2267 3108 nus
2301 3057 2537 3110 Musaeus
2578 3058 2635 3110 in
2688 3059 3056 3128 Apologetico
3087 3058 3156 3110 ad
3195 3059 3436 3111 Paulum
3490 3059 3577 3122 Ill,
3626 3055 3794 3125 Alipius

2159 3145 2365 3213 Reylol‘
2393 3147 2581 3215 Bolga,
2618 3147 2711 3199 lib.
2770 3161 2870 3200 Vlll
2927 3151 2996 3199 de
3054 3146 3268 3200 Anima
3301 3148 3367 3201 ad
3402 3161 3629 3200 mentem
3661 3142 3794 3196 sancti

2160 3233 2340 3286 Patris
2387 3234 2713 3303 Augustini.
2775 3251 2898 3303 rap.
2933 3237 2985 3293 2.
3105 3239 3201 3300 l3;
3255 3237 3478 3290 Michael
3511 3236 3791 3289 Paludauns.

2157 3320 2398 3392 insignis
2442 3325 2634 3376 doctor
2668 3323 3049 3390 LOVanii-nsis,
3081 3325 3137 3376 in
3173 3326 3424 3394 epistula
3465 3325 3531 3378 ad
3578 3321 3794 3378 Cultllllm

2155 3413 2645 3481 arcliiepisciipnm
2670 3414 3109 3476 Ttinamensem,
3146 3429 3284 3484 quae
3318 3415 3516 3485 legitur
3565 3414 3613 3465 in
3644 3410 3792 3463 limine

2154 3499 2285 3553 libri
2317 3502 2568 3571 ejusdem
2603 3502 2791 3556 Conrii
2826 3520 2952 3556 mox
3006 3505 3298 3560 laudandi.
3349 3507 3586 3574 Denique
3613 3502 3794 3557 Carolus

2155 3589 2374 3643 Moreau
2408 3592 2448 3646 G
2472 3593 2617 3657 illus,
2653 3598 2803 3644 tonio
2834 3592 2851 3645 Ι
2894 3594 2980 3645 sui
3012 3593 3376 3656 Tertulliani,
3427 3601 3559 3664 part.
3616 3608 3664 3645 ιι.
3693 3603 3790 3659 pag.

2153 3678 2221 3731 89
2249 3683 2305 3730 et
2334 3695 2478 3748 seq.,
2510 3679 2608 3731 ubi
2646 3679 2754 3732 ait:
2791 3699 2818 3729 ‹‹
2853 3681 3163 3733 Attendunt
3189 3688 3253 3734 et
3310 3681 3366 3734 hi
3399 3682 3494 3751 qui
3529 3680 3682 3732 solani
3712 3690 3793 3745 pe-

2153 3781 2283 3817 nam
2314 3765 2507 3819 damni
2551 3768 2606 3819 in
2639 3766 2720 3820 eis
2750 3767 3084 3834 admittunt,
3117 3787 3174 3821 se
3209 3770 3284 3824 ab
3329 3771 3556 3840 antiquo
3589 3763 3790 3821 Εςειερὶε

2152 3861 2208 3907 et
2240 3856 2468 3908 Patrum
2500 3872 2667 3908 sensu
2698 3873 2818 3909 esse
2857 3859 3293 3913 remotissimus.
3327 3881 3353 3908 ι)
3393 3860 3470 3913 Ιιιι
3495 3857 3632 3911 enim
3669 3855 3791 3924 plura

2151 3943 2380 3997 Patrum
2415 3944 2739 3997 testimonia
2771 3946 2980 4009 laudat,
3005 3963 3132 4016 qua:
3164 3952 3358 4002 tamen
3383 3949 3449 4000 de
3481 3942 3788 3999 damnatione

2151 4033 2412 4103 generice
2445 4040 2672 4104 sumpta
2724 4035 3126 4103 intelligendos
3173 4053 3297 4090 esse
3340 4035 3496 4090 facile
3539 4025 3789 4087 adversarii

2149 4121 2367 4186 dicent;
2395 4138 2577 4192 neque
2609 4121 2761 4176 enim
2801 4123 3029 4190 Gelasii,
3069 4125 3242 4186 Aviti.
3288 4125 3501 4187 lsidori,
3551 4115 3789 4176 Prudentii

2147 4211 2507 4282 aliorumque
2540 4214 2904 4266 auctoritates
2944 4214 3237 4282 produxit,
3263 4232 3404 4286 quas
3444 4229 3542 4266 nos
3576 4207 3785 4280 superius

339 4275 714 4363 centesimum
770 4275 941 4373 supra
997 4299 1365 4354 millesimum
1432 4314 1646 4350 annum
1701 4297 2035 4351 Christianae
2068 4275 2110 4329 θ
2147 4300 2458 4354 attulimus.
2505 4301 2602 4354 llic
2657 4307 2850 4354 tamen
2898 4304 3352 4372 Angustinianos
3403 4301 3688 4372 plurimum
3715 4293 3785 4346 de-

340 4396 570 4467 epochre
601 4409 761 4447 nova
794 4389 1092 4462 opiniones
1123 4405 1155 4441 a
1180 4385 1526 4440 scholasticis
1579 4402 1833 4456 procusas
1883 4391 2032 4440 sunt.

338 4483 447 4550 Qui
478 4483 523 4537 si
547 4483 604 4536 in
637 4483 864 4536 Patrum
897 4475 1283 4530 voluminibus
1313 4479 1537 4527 tantum
1569 4474 1741 4527 studii
1772 4491 1834 4528 ac
1873 4475 2032 4528 labo-

337 4572 418 4628 ris
473 4569 814 4644 posuissent,
867 4572 1146 4637 quantum
1194 4562 1487 4617 Aristoteli
1541 4563 1876 4632 explicando
1933 4563 2034 4617 im-

335 4660 604 4732 pendere.
638 4660 889 4728 profecto
919 4653 1097 4708 sancti
1161 4650 1467 4722 Augustini
1521 4651 1862 4706 sententiam
1918 4669 2031 4706 non

335 4747 722 4809 obduxissent,
776 4760 963 4816 neque
1020 4757 1220 4796 eorum
1277 4741 1535 4811 plerique
1594 4740 2030 4811 Pelagianorum

334 4839 690 4912 opinionem,
721 4834 872 4906 quod
929 4832 1247 4886 naturalem
1303 4830 1456 4883 illam
1506 4846 1816 4900 puerorum
1858 4831 2029 4885 beati-

330 4935 507 4986 tatem
525 4927 749 4990 attinet,
773 4920 1071 4978 hominum
1102 4919 1388 4974 mentibus
1416 4925 1530 4973 tam
1555 4921 1664 4973 alte
1686 4919 2023 4974 intixissent.

332 5020 539 5074 Verum
577 5021 735 5071 tanta
763 5013 872 5067 fuit
900 5011 981 5065 vis
1028 5010 1302 5075 veritatis,
1352 5025 1414 5062 ac
1466 5014 1690 5063 tantum
1722 5009 2024 5080 Augustini

331 5107 636 5164 auctoritas
681 5102 880 5170 valuit,
923 5103 983 5154 nt
1024 5099 1286 5171 plerique
1334 5099 1505 5152 etiam
1561 5098 2022 5152 scholasticorum

328 5196 568 5268 pedibus
597 5195 657 5248 in
689 5189 993 5263 Augustini
1033 5187 1375 5243 sententiam
1411 5187 1618 5240 ierunt.
1662 5187 1887 5240 Primus
1919 5187 2023 5240 fuit

329 5283 634 5354 Gregorius
682 5277 1078 5344 Ariminensis,
1122 5274 1523 5330 subtilissimus
1572 5276 1824 5344 antiquae
1870 5275 2021 5328 Pari-

325 5370 528 5426 siensis
558 5370 764 5423 scholae
823 5369 1042 5431 doctor,
1084 5364 1184 5436 qui
1233 5380 1428 5433 pasnas
1483 5363 1776 5417 sensibites
1832 5362 2018 5417 infan-

320 5463 468 5522 tium
510 5459 783 5516 acerrime
811 5455 1083 5512 sustinuit
1113 5455 1169 5509 in
1200 5457 1233 5508 2
1259 5453 1703 5508 Sententiarum.
1746 5452 1873 5506 dist.
1925 5455 2013 5519 30,

319 5556 524 5629 quaest.
559 5553 606 5606 3.
645 5549 843 5604 Nullus
895 5552 1083 5602 autem
1139 5550 1395 5598 veterum
1452 5541 1911 5597 scholasticorum
1956 5543 2010 5596 in

2145 4387 2277 4441 bere
2323 4389 2503 4442 fateor
2543 4389 2882 4442 doctissimis
2923 4389 3247 4459 Seraphicas
3280 4390 3508 4444 familia
3547 4384 3784 4443 Patribus,

2143 4477 2377 4530 totidem
2405 4477 2556 4530 enim
2590 4493 2691 4547 pro
2749 4478 3167 4543 Angustiniana
3226 4477 3527 4540 sententia,
3577 4477 3696 4545 quot
3739 4481 3784 4520 ex

2144 4565 2372 4631 nostris,
2426 4572 2574 4620 stare
2628 4566 2809 4620 video.
2872 4568 3201 4636 Alplionsus
3257 4585 3289 4621 a
3336 4569 3542 4625 Castro,
3594 4556 3785 4627 insignis

2140 4654 2463 4724 theologus,
2497 4655 2553 4708 in
2580 4657 2671 4709 lib.
2715 4656 2983 4709 adversus
3031 4658 3256 4724 haeres,
3307 4673 3360 4710 v.
3401 4643 3785 4723 Baptismus,3it

2137 4761 2346 4814 pueros
2375 4745 2616 4816 orignali
2650 4745 2884 4799 infectos
2931 4763 3050 4800 esse
3097 4747 3351 4815 gehennae
3394 4745 3650 4798 obnoxios.
3680 4736 3781 4789 Mal'

2136 4833 2282 4887 tliias
2319 4835 2602 4888 liaHZerus
2632 4834 2783 4888 idem
2843 4835 3006 4889 docnt
3064 4841 3204 4890 tum.
3261 4837 3306 4890 ll
3354 4831 3648 4888 Anatomia'.
3692 4827 3779 4878 Au-

2135 4922 2497 4992 gustiniaum,
2553 4940 2682 4994 pag.
2737 4925 2862 4978 761.
2919 4925 3071 4978 Idem
3103 4926 3278 4978 etiam
3331 4925 3531 4978 docent
3579 4920 3782 4972 Joannes

2133 5011 2377 5065 Poncius
2440 5012 2736 5076 tliberuus,
2799 5013 2942 5084 disp.
3009 5016 3070 5067 l8
3103 5015 3314 5067 Cursus
3344 5005 3650 5078 theologici,
3693 5004 3779 5054 Ιοιὲι

2131 5101 2444 5171 quaestione
2474 5105 2527 5162 6.
2560 5109 2614 5156 et
2669 5103 2726 5155 in
2771 5104 3194 5157 Commentario
3227 5103 3287 5157 in
3343 5105 3374 5154 2
3405 5095 3774 5154 Sententiarum

2131 5189 2301 5252 Scoti,
2335 5190 2464 5244 dist.
2497 5193 2603 5254 33;
2643 5192 2703 5244 Ρ.
2739 5192 2984 5256 Macedo,
3029 5193 3122 5246 lib.
3172 5208 3225 5245 Iv
3271 5194 3340 5244 de
3394 5186 3648 5244 Clavibus,
3676 5191 3773 5244 Gai"

2134 5280 2218 5341 18,
2249 5283 2428 5330 contr.
2463 5279 2532 5331 de
2560 5281 2788 5332 Pcccato
2821 5279 2948 5344 orig
2977 5321 2991 5345 ,
3021 5286 3171 5337 sect.,
3203 5281 3234 5333 3
3257 5299 3272 5343 ;
3295 5290 3528 5349 quorum
3557 5266 3769 5324 omnium

2129 5366 2314 5420 studia
2339 5367 2467 5419 vicit
2508 5367 2826 5420 Flul'entius
2855 5369 3115 5432 Conrius,
3148 5366 3592 5436 archiepiscopus
3619 5357 3768 5409 Ttiua-

2129 5456 2359 5510 mensis.
2395 5456 2617 5526 integro
2652 5474 2752 5527 pro
2782 5458 2956 5510 sancti
2990 5458 3292 5528 Augustini
3325 5452 3612 5509 assertione
3640 5441 3762 5494 volu-

2124 5544 2280 5599 mine
2315 5547 2596 5616 evulgato,
2644 5546 2703 5600 in
2735 5563 2846 5618 quo
2877 5546 3159 5602 fusissime
3213 5562 3276 5600 ex
3333 5542 3495 5596 sacris
3523 5533 3696 5593 litteris
3720 5531 3761 5579 et
