  <div class='ocr_page' id='page_1' title='image "/cluster/home/n/w/nwhite01/storage/ocr_20150623/47/hvd.32044096580683/332.png"; bbox 0 0 3946 6176; ppageno 0'>
   <div class='ocr_carea' id='block_1_1' title="bbox 71 294 166 344">
    <p class='ocr_par' dir='ltr' id='par_1_1' title="bbox 71 294 166 344">
     <span class='ocr_line' id='line_1_1' title="bbox 71 294 166 344; baseline 0 0"><span class='ocrx_word' id='word_1_1' title='bbox 71 294 166 344; x_wconf 77' lang='grc'>653</span> 
     </span>
    </p>
   </div>
   <div class='ocr_carea' id='block_1_2' title="bbox 1376 285 2284 344">
    <p class='ocr_par' dir='ltr' id='par_1_2' title="bbox 1376 285 2284 344">
     <span class='ocr_line' id='line_1_2' title="bbox 1376 285 2284 344; baseline 0.003 -6"><span class='ocrx_word' id='word_1_2' title='bbox 1376 286 1699 344; x_wconf 59' lang='lat' dir='ltr'>\‘lNDlCIIE</span> <span class='ocrx_word' id='word_1_3' title='bbox 1737 285 2284 342; x_wconf 74' lang='lat' dir='ltr'>AUGUSTINIAN/E.</span> 
     </span>
    </p>
   </div>
   <div class='ocr_carea' id='block_1_3' title="bbox 3480 292 3582 348">
    <p class='ocr_par' dir='ltr' id='par_1_3' title="bbox 3480 292 3582 348">
     <span class='ocr_line' id='line_1_3' title="bbox 3480 292 3582 348; baseline 0 0"><span class='ocrx_word' id='word_1_4' title='bbox 3480 292 3582 348; x_wconf 77' lang='grc'>854</span> 
     </span>
    </p>
   </div>
   <div class='ocr_carea' id='block_1_4' title="bbox 65 406 3580 485">
    <p class='ocr_par' dir='ltr' id='par_1_4' title="bbox 65 406 3580 485">
     <span class='ocr_line' id='line_1_4' title="bbox 65 406 3580 485; baseline 0 -17"><span class='ocrx_word' id='word_1_5' title='bbox 65 412 392 484; x_wconf 78' lang='lat' dir='ltr'>Augustino</span> <span class='ocrx_word' id='word_1_6' title='bbox 421 410 718 465; x_wconf 89' lang='lat' dir='ltr'>sensibiles</span> <span class='ocrx_word' id='word_1_7' title='bbox 746 410 1052 465; x_wconf 89' lang='lat' dir='ltr'>infantium</span> <span class='ocrx_word' id='word_1_8' title='bbox 1091 425 1292 480; x_wconf 88' lang='lat' dir='ltr'>poenas</span> <span class='ocrx_word' id='word_1_9' title='bbox 1342 410 1773 465; x_wconf 83' lang='lat' dir='ltr'>demonstravit.</span> <span class='ocrx_word' id='word_1_10' title='bbox 1802 417 1845 470; x_wconf 82' lang='grc' dir='ltr'>Α</span> <span class='ocrx_word' id='word_1_11' title='bbox 1882 406 1955 461; x_wconf 91' lang='lat' dir='ltr'>iis</span> <span class='ocrx_word' id='word_1_12' title='bbox 2002 408 2246 463; x_wconf 81' lang='lat' dir='ltr'>miseriis</span> <span class='ocrx_word' id='word_1_13' title='bbox 2275 426 2416 481; x_wconf 89' lang='lat' dir='ltr'>quas</span> <span class='ocrx_word' id='word_1_14' title='bbox 2464 412 2523 464; x_wconf 90' lang='lat' dir='ltr'>in</span> <span class='ocrx_word' id='word_1_15' title='bbox 2586 412 2791 464; x_wconf 89' lang='lat' dir='ltr'>natura</span> <span class='ocrx_word' id='word_1_16' title='bbox 2847 426 2991 481; x_wconf 87' lang='lat' dir='ltr'>pura</span> <span class='ocrx_word' id='word_1_17' title='bbox 3043 411 3341 479; x_wconf 88' lang='lat' dir='ltr'>subiisset;</span> <span class='ocrx_word' id='word_1_18' title='bbox 3403 429 3580 485; x_wconf 89' lang='lat' dir='ltr'>quare</span> 
     </span>
    </p>
   </div>
   <div class='ocr_carea' id='block_1_5' title="bbox 67 499 1775 571">
    <p class='ocr_par' dir='ltr' id='par_1_5' title="bbox 67 499 1775 571">
     <span class='ocr_line' id='line_1_5' title="bbox 67 499 1775 571; baseline -0.003 -14"><span class='ocrx_word' id='word_1_19' title='bbox 67 506 305 557; x_wconf 85' lang='lat' dir='ltr'>Patrum</span> <span class='ocrx_word' id='word_1_20' title='bbox 321 508 511 554; x_wconf 89' lang='lat' dir='ltr'>tamen</span> <span class='ocrx_word' id='word_1_21' title='bbox 542 499 873 553; x_wconf 88' lang='lat' dir='ltr'>testimonia</span> <span class='ocrx_word' id='word_1_22' title='bbox 905 499 1116 561; x_wconf 89' lang='lat' dir='ltr'>omisit,</span> <span class='ocrx_word' id='word_1_23' title='bbox 1151 516 1298 553; x_wconf 90' lang='lat' dir='ltr'>unus</span> <span class='ocrx_word' id='word_1_24' title='bbox 1334 500 1488 553; x_wconf 90' lang='lat' dir='ltr'>enim</span> <span class='ocrx_word' id='word_1_25' title='bbox 1512 499 1775 571; x_wconf 88' lang='lat' dir='ltr'>Augusti-</span> 
     </span>
    </p>
   </div>
   <div class='ocr_carea' id='block_1_6' title="bbox 73 588 1775 657">
    <p class='ocr_par' dir='ltr' id='par_1_6' title="bbox 73 588 1775 657">
     <span class='ocr_line' id='line_1_6' title="bbox 73 588 1775 657; baseline -0.002 -12"><span class='ocrx_word' id='word_1_26' title='bbox 73 608 183 645; x_wconf 85' lang='lat' dir='ltr'>nus</span> <span class='ocrx_word' id='word_1_27' title='bbox 222 590 401 644; x_wconf 89' lang='lat' dir='ltr'>instar</span> <span class='ocrx_word' id='word_1_28' title='bbox 431 588 692 643; x_wconf 91' lang='lat' dir='ltr'>omnium</span> <span class='ocrx_word' id='word_1_29' title='bbox 738 588 821 641; x_wconf 87' lang='lat' dir='ltr'>illi</span> <span class='ocrx_word' id='word_1_30' title='bbox 866 588 993 643; x_wconf 91' lang='lat' dir='ltr'>fuit.</span> <span class='ocrx_word' id='word_1_31' title='bbox 1049 588 1145 642; x_wconf 81' lang='lat' dir='ltr'>Hic</span> <span class='ocrx_word' id='word_1_32' title='bbox 1185 594 1379 642; x_wconf 91' lang='lat' dir='ltr'>autem</span> <span class='ocrx_word' id='word_1_33' title='bbox 1423 604 1552 642; x_wconf 90' lang='lat' dir='ltr'>cum</span> <span class='ocrx_word' id='word_1_34' title='bbox 1586 604 1707 657; x_wconf 89' lang='lat' dir='ltr'>cap.</span> <span class='ocrx_word' id='word_1_35' title='bbox 1742 588 1775 641; x_wconf 83' lang='lat'><strong>2</strong></span> 
     </span>
    </p>
   </div>
   <div class='ocr_carea' id='block_1_7' title="bbox 74 676 1776 748">
    <p class='ocr_par' dir='ltr' id='par_1_7' title="bbox 74 676 1776 748">
     <span class='ocr_line' id='line_1_7' title="bbox 74 676 1776 748; baseline -0.004 -14"><span class='ocrx_word' id='word_1_36' title='bbox 74 680 366 734; x_wconf 89' lang='lat' dir='ltr'>retulisset</span> <span class='ocrx_word' id='word_1_37' title='bbox 389 679 695 748; x_wconf 89' lang='lat' dir='ltr'>plerosque</span> <span class='ocrx_word' id='word_1_38' title='bbox 754 692 820 729; x_wconf 92' lang='lat' dir='ltr'>ea</span> <span class='ocrx_word' id='word_1_39' title='bbox 876 678 936 729; x_wconf 92' lang='lat' dir='ltr'>in</span> <span class='ocrx_word' id='word_1_40' title='bbox 991 676 1264 745; x_wconf 87' lang='lat' dir='ltr'>opinione</span> <span class='ocrx_word' id='word_1_41' title='bbox 1302 677 1682 747; x_wconf 81' lang='lat' dir='ltr'>Augustinum</span> <span class='ocrx_word' id='word_1_42' title='bbox 1719 676 1776 729; x_wconf 91' lang='lat' dir='ltr'>in</span> 
     </span>
    </p>
   </div>
   <div class='ocr_carea' id='block_1_8' title="bbox 77 764 1773 836">
    <p class='ocr_par' dir='ltr' id='par_1_8' title="bbox 77 764 1773 836">
     <span class='ocr_line' id='line_1_8' title="bbox 77 764 1773 836; baseline -0.003 -13"><span class='ocrx_word' id='word_1_43' title='bbox 77 785 336 823; x_wconf 78' lang='lat' dir='ltr'>excessus</span> <span class='ocrx_word' id='word_1_44' title='bbox 410 767 741 836; x_wconf 87' lang='lat' dir='ltr'>prolapsum</span> <span class='ocrx_word' id='word_1_45' title='bbox 810 764 1140 833; x_wconf 82' lang='lat' dir='ltr'>sentientes,</span> <span class='ocrx_word' id='word_1_46' title='bbox 1201 782 1328 836; x_wconf 85' lang='lat' dir='ltr'>qum</span> <span class='ocrx_word' id='word_1_47' title='bbox 1390 766 1773 819; x_wconf 78' lang='lat' dir='ltr'>recentiorum</span> 
     </span>
    </p>
   </div>
   <div class='ocr_carea' id='block_1_9' title="bbox 70 853 1773 925">
    <p class='ocr_par' dir='ltr' id='par_1_9' title="bbox 70 853 1773 925">
     <span class='ocr_line' id='line_1_9' title="bbox 70 853 1773 925; baseline -0.003 -13"><span class='ocrx_word' id='word_1_48' title='bbox 70 859 352 912; x_wconf 92' lang='lat' dir='ltr'>cantilena</span> <span class='ocrx_word' id='word_1_49' title='bbox 386 863 490 920; x_wconf 90' lang='lat' dir='ltr'>est,</span> <span class='ocrx_word' id='word_1_50' title='bbox 520 855 673 909; x_wconf 88' lang='lat' dir='ltr'>haud</span> <span class='ocrx_word' id='word_1_51' title='bbox 707 854 815 908; x_wconf 90' lang='lat' dir='ltr'>sibi</span> <span class='ocrx_word' id='word_1_52' title='bbox 847 860 1167 924; x_wconf 90' lang='lat' dir='ltr'>temperare</span> <span class='ocrx_word' id='word_1_53' title='bbox 1198 854 1383 925; x_wconf 90' lang='lat' dir='ltr'>potuit</span> <span class='ocrx_word' id='word_1_54' title='bbox 1413 853 1552 924; x_wconf 92' lang='lat' dir='ltr'>quin</span> <span class='ocrx_word' id='word_1_55' title='bbox 1585 854 1773 908; x_wconf 86' lang='lat' dir='ltr'>excla-</span> 
     </span>
    </p>
   </div>
   <div class='ocr_carea' id='block_1_10' title="bbox 68 941 1773 1000">
    <p class='ocr_par' dir='ltr' id='par_1_10' title="bbox 68 941 1773 1000">
     <span class='ocr_line' id='line_1_10' title="bbox 68 941 1773 1000; baseline -0.004 -1"><span class='ocrx_word' id='word_1_56' title='bbox 68 950 298 1000; x_wconf 87' lang='lat' dir='ltr'>maret:</span> <span class='ocrx_word' id='word_1_57' title='bbox 338 966 360 993; x_wconf 80' lang='grc' dir='ltr'>ι</span> <span class='ocrx_word' id='word_1_58' title='bbox 426 944 468 997; x_wconf 93' lang='lat'>0</span> <span class='ocrx_word' id='word_1_59' title='bbox 518 959 713 996; x_wconf 88' lang='lat' dir='ltr'>vocem</span> <span class='ocrx_word' id='word_1_60' title='bbox 772 958 889 995; x_wconf 89' lang='lat' dir='ltr'>non</span> <span class='ocrx_word' id='word_1_61' title='bbox 942 943 1125 995; x_wconf 90' lang='lat' dir='ltr'>solum</span> <span class='ocrx_word' id='word_1_62' title='bbox 1183 942 1343 996; x_wconf 89' lang='lat' dir='ltr'>mirm</span> <span class='ocrx_word' id='word_1_63' title='bbox 1393 941 1773 995; x_wconf 90' lang='lat' dir='ltr'>animositatis</span> 
     </span>
    </p>
   </div>
   <div class='ocr_carea' id='block_1_11' title="bbox 66 1030 1775 1106">
    <p class='ocr_par' dir='ltr' id='par_1_11' title="bbox 66 1030 1775 1106">
     <span class='ocr_line' id='line_1_11' title="bbox 66 1030 1775 1106; baseline -0.002 -20"><span class='ocrx_word' id='word_1_64' title='bbox 66 1036 323 1106; x_wconf 83' lang='lat' dir='ltr'>plenam,</span> <span class='ocrx_word' id='word_1_65' title='bbox 354 1032 451 1086; x_wconf 86' lang='lat' dir='ltr'>sed</span> <span class='ocrx_word' id='word_1_66' title='bbox 500 1031 728 1101; x_wconf 86' lang='lat' dir='ltr'>injurim</span> <span class='ocrx_word' id='word_1_67' title='bbox 760 1030 817 1084; x_wconf 91' lang='lat' dir='ltr'>in</span> <span class='ocrx_word' id='word_1_68' title='bbox 845 1031 1249 1100; x_wconf 81' lang='lat' dir='ltr'>Augustinum,</span> <span class='ocrx_word' id='word_1_69' title='bbox 1284 1031 1520 1102; x_wconf 85' lang='lat' dir='ltr'>ejusque</span> <span class='ocrx_word' id='word_1_70' title='bbox 1551 1036 1775 1083; x_wconf 90' lang='lat' dir='ltr'>sanctos</span> 
     </span>
    </p>
   </div>
   <div class='ocr_carea' id='block_1_12' title="bbox 66 1119 1773 1189">
    <p class='ocr_par' dir='ltr' id='par_1_12' title="bbox 66 1119 1773 1189">
     <span class='ocr_line' id='line_1_12' title="bbox 66 1119 1773 1189; baseline -0.001 -16"><span class='ocrx_word' id='word_1_71' title='bbox 66 1121 528 1189; x_wconf 86' lang='lat' dir='ltr'>commagistros,</span> <span class='ocrx_word' id='word_1_72' title='bbox 562 1125 619 1173; x_wconf 92' lang='lat' dir='ltr'>et</span> <span class='ocrx_word' id='word_1_73' title='bbox 666 1120 723 1173; x_wconf 91' lang='lat' dir='ltr'>in</span> <span class='ocrx_word' id='word_1_74' title='bbox 749 1119 932 1189; x_wconf 87' lang='lat' dir='ltr'>ipsam</span> <span class='ocrx_word' id='word_1_75' title='bbox 992 1120 1183 1173; x_wconf 88' lang='lat' dir='ltr'>sedem</span> <span class='ocrx_word' id='word_1_76' title='bbox 1214 1120 1584 1189; x_wconf 86' lang='lat' dir='ltr'>apostolicam</span> <span class='ocrx_word' id='word_1_77' title='bbox 1629 1119 1773 1172; x_wconf 90' lang='lat' dir='ltr'>forte</span> 
     </span>
    </p>
   </div>
   <div class='ocr_carea' id='block_1_13' title="bbox 63 1207 1773 1277">
    <p class='ocr_par' dir='ltr' id='par_1_13' title="bbox 63 1207 1773 1277">
     <span class='ocr_line' id='line_1_13' title="bbox 63 1207 1773 1277; baseline 0.001 -18"><span class='ocrx_word' id='word_1_78' title='bbox 63 1208 494 1277; x_wconf 78' lang='lat' dir='ltr'>plenissimam!</span> <span class='ocrx_word' id='word_1_79' title='bbox 540 1227 567 1258; x_wconf 81' lang='grc' dir='ltr'>α</span> <span class='ocrx_word' id='word_1_80' title='bbox 606 1208 779 1261; x_wconf 86' lang='lat' dir='ltr'>Video</span> <span class='ocrx_word' id='word_1_81' title='bbox 834 1208 986 1261; x_wconf 88' lang='lat' dir='ltr'>hunc</span> <span class='ocrx_word' id='word_1_82' title='bbox 1015 1208 1406 1261; x_wconf 85' lang='lat' dir='ltr'>doctissimum</span> <span class='ocrx_word' id='word_1_83' title='bbox 1459 1207 1773 1261; x_wconf 83' lang='lat' dir='ltr'>antistitem</span> 
     </span>
    </p>
   </div>
   <div class='ocr_carea' id='block_1_14' title="bbox 63 1295 1771 1366">
    <p class='ocr_par' dir='ltr' id='par_1_14' title="bbox 63 1295 1771 1366">
     <span class='ocr_line' id='line_1_14' title="bbox 63 1295 1771 1366; baseline 0.001 -19"><span class='ocrx_word' id='word_1_84' title='bbox 63 1298 314 1350; x_wconf 82' lang='lat' dir='ltr'>vocaria</span> <span class='ocrx_word' id='word_1_85' title='bbox 346 1296 616 1350; x_wconf 82' lang='lat' dir='ltr'>Morainio</span> <span class='ocrx_word' id='word_1_86' title='bbox 662 1312 940 1349; x_wconf 88' lang='lat' dir='ltr'>novorum</span> <span class='ocrx_word' id='word_1_87' title='bbox 1013 1295 1484 1364; x_wconf 81' lang='lat' dir='ltr'>dogmatistarum</span> <span class='ocrx_word' id='word_1_88' title='bbox 1534 1296 1771 1366; x_wconf 88' lang='lat' dir='ltr'>prodro-</span> 
     </span>
    </p>
   </div>
   <div class='ocr_carea' id='block_1_15' title="bbox 62 1384 1772 1456">
    <p class='ocr_par' dir='ltr' id='par_1_15' title="bbox 62 1384 1772 1456">
     <span class='ocr_line' id='line_1_15' title="bbox 62 1384 1772 1456; baseline -0.001 -18"><span class='ocrx_word' id='word_1_89' title='bbox 62 1401 250 1449; x_wconf 92' lang='lat' dir='ltr'>mum,</span> <span class='ocrx_word' id='word_1_90' title='bbox 290 1402 421 1439; x_wconf 86' lang='lat' dir='ltr'>cum</span> <span class='ocrx_word' id='word_1_91' title='bbox 454 1392 644 1439; x_wconf 88' lang='lat' dir='ltr'>tamen</span> <span class='ocrx_word' id='word_1_92' title='bbox 679 1384 1138 1456; x_wconf 86' lang='lat' dir='ltr'>antiquissimam</span> <span class='ocrx_word' id='word_1_93' title='bbox 1174 1387 1400 1439; x_wconf 86' lang='lat' dir='ltr'>Patrum</span> <span class='ocrx_word' id='word_1_94' title='bbox 1433 1385 1772 1438; x_wconf 90' lang='lat' dir='ltr'>sententiam</span> 
     </span>
    </p>
   </div>
   <div class='ocr_carea' id='block_1_16' title="bbox 62 1473 1773 1544">
    <p class='ocr_par' dir='ltr' id='par_1_16' title="bbox 62 1473 1773 1544">
     <span class='ocr_line' id='line_1_16' title="bbox 62 1473 1773 1544; baseline 0.001 -18"><span class='ocrx_word' id='word_1_95' title='bbox 62 1476 539 1544; x_wconf 85' lang='lat' dir='ltr'>propugnaverit.</span> <span class='ocrx_word' id='word_1_96' title='bbox 596 1477 667 1528; x_wconf 89' lang='lat' dir='ltr'>At</span> <span class='ocrx_word' id='word_1_97' title='bbox 717 1474 870 1544; x_wconf 92' lang='lat' dir='ltr'>quod</span> <span class='ocrx_word' id='word_1_98' title='bbox 920 1474 978 1527; x_wconf 91' lang='lat' dir='ltr'>in</span> <span class='ocrx_word' id='word_1_99' title='bbox 1036 1473 1233 1526; x_wconf 90' lang='lat' dir='ltr'>limine</span> <span class='ocrx_word' id='word_1_100' title='bbox 1292 1473 1417 1527; x_wconf 84' lang='lat' dir='ltr'>libri</span> <span class='ocrx_word' id='word_1_101' title='bbox 1468 1473 1773 1542; x_wconf 84' lang='lat' dir='ltr'>Augustini</span> 
     </span>
    </p>
   </div>
   <div class='ocr_carea' id='block_1_17' title="bbox 64 1562 1773 1633">
    <p class='ocr_par' dir='ltr' id='par_1_17' title="bbox 64 1562 1773 1633">
     <span class='ocr_line' id='line_1_17' title="bbox 64 1562 1773 1633; baseline 0 -18"><span class='ocrx_word' id='word_1_102' title='bbox 64 1579 283 1616; x_wconf 90' lang='lat' dir='ltr'>nomen</span> <span class='ocrx_word' id='word_1_103' title='bbox 326 1563 606 1633; x_wconf 85' lang='lat' dir='ltr'>incripsit,</span> <span class='ocrx_word' id='word_1_104' title='bbox 666 1579 730 1616; x_wconf 90' lang='lat' dir='ltr'>ac</span> <span class='ocrx_word' id='word_1_105' title='bbox 790 1562 1157 1633; x_wconf 87' lang='lat' dir='ltr'>peregrinum</span> <span class='ocrx_word' id='word_1_106' title='bbox 1204 1562 1659 1616; x_wconf 72' lang='lat' dir='ltr'>Ierichontinum</span> <span class='ocrx_word' id='word_1_107' title='bbox 1712 1562 1773 1615; x_wconf 92' lang='lat' dir='ltr'>in</span> 
     </span>
    </p>
   </div>
   <div class='ocr_carea' id='block_1_18' title="bbox 62 1651 1771 1721">
    <p class='ocr_par' dir='ltr' id='par_1_18' title="bbox 62 1651 1771 1721">
     <span class='ocr_line' id='line_1_18' title="bbox 62 1651 1771 1721; baseline -0.001 -16"><span class='ocrx_word' id='word_1_108' title='bbox 62 1652 180 1705; x_wconf 87' lang='lat' dir='ltr'>alio</span> <span class='ocrx_word' id='word_1_109' title='bbox 237 1651 531 1705; x_wconf 79' lang='lat' dir='ltr'>volumine</span> <span class='ocrx_word' id='word_1_110' title='bbox 573 1651 888 1721; x_wconf 80' lang='lat' dir='ltr'>descripsit,</span> <span class='ocrx_word' id='word_1_111' title='bbox 948 1651 1006 1704; x_wconf 82' lang='lat' dir='ltr'>in</span> <span class='ocrx_word' id='word_1_112' title='bbox 1055 1668 1169 1721; x_wconf 89' lang='lat' dir='ltr'>quo</span> <span class='ocrx_word' id='word_1_113' title='bbox 1227 1651 1496 1705; x_wconf 91' lang='lat' dir='ltr'>humanm</span> <span class='ocrx_word' id='word_1_114' title='bbox 1555 1657 1771 1704; x_wconf 87' lang='lat' dir='ltr'>naturm</span> 
     </span>
    </p>
   </div>
   <div class='ocr_carea' id='block_1_19' title="bbox 1884 498 3580 572">
    <p class='ocr_par' dir='ltr' id='par_1_19' title="bbox 1884 498 3580 572">
     <span class='ocr_line' id='line_1_19' title="bbox 1884 498 3580 572; baseline 0.004 -22"><span class='ocrx_word' id='word_1_115' title='bbox 1884 513 2015 550; x_wconf 92' lang='lat' dir='ltr'>cum</span> <span class='ocrx_word' id='word_1_116' title='bbox 2063 506 2361 568; x_wconf 91' lang='lat' dir='ltr'>peccatum</span> <span class='ocrx_word' id='word_1_117' title='bbox 2408 498 2645 570; x_wconf 86' lang='lat' dir='ltr'>originis</span> <span class='ocrx_word' id='word_1_118' title='bbox 2705 515 2809 569; x_wconf 90' lang='lat' dir='ltr'>per</span> <span class='ocrx_word' id='word_1_119' title='bbox 2850 516 2909 554; x_wconf 90' lang='lat' dir='ltr'>se</span> <span class='ocrx_word' id='word_1_120' title='bbox 2957 501 3251 555; x_wconf 84' lang='lat' dir='ltr'>sustulerit</span> <span class='ocrx_word' id='word_1_121' title='bbox 3299 500 3580 572; x_wconf 82' lang='lat' dir='ltr'>justitiam</span> 
     </span>
    </p>
   </div>
   <div class='ocr_carea' id='block_1_20' title="bbox 1884 586 3577 657">
    <p class='ocr_par' dir='ltr' id='par_1_20' title="bbox 1884 586 3577 657">
     <span class='ocr_line' id='line_1_20' title="bbox 1884 586 3577 657; baseline 0.002 -17"><span class='ocrx_word' id='word_1_122' title='bbox 1884 586 2250 656; x_wconf 80' lang='lat' dir='ltr'>originalem,</span> <span class='ocrx_word' id='word_1_123' title='bbox 2276 604 2380 657; x_wconf 90' lang='lat' dir='ltr'>per</span> <span class='ocrx_word' id='word_1_124' title='bbox 2409 588 2667 641; x_wconf 87' lang='lat' dir='ltr'>accidens</span> <span class='ocrx_word' id='word_1_125' title='bbox 2696 588 2919 642; x_wconf 81' lang='lat' dir='ltr'>induxit</span> <span class='ocrx_word' id='word_1_126' title='bbox 2945 588 3221 643; x_wconf 88' lang='lat' dir='ltr'>miserias.</span> <span class='ocrx_word' id='word_1_127' title='bbox 3258 591 3410 644; x_wconf 84' lang='lat' dir='ltr'>Hanc</span> <span class='ocrx_word' id='word_1_128' title='bbox 3455 607 3577 644; x_wconf 87' lang='lat' dir='ltr'>res-</span> 
     </span>
    </p>
   </div>
   <div class='ocr_carea' id='block_1_21' title="bbox 1882 674 3581 748">
    <p class='ocr_par' dir='ltr' id='par_1_21' title="bbox 1882 674 3581 748">
     <span class='ocr_line' id='line_1_21' title="bbox 1882 674 3581 748; baseline 0.004 -21"><span class='ocrx_word' id='word_1_129' title='bbox 1882 674 2223 746; x_wconf 90' lang='lat' dir='ltr'>ponsionem</span> <span class='ocrx_word' id='word_1_130' title='bbox 2250 678 2277 743; x_wconf 83' lang='lat'>§</span> <span class='ocrx_word' id='word_1_131' title='bbox 2306 679 2339 729; x_wconf 85' lang='lat'><strong>2</strong></span> <span class='ocrx_word' id='word_1_132' title='bbox 2370 676 2631 746; x_wconf 90' lang='lat' dir='ltr'>superius</span> <span class='ocrx_word' id='word_1_133' title='bbox 2660 677 3027 747; x_wconf 86' lang='lat' dir='ltr'>explosimus,</span> <span class='ocrx_word' id='word_1_134' title='bbox 3060 694 3233 748; x_wconf 91' lang='lat' dir='ltr'>quam</span> <span class='ocrx_word' id='word_1_135' title='bbox 3264 694 3461 733; x_wconf 89' lang='lat' dir='ltr'>rursus</span> <span class='ocrx_word' id='word_1_136' title='bbox 3489 678 3581 733; x_wconf 90' lang='lat' dir='ltr'>hic</span> 
     </span>
    </p>
   </div>
   <div class='ocr_carea' id='block_1_22' title="bbox 1882 764 3551 838">
    <p class='ocr_par' dir='ltr' id='par_1_22' title="bbox 1882 764 3551 838">
     <span class='ocr_line' id='line_1_22' title="bbox 1882 764 3551 838; baseline 0.004 -22"><span class='ocrx_word' id='word_1_137' title='bbox 1882 764 2116 834; x_wconf 90' lang='lat' dir='ltr'>egregio</span> <span class='ocrx_word' id='word_1_138' title='bbox 2156 764 2485 817; x_wconf 89' lang='lat' dir='ltr'>testimonio</span> <span class='ocrx_word' id='word_1_139' title='bbox 2516 766 2839 836; x_wconf 66' lang='lat' dir='ltr'>Augustini,</span> <span class='ocrx_word' id='word_1_140' title='bbox 2869 766 2967 821; x_wconf 89' lang='lat' dir='ltr'>lib.</span> <span class='ocrx_word' id='word_1_141' title='bbox 3008 783 3064 820; x_wconf 84' lang='lat' dir='ltr'>v1</span> <span class='ocrx_word' id='word_1_142' title='bbox 3097 767 3293 838; x_wconf 90' lang='lat' dir='ltr'>Operis</span> <span class='ocrx_word' id='word_1_143' title='bbox 3323 766 3551 838; x_wconf 81' lang='lat' dir='ltr'>imperi.</span> 
     </span>
    </p>
   </div>
   <div class='ocr_carea' id='block_1_23' title="bbox 1883 852 3579 927">
    <p class='ocr_par' dir='ltr' id='par_1_23' title="bbox 1883 852 3579 927">
     <span class='ocr_line' id='line_1_23' title="bbox 1883 852 3579 927; baseline 0.002 -21"><span class='ocrx_word' id='word_1_144' title='bbox 1883 868 2007 923; x_wconf 91' lang='lat' dir='ltr'>cap.</span> <span class='ocrx_word' id='word_1_145' title='bbox 2069 855 2150 911; x_wconf 88' lang='lat'>3‘7,</span> <span class='ocrx_word' id='word_1_146' title='bbox 2211 852 2548 907; x_wconf 83' lang='lat' dir='ltr'>refellimus.</span> <span class='ocrx_word' id='word_1_147' title='bbox 2588 872 2615 904; x_wconf 77' lang='grc' dir='ltr'>α</span> <span class='ocrx_word' id='word_1_148' title='bbox 2649 854 2863 920; x_wconf 85' lang='lat' dir='ltr'>Restat,</span> <span class='ocrx_word' id='word_1_149' title='bbox 2923 854 3135 927; x_wconf 88' lang='lat' dir='ltr'>inquit,</span> <span class='ocrx_word' id='word_1_150' title='bbox 3194 862 3259 909; x_wconf 90' lang='lat' dir='ltr'>ut</span> <span class='ocrx_word' id='word_1_151' title='bbox 3311 856 3420 911; x_wconf 89' lang='lat' dir='ltr'>ista</span> <span class='ocrx_word' id='word_1_152' title='bbox 3450 873 3579 927; x_wconf 79' lang='lat' dir='ltr'>qum</span> 
     </span>
    </p>
   </div>
   <div class='ocr_carea' id='block_1_24' title="bbox 1884 940 3582 1015">
    <p class='ocr_par' dir='ltr' id='par_1_24' title="bbox 1884 940 3582 1015">
     <span class='ocr_line' id='line_1_24' title="bbox 1884 940 3582 1015; baseline 0.003 -22"><span class='ocrx_word' id='word_1_153' title='bbox 1884 956 2038 994; x_wconf 90' lang='lat' dir='ltr'>nunc</span> <span class='ocrx_word' id='word_1_154' title='bbox 2095 944 2179 994; x_wconf 85' lang='lat' dir='ltr'>est</span> <span class='ocrx_word' id='word_1_155' title='bbox 2234 940 2469 1011; x_wconf 84' lang='lat' dir='ltr'>(scilicet</span> <span class='ocrx_word' id='word_1_156' title='bbox 2520 957 2675 994; x_wconf 91' lang='lat' dir='ltr'>mors</span> <span class='ocrx_word' id='word_1_157' title='bbox 2732 944 3026 1013; x_wconf 89' lang='lat' dir='ltr'>corporis),</span> <span class='ocrx_word' id='word_1_158' title='bbox 3086 944 3205 1015; x_wconf 88' lang='lat' dir='ltr'>ipsa</span> <span class='ocrx_word' id='word_1_159' title='bbox 3254 944 3582 1006; x_wconf 80' lang='lat' dir='ltr'>novissima,</span> 
     </span>
    </p>
   </div>
   <div class='ocr_carea' id='block_1_25' title="bbox 1882 1028 3584 1101">
    <p class='ocr_par' dir='ltr' id='par_1_25' title="bbox 1882 1028 3584 1101">
     <span class='ocr_line' id='line_1_25' title="bbox 1882 1028 3584 1101; baseline 0.003 -19"><span class='ocrx_word' id='word_1_160' title='bbox 1882 1028 1989 1082; x_wconf 91' lang='lat' dir='ltr'>hoc</span> <span class='ocrx_word' id='word_1_161' title='bbox 2021 1032 2125 1095; x_wconf 89' lang='lat' dir='ltr'>est,</span> <span class='ocrx_word' id='word_1_162' title='bbox 2160 1029 2218 1081; x_wconf 93' lang='lat' dir='ltr'>in</span> <span class='ocrx_word' id='word_1_163' title='bbox 2245 1029 2360 1083; x_wconf 86' lang='lat' dir='ltr'>tine</span> <span class='ocrx_word' id='word_1_164' title='bbox 2410 1029 2756 1096; x_wconf 78' lang='lat' dir='ltr'>destruatur,</span> <span class='ocrx_word' id='word_1_165' title='bbox 2817 1032 3046 1101; x_wconf 87' lang='lat' dir='ltr'>quando</span> <span class='ocrx_word' id='word_1_166' title='bbox 3095 1033 3194 1085; x_wconf 88' lang='lat' dir='ltr'>tiet</span> <span class='ocrx_word' id='word_1_167' title='bbox 3245 1033 3584 1088; x_wconf 83' lang='lat' dir='ltr'>resurrectio</span> 
     </span>
    </p>
   </div>
   <div class='ocr_carea' id='block_1_26' title="bbox 1882 1116 3583 1191">
    <p class='ocr_par' dir='ltr' id='par_1_26' title="bbox 1882 1116 3583 1191">
     <span class='ocr_line' id='line_1_26' title="bbox 1882 1116 3583 1191; baseline 0.004 -21"><span class='ocrx_word' id='word_1_168' title='bbox 1882 1116 2088 1183; x_wconf 89' lang='lat' dir='ltr'>carnis,</span> <span class='ocrx_word' id='word_1_169' title='bbox 2122 1122 2183 1170; x_wconf 89' lang='lat' dir='ltr'>ut</span> <span class='ocrx_word' id='word_1_170' title='bbox 2213 1133 2325 1170; x_wconf 90' lang='lat' dir='ltr'>non</span> <span class='ocrx_word' id='word_1_171' title='bbox 2374 1118 2447 1171; x_wconf 90' lang='lat' dir='ltr'>sit</span> <span class='ocrx_word' id='word_1_172' title='bbox 2478 1134 2651 1186; x_wconf 84' lang='lat' dir='ltr'>porro</span> <span class='ocrx_word' id='word_1_173' title='bbox 2701 1118 2952 1185; x_wconf 90' lang='lat' dir='ltr'>inimica,</span> <span class='ocrx_word' id='word_1_174' title='bbox 3000 1122 3289 1191; x_wconf 91' lang='lat' dir='ltr'>quomodo</span> <span class='ocrx_word' id='word_1_175' title='bbox 3337 1129 3503 1191; x_wconf 87' lang='lat' dir='ltr'>esset,</span> <span class='ocrx_word' id='word_1_176' title='bbox 3535 1124 3583 1176; x_wconf 91' lang='lat' dir='ltr'>si</span> 
     </span>
    </p>
   </div>
   <div class='ocr_carea' id='block_1_27' title="bbox 1884 1205 3587 1281">
    <p class='ocr_par' dir='ltr' id='par_1_27' title="bbox 1884 1205 3587 1281">
     <span class='ocr_line' id='line_1_27' title="bbox 1884 1205 3587 1281; baseline 0.004 -23"><span class='ocrx_word' id='word_1_177' title='bbox 1884 1205 2162 1259; x_wconf 90' lang='lat' dir='ltr'>naturalis</span> <span class='ocrx_word' id='word_1_178' title='bbox 2221 1206 2303 1259; x_wconf 90' lang='lat' dir='ltr'>ita</span> <span class='ocrx_word' id='word_1_179' title='bbox 2360 1212 2527 1272; x_wconf 90' lang='lat' dir='ltr'>esset,</span> <span class='ocrx_word' id='word_1_180' title='bbox 2587 1212 2647 1261; x_wconf 88' lang='lat' dir='ltr'>ut</span> <span class='ocrx_word' id='word_1_181' title='bbox 2700 1208 2941 1277; x_wconf 81' lang='lat' dir='ltr'>pmnalis</span> <span class='ocrx_word' id='word_1_182' title='bbox 2985 1224 3101 1262; x_wconf 93' lang='lat' dir='ltr'>non</span> <span class='ocrx_word' id='word_1_183' title='bbox 3132 1216 3315 1277; x_wconf 88' lang='lat' dir='ltr'>esset;</span> <span class='ocrx_word' id='word_1_184' title='bbox 3346 1211 3587 1281; x_wconf 86' lang='lat' dir='ltr'>poenalis</span> 
     </span>
    </p>
   </div>
   <div class='ocr_carea' id='block_1_28' title="bbox 1883 1294 3583 1367">
    <p class='ocr_par' dir='ltr' id='par_1_28' title="bbox 1883 1294 3583 1367">
     <span class='ocr_line' id='line_1_28' title="bbox 1883 1294 3583 1367; baseline 0.005 -21"><span class='ocrx_word' id='word_1_185' title='bbox 1883 1299 2055 1347; x_wconf 88' lang='lat' dir='ltr'>auten</span> <span class='ocrx_word' id='word_1_186' title='bbox 2099 1294 2203 1348; x_wconf 90' lang='lat' dir='ltr'>sub</span> <span class='ocrx_word' id='word_1_187' title='bbox 2247 1296 2405 1365; x_wconf 85' lang='lat' dir='ltr'>justo</span> <span class='ocrx_word' id='word_1_188' title='bbox 2458 1301 2514 1349; x_wconf 90' lang='lat' dir='ltr'>et</span> <span class='ocrx_word' id='word_1_189' title='bbox 2574 1295 2967 1366; x_wconf 88' lang='lat' dir='ltr'>omnipotente</span> <span class='ocrx_word' id='word_1_190' title='bbox 3020 1298 3133 1350; x_wconf 90' lang='lat' dir='ltr'>Deo</span> <span class='ocrx_word' id='word_1_191' title='bbox 3188 1298 3380 1367; x_wconf 88' lang='lat' dir='ltr'>judice</span> <span class='ocrx_word' id='word_1_192' title='bbox 3424 1300 3583 1354; x_wconf 91' lang='lat' dir='ltr'>nullo</span> 
     </span>
    </p>
   </div>
   <div class='ocr_carea' id='block_1_29' title="bbox 1881 1383 3582 1455">
    <p class='ocr_par' dir='ltr' id='par_1_29' title="bbox 1881 1383 3582 1455">
     <span class='ocr_line' id='line_1_29' title="bbox 1881 1383 3582 1455; baseline 0.005 -20"><span class='ocrx_word' id='word_1_193' title='bbox 1881 1388 2048 1452; x_wconf 92' lang='lat' dir='ltr'>pacto</span> <span class='ocrx_word' id='word_1_194' title='bbox 2096 1388 2263 1449; x_wconf 80' lang='lat' dir='ltr'>esset,</span> <span class='ocrx_word' id='word_1_195' title='bbox 2328 1383 2437 1436; x_wconf 90' lang='lat' dir='ltr'>nisi</span> <span class='ocrx_word' id='word_1_196' title='bbox 2482 1385 2702 1438; x_wconf 88' lang='lat' dir='ltr'>meritis</span> <span class='ocrx_word' id='word_1_197' title='bbox 2753 1384 2972 1455; x_wconf 88' lang='lat' dir='ltr'>peccati</span> <span class='ocrx_word' id='word_1_198' title='bbox 3031 1385 3407 1441; x_wconf 85' lang='lat' dir='ltr'>accidisset.»</span> <span class='ocrx_word' id='word_1_199' title='bbox 3442 1390 3582 1443; x_wconf 90' lang='lat' dir='ltr'>Cum</span> 
     </span>
    </p>
   </div>
   <div class='ocr_carea' id='block_1_30' title="bbox 1883 1472 3583 1541">
    <p class='ocr_par' dir='ltr' id='par_1_30' title="bbox 1883 1472 3583 1541">
     <span class='ocr_line' id='line_1_30' title="bbox 1883 1472 3583 1541; baseline 0.004 -18"><span class='ocrx_word' id='word_1_200' title='bbox 1883 1475 2074 1524; x_wconf 88' lang='lat' dir='ltr'>autem</span> <span class='ocrx_word' id='word_1_201' title='bbox 2107 1488 2263 1525; x_wconf 91' lang='lat' dir='ltr'>mors</span> <span class='ocrx_word' id='word_1_202' title='bbox 2293 1472 2533 1541; x_wconf 81' lang='lat' dir='ltr'>pmnalis</span> <span class='ocrx_word' id='word_1_203' title='bbox 2564 1474 2789 1539; x_wconf 85' lang='lat' dir='ltr'>dicitur,</span> <span class='ocrx_word' id='word_1_204' title='bbox 2821 1490 2935 1526; x_wconf 88' lang='lat' dir='ltr'>non</span> <span class='ocrx_word' id='word_1_205' title='bbox 2969 1473 3096 1528; x_wconf 92' lang='lat' dir='ltr'>ideo</span> <span class='ocrx_word' id='word_1_206' title='bbox 3156 1475 3366 1528; x_wconf 88' lang='lat' dir='ltr'>dicitur</span> <span class='ocrx_word' id='word_1_207' title='bbox 3396 1477 3469 1530; x_wconf 91' lang='lat' dir='ltr'>ob</span> <span class='ocrx_word' id='word_1_208' title='bbox 3494 1493 3583 1531; x_wconf 88' lang='lat' dir='ltr'>re-</span> 
     </span>
    </p>
   </div>
   <div class='ocr_carea' id='block_1_31' title="bbox 1882 1559 3587 1635">
    <p class='ocr_par' dir='ltr' id='par_1_31' title="bbox 1882 1559 3587 1635">
     <span class='ocr_line' id='line_1_31' title="bbox 1882 1559 3587 1635; baseline 0.004 -23"><span class='ocrx_word' id='word_1_209' title='bbox 1882 1559 2154 1613; x_wconf 89' lang='lat' dir='ltr'>lationem</span> <span class='ocrx_word' id='word_1_210' title='bbox 2183 1576 2357 1630; x_wconf 91' lang='lat' dir='ltr'>quam</span> <span class='ocrx_word' id='word_1_211' title='bbox 2411 1560 2583 1615; x_wconf 87' lang='lat' dir='ltr'>habet</span> <span class='ocrx_word' id='word_1_212' title='bbox 2637 1562 2705 1615; x_wconf 92' lang='lat' dir='ltr'>ad</span> <span class='ocrx_word' id='word_1_213' title='bbox 2739 1562 2987 1632; x_wconf 85' lang='lat' dir='ltr'>culpam,</span> <span class='ocrx_word' id='word_1_214' title='bbox 3038 1563 3198 1633; x_wconf 87' lang='lat' dir='ltr'>cujus</span> <span class='ocrx_word' id='word_1_215' title='bbox 3248 1564 3371 1634; x_wconf 90' lang='lat' dir='ltr'>ipsa</span> <span class='ocrx_word' id='word_1_216' title='bbox 3417 1581 3587 1635; x_wconf 82' lang='lat' dir='ltr'>pmna</span> 
     </span>
    </p>
   </div>
   <div class='ocr_carea' id='block_1_32' title="bbox 1883 1647 3586 1722">
    <p class='ocr_par' dir='ltr' id='par_1_32' title="bbox 1883 1647 3586 1722">
     <span class='ocr_line' id='line_1_32' title="bbox 1883 1647 3586 1722; baseline 0.004 -22"><span class='ocrx_word' id='word_1_217' title='bbox 1883 1647 1973 1713; x_wconf 89' lang='lat' dir='ltr'>sit,</span> <span class='ocrx_word' id='word_1_218' title='bbox 2007 1647 2101 1701; x_wconf 88' lang='lat' dir='ltr'>sed</span> <span class='ocrx_word' id='word_1_219' title='bbox 2137 1649 2356 1717; x_wconf 84' lang='lat' dir='ltr'>pmnale</span> <span class='ocrx_word' id='word_1_220' title='bbox 2388 1648 2665 1718; x_wconf 87' lang='lat' dir='ltr'>accipitur</span> <span class='ocrx_word' id='word_1_221' title='bbox 2694 1650 2765 1703; x_wconf 88' lang='lat' dir='ltr'>ab</span> <span class='ocrx_word' id='word_1_222' title='bbox 2812 1652 3155 1719; x_wconf 88' lang='lat' dir='ltr'>Augustino,</span> <span class='ocrx_word' id='word_1_223' title='bbox 3214 1652 3365 1722; x_wconf 92' lang='lat' dir='ltr'>quod</span> <span class='ocrx_word' id='word_1_224' title='bbox 3413 1654 3586 1707; x_wconf 84' lang='lat' dir='ltr'>infert</span> 
     </span>
    </p>
   </div>
   <div class='ocr_carea' id='block_1_33' title="bbox 62 1711 3581 1811">
    <p class='ocr_par' dir='ltr' id='par_1_33' title="bbox 62 1711 3581 1811">
     <span class='ocr_line' id='line_1_33' title="bbox 62 1711 3581 1811; baseline -0 -18"><span class='ocrx_word' id='word_1_225' title='bbox 62 1746 251 1794; x_wconf 88' lang='lat' dir='ltr'>status</span> <span class='ocrx_word' id='word_1_226' title='bbox 301 1742 462 1810; x_wconf 79' lang='lat' dir='ltr'>juxta</span> <span class='ocrx_word' id='word_1_227' title='bbox 515 1711 821 1811; x_wconf 70' lang='lat' dir='ltr'>Augustini</span> <span class='ocrx_word' id='word_1_228' title='bbox 877 1711 1129 1793; x_wconf 69' lang='lat' dir='ltr'>inentein</span> <span class='ocrx_word' id='word_1_229' title='bbox 1195 1740 1424 1810; x_wconf 84' lang='lat' dir='ltr'>egregie</span> <span class='ocrx_word' id='word_1_230' title='bbox 1480 1740 1768 1809; x_wconf 72' lang='lat' dir='ltr'>explicuit,</span> <span class='ocrx_word' id='word_1_231' title='bbox 1802 1711 1843 1766; x_wconf 77' lang='grc' dir='ltr'>Β</span> <span class='ocrx_word' id='word_1_232' title='bbox 1882 1711 2197 1789; x_wconf 79' lang='lat' dir='ltr'>cruciatum</span> <span class='ocrx_word' id='word_1_233' title='bbox 2228 1741 2283 1789; x_wconf 89' lang='lat' dir='ltr'>et</span> <span class='ocrx_word' id='word_1_234' title='bbox 2310 1711 2590 1801; x_wconf 72' lang='lat' dir='ltr'>dolorem,</span> <span class='ocrx_word' id='word_1_235' title='bbox 2625 1737 2773 1790; x_wconf 90' lang='lat' dir='ltr'>unde</span> <span class='ocrx_word' id='word_1_236' title='bbox 2830 1711 3098 1807; x_wconf 52' lang='lat' dir='ltr'>etvpoena</span> <span class='ocrx_word' id='word_1_237' title='bbox 3130 1711 3355 1794; x_wconf 72' lang='lat' dir='ltr'>aliaest</span> <span class='ocrx_word' id='word_1_238' title='bbox 3404 1741 3581 1810; x_wconf 88' lang='lat' dir='ltr'>justa,</span> 
     </span>
    </p>
   </div>
   <div class='ocr_carea' id='block_1_34' title="bbox 60 1828 1766 1900">
    <p class='ocr_par' dir='ltr' id='par_1_34' title="bbox 60 1828 1766 1900">
     <span class='ocr_line' id='line_1_34' title="bbox 60 1828 1766 1900; baseline -0.001 -18"><span class='ocrx_word' id='word_1_239' title='bbox 60 1829 206 1883; x_wconf 88' lang='lat' dir='ltr'>hinc</span> <span class='ocrx_word' id='word_1_240' title='bbox 236 1835 289 1883; x_wconf 88' lang='lat' dir='ltr'>et</span> <span class='ocrx_word' id='word_1_241' title='bbox 319 1829 575 1900; x_wconf 88' lang='lat' dir='ltr'>nuperis,</span> <span class='ocrx_word' id='word_1_242' title='bbox 631 1846 775 1900; x_wconf 88' lang='lat' dir='ltr'>quos</span> <span class='ocrx_word' id='word_1_243' title='bbox 801 1831 1070 1900; x_wconf 86' lang='lat' dir='ltr'>appellat,</span> <span class='ocrx_word' id='word_1_244' title='bbox 1114 1828 1471 1899; x_wconf 88' lang='lat' dir='ltr'>dogmatistis</span> <span class='ocrx_word' id='word_1_245' title='bbox 1520 1844 1766 1898; x_wconf 81' lang='lat' dir='ltr'>praecur-</span> 
     </span>
    </p>
   </div>
   <div class='ocr_carea' id='block_1_35' title="bbox 60 1916 1768 1986">
    <p class='ocr_par' dir='ltr' id='par_1_35' title="bbox 60 1916 1768 1986">
     <span class='ocr_line' id='line_1_35' title="bbox 60 1916 1768 1986; baseline -0.001 -17"><span class='ocrx_word' id='word_1_246' title='bbox 60 1934 161 1970; x_wconf 90' lang='lat' dir='ltr'>sor</span> <span class='ocrx_word' id='word_1_247' title='bbox 192 1919 376 1984; x_wconf 81' lang='lat' dir='ltr'>datus,</span> <span class='ocrx_word' id='word_1_248' title='bbox 436 1923 660 1971; x_wconf 90' lang='lat' dir='ltr'>tantum</span> <span class='ocrx_word' id='word_1_249' title='bbox 715 1918 919 1972; x_wconf 91' lang='lat' dir='ltr'>Conrio</span> <span class='ocrx_word' id='word_1_250' title='bbox 949 1917 1103 1970; x_wconf 88' lang='lat' dir='ltr'>stetit</span> <span class='ocrx_word' id='word_1_251' title='bbox 1158 1916 1543 1986; x_wconf 85' lang='lat' dir='ltr'>Augustinum</span> <span class='ocrx_word' id='word_1_252' title='bbox 1573 1916 1768 1969; x_wconf 87' lang='lat' dir='ltr'>defen-</span> 
     </span>
    </p>
   </div>
   <div class='ocr_carea' id='block_1_36' title="bbox 60 2003 1771 2074">
    <p class='ocr_par' dir='ltr' id='par_1_36' title="bbox 60 2003 1771 2074">
     <span class='ocr_line' id='line_1_36' title="bbox 60 2003 1771 2074; baseline 0.001 -16"><span class='ocrx_word' id='word_1_253' title='bbox 60 2004 239 2058; x_wconf 87' lang='lat' dir='ltr'>disse.</span> <span class='ocrx_word' id='word_1_254' title='bbox 293 2005 359 2057; x_wconf 81' lang='lat' dir='ltr'>Hi</span> <span class='ocrx_word' id='word_1_255' title='bbox 390 2020 527 2074; x_wconf 89' lang='lat' dir='ltr'>ergo</span> <span class='ocrx_word' id='word_1_256' title='bbox 560 2004 948 2057; x_wconf 88' lang='lat' dir='ltr'>subtilissimm</span> <span class='ocrx_word' id='word_1_257' title='bbox 979 2004 1185 2057; x_wconf 74' lang='lat' dir='ltr'>schola:</span> <span class='ocrx_word' id='word_1_258' title='bbox 1216 2004 1585 2073; x_wconf 86' lang='lat' dir='ltr'>professores,</span> <span class='ocrx_word' id='word_1_259' title='bbox 1640 2003 1771 2059; x_wconf 87' lang='lat' dir='ltr'>licet</span> 
     </span>
    </p>
   </div>
   <div class='ocr_carea' id='block_1_37' title="bbox 60 2092 1768 2162">
    <p class='ocr_par' dir='ltr' id='par_1_37' title="bbox 60 2092 1768 2162">
     <span class='ocr_line' id='line_1_37' title="bbox 60 2092 1768 2162; baseline 0 -16"><span class='ocrx_word' id='word_1_260' title='bbox 60 2094 211 2146; x_wconf 86' lang='lat' dir='ltr'>alias</span> <span class='ocrx_word' id='word_1_261' title='bbox 242 2093 409 2147; x_wconf 85' lang='lat' dir='ltr'>Scoto</span> <span class='ocrx_word' id='word_1_262' title='bbox 443 2092 835 2157; x_wconf 76' lang='lat' dir='ltr'>addictissimi,</span> <span class='ocrx_word' id='word_1_263' title='bbox 867 2108 996 2146; x_wconf 92' lang='lat' dir='ltr'>cum</span> <span class='ocrx_word' id='word_1_264' title='bbox 1028 2092 1363 2162; x_wconf 86' lang='lat' dir='ltr'>magistrum</span> <span class='ocrx_word' id='word_1_265' title='bbox 1412 2092 1468 2145; x_wconf 91' lang='lat' dir='ltr'>in</span> <span class='ocrx_word' id='word_1_266' title='bbox 1500 2093 1768 2161; x_wconf 87' lang='lat' dir='ltr'>prmsenti</span> 
     </span>
    </p>
   </div>
   <div class='ocr_carea' id='block_1_38' title="bbox 62 2181 1769 2251">
    <p class='ocr_par' dir='ltr' id='par_1_38' title="bbox 62 2181 1769 2251">
     <span class='ocr_line' id='line_1_38' title="bbox 62 2181 1769 2251; baseline -0.001 -15"><span class='ocrx_word' id='word_1_267' title='bbox 62 2181 460 2236; x_wconf 57' lang='lat' dir='ltr'>controversia</span> <span class='ocrx_word' id='word_1_268' title='bbox 488 2198 618 2234; x_wconf 93' lang='lat' dir='ltr'>cum</span> <span class='ocrx_word' id='word_1_269' title='bbox 649 2181 967 2251; x_wconf 85' lang='lat' dir='ltr'>Augustino</span> <span class='ocrx_word' id='word_1_270' title='bbox 1018 2182 1207 2235; x_wconf 89' lang='lat' dir='ltr'>minus</span> <span class='ocrx_word' id='word_1_271' title='bbox 1254 2182 1556 2235; x_wconf 86' lang='lat' dir='ltr'>convenire</span> <span class='ocrx_word' id='word_1_272' title='bbox 1601 2182 1769 2235; x_wconf 90' lang='lat' dir='ltr'>intel-</span> 
     </span>
    </p>
   </div>
   <div class='ocr_carea' id='block_1_39' title="bbox 61 2270 1769 2341">
    <p class='ocr_par' dir='ltr' id='par_1_39' title="bbox 61 2270 1769 2341">
     <span class='ocr_line' id='line_1_39' title="bbox 61 2270 1769 2341; baseline -0.001 -18"><span class='ocrx_word' id='word_1_273' title='bbox 61 2272 336 2341; x_wconf 88' lang='lat' dir='ltr'>ligerent,</span> <span class='ocrx_word' id='word_1_274' title='bbox 387 2270 648 2340; x_wconf 86' lang='lat' dir='ltr'>religioni</span> <span class='ocrx_word' id='word_1_275' title='bbox 681 2271 967 2323; x_wconf 83' lang='lat' dir='ltr'>duxerunt</span> <span class='ocrx_word' id='word_1_276' title='bbox 996 2270 1222 2324; x_wconf 90' lang='lat' dir='ltr'>Scotum</span> <span class='ocrx_word' id='word_1_277' title='bbox 1256 2270 1573 2340; x_wconf 85' lang='lat' dir='ltr'>Augustino</span> <span class='ocrx_word' id='word_1_278' title='bbox 1621 2287 1769 2339; x_wconf 84' lang='lat' dir='ltr'>prm-</span> 
     </span>
    </p>
   </div>
   <div class='ocr_carea' id='block_1_40' title="bbox 60 2358 1767 2430">
    <p class='ocr_par' dir='ltr' id='par_1_40' title="bbox 60 2358 1767 2430">
     <span class='ocr_line' id='line_1_40' title="bbox 60 2358 1767 2430; baseline 0 -19"><span class='ocrx_word' id='word_1_279' title='bbox 60 2376 308 2430; x_wconf 84' lang='lat' dir='ltr'>ponere.</span> <span class='ocrx_word' id='word_1_280' title='bbox 343 2361 462 2412; x_wconf 89' lang='lat' dir='ltr'>lmo</span> <span class='ocrx_word' id='word_1_281' title='bbox 494 2377 558 2411; x_wconf 89' lang='lat' dir='ltr'>eo</span> <span class='ocrx_word' id='word_1_282' title='bbox 590 2359 735 2411; x_wconf 88' lang='lat' dir='ltr'>facto</span> <span class='ocrx_word' id='word_1_283' title='bbox 772 2359 949 2429; x_wconf 83' lang='lat' dir='ltr'>ipsius</span> <span class='ocrx_word' id='word_1_284' title='bbox 981 2358 1150 2423; x_wconf 90' lang='lat' dir='ltr'>Scoti,</span> <span class='ocrx_word' id='word_1_285' title='bbox 1184 2358 1228 2412; x_wconf 88' lang='lat' dir='ltr'>si</span> <span class='ocrx_word' id='word_1_286' title='bbox 1262 2376 1373 2411; x_wconf 91' lang='lat' dir='ltr'>non</span> <span class='ocrx_word' id='word_1_287' title='bbox 1429 2358 1767 2425; x_wconf 85' lang='lat' dir='ltr'>doctrinam,</span> 
     </span>
    </p>
   </div>
   <div class='ocr_carea' id='block_1_41' title="bbox 62 2448 1771 2518">
    <p class='ocr_par' dir='ltr' id='par_1_41' title="bbox 62 2448 1771 2518">
     <span class='ocr_line' id='line_1_41' title="bbox 62 2448 1771 2518; baseline -0.001 -16"><span class='ocrx_word' id='word_1_288' title='bbox 62 2452 270 2503; x_wconf 89' lang='lat' dir='ltr'>saltem</span> <span class='ocrx_word' id='word_1_289' title='bbox 317 2450 640 2518; x_wconf 71' lang='lat' dir='ltr'>exemplum</span> <span class='ocrx_word' id='word_1_290' title='bbox 675 2448 852 2501; x_wconf 88' lang='lat' dir='ltr'>secuti</span> <span class='ocrx_word' id='word_1_291' title='bbox 882 2454 1031 2502; x_wconf 90' lang='lat' dir='ltr'>sunt.</span> <span class='ocrx_word' id='word_1_292' title='bbox 1090 2448 1306 2501; x_wconf 84' lang='lat' dir='ltr'>Etenim</span> <span class='ocrx_word' id='word_1_293' title='bbox 1367 2448 1771 2501; x_wconf 86' lang='lat' dir='ltr'>subtilissimus</span> 
     </span>
    </p>
   </div>
   <div class='ocr_carea' id='block_1_42' title="bbox 60 2537 1771 2607">
    <p class='ocr_par' dir='ltr' id='par_1_42' title="bbox 60 2537 1771 2607">
     <span class='ocr_line' id='line_1_42' title="bbox 60 2537 1771 2607; baseline -0.001 -16"><span class='ocrx_word' id='word_1_294' title='bbox 60 2538 165 2591; x_wconf 85' lang='lat' dir='ltr'>ille</span> <span class='ocrx_word' id='word_1_295' title='bbox 198 2538 491 2591; x_wconf 89' lang='lat' dir='ltr'>doctorum</span> <span class='ocrx_word' id='word_1_296' title='bbox 536 2543 758 2590; x_wconf 86' lang='lat' dir='ltr'>tantum</span> <span class='ocrx_word' id='word_1_297' title='bbox 822 2538 1140 2607; x_wconf 73' lang='lat' dir='ltr'>Augustino</span> <span class='ocrx_word' id='word_1_298' title='bbox 1194 2537 1418 2605; x_wconf 83' lang='lat' dir='ltr'>detulit,</span> <span class='ocrx_word' id='word_1_299' title='bbox 1472 2543 1533 2590; x_wconf 90' lang='lat' dir='ltr'>ut</span> <span class='ocrx_word' id='word_1_300' title='bbox 1583 2539 1771 2591; x_wconf 88' lang='lat' dir='ltr'>Patres</span> 
     </span>
    </p>
   </div>
   <div class='ocr_carea' id='block_1_43' title="bbox 64 2625 1769 2696">
    <p class='ocr_par' dir='ltr' id='par_1_43' title="bbox 64 2625 1769 2696">
     <span class='ocr_line' id='line_1_43' title="bbox 64 2625 1769 2696; baseline -0.001 -15"><span class='ocrx_word' id='word_1_301' title='bbox 64 2626 343 2690; x_wconf 75' lang='lat' dir='ltr'>Minores,</span> <span class='ocrx_word' id='word_1_302' title='bbox 378 2628 431 2679; x_wconf 88' lang='lat' dir='ltr'>in</span> <span class='ocrx_word' id='word_1_303' title='bbox 465 2626 660 2681; x_wconf 90' lang='lat' dir='ltr'>libello</span> <span class='ocrx_word' id='word_1_304' title='bbox 709 2626 951 2696; x_wconf 87' lang='lat' dir='ltr'>supplici</span> <span class='ocrx_word' id='word_1_305' title='bbox 978 2625 1231 2679; x_wconf 88' lang='lat' dir='ltr'>exhibito</span> <span class='ocrx_word' id='word_1_306' title='bbox 1261 2626 1482 2679; x_wconf 89' lang='lat' dir='ltr'>senatui</span> <span class='ocrx_word' id='word_1_307' title='bbox 1516 2628 1769 2679; x_wconf 85' lang='lat' dir='ltr'>Castellae</span> 
     </span>
    </p>
   </div>
   <div class='ocr_carea' id='block_1_44' title="bbox 62 2714 1770 2786">
    <p class='ocr_par' dir='ltr' id='par_1_44' title="bbox 62 2714 1770 2786">
     <span class='ocr_line' id='line_1_44' title="bbox 62 2714 1770 2786; baseline 0 -18"><span class='ocrx_word' id='word_1_308' title='bbox 62 2732 225 2768; x_wconf 85' lang='lat' dir='ltr'>anno</span> <span class='ocrx_word' id='word_1_309' title='bbox 261 2717 415 2779; x_wconf 83' lang='lat' dir='ltr'>l6‘28,</span> <span class='ocrx_word' id='word_1_310' title='bbox 449 2732 560 2785; x_wconf 90' lang='lat' dir='ltr'>quo</span> <span class='ocrx_word' id='word_1_311' title='bbox 611 2715 1005 2786; x_wconf 89' lang='lat' dir='ltr'>juramentum</span> <span class='ocrx_word' id='word_1_312' title='bbox 1062 2714 1523 2770; x_wconf 78' lang='lat' dir='ltr'>Salmanticcnsis</span> <span class='ocrx_word' id='word_1_313' title='bbox 1571 2714 1770 2768; x_wconf 84' lang='lat' dir='ltr'>acade-</span> 
     </span>
    </p>
   </div>
   <div class='ocr_carea' id='block_1_45' title="bbox 61 2803 1770 2873">
    <p class='ocr_par' dir='ltr' id='par_1_45' title="bbox 61 2803 1770 2873">
     <span class='ocr_line' id='line_1_45' title="bbox 61 2803 1770 2873; baseline -0.001 -16"><span class='ocrx_word' id='word_1_314' title='bbox 61 2805 204 2857; x_wconf 84' lang='lat' dir='ltr'>mim</span> <span class='ocrx_word' id='word_1_315' title='bbox 239 2819 338 2873; x_wconf 89' lang='lat' dir='ltr'>pro</span> <span class='ocrx_word' id='word_1_316' title='bbox 382 2803 739 2857; x_wconf 89' lang='lat' dir='ltr'>defendenda</span> <span class='ocrx_word' id='word_1_317' title='bbox 796 2804 1053 2857; x_wconf 89' lang='lat' dir='ltr'>doctrina</span> <span class='ocrx_word' id='word_1_318' title='bbox 1094 2804 1272 2857; x_wconf 90' lang='lat' dir='ltr'>sancti</span> <span class='ocrx_word' id='word_1_319' title='bbox 1330 2804 1585 2870; x_wconf 83' lang='lat' dir='ltr'>Thomm,</span> <span class='ocrx_word' id='word_1_320' title='bbox 1617 2803 1770 2873; x_wconf 89' lang='lat' dir='ltr'>quod</span> 
     </span>
    </p>
   </div>
   <div class='ocr_carea' id='block_1_46' title="bbox 62 2891 1769 2963">
    <p class='ocr_par' dir='ltr' id='par_1_46' title="bbox 62 2891 1769 2963">
     <span class='ocr_line' id='line_1_46' title="bbox 62 2891 1769 2963; baseline 0 -18"><span class='ocrx_word' id='word_1_321' title='bbox 62 2892 550 2961; x_wconf 88' lang='lat' dir='ltr'>diligentissimus</span> <span class='ocrx_word' id='word_1_322' title='bbox 592 2892 897 2963; x_wconf 87' lang='lat' dir='ltr'>Augustini</span> <span class='ocrx_word' id='word_1_323' title='bbox 957 2893 1265 2962; x_wconf 87' lang='lat' dir='ltr'>discipulus</span> <span class='ocrx_word' id='word_1_324' title='bbox 1310 2891 1440 2957; x_wconf 85' lang='lat' dir='ltr'>fuit,</span> <span class='ocrx_word' id='word_1_325' title='bbox 1498 2897 1769 2961; x_wconf 90' lang='lat' dir='ltr'>tanquam</span> 
     </span>
    </p>
   </div>
   <div class='ocr_carea' id='block_1_47' title="bbox 63 2980 1839 3065">
    <p class='ocr_par' dir='ltr' id='par_1_47' title="bbox 63 2980 1839 3065">
     <span class='ocr_line' id='line_1_47' title="bbox 63 2980 1839 3065; baseline -0.002 -30"><span class='ocrx_word' id='word_1_326' title='bbox 63 2980 295 3035; x_wconf 89' lang='lat' dir='ltr'>doctori</span> <span class='ocrx_word' id='word_1_327' title='bbox 328 2980 523 3033; x_wconf 92' lang='lat' dir='ltr'>subtili</span> <span class='ocrx_word' id='word_1_328' title='bbox 572 2980 913 3050; x_wconf 89' lang='lat' dir='ltr'>injuriosum</span> <span class='ocrx_word' id='word_1_329' title='bbox 964 2981 1310 3044; x_wconf 82' lang='lat' dir='ltr'>deferebant,</span> <span class='ocrx_word' id='word_1_330' title='bbox 1344 2981 1466 3034; x_wconf 78' lang='lat' dir='ltr'>haec</span> <span class='ocrx_word' id='word_1_331' title='bbox 1525 2980 1769 3049; x_wconf 88' lang='lat' dir='ltr'>scripse-</span> <span class='ocrx_word' id='word_1_332' title='bbox 1802 3012 1839 3065; x_wconf 67' lang='grc' dir='ltr'><strong>Ο</strong></span> 
     </span>
    </p>
   </div>
   <div class='ocr_carea' id='block_1_48' title="bbox 59 3068 1771 3139">
    <p class='ocr_par' dir='ltr' id='par_1_48' title="bbox 59 3068 1771 3139">
     <span class='ocr_line' id='line_1_48' title="bbox 59 3068 1771 3139; baseline 0 -18"><span class='ocrx_word' id='word_1_333' title='bbox 59 3069 191 3122; x_wconf 85' lang='lat' dir='ltr'>rint.</span> <span class='ocrx_word' id='word_1_334' title='bbox 221 3085 233 3121; x_wconf 90' lang='lat'><strong>:</strong></span> <span class='ocrx_word' id='word_1_335' title='bbox 270 3090 297 3115; x_wconf 80' lang='grc' dir='ltr'>α</span> <span class='ocrx_word' id='word_1_336' title='bbox 331 3068 528 3122; x_wconf 89' lang='lat' dir='ltr'>Scotus</span> <span class='ocrx_word' id='word_1_337' title='bbox 555 3068 697 3121; x_wconf 87' lang='lat' dir='ltr'>adeo</span> <span class='ocrx_word' id='word_1_338' title='bbox 750 3069 1181 3139; x_wconf 87' lang='lat' dir='ltr'>Augustinianm</span> <span class='ocrx_word' id='word_1_339' title='bbox 1213 3068 1483 3122; x_wconf 89' lang='lat' dir='ltr'>doctrinm</span> <span class='ocrx_word' id='word_1_340' title='bbox 1514 3068 1771 3121; x_wconf 86' lang='lat' dir='ltr'>addictus</span> 
     </span>
    </p>
   </div>
   <div class='ocr_carea' id='block_1_49' title="bbox 58 3157 1771 3227">
    <p class='ocr_par' dir='ltr' id='par_1_49' title="bbox 58 3157 1771 3227">
     <span class='ocr_line' id='line_1_49' title="bbox 58 3157 1771 3227; baseline -0.001 -17"><span class='ocrx_word' id='word_1_341' title='bbox 58 3158 203 3225; x_wconf 86' lang='lat' dir='ltr'>fuit,</span> <span class='ocrx_word' id='word_1_342' title='bbox 236 3163 300 3210; x_wconf 91' lang='lat' dir='ltr'>ut</span> <span class='ocrx_word' id='word_1_343' title='bbox 326 3157 384 3210; x_wconf 91' lang='lat' dir='ltr'>in</span> <span class='ocrx_word' id='word_1_344' title='bbox 412 3157 545 3211; x_wconf 90' lang='lat' dir='ltr'>solis</span> <span class='ocrx_word' id='word_1_345' title='bbox 572 3158 905 3227; x_wconf 87' lang='lat' dir='ltr'>theologicis</span> <span class='ocrx_word' id='word_1_346' title='bbox 934 3158 1359 3211; x_wconf 87' lang='lat' dir='ltr'>commentariis</span> <span class='ocrx_word' id='word_1_347' title='bbox 1398 3157 1771 3227; x_wconf 90' lang='lat' dir='ltr'>octingenties</span> 
     </span>
    </p>
   </div>
   <div class='ocr_carea' id='block_1_50' title="bbox 61 3245 1769 3318">
    <p class='ocr_par' dir='ltr' id='par_1_50' title="bbox 61 3245 1769 3318">
     <span class='ocr_line' id='line_1_50' title="bbox 61 3245 1769 3318; baseline -0.001 -18"><span class='ocrx_word' id='word_1_348' title='bbox 61 3263 131 3300; x_wconf 90' lang='lat' dir='ltr'>ac</span> <span class='ocrx_word' id='word_1_349' title='bbox 166 3245 499 3318; x_wconf 87' lang='lat' dir='ltr'>quindecies</span> <span class='ocrx_word' id='word_1_350' title='bbox 531 3252 786 3299; x_wconf 90' lang='lat' dir='ltr'>sanctum</span> <span class='ocrx_word' id='word_1_351' title='bbox 815 3245 1197 3316; x_wconf 89' lang='lat' dir='ltr'>Augustinum</span> <span class='ocrx_word' id='word_1_352' title='bbox 1227 3246 1287 3300; x_wconf 87' lang='lat' dir='ltr'>in</span> <span class='ocrx_word' id='word_1_353' title='bbox 1318 3263 1549 3301; x_wconf 86' lang='lat' dir='ltr'>suarum</span> <span class='ocrx_word' id='word_1_354' title='bbox 1580 3262 1769 3300; x_wconf 90' lang='lat' dir='ltr'>asser-</span> 
     </span>
    </p>
   </div>
   <div class='ocr_carea' id='block_1_51' title="bbox 63 3335 1768 3405">
    <p class='ocr_par' dir='ltr' id='par_1_51' title="bbox 63 3335 1768 3405">
     <span class='ocr_line' id='line_1_51' title="bbox 63 3335 1768 3405; baseline 0 -16"><span class='ocrx_word' id='word_1_355' title='bbox 63 3337 301 3389; x_wconf 88' lang='lat' dir='ltr'>tionum</span> <span class='ocrx_word' id='word_1_356' title='bbox 346 3340 548 3388; x_wconf 87' lang='lat' dir='ltr'>testem</span> <span class='ocrx_word' id='word_1_357' title='bbox 603 3335 932 3405; x_wconf 85' lang='lat' dir='ltr'>protulerit,</span> <span class='ocrx_word' id='word_1_358' title='bbox 970 3356 992 3383; x_wconf 75' lang='grc' dir='ltr'><strong>ι</strong></span> <span class='ocrx_word' id='word_1_359' title='bbox 1027 3341 1131 3388; x_wconf 89' lang='lat' dir='ltr'>etc.</span> <span class='ocrx_word' id='word_1_360' title='bbox 1165 3335 1301 3398; x_wconf 86' lang='lat' dir='ltr'>Qum</span> <span class='ocrx_word' id='word_1_361' title='bbox 1348 3336 1526 3389; x_wconf 76' lang='lat' dir='ltr'>aliave</span> <span class='ocrx_word' id='word_1_362' title='bbox 1580 3336 1768 3404; x_wconf 89' lang='lat' dir='ltr'>legere</span> 
     </span>
    </p>
   </div>
   <div class='ocr_carea' id='block_1_52' title="bbox 59 3422 1768 3496">
    <p class='ocr_par' dir='ltr' id='par_1_52' title="bbox 59 3422 1768 3496">
     <span class='ocr_line' id='line_1_52' title="bbox 59 3422 1768 3496; baseline 0 -19"><span class='ocrx_word' id='word_1_363' title='bbox 59 3424 292 3496; x_wconf 88' lang='lat' dir='ltr'>poteris</span> <span class='ocrx_word' id='word_1_364' title='bbox 316 3424 492 3493; x_wconf 33' lang='lat' dir='ltr'>Ltomo</span> <span class='ocrx_word' id='word_1_365' title='bbox 534 3422 712 3491; x_wconf 87' lang='lat' dir='ltr'>priori</span> <span class='ocrx_word' id='word_1_366' title='bbox 772 3423 1032 3478; x_wconf 85' lang='lat' dir='ltr'>Historim</span> <span class='ocrx_word' id='word_1_367' title='bbox 1089 3423 1517 3495; x_wconf 87' lang='lat' dir='ltr'>Augustinianm</span> <span class='ocrx_word' id='word_1_368' title='bbox 1570 3426 1768 3494; x_wconf 88' lang='lat' dir='ltr'>Hispa-</span> 
     </span>
    </p>
   </div>
   <div class='ocr_carea' id='block_1_53' title="bbox 58 3512 1772 3583">
    <p class='ocr_par' dir='ltr' id='par_1_53' title="bbox 58 3512 1772 3583">
     <span class='ocr_line' id='line_1_53' title="bbox 58 3512 1772 3583; baseline -0.001 -15"><span class='ocrx_word' id='word_1_369' title='bbox 58 3514 199 3568; x_wconf 88' lang='lat' dir='ltr'>nice</span> <span class='ocrx_word' id='word_1_370' title='bbox 226 3512 450 3583; x_wconf 85' lang='lat' dir='ltr'>scriptm</span> <span class='ocrx_word' id='word_1_371' title='bbox 476 3529 508 3566; x_wconf 91' lang='lat' dir='ltr'>a</span> <span class='ocrx_word' id='word_1_372' title='bbox 537 3514 704 3566; x_wconf 85' lang='lat' dir='ltr'>Petro</span> <span class='ocrx_word' id='word_1_373' title='bbox 764 3512 834 3567; x_wconf 92' lang='lat' dir='ltr'>de</span> <span class='ocrx_word' id='word_1_374' title='bbox 866 3514 1099 3583; x_wconf 87' lang='lat' dir='ltr'>Campo,</span> <span class='ocrx_word' id='word_1_375' title='bbox 1133 3514 1228 3567; x_wconf 90' lang='lat' dir='ltr'>lib.</span> <span class='ocrx_word' id='word_1_376' title='bbox 1288 3530 1363 3577; x_wconf 85' lang='lat' dir='ltr'>III,</span> <span class='ocrx_word' id='word_1_377' title='bbox 1406 3530 1535 3583; x_wconf 88' lang='lat' dir='ltr'>cap.</span> <span class='ocrx_word' id='word_1_378' title='bbox 1594 3516 1681 3578; x_wconf 90' lang='lat'>30,</span> <span class='ocrx_word' id='word_1_379' title='bbox 1714 3519 1772 3567; x_wconf 90' lang='lat' dir='ltr'>et</span> 
     </span>
    </p>
   </div>
   <div class='ocr_carea' id='block_1_54' title="bbox 59 3601 1770 3674">
    <p class='ocr_par' dir='ltr' id='par_1_54' title="bbox 59 3601 1770 3674">
     <span class='ocr_line' id='line_1_54' title="bbox 59 3601 1770 3674; baseline 0.001 -18"><span class='ocrx_word' id='word_1_380' title='bbox 59 3603 221 3674; x_wconf 88' lang='lat' dir='ltr'>apud</span> <span class='ocrx_word' id='word_1_381' title='bbox 257 3602 460 3655; x_wconf 88' lang='lat' dir='ltr'>Lucam</span> <span class='ocrx_word' id='word_1_382' title='bbox 515 3601 855 3672; x_wconf 76' lang='lat' dir='ltr'>\Vadingum</span> <span class='ocrx_word' id='word_1_383' title='bbox 914 3602 973 3654; x_wconf 91' lang='lat' dir='ltr'>in</span> <span class='ocrx_word' id='word_1_384' title='bbox 1022 3603 1145 3655; x_wconf 88' lang='lat' dir='ltr'>Vita</span> <span class='ocrx_word' id='word_1_385' title='bbox 1191 3602 1361 3667; x_wconf 90' lang='lat' dir='ltr'>Scoti,</span> <span class='ocrx_word' id='word_1_386' title='bbox 1393 3607 1550 3655; x_wconf 90' lang='lat' dir='ltr'>tomo</span> <span class='ocrx_word' id='word_1_387' title='bbox 1580 3604 1599 3655; x_wconf 87' lang='grc' dir='ltr'>Ι</span> <span class='ocrx_word' id='word_1_388' title='bbox 1629 3602 1770 3672; x_wconf 89' lang='lat' dir='ltr'>Ope-</span> 
     </span>
    </p>
   </div>
   <div class='ocr_carea' id='block_1_55' title="bbox 62 3690 1108 3760">
    <p class='ocr_par' dir='ltr' id='par_1_55' title="bbox 62 3690 1108 3760">
     <span class='ocr_line' id='line_1_55' title="bbox 62 3690 1108 3760; baseline -0.002 -15"><span class='ocrx_word' id='word_1_389' title='bbox 62 3708 201 3745; x_wconf 87' lang='lat' dir='ltr'>rum</span> <span class='ocrx_word' id='word_1_390' title='bbox 235 3690 517 3760; x_wconf 77' lang='lat' dir='ltr'>ejusdem,</span> <span class='ocrx_word' id='word_1_391' title='bbox 550 3706 669 3760; x_wconf 89' lang='lat' dir='ltr'>cap.</span> <span class='ocrx_word' id='word_1_392' title='bbox 711 3693 796 3756; x_wconf 82' lang='lat' dir='ltr'>i5,</span> <span class='ocrx_word' id='word_1_393' title='bbox 828 3706 982 3742; x_wconf 91' lang='lat' dir='ltr'>num.</span> <span class='ocrx_word' id='word_1_394' title='bbox 1021 3692 1108 3743; x_wconf 85' lang='lat'>69.</span> 
     </span>
    </p>
   </div>
   <div class='ocr_carea' id='block_1_56' title="bbox 67 3776 1768 3845">
    <p class='ocr_par' dir='ltr' id='par_1_56' title="bbox 67 3776 1768 3845">
     <span class='ocr_line' id='line_1_56' title="bbox 67 3776 1768 3845; baseline -0.004 -11"><span class='ocrx_word' id='word_1_395' title='bbox 67 3782 264 3834; x_wconf 73' lang='lat' dir='ltr'>Thrsis</span> <span class='ocrx_word' id='word_1_396' title='bbox 294 3778 359 3831; x_wconf 89' lang='lat' dir='ltr'>de</span> <span class='ocrx_word' id='word_1_397' title='bbox 395 3779 640 3832; x_wconf 76' lang='lat' dir='ltr'>sensibili</span> <span class='ocrx_word' id='word_1_398' title='bbox 656 3780 957 3842; x_wconf 80' lang='lat' dir='ltr'>infantium</span> <span class='ocrx_word' id='word_1_399' title='bbox 982 3792 1139 3845; x_wconf 70' lang='lat' dir='ltr'>pmna</span> <span class='ocrx_word' id='word_1_400' title='bbox 1164 3778 1222 3829; x_wconf 86' lang='lat' dir='ltr'>in</span> <span class='ocrx_word' id='word_1_401' title='bbox 1248 3778 1440 3840; x_wconf 80' lang='lat' dir='ltr'>inferis</span> <span class='ocrx_word' id='word_1_402' title='bbox 1466 3776 1768 3829; x_wconf 79' lang='lat' dir='ltr'>rationibus</span> 
     </span>
    </p>
   </div>
   <div class='ocr_carea' id='block_1_57' title="bbox 141 3848 1767 3913">
    <p class='ocr_par' dir='ltr' id='par_1_57' title="bbox 141 3848 1767 3913">
     <span class='ocr_line' id='line_1_57' title="bbox 141 3848 1767 3913; baseline -0.001 -11"><span class='ocrx_word' id='word_1_403' title='bbox 141 3848 423 3903; x_wconf 78' lang='lat' dir='ltr'>suadetur.</span> <span class='ocrx_word' id='word_1_404' title='bbox 489 3851 604 3913; x_wconf 86' lang='lat' dir='ltr'>Qua</span> <span class='ocrx_word' id='word_1_405' title='bbox 656 3851 927 3901; x_wconf 77' lang='lat' dir='ltr'>occasione</span> <span class='ocrx_word' id='word_1_406' title='bbox 965 3848 1267 3901; x_wconf 79' lang='lat' dir='ltr'>ostenditur</span> <span class='ocrx_word' id='word_1_407' title='bbox 1308 3848 1611 3901; x_wconf 77' lang='lat' dir='ltr'>Ecclesium</span> <span class='ocrx_word' id='word_1_408' title='bbox 1663 3850 1767 3901; x_wconf 84' lang='lat' dir='ltr'>Ro-</span> 
     </span>
    </p>
   </div>
   <div class='ocr_carea' id='block_1_58' title="bbox 136 3918 1769 3988">
    <p class='ocr_par' dir='ltr' id='par_1_58' title="bbox 136 3918 1769 3988">
     <span class='ocr_line' id='line_1_58' title="bbox 136 3918 1769 3988; baseline -0.001 -15"><span class='ocrx_word' id='word_1_409' title='bbox 136 3936 358 3973; x_wconf 80' lang='lat' dir='ltr'>manam</span> <span class='ocrx_word' id='word_1_410' title='bbox 397 3923 539 3973; x_wconf 81' lang='lat' dir='ltr'>inter</span> <span class='ocrx_word' id='word_1_411' title='bbox 586 3934 802 3988; x_wconf 83' lang='lat' dir='ltr'>precum</span> <span class='ocrx_word' id='word_1_412' title='bbox 832 3922 1016 3986; x_wconf 78' lang='lat' dir='ltr'>ofﬁcia</span> <span class='ocrx_word' id='word_1_413' title='bbox 1059 3918 1299 3971; x_wconf 80' lang='lat' dir='ltr'>eamdem</span> <span class='ocrx_word' id='word_1_414' title='bbox 1328 3921 1507 3971; x_wconf 79' lang='lat' dir='ltr'>sancti</span> <span class='ocrx_word' id='word_1_415' title='bbox 1536 3918 1769 3972; x_wconf 82' lang='lat' dir='ltr'>doctoris</span> 
     </span>
    </p>
   </div>
   <div class='ocr_carea' id='block_1_59' title="bbox 141 3991 1769 4057">
    <p class='ocr_par' dir='ltr' id='par_1_59' title="bbox 141 3991 1769 4057">
     <span class='ocr_line' id='line_1_59' title="bbox 141 3991 1769 4057; baseline -0.004 -11"><span class='ocrx_word' id='word_1_416' title='bbox 141 3993 460 4046; x_wconf 76' lang='lat' dir='ltr'>sententiam</span> <span class='ocrx_word' id='word_1_417' title='bbox 508 3993 752 4044; x_wconf 77' lang='lat' dir='ltr'>recitare.</span> <span class='ocrx_word' id='word_1_418' title='bbox 793 3991 1135 4056; x_wconf 81' lang='lat' dir='ltr'>Augustinus</span> <span class='ocrx_word' id='word_1_419' title='bbox 1178 3994 1331 4042; x_wconf 74' lang='lat' dir='ltr'>vocat</span> <span class='ocrx_word' id='word_1_420' title='bbox 1376 3991 1529 4041; x_wconf 79' lang='lat' dir='ltr'>illam</span> <span class='ocrx_word' id='word_1_421' title='bbox 1559 4005 1769 4057; x_wconf 78' lang='lat' dir='ltr'>pomum</span> 
     </span>
    </p>
   </div>
   <div class='ocr_carea' id='block_1_60' title="bbox 138 4059 1769 4131">
    <p class='ocr_par' dir='ltr' id='par_1_60' title="bbox 138 4059 1769 4131">
     <span class='ocr_line' id='line_1_60' title="bbox 138 4059 1769 4131; baseline -0.002 -15"><span class='ocrx_word' id='word_1_422' title='bbox 138 4066 505 4116; x_wconf 78' lang='lat' dir='ltr'>mitissimum.</span> <span class='ocrx_word' id='word_1_423' title='bbox 536 4064 813 4115; x_wconf 80' lang='lat' dir='ltr'>Statuitur</span> <span class='ocrx_word' id='word_1_424' title='bbox 843 4076 1038 4131; x_wconf 82' lang='lat' dir='ltr'>pueros</span> <span class='ocrx_word' id='word_1_425' title='bbox 1058 4077 1125 4115; x_wconf 75' lang='lat' dir='ltr'>ea:</span> <span class='ocrx_word' id='word_1_426' title='bbox 1144 4076 1300 4130; x_wconf 63' lang='lat' dir='ltr'>paena</span> <span class='ocrx_word' id='word_1_427' title='bbox 1333 4059 1522 4113; x_wconf 79' lang='lat' dir='ltr'>damni</span> <span class='ocrx_word' id='word_1_428' title='bbox 1551 4075 1769 4126; x_wconf 80' lang='lat' dir='ltr'>gravem</span> 
     </span>
    </p>
   </div>
   <div class='ocr_carea' id='block_1_61' title="bbox 142 4135 599 4201">
    <p class='ocr_par' dir='ltr' id='par_1_61' title="bbox 142 4135 599 4201">
     <span class='ocr_line' id='line_1_61' title="bbox 142 4135 599 4201; baseline -0.004 -14"><span class='ocrx_word' id='word_1_429' title='bbox 142 4136 430 4187; x_wconf 82' lang='lat' dir='ltr'>tristitiam</span> <span class='ocrx_word' id='word_1_430' title='bbox 460 4135 599 4201; x_wconf 81' lang='lat' dir='ltr'>pati.</span> 
     </span>
    </p>
   </div>
   <div class='ocr_carea' id='block_1_62' title="bbox 142 4215 1772 4288">
    <p class='ocr_par' dir='ltr' id='par_1_62' title="bbox 142 4215 1772 4288">
     <span class='ocr_line' id='line_1_62' title="bbox 142 4215 1772 4288; baseline -0.004 -12"><span class='ocrx_word' id='word_1_431' title='bbox 142 4218 254 4276; x_wconf 89' lang='lat' dir='ltr'>Sed</span> <span class='ocrx_word' id='word_1_432' title='bbox 286 4238 389 4275; x_wconf 92' lang='lat' dir='ltr'>nec</span> <span class='ocrx_word' id='word_1_433' title='bbox 420 4222 626 4275; x_wconf 87' lang='lat' dir='ltr'>desunt</span> <span class='ocrx_word' id='word_1_434' title='bbox 676 4224 1015 4288; x_wconf 87' lang='lat' dir='ltr'>argumenta</span> <span class='ocrx_word' id='word_1_435' title='bbox 1054 4217 1189 4272; x_wconf 89' lang='lat' dir='ltr'>satis</span> <span class='ocrx_word' id='word_1_436' title='bbox 1216 4216 1401 4270; x_wconf 83' lang='lat' dir='ltr'>valida</span> <span class='ocrx_word' id='word_1_437' title='bbox 1432 4233 1560 4286; x_wconf 84' lang='lat' dir='ltr'>qum</span> <span class='ocrx_word' id='word_1_438' title='bbox 1591 4215 1772 4270; x_wconf 89' lang='lat' dir='ltr'>sancti</span> 
     </span>
    </p>
   </div>
   <div class='ocr_carea' id='block_1_63' title="bbox 1879 1824 3581 1899">
    <p class='ocr_par' dir='ltr' id='par_1_63' title="bbox 1879 1824 3581 1899">
     <span class='ocr_line' id='line_1_63' title="bbox 1879 1824 3581 1899; baseline 0.004 -20"><span class='ocrx_word' id='word_1_439' title='bbox 1879 1824 1989 1879; x_wconf 89' lang='lat' dir='ltr'>alia</span> <span class='ocrx_word' id='word_1_440' title='bbox 2019 1825 2270 1894; x_wconf 89' lang='lat' dir='ltr'>injusta:</span> <span class='ocrx_word' id='word_1_441' title='bbox 2305 1840 2513 1894; x_wconf 88' lang='lat' dir='ltr'>nempe</span> <span class='ocrx_word' id='word_1_442' title='bbox 2572 1825 2784 1895; x_wconf 89' lang='lat' dir='ltr'>injusta</span> <span class='ocrx_word' id='word_1_443' title='bbox 2843 1830 2946 1890; x_wconf 84' lang='lat' dir='ltr'>est,</span> <span class='ocrx_word' id='word_1_444' title='bbox 3008 1843 3137 1897; x_wconf 87' lang='lat' dir='ltr'>qum</span> <span class='ocrx_word' id='word_1_445' title='bbox 3196 1828 3318 1881; x_wconf 90' lang='lat' dir='ltr'>sine</span> <span class='ocrx_word' id='word_1_446' title='bbox 3366 1830 3581 1899; x_wconf 86' lang='lat' dir='ltr'>prmvio</span> 
     </span>
    </p>
   </div>
   <div class='ocr_carea' id='block_1_64' title="bbox 1880 1912 3581 1985">
    <p class='ocr_par' dir='ltr' id='par_1_64' title="bbox 1880 1912 3581 1985">
     <span class='ocr_line' id='line_1_64' title="bbox 1880 1912 3581 1985; baseline 0.003 -18"><span class='ocrx_word' id='word_1_447' title='bbox 1880 1912 2157 1967; x_wconf 88' lang='lat' dir='ltr'>demerito</span> <span class='ocrx_word' id='word_1_448' title='bbox 2189 1912 2477 1967; x_wconf 89' lang='lat' dir='ltr'>innocenti</span> <span class='ocrx_word' id='word_1_449' title='bbox 2504 1930 2537 1966; x_wconf 90' lang='lat' dir='ltr'>a</span> <span class='ocrx_word' id='word_1_450' title='bbox 2563 1919 2804 1985; x_wconf 82' lang='lat' dir='ltr'>tyranno</span> <span class='ocrx_word' id='word_1_451' title='bbox 2855 1914 3159 1985; x_wconf 86' lang='lat' dir='ltr'>infligitur.</span> <span class='ocrx_word' id='word_1_452' title='bbox 3194 1920 3266 1970; x_wconf 89' lang='lat' dir='ltr'>At</span> <span class='ocrx_word' id='word_1_453' title='bbox 3297 1933 3450 1970; x_wconf 89' lang='lat' dir='ltr'>mors</span> <span class='ocrx_word' id='word_1_454' title='bbox 3482 1935 3581 1973; x_wconf 89' lang='lat' dir='ltr'>ne-</span> 
     </span>
    </p>
   </div>
   <div class='ocr_carea' id='block_1_65' title="bbox 1879 2001 3584 2074">
    <p class='ocr_par' dir='ltr' id='par_1_65' title="bbox 1879 2001 3584 2074">
     <span class='ocr_line' id='line_1_65' title="bbox 1879 2001 3584 2074; baseline 0.005 -21"><span class='ocrx_word' id='word_1_455' title='bbox 1879 2002 2006 2072; x_wconf 90' lang='lat' dir='ltr'>quit</span> <span class='ocrx_word' id='word_1_456' title='bbox 2035 2018 2155 2055; x_wconf 90' lang='lat' dir='ltr'>esse</span> <span class='ocrx_word' id='word_1_457' title='bbox 2175 2001 2470 2069; x_wconf 90' lang='lat' dir='ltr'>naluralis,</span> <span class='ocrx_word' id='word_1_458' title='bbox 2504 2008 2567 2056; x_wconf 92' lang='lat' dir='ltr'>ut</span> <span class='ocrx_word' id='word_1_459' title='bbox 2594 2019 2710 2056; x_wconf 92' lang='lat' dir='ltr'>non</span> <span class='ocrx_word' id='word_1_460' title='bbox 2740 2004 2813 2057; x_wconf 92' lang='lat' dir='ltr'>sit</span> <span class='ocrx_word' id='word_1_461' title='bbox 2845 2006 3104 2074; x_wconf 81' lang='lat' dir='ltr'>pmualis.</span> <span class='ocrx_word' id='word_1_462' title='bbox 3141 2006 3363 2059; x_wconf 85' lang='lat' dir='ltr'>Etenim</span> <span class='ocrx_word' id='word_1_463' title='bbox 3391 2007 3584 2061; x_wconf 91' lang='lat' dir='ltr'>anima</span> 
     </span>
    </p>
   </div>
   <div class='ocr_carea' id='block_1_66' title="bbox 1880 2090 3584 2164">
    <p class='ocr_par' dir='ltr' id='par_1_66' title="bbox 1880 2090 3584 2164">
     <span class='ocr_line' id='line_1_66' title="bbox 1880 2090 3584 2164; baseline 0.003 -20"><span class='ocrx_word' id='word_1_464' title='bbox 1880 2107 1910 2144; x_wconf 90' lang='lat' dir='ltr'>a</span> <span class='ocrx_word' id='word_1_465' title='bbox 1940 2107 2176 2160; x_wconf 90' lang='lat' dir='ltr'>corpore</span> <span class='ocrx_word' id='word_1_466' title='bbox 2207 2090 2459 2161; x_wconf 87' lang='lat' dir='ltr'>separari</span> <span class='ocrx_word' id='word_1_467' title='bbox 2513 2107 2629 2144; x_wconf 92' lang='lat' dir='ltr'>non</span> <span class='ocrx_word' id='word_1_468' title='bbox 2684 2098 2893 2163; x_wconf 91' lang='lat' dir='ltr'>potest,</span> <span class='ocrx_word' id='word_1_469' title='bbox 2930 2093 3041 2146; x_wconf 89' lang='lat' dir='ltr'>nisi</span> <span class='ocrx_word' id='word_1_470' title='bbox 3098 2094 3327 2164; x_wconf 84' lang='lat' dir='ltr'>prmviis</span> <span class='ocrx_word' id='word_1_471' title='bbox 3370 2095 3584 2149; x_wconf 90' lang='lat' dir='ltr'>morbis</span> 
     </span>
    </p>
   </div>
   <div class='ocr_carea' id='block_1_67' title="bbox 1878 2178 3582 2254">
    <p class='ocr_par' dir='ltr' id='par_1_67' title="bbox 1878 2178 3582 2254">
     <span class='ocr_line' id='line_1_67' title="bbox 1878 2178 3582 2254; baseline 0.004 -22"><span class='ocrx_word' id='word_1_472' title='bbox 1878 2184 1936 2233; x_wconf 88' lang='lat' dir='ltr'>et</span> <span class='ocrx_word' id='word_1_473' title='bbox 1962 2178 2276 2245; x_wconf 88' lang='lat' dir='ltr'>doloribus,</span> <span class='ocrx_word' id='word_1_474' title='bbox 2319 2180 2433 2233; x_wconf 89' lang='lat' dir='ltr'>sive</span> <span class='ocrx_word' id='word_1_475' title='bbox 2463 2178 2503 2232; x_wconf 89' lang='lat' dir='ltr'>ii</span> <span class='ocrx_word' id='word_1_476' title='bbox 2534 2180 2689 2251; x_wconf 88' lang='lat' dir='ltr'>longi</span> <span class='ocrx_word' id='word_1_477' title='bbox 2722 2181 2857 2249; x_wconf 90' lang='lat' dir='ltr'>sint,</span> <span class='ocrx_word' id='word_1_478' title='bbox 2889 2182 3004 2235; x_wconf 91' lang='lat' dir='ltr'>sive</span> <span class='ocrx_word' id='word_1_479' title='bbox 3035 2182 3268 2250; x_wconf 88' lang='lat' dir='ltr'>breves;</span> <span class='ocrx_word' id='word_1_480' title='bbox 3299 2184 3398 2254; x_wconf 91' lang='lat' dir='ltr'>qui</span> <span class='ocrx_word' id='word_1_481' title='bbox 3428 2184 3582 2239; x_wconf 90' lang='lat' dir='ltr'>enim</span> 
     </span>
    </p>
   </div>
   <div class='ocr_carea' id='block_1_68' title="bbox 1878 2268 3583 2341">
    <p class='ocr_par' dir='ltr' id='par_1_68' title="bbox 1878 2268 3583 2341">
     <span class='ocr_line' id='line_1_68' title="bbox 1878 2268 3583 2341; baseline 0.002 -18"><span class='ocrx_word' id='word_1_482' title='bbox 1878 2268 2077 2323; x_wconf 84' lang='lat' dir='ltr'>breves</span> <span class='ocrx_word' id='word_1_483' title='bbox 2129 2273 2262 2321; x_wconf 92' lang='lat' dir='ltr'>sunt</span> <span class='ocrx_word' id='word_1_484' title='bbox 2318 2268 2514 2339; x_wconf 90' lang='lat' dir='ltr'>magni</span> <span class='ocrx_word' id='word_1_485' title='bbox 2566 2273 2716 2322; x_wconf 90' lang='lat' dir='ltr'>sunt.</span> <span class='ocrx_word' id='word_1_486' title='bbox 2776 2270 2921 2341; x_wconf 87' lang='lat' dir='ltr'>Ergo</span> <span class='ocrx_word' id='word_1_487' title='bbox 2969 2286 3037 2323; x_wconf 85' lang='lat' dir='ltr'>ex</span> <span class='ocrx_word' id='word_1_488' title='bbox 3090 2278 3285 2324; x_wconf 84' lang='lat' dir='ltr'>sancto</span> <span class='ocrx_word' id='word_1_489' title='bbox 3352 2272 3583 2328; x_wconf 88' lang='lat' dir='ltr'>doctore</span> 
     </span>
    </p>
   </div>
   <div class='ocr_carea' id='block_1_69' title="bbox 1879 2358 3584 2431">
    <p class='ocr_par' dir='ltr' id='par_1_69' title="bbox 1879 2358 3584 2431">
     <span class='ocr_line' id='line_1_69' title="bbox 1879 2358 3584 2431; baseline 0.003 -21"><span class='ocrx_word' id='word_1_490' title='bbox 1879 2358 2081 2427; x_wconf 90' lang='lat' dir='ltr'>nequit</span> <span class='ocrx_word' id='word_1_491' title='bbox 2110 2373 2266 2410; x_wconf 89' lang='lat' dir='ltr'>mors</span> <span class='ocrx_word' id='word_1_492' title='bbox 2300 2373 2421 2411; x_wconf 88' lang='lat' dir='ltr'>esse</span> <span class='ocrx_word' id='word_1_493' title='bbox 2453 2358 2727 2410; x_wconf 88' lang='lat' dir='ltr'>naturalis</span> <span class='ocrx_word' id='word_1_494' title='bbox 2755 2359 2860 2411; x_wconf 91' lang='lat' dir='ltr'>sub</span> <span class='ocrx_word' id='word_1_495' title='bbox 2907 2359 3065 2429; x_wconf 89' lang='lat' dir='ltr'>justo</span> <span class='ocrx_word' id='word_1_496' title='bbox 3100 2365 3158 2413; x_wconf 89' lang='lat' dir='ltr'>et</span> <span class='ocrx_word' id='word_1_497' title='bbox 3188 2360 3584 2431; x_wconf 89' lang='lat' dir='ltr'>omnipotente</span> 
     </span>
    </p>
   </div>
   <div class='ocr_carea' id='block_1_70' title="bbox 1881 2446 3583 2519">
    <p class='ocr_par' dir='ltr' id='par_1_70' title="bbox 1881 2446 3583 2519">
     <span class='ocr_line' id='line_1_70' title="bbox 1881 2446 3583 2519; baseline 0.002 -20"><span class='ocrx_word' id='word_1_498' title='bbox 1881 2448 2019 2509; x_wconf 84' lang='lat' dir='ltr'>Deo,</span> <span class='ocrx_word' id='word_1_499' title='bbox 2056 2446 2155 2516; x_wconf 90' lang='lat' dir='ltr'>qui</span> <span class='ocrx_word' id='word_1_500' title='bbox 2186 2451 2460 2517; x_wconf 89' lang='lat' dir='ltr'>tanquam</span> <span class='ocrx_word' id='word_1_501' title='bbox 2483 2447 2676 2516; x_wconf 89' lang='lat' dir='ltr'>justus</span> <span class='ocrx_word' id='word_1_502' title='bbox 2702 2463 2818 2500; x_wconf 91' lang='lat' dir='ltr'>non</span> <span class='ocrx_word' id='word_1_503' title='bbox 2850 2447 3135 2517; x_wconf 85' lang='lat' dir='ltr'>infligeret</span> <span class='ocrx_word' id='word_1_504' title='bbox 3166 2451 3378 2503; x_wconf 91' lang='lat' dir='ltr'>malum</span> <span class='ocrx_word' id='word_1_505' title='bbox 3403 2466 3583 2519; x_wconf 80' lang='lat' dir='ltr'>pmnm</span> 
     </span>
    </p>
   </div>
   <div class='ocr_carea' id='block_1_71' title="bbox 1880 2534 3583 2605">
    <p class='ocr_par' dir='ltr' id='par_1_71' title="bbox 1880 2534 3583 2605">
     <span class='ocr_line' id='line_1_71' title="bbox 1880 2534 3583 2605; baseline 0.003 -18"><span class='ocrx_word' id='word_1_506' title='bbox 1880 2534 1999 2588; x_wconf 89' lang='lat' dir='ltr'>sine</span> <span class='ocrx_word' id='word_1_507' title='bbox 2030 2534 2219 2605; x_wconf 91' lang='lat' dir='ltr'>culpa,</span> <span class='ocrx_word' id='word_1_508' title='bbox 2250 2539 2524 2605; x_wconf 89' lang='lat' dir='ltr'>tanquam</span> <span class='ocrx_word' id='word_1_509' title='bbox 2564 2535 2930 2604; x_wconf 88' lang='lat' dir='ltr'>omnipotens</span> <span class='ocrx_word' id='word_1_510' title='bbox 2960 2552 3081 2589; x_wconf 89' lang='lat' dir='ltr'>non</span> <span class='ocrx_word' id='word_1_511' title='bbox 3130 2537 3343 2591; x_wconf 91' lang='lat' dir='ltr'>sineret</span> <span class='ocrx_word' id='word_1_512' title='bbox 3371 2538 3441 2591; x_wconf 91' lang='lat' dir='ltr'>ab</span> <span class='ocrx_word' id='word_1_513' title='bbox 3472 2538 3583 2592; x_wconf 90' lang='lat' dir='ltr'>alio</span> 
     </span>
    </p>
   </div>
   <div class='ocr_carea' id='block_1_72' title="bbox 1879 2623 3575 2694">
    <p class='ocr_par' dir='ltr' id='par_1_72' title="bbox 1879 2623 3575 2694">
     <span class='ocr_line' id='line_1_72' title="bbox 1879 2623 3575 2694; baseline 0.002 -18"><span class='ocrx_word' id='word_1_514' title='bbox 1879 2623 1984 2677; x_wconf 92' lang='lat' dir='ltr'>toti</span> <span class='ocrx_word' id='word_1_515' title='bbox 2015 2623 2305 2677; x_wconf 89' lang='lat' dir='ltr'>innocenti</span> <span class='ocrx_word' id='word_1_516' title='bbox 2332 2630 2552 2677; x_wconf 82' lang='lat' dir='ltr'>naturm</span> <span class='ocrx_word' id='word_1_517' title='bbox 2582 2624 2787 2694; x_wconf 79' lang='lat' dir='ltr'>infligi.</span> <span class='ocrx_word' id='word_1_518' title='bbox 2827 2625 2965 2678; x_wconf 87' lang='lat' dir='ltr'>Hinc</span> <span class='ocrx_word' id='word_1_519' title='bbox 2995 2626 3203 2679; x_wconf 87' lang='lat' dir='ltr'>clamat</span> <span class='ocrx_word' id='word_1_520' title='bbox 3234 2626 3437 2679; x_wconf 90' lang='lat' dir='ltr'>eodem</span> <span class='ocrx_word' id='word_1_521' title='bbox 3469 2627 3575 2681; x_wconf 91' lang='lat' dir='ltr'>lib.</span> 
     </span>
    </p>
   </div>
   <div class='ocr_carea' id='block_1_73' title="bbox 1879 2711 3583 2783">
    <p class='ocr_par' dir='ltr' id='par_1_73' title="bbox 1879 2711 3583 2783">
     <span class='ocr_line' id='line_1_73' title="bbox 1879 2711 3583 2783; baseline 0.003 -20"><span class='ocrx_word' id='word_1_522' title='bbox 1879 2711 1955 2774; x_wconf 93' lang='lat' dir='ltr'>vi,</span> <span class='ocrx_word' id='word_1_523' title='bbox 1992 2728 2116 2781; x_wconf 90' lang='lat' dir='ltr'>cap.</span> <span class='ocrx_word' id='word_1_524' title='bbox 2148 2714 2257 2765; x_wconf 78' lang='lat'>20:</span> <span class='ocrx_word' id='word_1_525' title='bbox 2294 2732 2321 2760; x_wconf 84' lang='lat'>«</span> <span class='ocrx_word' id='word_1_526' title='bbox 2358 2714 2551 2781; x_wconf 81' lang='lat' dir='ltr'>Neque</span> <span class='ocrx_word' id='word_1_527' title='bbox 2584 2713 2738 2765; x_wconf 87' lang='lat' dir='ltr'>enim</span> <span class='ocrx_word' id='word_1_528' title='bbox 2771 2712 2873 2765; x_wconf 90' lang='lat' dir='ltr'>sub</span> <span class='ocrx_word' id='word_1_529' title='bbox 2908 2714 3021 2766; x_wconf 90' lang='lat' dir='ltr'>Deo</span> <span class='ocrx_word' id='word_1_530' title='bbox 3072 2714 3227 2783; x_wconf 89' lang='lat' dir='ltr'>justo</span> <span class='ocrx_word' id='word_1_531' title='bbox 3259 2715 3432 2768; x_wconf 91' lang='lat' dir='ltr'>miser</span> <span class='ocrx_word' id='word_1_532' title='bbox 3462 2731 3583 2770; x_wconf 89' lang='lat' dir='ltr'>esse</span> 
     </span>
    </p>
   </div>
   <div class='ocr_carea' id='block_1_74' title="bbox 1881 2799 3580 2870">
    <p class='ocr_par' dir='ltr' id='par_1_74' title="bbox 1881 2799 3580 2870">
     <span class='ocr_line' id='line_1_74' title="bbox 1881 2799 3580 2870; baseline 0.002 -19"><span class='ocrx_word' id='word_1_533' title='bbox 1881 2799 2207 2870; x_wconf 87' lang='lat' dir='ltr'>quisquam,</span> <span class='ocrx_word' id='word_1_534' title='bbox 2241 2799 2350 2852; x_wconf 89' lang='lat' dir='ltr'>nisi</span> <span class='ocrx_word' id='word_1_535' title='bbox 2383 2807 2693 2866; x_wconf 88' lang='lat' dir='ltr'>mereatur,</span> <span class='ocrx_word' id='word_1_536' title='bbox 2725 2805 2933 2870; x_wconf 89' lang='lat' dir='ltr'>potest.</span> <span class='ocrx_word' id='word_1_537' title='bbox 2969 2820 2997 2851; x_wconf 85' lang='lat'><strong>»</strong></span> <span class='ocrx_word' id='word_1_538' title='bbox 3041 2802 3338 2865; x_wconf 85' lang='lat' dir='ltr'>Quomodo</span> <span class='ocrx_word' id='word_1_539' title='bbox 3391 2806 3580 2856; x_wconf 91' lang='lat' dir='ltr'>autem</span> 
     </span>
    </p>
   </div>
   <div class='ocr_carea' id='block_1_75' title="bbox 1877 2888 3581 2960">
    <p class='ocr_par' dir='ltr' id='par_1_75' title="bbox 1877 2888 3581 2960">
     <span class='ocr_line' id='line_1_75' title="bbox 1877 2888 3581 2960; baseline 0 -16"><span class='ocrx_word' id='word_1_540' title='bbox 1877 2889 2071 2953; x_wconf 89' lang='lat' dir='ltr'>Adam,</span> <span class='ocrx_word' id='word_1_541' title='bbox 2106 2888 2239 2940; x_wconf 92' lang='lat' dir='ltr'>licet</span> <span class='ocrx_word' id='word_1_542' title='bbox 2267 2904 2332 2941; x_wconf 90' lang='lat' dir='ltr'>ex</span> <span class='ocrx_word' id='word_1_543' title='bbox 2364 2888 2659 2941; x_wconf 90' lang='lat' dir='ltr'>elementis</span> <span class='ocrx_word' id='word_1_544' title='bbox 2685 2893 2740 2942; x_wconf 90' lang='lat' dir='ltr'>et</span> <span class='ocrx_word' id='word_1_545' title='bbox 2771 2905 3011 2958; x_wconf 91' lang='lat' dir='ltr'>corpore</span> <span class='ocrx_word' id='word_1_546' title='bbox 3051 2888 3285 2943; x_wconf 91' lang='lat' dir='ltr'>animali</span> <span class='ocrx_word' id='word_1_547' title='bbox 3341 2906 3581 2960; x_wconf 92' lang='lat' dir='ltr'>compo-</span> 
     </span>
    </p>
   </div>
   <div class='ocr_carea' id='block_1_76' title="bbox 1880 2975 3581 3049">
    <p class='ocr_par' dir='ltr' id='par_1_76' title="bbox 1880 2975 3581 3049">
     <span class='ocr_line' id='line_1_76' title="bbox 1880 2975 3581 3049; baseline 0.001 -20"><span class='ocrx_word' id='word_1_548' title='bbox 1880 2975 2042 3041; x_wconf 89' lang='lat' dir='ltr'>situs,</span> <span class='ocrx_word' id='word_1_549' title='bbox 2075 2977 2389 3030; x_wconf 88' lang='lat' dir='ltr'>moriturus</span> <span class='ocrx_word' id='word_1_550' title='bbox 2419 2993 2535 3030; x_wconf 88' lang='lat' dir='ltr'>non</span> <span class='ocrx_word' id='word_1_551' title='bbox 2566 2977 2786 3045; x_wconf 85' lang='lat' dir='ltr'>fuisset,</span> <span class='ocrx_word' id='word_1_552' title='bbox 2819 2978 3046 3048; x_wconf 87' lang='lat' dir='ltr'>egregie</span> <span class='ocrx_word' id='word_1_553' title='bbox 3086 2978 3327 3049; x_wconf 84' lang='lat' dir='ltr'>explicat</span> <span class='ocrx_word' id='word_1_554' title='bbox 3354 2983 3581 3033; x_wconf 89' lang='lat' dir='ltr'>sanctus</span> 
     </span>
    </p>
   </div>
   <div class='ocr_carea' id='block_1_77' title="bbox 1880 3064 3579 3135">
    <p class='ocr_par' dir='ltr' id='par_1_77' title="bbox 1880 3064 3579 3135">
     <span class='ocr_line' id='line_1_77' title="bbox 1880 3064 3579 3135; baseline 0.001 -16"><span class='ocrx_word' id='word_1_555' title='bbox 1880 3065 2079 3119; x_wconf 89' lang='lat' dir='ltr'>doctor</span> <span class='ocrx_word' id='word_1_556' title='bbox 2125 3064 2361 3126; x_wconf 85' lang='lat' dir='ltr'>ibidem,</span> <span class='ocrx_word' id='word_1_557' title='bbox 2411 3081 2511 3135; x_wconf 90' lang='lat' dir='ltr'>cap</span> <span class='ocrx_word' id='word_1_558' title='bbox 2597 3068 2685 3121; x_wconf 88' lang='lat'>39.</span> <span class='ocrx_word' id='word_1_559' title='bbox 2728 3066 2855 3134; x_wconf 87' lang='lat' dir='ltr'>Sed,</span> <span class='ocrx_word' id='word_1_560' title='bbox 2898 3066 2986 3119; x_wconf 89' lang='lat' dir='ltr'>his</span> <span class='ocrx_word' id='word_1_561' title='bbox 3042 3066 3285 3135; x_wconf 90' lang='lat' dir='ltr'>omissis,</span> <span class='ocrx_word' id='word_1_562' title='bbox 3319 3067 3579 3121; x_wconf 88' lang='lat' dir='ltr'>cominus</span> 
     </span>
    </p>
   </div>
   <div class='ocr_carea' id='block_1_78' title="bbox 1880 3155 3581 3225">
    <p class='ocr_par' dir='ltr' id='par_1_78' title="bbox 1880 3155 3581 3225">
     <span class='ocr_line' id='line_1_78' title="bbox 1880 3155 3581 3225; baseline 0 -16"><span class='ocrx_word' id='word_1_563' title='bbox 1880 3156 2069 3210; x_wconf 87' lang='lat' dir='ltr'>datam</span> <span class='ocrx_word' id='word_1_564' title='bbox 2100 3155 2530 3225; x_wconf 87' lang='lat' dir='ltr'>responsionem</span> <span class='ocrx_word' id='word_1_565' title='bbox 2561 3170 2854 3225; x_wconf 90' lang='lat' dir='ltr'>oppugno.</span> <span class='ocrx_word' id='word_1_566' title='bbox 2896 3155 3128 3208; x_wconf 86' lang='lat' dir='ltr'>Etiamsi</span> <span class='ocrx_word' id='word_1_567' title='bbox 3156 3155 3330 3209; x_wconf 90' lang='lat' dir='ltr'>homo</span> <span class='ocrx_word' id='word_1_568' title='bbox 3380 3156 3439 3209; x_wconf 93' lang='lat' dir='ltr'>in</span> <span class='ocrx_word' id='word_1_569' title='bbox 3486 3173 3581 3209; x_wconf 83' lang='lat' dir='ltr'>na~</span> 
     </span>
    </p>
   </div>
   <div class='ocr_carea' id='block_1_79' title="bbox 1878 3243 3580 3315">
    <p class='ocr_par' dir='ltr' id='par_1_79' title="bbox 1878 3243 3580 3315">
     <span class='ocr_line' id='line_1_79' title="bbox 1878 3243 3580 3315; baseline 0.001 -18"><span class='ocrx_word' id='word_1_570' title='bbox 1878 3249 2005 3298; x_wconf 88' lang='lat' dir='ltr'>tura</span> <span class='ocrx_word' id='word_1_571' title='bbox 2055 3261 2198 3313; x_wconf 89' lang='lat' dir='ltr'>pura</span> <span class='ocrx_word' id='word_1_572' title='bbox 2227 3244 2453 3298; x_wconf 88' lang='lat' dir='ltr'>futurus</span> <span class='ocrx_word' id='word_1_573' title='bbox 2502 3245 2702 3297; x_wconf 82' lang='lat' dir='ltr'>fuisset</span> <span class='ocrx_word' id='word_1_574' title='bbox 2732 3243 2800 3296; x_wconf 92' lang='lat' dir='ltr'>iis</span> <span class='ocrx_word' id='word_1_575' title='bbox 2828 3243 3075 3298; x_wconf 86' lang='lat' dir='ltr'>miseriis</span> <span class='ocrx_word' id='word_1_576' title='bbox 3131 3244 3418 3314; x_wconf 86' lang='lat' dir='ltr'>subjectus</span> <span class='ocrx_word' id='word_1_577' title='bbox 3451 3260 3580 3315; x_wconf 87' lang='lat' dir='ltr'>quae</span> 
     </span>
    </p>
   </div>
   <div class='ocr_carea' id='block_1_80' title="bbox 1880 3332 3577 3403">
    <p class='ocr_par' dir='ltr' id='par_1_80' title="bbox 1880 3332 3577 3403">
     <span class='ocr_line' id='line_1_80' title="bbox 1880 3332 3577 3403; baseline 0 -16"><span class='ocrx_word' id='word_1_578' title='bbox 1880 3350 1947 3387; x_wconf 89' lang='lat' dir='ltr'>ex</span> <span class='ocrx_word' id='word_1_579' title='bbox 1978 3335 2370 3403; x_wconf 77' lang='lat' dir='ltr'>complexione</span> <span class='ocrx_word' id='word_1_580' title='bbox 2424 3334 2864 3398; x_wconf 85' lang='lat' dir='ltr'>elementorum,</span> <span class='ocrx_word' id='word_1_581' title='bbox 2899 3332 3107 3403; x_wconf 90' lang='lat' dir='ltr'>quibus</span> <span class='ocrx_word' id='word_1_582' title='bbox 3166 3337 3387 3387; x_wconf 88' lang='lat' dir='ltr'>constat</span> <span class='ocrx_word' id='word_1_583' title='bbox 3433 3333 3577 3388; x_wconf 90' lang='lat' dir='ltr'>etin</span> 
     </span>
    </p>
   </div>
   <div class='ocr_carea' id='block_1_81' title="bbox 1879 3422 3577 3493">
    <p class='ocr_par' dir='ltr' id='par_1_81' title="bbox 1879 3422 3577 3493">
     <span class='ocr_line' id='line_1_81' title="bbox 1879 3422 3577 3493; baseline 0.002 -19"><span class='ocrx_word' id='word_1_584' title='bbox 1879 3422 2087 3493; x_wconf 90' lang='lat' dir='ltr'>quibus</span> <span class='ocrx_word' id='word_1_585' title='bbox 2114 3422 2272 3486; x_wconf 85' lang='lat' dir='ltr'>vivit,</span> <span class='ocrx_word' id='word_1_586' title='bbox 2306 3427 2496 3476; x_wconf 91' lang='lat' dir='ltr'>ortum</span> <span class='ocrx_word' id='word_1_587' title='bbox 2526 3423 2763 3483; x_wconf 85' lang='lat' dir='ltr'>ducunt.</span> <span class='ocrx_word' id='word_1_588' title='bbox 2796 3422 2992 3475; x_wconf 85' lang='lat' dir='ltr'>multm</span> <span class='ocrx_word' id='word_1_589' title='bbox 3023 3426 3157 3476; x_wconf 91' lang='lat' dir='ltr'>sunt</span> <span class='ocrx_word' id='word_1_590' title='bbox 3187 3422 3316 3476; x_wconf 88' lang='lat' dir='ltr'>alim</span> <span class='ocrx_word' id='word_1_591' title='bbox 3364 3423 3577 3492; x_wconf 89' lang='lat' dir='ltr'>gravis-</span> 
     </span>
    </p>
   </div>
   <div class='ocr_carea' id='block_1_82' title="bbox 1879 3510 3573 3582">
    <p class='ocr_par' dir='ltr' id='par_1_82' title="bbox 1879 3510 3573 3582">
     <span class='ocr_line' id='line_1_82' title="bbox 1879 3510 3573 3582; baseline -0.001 -18"><span class='ocrx_word' id='word_1_592' title='bbox 1879 3510 2038 3565; x_wconf 86' lang='lat' dir='ltr'>simm</span> <span class='ocrx_word' id='word_1_593' title='bbox 2073 3511 2319 3565; x_wconf 85' lang='lat' dir='ltr'>miserim</span> <span class='ocrx_word' id='word_1_594' title='bbox 2350 3528 2491 3581; x_wconf 89' lang='lat' dir='ltr'>quas</span> <span class='ocrx_word' id='word_1_595' title='bbox 2522 3511 2697 3564; x_wconf 90' lang='lat' dir='ltr'>homo</span> <span class='ocrx_word' id='word_1_596' title='bbox 2730 3527 2797 3564; x_wconf 90' lang='lat' dir='ltr'>ex</span> <span class='ocrx_word' id='word_1_597' title='bbox 2828 3528 2930 3565; x_wconf 90' lang='lat' dir='ltr'>sua</span> <span class='ocrx_word' id='word_1_598' title='bbox 2960 3516 3162 3565; x_wconf 90' lang='lat' dir='ltr'>natura</span> <span class='ocrx_word' id='word_1_599' title='bbox 3196 3528 3313 3565; x_wconf 91' lang='lat' dir='ltr'>non</span> <span class='ocrx_word' id='word_1_600' title='bbox 3344 3511 3573 3582; x_wconf 91' lang='lat' dir='ltr'>patitur.</span> 
     </span>
    </p>
   </div>
   <div class='ocr_carea' id='block_1_83' title="bbox 1878 3600 3579 3671">
    <p class='ocr_par' dir='ltr' id='par_1_83' title="bbox 1878 3600 3579 3671">
     <span class='ocr_line' id='line_1_83' title="bbox 1878 3600 3579 3671; baseline 0.001 -16"><span class='ocrx_word' id='word_1_601' title='bbox 1878 3600 2100 3655; x_wconf 85' lang='lat' dir='ltr'>Etenim</span> <span class='ocrx_word' id='word_1_602' title='bbox 2132 3601 2476 3670; x_wconf 88' lang='lat' dir='ltr'>plerumque</span> <span class='ocrx_word' id='word_1_603' title='bbox 2516 3600 2682 3670; x_wconf 88' lang='lat' dir='ltr'>pueri</span> <span class='ocrx_word' id='word_1_604' title='bbox 2714 3617 2745 3653; x_wconf 91' lang='lat' dir='ltr'>a</span> <span class='ocrx_word' id='word_1_605' title='bbox 2777 3602 3045 3655; x_wconf 75' lang='lat' dir='ltr'>daemone</span> <span class='ocrx_word' id='word_1_606' title='bbox 3100 3600 3471 3671; x_wconf 89' lang='lat' dir='ltr'>invaduntur,</span> <span class='ocrx_word' id='word_1_607' title='bbox 3526 3608 3579 3657; x_wconf 86' lang='lat' dir='ltr'>et</span> 
     </span>
    </p>
   </div>
   <div class='ocr_carea' id='block_1_84' title="bbox 1878 3688 3581 3759">
    <p class='ocr_par' dir='ltr' id='par_1_84' title="bbox 1878 3688 3581 3759">
     <span class='ocr_line' id='line_1_84' title="bbox 1878 3688 3581 3759; baseline 0.001 -17"><span class='ocrx_word' id='word_1_608' title='bbox 1878 3689 1948 3743; x_wconf 92' lang='lat' dir='ltr'>ad</span> <span class='ocrx_word' id='word_1_609' title='bbox 1983 3694 2224 3743; x_wconf 91' lang='lat' dir='ltr'>mortem</span> <span class='ocrx_word' id='word_1_610' title='bbox 2264 3704 2445 3758; x_wconf 91' lang='lat' dir='ltr'>usque</span> <span class='ocrx_word' id='word_1_611' title='bbox 2498 3688 2844 3752; x_wconf 89' lang='lat' dir='ltr'>cruciantur,</span> <span class='ocrx_word' id='word_1_612' title='bbox 2876 3688 2975 3741; x_wconf 89' lang='lat' dir='ltr'>illa</span> <span class='ocrx_word' id='word_1_613' title='bbox 3022 3694 3217 3742; x_wconf 90' lang='lat' dir='ltr'>autem</span> <span class='ocrx_word' id='word_1_614' title='bbox 3264 3706 3432 3759; x_wconf 78' lang='lat' dir='ltr'>pmna</span> <span class='ocrx_word' id='word_1_615' title='bbox 3464 3705 3581 3744; x_wconf 89' lang='lat' dir='ltr'>non</span> 
     </span>
    </p>
   </div>
   <div class='ocr_carea' id='block_1_85' title="bbox 1878 3776 3581 3847">
    <p class='ocr_par' dir='ltr' id='par_1_85' title="bbox 1878 3776 3581 3847">
     <span class='ocr_line' id='line_1_85' title="bbox 1878 3776 3581 3847; baseline 0.001 -16"><span class='ocrx_word' id='word_1_616' title='bbox 1878 3778 2059 3832; x_wconf 92' lang='lat' dir='ltr'>oritur</span> <span class='ocrx_word' id='word_1_617' title='bbox 2101 3794 2169 3831; x_wconf 82' lang='lat' dir='ltr'>ex</span> <span class='ocrx_word' id='word_1_618' title='bbox 2217 3777 2545 3831; x_wconf 89' lang='lat' dir='ltr'>conditione</span> <span class='ocrx_word' id='word_1_619' title='bbox 2607 3776 2879 3830; x_wconf 76' lang='lat' dir='ltr'>materias.</span> <span class='ocrx_word' id='word_1_620' title='bbox 2936 3776 3108 3845; x_wconf 87' lang='lat' dir='ltr'>Urget</span> <span class='ocrx_word' id='word_1_621' title='bbox 3144 3776 3250 3829; x_wconf 89' lang='lat' dir='ltr'>hoc</span> <span class='ocrx_word' id='word_1_622' title='bbox 3277 3794 3581 3847; x_wconf 89' lang='lat' dir='ltr'>argumen-</span> 
     </span>
    </p>
   </div>
   <div class='ocr_carea' id='block_1_86' title="bbox 1878 3864 3578 3935">
    <p class='ocr_par' dir='ltr' id='par_1_86' title="bbox 1878 3864 3578 3935">
     <span class='ocr_line' id='line_1_86' title="bbox 1878 3864 3578 3935; baseline -0.001 -14"><span class='ocrx_word' id='word_1_623' title='bbox 1878 3870 1999 3921; x_wconf 89' lang='lat' dir='ltr'>tum</span> <span class='ocrx_word' id='word_1_624' title='bbox 2026 3866 2384 3935; x_wconf 89' lang='lat' dir='ltr'>Augustinus</span> <span class='ocrx_word' id='word_1_625' title='bbox 2415 3865 2513 3919; x_wconf 88' lang='lat' dir='ltr'>lib.</span> <span class='ocrx_word' id='word_1_626' title='bbox 2546 3881 2600 3918; x_wconf 78' lang='lat' dir='ltr'>vx</span> <span class='ocrx_word' id='word_1_627' title='bbox 2631 3869 2827 3918; x_wconf 88' lang='lat' dir='ltr'>contra</span> <span class='ocrx_word' id='word_1_628' title='bbox 2856 3864 3168 3929; x_wconf 69' lang='lat' dir='ltr'>Iulianum,</span> <span class='ocrx_word' id='word_1_629' title='bbox 3194 3882 3317 3935; x_wconf 86' lang='lat' dir='ltr'>cap.</span> <span class='ocrx_word' id='word_1_630' title='bbox 3343 3870 3393 3919; x_wconf 88' lang='lat'>6.</span> <span class='ocrx_word' id='word_1_631' title='bbox 3425 3886 3453 3916; x_wconf 83' lang='grc' dir='ltr'><strong>ιι</strong></span> <span class='ocrx_word' id='word_1_632' title='bbox 3475 3867 3578 3931; x_wconf 89' lang='lat' dir='ltr'>Tu,</span> 
     </span>
    </p>
   </div>
   <div class='ocr_carea' id='block_1_87' title="bbox 1878 3952 3579 4025">
    <p class='ocr_par' dir='ltr' id='par_1_87' title="bbox 1878 3952 3579 4025">
     <span class='ocr_line' id='line_1_87' title="bbox 1878 3952 3579 4025; baseline -0.001 -16"><span class='ocrx_word' id='word_1_633' title='bbox 1878 3956 2085 4025; x_wconf 85' lang='lat' dir='ltr'>inquit,</span> <span class='ocrx_word' id='word_1_634' title='bbox 2120 3972 2329 4023; x_wconf 88' lang='lat' dir='ltr'>assere,</span> <span class='ocrx_word' id='word_1_635' title='bbox 2363 3954 2409 4007; x_wconf 92' lang='lat' dir='ltr'>si</span> <span class='ocrx_word' id='word_1_636' title='bbox 2440 3959 2622 4023; x_wconf 90' lang='lat' dir='ltr'>potes,</span> <span class='ocrx_word' id='word_1_637' title='bbox 2665 3952 2954 4024; x_wconf 89' lang='lat' dir='ltr'>quomodo</span> <span class='ocrx_word' id='word_1_638' title='bbox 3008 3953 3117 4005; x_wconf 88' lang='lat' dir='ltr'>sibi</span> <span class='ocrx_word' id='word_1_639' title='bbox 3150 3970 3267 4007; x_wconf 93' lang='lat' dir='ltr'>non</span> <span class='ocrx_word' id='word_1_640' title='bbox 3319 3954 3579 4019; x_wconf 89' lang='lat' dir='ltr'>obscure,</span> 
     </span>
    </p>
   </div>
   <div class='ocr_carea' id='block_1_88' title="bbox 1879 4041 3582 4113">
    <p class='ocr_par' dir='ltr' id='par_1_88' title="bbox 1879 4041 3582 4113">
     <span class='ocr_line' id='line_1_88' title="bbox 1879 4041 3582 4113; baseline -0.002 -16"><span class='ocrx_word' id='word_1_641' title='bbox 1879 4045 1976 4097; x_wconf 91' lang='lat' dir='ltr'>sed</span> <span class='ocrx_word' id='word_1_642' title='bbox 2008 4048 2200 4113; x_wconf 92' lang='lat' dir='ltr'>aperte</span> <span class='ocrx_word' id='word_1_643' title='bbox 2228 4043 2473 4097; x_wconf 89' lang='lat' dir='ltr'>vindicet</span> <span class='ocrx_word' id='word_1_644' title='bbox 2502 4043 2791 4112; x_wconf 84' lang='lat' dir='ltr'>parvulos,</span> <span class='ocrx_word' id='word_1_645' title='bbox 2825 4058 2966 4112; x_wconf 90' lang='lat' dir='ltr'>quos</span> <span class='ocrx_word' id='word_1_646' title='bbox 3015 4041 3302 4095; x_wconf 91' lang='lat' dir='ltr'>immundi</span> <span class='ocrx_word' id='word_1_647' title='bbox 3350 4041 3582 4111; x_wconf 87' lang='lat' dir='ltr'>spiritus</span> 
     </span>
    </p>
   </div>
   <div class='ocr_carea' id='block_1_89' title="bbox 1878 4129 3582 4200">
    <p class='ocr_par' dir='ltr' id='par_1_89' title="bbox 1878 4129 3582 4200">
     <span class='ocr_line' id='line_1_89' title="bbox 1878 4129 3582 4200; baseline -0.001 -15"><span class='ocrx_word' id='word_1_648' title='bbox 1878 4136 2099 4185; x_wconf 86' lang='lat' dir='ltr'>vexant.</span> <span class='ocrx_word' id='word_1_649' title='bbox 2133 4131 2190 4185; x_wconf 91' lang='lat' dir='ltr'>Si</span> <span class='ocrx_word' id='word_1_650' title='bbox 2221 4131 2273 4183; x_wconf 92' lang='lat' dir='ltr'>ei</span> <span class='ocrx_word' id='word_1_651' title='bbox 2313 4130 2551 4183; x_wconf 89' lang='lat' dir='ltr'>traditos</span> <span class='ocrx_word' id='word_1_652' title='bbox 2602 4129 2764 4195; x_wconf 92' lang='lat' dir='ltr'>dicis,</span> <span class='ocrx_word' id='word_1_653' title='bbox 2823 4129 3083 4182; x_wconf 87' lang='lat' dir='ltr'>videmus</span> <span class='ocrx_word' id='word_1_654' title='bbox 3138 4129 3308 4183; x_wconf 92' lang='lat' dir='ltr'>ambo</span> <span class='ocrx_word' id='word_1_655' title='bbox 3358 4130 3582 4200; x_wconf 87' lang='lat' dir='ltr'>suppli-</span> 
     </span>
    </p>
   </div>
   <div class='ocr_carea' id='block_1_90' title="bbox 1880 4216 3583 4288">
    <p class='ocr_par' dir='ltr' id='par_1_90' title="bbox 1880 4216 3583 4288">
     <span class='ocr_line' id='line_1_90' title="bbox 1880 4216 3583 4288; baseline -0.001 -15"><span class='ocrx_word' id='word_1_656' title='bbox 1880 4219 2053 4284; x_wconf 91' lang='lat' dir='ltr'>cium,</span> <span class='ocrx_word' id='word_1_657' title='bbox 2095 4224 2159 4271; x_wconf 89' lang='lat' dir='ltr'>tu</span> <span class='ocrx_word' id='word_1_658' title='bbox 2210 4219 2299 4272; x_wconf 92' lang='lat' dir='ltr'>dic</span> <span class='ocrx_word' id='word_1_659' title='bbox 2349 4218 2660 4282; x_wconf 88' lang='lat' dir='ltr'>meritum;</span> <span class='ocrx_word' id='word_1_660' title='bbox 2698 4217 2866 4271; x_wconf 91' lang='lat' dir='ltr'>ambo</span> <span class='ocrx_word' id='word_1_661' title='bbox 2918 4216 3207 4270; x_wconf 89' lang='lat' dir='ltr'>cernimus</span> <span class='ocrx_word' id='word_1_662' title='bbox 3241 4233 3491 4288; x_wconf 81' lang='lat' dir='ltr'>pmnam,</span> <span class='ocrx_word' id='word_1_663' title='bbox 3522 4223 3583 4271; x_wconf 92' lang='lat' dir='ltr'>tu</span> 
     </span>
    </p>
   </div>
   <div class='ocr_carea' id='block_1_91' title="bbox 62 4304 3585 4382">
    <p class='ocr_par' dir='ltr' id='par_1_91' title="bbox 62 4304 3585 4382">
     <span class='ocr_line' id='line_1_91' title="bbox 62 4304 3585 4382; baseline -0.001 -17"><span class='ocrx_word' id='word_1_664' title='bbox 62 4311 381 4382; x_wconf 83' lang='lat' dir='ltr'>Augustini</span> <span class='ocrx_word' id='word_1_665' title='bbox 429 4309 767 4364; x_wconf 90' lang='lat' dir='ltr'>sententiam</span> <span class='ocrx_word' id='word_1_666' title='bbox 823 4325 935 4362; x_wconf 92' lang='lat' dir='ltr'>non</span> <span class='ocrx_word' id='word_1_667' title='bbox 966 4307 1133 4361; x_wconf 91' lang='lat' dir='ltr'>modo</span> <span class='ocrx_word' id='word_1_668' title='bbox 1162 4306 1539 4377; x_wconf 90' lang='lat' dir='ltr'>probabilem,</span> <span class='ocrx_word' id='word_1_669' title='bbox 1573 4321 1769 4359; x_wconf 88' lang='lat' dir='ltr'>verum</span> <span class='ocrx_word' id='word_1_670' title='bbox 1805 4310 1846 4363; x_wconf 91' lang='lat' dir='ltr'>D</span> <span class='ocrx_word' id='word_1_671' title='bbox 1888 4307 1985 4379; x_wconf 88' lang='lat' dir='ltr'>qui</span> <span class='ocrx_word' id='word_1_672' title='bbox 2013 4306 2171 4360; x_wconf 84' lang='lat' dir='ltr'>nulla</span> <span class='ocrx_word' id='word_1_673' title='bbox 2202 4307 2353 4360; x_wconf 79' lang='lat' dir='ltr'>mala</span> <span class='ocrx_word' id='word_1_674' title='bbox 2384 4305 2587 4359; x_wconf 78' lang='lat' dir='ltr'>merita</span> <span class='ocrx_word' id='word_1_675' title='bbox 2622 4304 2763 4359; x_wconf 90' lang='lat' dir='ltr'>dicis</span> <span class='ocrx_word' id='word_1_676' title='bbox 2791 4321 2857 4360; x_wconf 86' lang='lat' dir='ltr'>ex</span> <span class='ocrx_word' id='word_1_677' title='bbox 2887 4304 3219 4376; x_wconf 87' lang='lat' dir='ltr'>parentibus</span> <span class='ocrx_word' id='word_1_678' title='bbox 3253 4306 3420 4368; x_wconf 85' lang='lat' dir='ltr'>trahi,</span> <span class='ocrx_word' id='word_1_679' title='bbox 3453 4322 3585 4360; x_wconf 89' lang='lat' dir='ltr'>cum</span> 
     </span>
    </p>
   </div>
   <div class='ocr_carea' id='block_1_92' title="bbox 66 4394 1774 4470">
    <p class='ocr_par' dir='ltr' id='par_1_92' title="bbox 66 4394 1774 4470">
     <span class='ocr_line' id='line_1_92' title="bbox 66 4394 1774 4470; baseline -0.005 -15"><span class='ocrx_word' id='word_1_680' title='bbox 66 4402 251 4456; x_wconf 89' lang='lat' dir='ltr'>etiam</span> <span class='ocrx_word' id='word_1_681' title='bbox 304 4401 474 4469; x_wconf 89' lang='lat' dir='ltr'>longe</span> <span class='ocrx_word' id='word_1_682' title='bbox 532 4397 975 4470; x_wconf 85' lang='lat' dir='ltr'>probabiliorem</span> <span class='ocrx_word' id='word_1_683' title='bbox 1022 4396 1369 4462; x_wconf 87' lang='lat' dir='ltr'>ostendunt;</span> <span class='ocrx_word' id='word_1_684' title='bbox 1438 4411 1571 4448; x_wconf 90' lang='lat' dir='ltr'>nam</span> <span class='ocrx_word' id='word_1_685' title='bbox 1620 4394 1774 4464; x_wconf 90' lang='lat' dir='ltr'>quod</span> 
     </span>
    </p>
   </div>
   <div class='ocr_carea' id='block_1_93' title="bbox 62 4484 1772 4561">
    <p class='ocr_par' dir='ltr' id='par_1_93' title="bbox 62 4484 1772 4561">
     <span class='ocr_line' id='line_1_93' title="bbox 62 4484 1772 4561; baseline -0.006 -16"><span class='ocrx_word' id='word_1_686' title='bbox 62 4489 322 4561; x_wconf 68' lang='lat' dir='ltr'>synodos</span> <span class='ocrx_word' id='word_1_687' title='bbox 352 4494 408 4541; x_wconf 91' lang='lat' dir='ltr'>et</span> <span class='ocrx_word' id='word_1_688' title='bbox 440 4489 630 4540; x_wconf 82' lang='lat' dir='ltr'>Patres</span> <span class='ocrx_word' id='word_1_689' title='bbox 669 4485 893 4553; x_wconf 74' lang='lat' dir='ltr'>attinet,</span> <span class='ocrx_word' id='word_1_690' title='bbox 942 4501 1073 4537; x_wconf 88' lang='lat' dir='ltr'>vera</span> <span class='ocrx_word' id='word_1_691' title='bbox 1104 4489 1188 4537; x_wconf 93' lang='lat' dir='ltr'>est</span> <span class='ocrx_word' id='word_1_692' title='bbox 1234 4484 1489 4553; x_wconf 88' lang='lat' dir='ltr'>ejusdem</span> <span class='ocrx_word' id='word_1_693' title='bbox 1544 4488 1772 4535; x_wconf 89' lang='lat' dir='ltr'>senten-</span> 
     </span>
    </p>
   </div>
   <div class='ocr_carea' id='block_1_94' title="bbox 58 4570 1773 4645">
    <p class='ocr_par' dir='ltr' id='par_1_94' title="bbox 58 4570 1773 4645">
     <span class='ocr_line' id='line_1_94' title="bbox 58 4570 1773 4645; baseline -0.006 -13"><span class='ocrx_word' id='word_1_694' title='bbox 58 4580 171 4633; x_wconf 85' lang='lat' dir='ltr'>tia.</span> <span class='ocrx_word' id='word_1_695' title='bbox 228 4577 485 4632; x_wconf 86' lang='lat' dir='ltr'>Primum</span> <span class='ocrx_word' id='word_1_696' title='bbox 542 4578 943 4645; x_wconf 89' lang='lat' dir='ltr'>argumentum</span> <span class='ocrx_word' id='word_1_697' title='bbox 989 4576 1117 4626; x_wconf 87' lang='lat' dir='ltr'>est:</span> <span class='ocrx_word' id='word_1_698' title='bbox 1150 4573 1447 4626; x_wconf 87' lang='lat' dir='ltr'>Peccatum</span> <span class='ocrx_word' id='word_1_699' title='bbox 1497 4570 1773 4638; x_wconf 88' lang='lat' dir='ltr'>originale</span> 
     </span>
    </p>
   </div>
   <div class='ocr_carea' id='block_1_95' title="bbox 62 4656 1774 4730">
    <p class='ocr_par' dir='ltr' id='par_1_95' title="bbox 62 4656 1774 4730">
     <span class='ocr_line' id='line_1_95' title="bbox 62 4656 1774 4730; baseline -0.006 -10"><span class='ocrx_word' id='word_1_700' title='bbox 62 4664 303 4720; x_wconf 80' lang='lat' dir='ltr'>induxit</span> <span class='ocrx_word' id='word_1_701' title='bbox 331 4662 628 4717; x_wconf 89' lang='lat' dir='ltr'>sensibiles</span> <span class='ocrx_word' id='word_1_702' title='bbox 668 4660 924 4714; x_wconf 89' lang='lat' dir='ltr'>miserias</span> <span class='ocrx_word' id='word_1_703' title='bbox 953 4676 1263 4730; x_wconf 90' lang='lat' dir='ltr'>puerorum</span> <span class='ocrx_word' id='word_1_704' title='bbox 1296 4657 1591 4728; x_wconf 82' lang='lat' dir='ltr'>prmsentis</span> <span class='ocrx_word' id='word_1_705' title='bbox 1623 4656 1774 4726; x_wconf 88' lang='lat' dir='ltr'>vitm,</span> 
     </span>
    </p>
   </div>
   <div class='ocr_carea' id='block_1_96' title="bbox 64 4745 1770 4823">
    <p class='ocr_par' dir='ltr' id='par_1_96' title="bbox 64 4745 1770 4823">
     <span class='ocr_line' id='line_1_96' title="bbox 64 4745 1770 4823; baseline -0.005 -15"><span class='ocrx_word' id='word_1_706' title='bbox 64 4771 213 4823; x_wconf 87' lang='lat' dir='ltr'>ergo</span> <span class='ocrx_word' id='word_1_707' title='bbox 270 4760 328 4807; x_wconf 90' lang='lat' dir='ltr'>et</span> <span class='ocrx_word' id='word_1_708' title='bbox 376 4752 599 4806; x_wconf 87' lang='lat' dir='ltr'>easdem</span> <span class='ocrx_word' id='word_1_709' title='bbox 656 4767 756 4821; x_wconf 90' lang='lat' dir='ltr'>per</span> <span class='ocrx_word' id='word_1_710' title='bbox 810 4754 989 4802; x_wconf 90' lang='lat' dir='ltr'>totam</span> <span class='ocrx_word' id='word_1_711' title='bbox 1047 4748 1427 4801; x_wconf 88' lang='lat' dir='ltr'>mternitatem</span> <span class='ocrx_word' id='word_1_712' title='bbox 1468 4745 1770 4799; x_wconf 86' lang='lat' dir='ltr'>distendet.</span> 
     </span>
    </p>
   </div>
   <div class='ocr_carea' id='block_1_97' title="bbox 68 4834 1775 4910">
    <p class='ocr_par' dir='ltr' id='par_1_97' title="bbox 68 4834 1775 4910">
     <span class='ocr_line' id='line_1_97' title="bbox 68 4834 1775 4910; baseline -0.008 -12"><span class='ocrx_word' id='word_1_713' title='bbox 68 4844 359 4899; x_wconf 86' lang='lat' dir='ltr'>Probatur</span> <span class='ocrx_word' id='word_1_714' title='bbox 406 4856 783 4910; x_wconf 88' lang='lat' dir='ltr'>consequens,</span> <span class='ocrx_word' id='word_1_715' title='bbox 824 4839 960 4909; x_wconf 89' lang='lat' dir='ltr'>quia</span> <span class='ocrx_word' id='word_1_716' title='bbox 1018 4853 1202 4906; x_wconf 79' lang='lat' dir='ltr'>pmum</span> <span class='ocrx_word' id='word_1_717' title='bbox 1259 4835 1557 4888; x_wconf 88' lang='lat' dir='ltr'>sensibiles</span> <span class='ocrx_word' id='word_1_718' title='bbox 1606 4834 1775 4904; x_wconf 91' lang='lat' dir='ltr'>hujus</span> 
     </span>
    </p>
   </div>
   <div class='ocr_carea' id='block_1_98' title="bbox 64 4922 1779 4994">
    <p class='ocr_par' dir='ltr' id='par_1_98' title="bbox 64 4922 1779 4994">
     <span class='ocr_line' id='line_1_98' title="bbox 64 4922 1779 4994; baseline -0.007 -8"><span class='ocrx_word' id='word_1_719' title='bbox 64 4933 208 4986; x_wconf 77' lang='lat' dir='ltr'>vitm</span> <span class='ocrx_word' id='word_1_720' title='bbox 242 4947 359 4984; x_wconf 91' lang='lat' dir='ltr'>non</span> <span class='ocrx_word' id='word_1_721' title='bbox 387 4936 519 4983; x_wconf 90' lang='lat' dir='ltr'>sunt</span> <span class='ocrx_word' id='word_1_722' title='bbox 542 4928 888 4981; x_wconf 76' lang='lat' dir='ltr'>sufficientes</span> <span class='ocrx_word' id='word_1_723' title='bbox 910 4927 979 4980; x_wconf 92' lang='lat' dir='ltr'>ad</span> <span class='ocrx_word' id='word_1_724' title='bbox 1009 4924 1469 4979; x_wconf 82' lang='lat' dir='ltr'>satisfaciendum</span> <span class='ocrx_word' id='word_1_725' title='bbox 1500 4940 1602 4994; x_wconf 90' lang='lat' dir='ltr'>per</span> <span class='ocrx_word' id='word_1_726' title='bbox 1622 4922 1779 4977; x_wconf 87' lang='lat' dir='ltr'>satis-</span> 
     </span>
    </p>
   </div>
   <div class='ocr_carea' id='block_1_99' title="bbox 68 5014 1781 5093">
    <p class='ocr_par' dir='ltr' id='par_1_99' title="bbox 68 5014 1781 5093">
     <span class='ocr_line' id='line_1_99' title="bbox 68 5014 1781 5093; baseline -0.006 -18"><span class='ocrx_word' id='word_1_727' title='bbox 68 5021 406 5093; x_wconf 86' lang='lat' dir='ltr'>passionem</span> <span class='ocrx_word' id='word_1_728' title='bbox 439 5035 543 5089; x_wconf 87' lang='lat' dir='ltr'>pro</span> <span class='ocrx_word' id='word_1_729' title='bbox 578 5016 801 5071; x_wconf 85' lang='lat' dir='ltr'>macula</span> <span class='ocrx_word' id='word_1_730' title='bbox 844 5015 1061 5086; x_wconf 89' lang='lat' dir='ltr'>peccati</span> <span class='ocrx_word' id='word_1_731' title='bbox 1092 5014 1410 5084; x_wconf 86' lang='lat' dir='ltr'>originalis,</span> <span class='ocrx_word' id='word_1_732' title='bbox 1464 5018 1519 5067; x_wconf 85' lang='lat' dir='ltr'>et.</span> <span class='ocrx_word' id='word_1_733' title='bbox 1550 5018 1781 5083; x_wconf 85' lang='lat' dir='ltr'>quantm</span> 
     </span>
    </p>
   </div>
   <div class='ocr_carea' id='block_1_100' title="bbox 69 5101 1775 5182">
    <p class='ocr_par' dir='ltr' id='par_1_100' title="bbox 69 5101 1775 5182">
     <span class='ocr_line' id='line_1_100' title="bbox 69 5101 1775 5182; baseline -0.005 -19"><span class='ocrx_word' id='word_1_734' title='bbox 69 5117 314 5182; x_wconf 82' lang='lat' dir='ltr'>quantm</span> <span class='ocrx_word' id='word_1_735' title='bbox 348 5113 499 5170; x_wconf 89' lang='lat' dir='ltr'>sunt,</span> <span class='ocrx_word' id='word_1_736' title='bbox 526 5108 679 5178; x_wconf 88' lang='lat' dir='ltr'>juste</span> <span class='ocrx_word' id='word_1_737' title='bbox 707 5108 1025 5159; x_wconf 86' lang='lat' dir='ltr'>humanum</span> <span class='ocrx_word' id='word_1_738' title='bbox 1058 5120 1238 5174; x_wconf 90' lang='lat' dir='ltr'>genus</span> <span class='ocrx_word' id='word_1_739' title='bbox 1267 5104 1494 5157; x_wconf 88' lang='lat' dir='ltr'>easdem</span> <span class='ocrx_word' id='word_1_740' title='bbox 1524 5101 1775 5171; x_wconf 87' lang='lat' dir='ltr'>patitur;</span> 
     </span>
    </p>
   </div>
   <div class='ocr_carea' id='block_1_101' title="bbox 67 5192 1778 5271">
    <p class='ocr_par' dir='ltr' id='par_1_101' title="bbox 67 5192 1778 5271">
     <span class='ocr_line' id='line_1_101' title="bbox 67 5192 1778 5271; baseline -0.006 -20"><span class='ocrx_word' id='word_1_741' title='bbox 67 5216 214 5271; x_wconf 68' lang='lat' dir='ltr'>ergo</span> <span class='ocrx_word' id='word_1_742' title='bbox 237 5199 483 5252; x_wconf 88' lang='lat' dir='ltr'>durante</span> <span class='ocrx_word' id='word_1_743' title='bbox 513 5196 709 5250; x_wconf 89' lang='lat' dir='ltr'>eadem</span> <span class='ocrx_word' id='word_1_744' title='bbox 742 5194 965 5248; x_wconf 90' lang='lat' dir='ltr'>macula</span> <span class='ocrx_word' id='word_1_745' title='bbox 1012 5192 1226 5263; x_wconf 88' lang='lat' dir='ltr'>peccati</span> <span class='ocrx_word' id='word_1_746' title='bbox 1273 5208 1375 5262; x_wconf 91' lang='lat' dir='ltr'>per</span> <span class='ocrx_word' id='word_1_747' title='bbox 1400 5196 1579 5243; x_wconf 88' lang='lat' dir='ltr'>totam</span> <span class='ocrx_word' id='word_1_748' title='bbox 1609 5196 1778 5243; x_wconf 89' lang='lat' dir='ltr'>mter-</span> 
     </span>
    </p>
   </div>
   <div class='ocr_carea' id='block_1_102' title="bbox 68 5277 1782 5355">
    <p class='ocr_par' dir='ltr' id='par_1_102' title="bbox 68 5277 1782 5355">
     <span class='ocr_line' id='line_1_102' title="bbox 68 5277 1782 5355; baseline -0.007 -13"><span class='ocrx_word' id='word_1_749' title='bbox 68 5288 507 5355; x_wconf 85' lang='lat' dir='ltr'>nitatem,juste</span> <span class='ocrx_word' id='word_1_750' title='bbox 536 5285 595 5337; x_wconf 91' lang='lat' dir='ltr'>in</span> <span class='ocrx_word' id='word_1_751' title='bbox 631 5291 908 5337; x_wconf 89' lang='lat' dir='ltr'>mternum</span> <span class='ocrx_word' id='word_1_752' title='bbox 940 5282 1104 5351; x_wconf 90' lang='lat' dir='ltr'>pueri</span> <span class='ocrx_word' id='word_1_753' title='bbox 1137 5279 1405 5350; x_wconf 90' lang='lat' dir='ltr'>originali</span> <span class='ocrx_word' id='word_1_754' title='bbox 1433 5279 1558 5332; x_wconf 88' lang='lat' dir='ltr'>labe</span> <span class='ocrx_word' id='word_1_755' title='bbox 1588 5277 1782 5331; x_wconf 83' lang='lat' dir='ltr'>infecti</span> 
     </span>
    </p>
   </div>
   <div class='ocr_carea' id='block_1_103' title="bbox 68 5369 1783 5445">
    <p class='ocr_par' dir='ltr' id='par_1_103' title="bbox 68 5369 1783 5445">
     <span class='ocr_line' id='line_1_103' title="bbox 68 5369 1783 5445; baseline -0.007 -13"><span class='ocrx_word' id='word_1_756' title='bbox 68 5379 304 5432; x_wconf 66' lang='lat' dir='ltr'>easdem</span> <span class='ocrx_word' id='word_1_757' title='bbox 355 5374 666 5445; x_wconf 81' lang='lat' dir='ltr'>patientur.</span> <span class='ocrx_word' id='word_1_758' title='bbox 739 5372 1108 5441; x_wconf 81' lang='lat' dir='ltr'>Respondent</span> <span class='ocrx_word' id='word_1_759' title='bbox 1171 5369 1553 5423; x_wconf 90' lang='lat' dir='ltr'>communiter</span> <span class='ocrx_word' id='word_1_760' title='bbox 1625 5369 1783 5421; x_wconf 88' lang='lat' dir='ltr'>scho-</span> 
     </span>
    </p>
   </div>
   <div class='ocr_carea' id='block_1_104' title="bbox 76 5455 1786 5530">
    <p class='ocr_par' dir='ltr' id='par_1_104' title="bbox 76 5455 1786 5530">
     <span class='ocr_line' id='line_1_104' title="bbox 76 5455 1786 5530; baseline -0.004 -15"><span class='ocrx_word' id='word_1_761' title='bbox 76 5465 263 5519; x_wconf 81' lang='lat' dir='ltr'>lastici</span> <span class='ocrx_word' id='word_1_762' title='bbox 333 5463 589 5516; x_wconf 86' lang='lat' dir='ltr'>miserias</span> <span class='ocrx_word' id='word_1_763' title='bbox 645 5476 767 5515; x_wconf 86' lang='lat' dir='ltr'>esse</span> <span class='ocrx_word' id='word_1_764' title='bbox 820 5476 1018 5530; x_wconf 81' lang='lat' dir='ltr'>pmnas</span> <span class='ocrx_word' id='word_1_765' title='bbox 1065 5459 1282 5530; x_wconf 89' lang='lat' dir='ltr'>peccati</span> <span class='ocrx_word' id='word_1_766' title='bbox 1333 5455 1626 5527; x_wconf 88' lang='lat' dir='ltr'>originalis</span> <span class='ocrx_word' id='word_1_767' title='bbox 1682 5472 1786 5525; x_wconf 91' lang='lat' dir='ltr'>per</span> 
     </span>
    </p>
   </div>
   <div class='ocr_carea' id='block_1_105' title="bbox 81 5540 1782 5617">
    <p class='ocr_par' dir='ltr' id='par_1_105' title="bbox 81 5540 1782 5617">
     <span class='ocr_line' id='line_1_105' title="bbox 81 5540 1782 5617; baseline -0.004 -15"><span class='ocrx_word' id='word_1_768' title='bbox 81 5550 353 5604; x_wconf 84' lang='lat' dir='ltr'>accidens</span> <span class='ocrx_word' id='word_1_769' title='bbox 372 5564 385 5614; x_wconf 85' lang='lat'><strong>;</strong></span> <span class='ocrx_word' id='word_1_770' title='bbox 409 5562 542 5601; x_wconf 88' lang='lat' dir='ltr'>nam</span> <span class='ocrx_word' id='word_1_771' title='bbox 561 5544 847 5617; x_wconf 85' lang='lat' dir='ltr'>justitiam</span> <span class='ocrx_word' id='word_1_772' title='bbox 872 5542 1167 5615; x_wconf 87' lang='lat' dir='ltr'>originalis</span> <span class='ocrx_word' id='word_1_773' title='bbox 1186 5542 1474 5598; x_wconf 80' lang='lat' dir='ltr'>eximebat</span> <span class='ocrx_word' id='word_1_774' title='bbox 1493 5540 1782 5596; x_wconf 87' lang='lat' dir='ltr'>hominem</span> 
     </span>
    </p>
   </div>
   <div class='ocr_carea' id='block_1_106' title="bbox 1884 4394 3585 4466">
    <p class='ocr_par' dir='ltr' id='par_1_106' title="bbox 1884 4394 3585 4466">
     <span class='ocr_line' id='line_1_106' title="bbox 1884 4394 3585 4466; baseline -0.002 -16"><span class='ocrx_word' id='word_1_775' title='bbox 1884 4397 2062 4451; x_wconf 90' lang='lat' dir='ltr'>Deum</span> <span class='ocrx_word' id='word_1_776' title='bbox 2093 4395 2311 4466; x_wconf 89' lang='lat' dir='ltr'>justum</span> <span class='ocrx_word' id='word_1_777' title='bbox 2335 4394 2504 4448; x_wconf 91' lang='lat' dir='ltr'>ambo</span> <span class='ocrx_word' id='word_1_778' title='bbox 2537 4394 2842 4459; x_wconf 88' lang='lat' dir='ltr'>fateamur,</span> <span class='ocrx_word' id='word_1_779' title='bbox 2892 4394 3221 4448; x_wconf 88' lang='lat' dir='ltr'>demonstra</span> <span class='ocrx_word' id='word_1_780' title='bbox 3279 4394 3387 4449; x_wconf 89' lang='lat' dir='ltr'>ista</span> <span class='ocrx_word' id='word_1_781' title='bbox 3416 4410 3585 4465; x_wconf 81' lang='lat' dir='ltr'>pmna</span> 
     </span>
    </p>
   </div>
   <div class='ocr_carea' id='block_1_107' title="bbox 1885 4481 3587 4555">
    <p class='ocr_par' dir='ltr' id='par_1_107' title="bbox 1885 4481 3587 4555">
     <span class='ocr_line' id='line_1_107' title="bbox 1885 4481 3587 4555; baseline -0.001 -17"><span class='ocrx_word' id='word_1_782' title='bbox 1885 4484 2141 4555; x_wconf 86' lang='lat' dir='ltr'>dignam,</span> <span class='ocrx_word' id='word_1_783' title='bbox 2173 4483 2219 4536; x_wconf 90' lang='lat' dir='ltr'>si</span> <span class='ocrx_word' id='word_1_784' title='bbox 2245 4486 2425 4554; x_wconf 91' lang='lat' dir='ltr'>potes,</span> <span class='ocrx_word' id='word_1_785' title='bbox 2458 4482 2517 4535; x_wconf 90' lang='lat' dir='ltr'>in</span> <span class='ocrx_word' id='word_1_786' title='bbox 2552 4481 2866 4535; x_wconf 85' lang='lat' dir='ltr'>infantibus</span> <span class='ocrx_word' id='word_1_787' title='bbox 2895 4482 3143 4551; x_wconf 88' lang='lat' dir='ltr'>culpam.</span> <span class='ocrx_word' id='word_1_788' title='bbox 3176 4483 3263 4535; x_wconf 91' lang='lat' dir='ltr'>An</span> <span class='ocrx_word' id='word_1_789' title='bbox 3289 4499 3422 4536; x_wconf 88' lang='lat' dir='ltr'>vero</span> <span class='ocrx_word' id='word_1_790' title='bbox 3469 4498 3587 4536; x_wconf 90' lang='lat' dir='ltr'>non</span> 
     </span>
    </p>
   </div>
   <div class='ocr_carea' id='block_1_108' title="bbox 1885 4569 3588 4643">
    <p class='ocr_par' dir='ltr' id='par_1_108' title="bbox 1885 4569 3588 4643">
     <span class='ocr_line' id='line_1_108' title="bbox 1885 4569 3588 4643; baseline -0.001 -17"><span class='ocrx_word' id='word_1_791' title='bbox 1885 4572 2145 4643; x_wconf 89' lang='lat' dir='ltr'>agnoscis</span> <span class='ocrx_word' id='word_1_792' title='bbox 2192 4571 2365 4625; x_wconf 88' lang='lat' dir='ltr'>etiam</span> <span class='ocrx_word' id='word_1_793' title='bbox 2425 4571 2529 4623; x_wconf 90' lang='lat' dir='ltr'>hoc</span> <span class='ocrx_word' id='word_1_794' title='bbox 2574 4570 2645 4623; x_wconf 91' lang='lat' dir='ltr'>ad</span> <span class='ocrx_word' id='word_1_795' title='bbox 2676 4569 2817 4623; x_wconf 91' lang='lat' dir='ltr'>illud</span> <span class='ocrx_word' id='word_1_796' title='bbox 2848 4586 3014 4638; x_wconf 72' lang='lat' dir='ltr'>grave</span> <span class='ocrx_word' id='word_1_797' title='bbox 3035 4571 3233 4638; x_wconf 87' lang='lat' dir='ltr'>jugum</span> <span class='ocrx_word' id='word_1_798' title='bbox 3280 4572 3588 4642; x_wconf 87' lang='lat' dir='ltr'>pertinere,</span> 
     </span>
    </p>
   </div>
   <div class='ocr_carea' id='block_1_109' title="bbox 1886 4658 3590 4729">
    <p class='ocr_par' dir='ltr' id='par_1_109' title="bbox 1886 4658 3590 4729">
     <span class='ocr_line' id='line_1_109' title="bbox 1886 4658 3590 4729; baseline 0 -17"><span class='ocrx_word' id='word_1_799' title='bbox 1886 4660 2038 4729; x_wconf 89' lang='lat' dir='ltr'>quod</span> <span class='ocrx_word' id='word_1_800' title='bbox 2072 4665 2156 4713; x_wconf 91' lang='lat' dir='ltr'>est</span> <span class='ocrx_word' id='word_1_801' title='bbox 2180 4674 2342 4729; x_wconf 86' lang='lat' dir='ltr'>super</span> <span class='ocrx_word' id='word_1_802' title='bbox 2360 4661 2419 4728; x_wconf 78' lang='lat' dir='ltr'>ﬁt</span> <span class='ocrx_word' id='word_1_803' title='bbox 2438 4666 2499 4712; x_wconf 85' lang='lat' dir='ltr'>&#39;os</span> <span class='ocrx_word' id='word_1_804' title='bbox 2526 4658 2707 4712; x_wconf 82' lang='lat' dir='ltr'>Adam</span> <span class='ocrx_word' id='word_1_805' title='bbox 2729 4674 2762 4712; x_wconf 92' lang='lat' dir='ltr'>a</span> <span class='ocrx_word' id='word_1_806' title='bbox 2791 4659 2879 4712; x_wconf 85' lang='lat' dir='ltr'>die</span> <span class='ocrx_word' id='word_1_807' title='bbox 2908 4660 3086 4711; x_wconf 70' lang='lat' dir='ltr'>exitus</span> <span class='ocrx_word' id='word_1_808' title='bbox 3104 4661 3169 4711; x_wconf 90' lang='lat' dir='ltr'>de</span> <span class='ocrx_word' id='word_1_809' title='bbox 3195 4665 3378 4713; x_wconf 72' lang='lat' dir='ltr'>uentre</span> <span class='ocrx_word' id='word_1_810' title='bbox 3398 4661 3590 4713; x_wconf 83' lang='lat' dir='ltr'>matris</span> 
     </span>
    </p>
   </div>
   <div class='ocr_carea' id='block_1_110' title="bbox 1885 4746 3590 4816">
    <p class='ocr_par' dir='ltr' id='par_1_110' title="bbox 1885 4746 3590 4816">
     <span class='ocr_line' id='line_1_110' title="bbox 1885 4746 3590 4816; baseline 0 -16"><span class='ocrx_word' id='word_1_811' title='bbox 1885 4761 2066 4800; x_wconf 86' lang='lat' dir='ltr'>eorum</span> <span class='ocrx_word' id='word_1_812' title='bbox 2095 4748 2310 4813; x_wconf 85' lang='lat' dir='ltr'>(Ecclcs.</span> <span class='ocrx_word' id='word_1_813' title='bbox 2340 4747 2425 4815; x_wconf 78' lang='lat' dir='ltr'>xx.)</span> <span class='ocrx_word' id='word_1_814' title='bbox 2450 4750 2477 4800; x_wconf 75' lang='grc'><strong><em>7</em></strong></span> <span class='ocrx_word' id='word_1_815' title='bbox 2530 4749 2634 4799; x_wconf 89' lang='lat' dir='ltr'>etc.</span> <span class='ocrx_word' id='word_1_816' title='bbox 2672 4764 2700 4797; x_wconf 65' lang='grc' dir='ltr'><strong>η</strong></span> <span class='ocrx_word' id='word_1_817' title='bbox 2738 4746 2871 4799; x_wconf 90' lang='lat' dir='ltr'>Ideo</span> <span class='ocrx_word' id='word_1_818' title='bbox 2902 4746 3057 4800; x_wconf 90' lang='lat' dir='ltr'>enim</span> <span class='ocrx_word' id='word_1_819' title='bbox 3115 4746 3402 4800; x_wconf 84' lang='lat' dir='ltr'>dmmones</span> <span class='ocrx_word' id='word_1_820' title='bbox 3462 4762 3590 4816; x_wconf 90' lang='lat' dir='ltr'>per-</span> 
     </span>
    </p>
   </div>
   <div class='ocr_carea' id='block_1_111' title="bbox 1886 4832 3594 4905">
    <p class='ocr_par' dir='ltr' id='par_1_111' title="bbox 1886 4832 3594 4905">
     <span class='ocr_line' id='line_1_111' title="bbox 1886 4832 3594 4905; baseline 0 -18"><span class='ocrx_word' id='word_1_821' title='bbox 1886 4833 2196 4887; x_wconf 90' lang='lat' dir='ltr'>mittuntur</span> <span class='ocrx_word' id='word_1_822' title='bbox 2240 4834 2413 4887; x_wconf 90' lang='lat' dir='ltr'>tantis</span> <span class='ocrx_word' id='word_1_823' title='bbox 2452 4832 2799 4887; x_wconf 89' lang='lat' dir='ltr'>cruciatibus</span> <span class='ocrx_word' id='word_1_824' title='bbox 2848 4851 3058 4905; x_wconf 87' lang='lat' dir='ltr'>pueros</span> <span class='ocrx_word' id='word_1_825' title='bbox 3110 4840 3401 4905; x_wconf 89' lang='lat' dir='ltr'>torquere,</span> <span class='ocrx_word' id='word_1_826' title='bbox 3458 4835 3594 4904; x_wconf 88' lang='lat' dir='ltr'>quia</span> 
     </span>
    </p>
   </div>
   <div class='ocr_carea' id='block_1_112' title="bbox 1888 4921 3593 4993">
    <p class='ocr_par' dir='ltr' id='par_1_112' title="bbox 1888 4921 3593 4993">
     <span class='ocr_line' id='line_1_112' title="bbox 1888 4921 3593 4993; baseline -0.001 -18"><span class='ocrx_word' id='word_1_827' title='bbox 1888 4921 1986 4975; x_wconf 90' lang='lat' dir='ltr'>isti</span> <span class='ocrx_word' id='word_1_828' title='bbox 2013 4926 2146 4974; x_wconf 91' lang='lat' dir='ltr'>sunt</span> <span class='ocrx_word' id='word_1_829' title='bbox 2184 4927 2416 4990; x_wconf 89' lang='lat' dir='ltr'>peccato</span> <span class='ocrx_word' id='word_1_830' title='bbox 2477 4922 2782 4992; x_wconf 89' lang='lat' dir='ltr'>deturpati.</span> <span class='ocrx_word' id='word_1_831' title='bbox 2840 4924 3037 4993; x_wconf 85' lang='lat' dir='ltr'>Itaque</span> <span class='ocrx_word' id='word_1_832' title='bbox 3092 4923 3334 4977; x_wconf 87' lang='lat' dir='ltr'>durante</span> <span class='ocrx_word' id='word_1_833' title='bbox 3390 4922 3593 4975; x_wconf 89' lang='lat' dir='ltr'>eodem</span> 
     </span>
    </p>
   </div>
   <div class='ocr_carea' id='block_1_113' title="bbox 1890 5009 3592 5080">
    <p class='ocr_par' dir='ltr' id='par_1_113' title="bbox 1890 5009 3592 5080">
     <span class='ocr_line' id='line_1_113' title="bbox 1890 5009 3592 5080; baseline -0.001 -16"><span class='ocrx_word' id='word_1_834' title='bbox 1890 5014 2051 5064; x_wconf 90' lang='lat' dir='ltr'>reatu</span> <span class='ocrx_word' id='word_1_835' title='bbox 2074 5010 2226 5079; x_wconf 87' lang='lat' dir='ltr'>juste</span> <span class='ocrx_word' id='word_1_836' title='bbox 2255 5009 2479 5063; x_wconf 81' lang='lat' dir='ltr'>dmmon</span> <span class='ocrx_word' id='word_1_837' title='bbox 2513 5010 2726 5080; x_wconf 89' lang='lat' dir='ltr'>poterit</span> <span class='ocrx_word' id='word_1_838' title='bbox 2774 5010 2900 5065; x_wconf 91' lang='lat' dir='ltr'>illos</span> <span class='ocrx_word' id='word_1_839' title='bbox 2948 5011 3222 5075; x_wconf 76' lang='lat' dir='ltr'>atﬂigere.</span> <span class='ocrx_word' id='word_1_840' title='bbox 3259 5012 3474 5064; x_wconf 85' lang='lat' dir='ltr'>Rursus</span> <span class='ocrx_word' id='word_1_841' title='bbox 3504 5025 3592 5063; x_wconf 86' lang='lat' dir='ltr'>re-</span> 
     </span>
    </p>
   </div>
   <div class='ocr_carea' id='block_1_114' title="bbox 1885 5096 3593 5169">
    <p class='ocr_par' dir='ltr' id='par_1_114' title="bbox 1885 5096 3593 5169">
     <span class='ocr_line' id='line_1_114' title="bbox 1885 5096 3593 5169; baseline 0.001 -19"><span class='ocrx_word' id='word_1_842' title='bbox 1885 5098 2083 5169; x_wconf 91' lang='lat' dir='ltr'>jicitur</span> <span class='ocrx_word' id='word_1_843' title='bbox 2142 5098 2339 5152; x_wconf 88' lang='lat' dir='ltr'>eadem</span> <span class='ocrx_word' id='word_1_844' title='bbox 2389 5098 2701 5169; x_wconf 90' lang='lat' dir='ltr'>responsio.</span> <span class='ocrx_word' id='word_1_845' title='bbox 2765 5098 2824 5152; x_wconf 88' lang='lat' dir='ltr'>Si</span> <span class='ocrx_word' id='word_1_846' title='bbox 2872 5099 3117 5152; x_wconf 88' lang='lat' dir='ltr'>miserim</span> <span class='ocrx_word' id='word_1_847' title='bbox 3174 5114 3277 5168; x_wconf 91' lang='lat' dir='ltr'>per</span> <span class='ocrx_word' id='word_1_848' title='bbox 3333 5096 3593 5151; x_wconf 88' lang='lat' dir='ltr'>accidens</span> 
     </span>
    </p>
   </div>
   <div class='ocr_carea' id='block_1_115' title="bbox 1893 5186 3593 5256">
    <p class='ocr_par' dir='ltr' id='par_1_115' title="bbox 1893 5186 3593 5256">
     <span class='ocr_line' id='line_1_115' title="bbox 1893 5186 3593 5256; baseline 0.001 -16"><span class='ocrx_word' id='word_1_849' title='bbox 1893 5192 2324 5256; x_wconf 89' lang='lat' dir='ltr'>consequuntur</span> <span class='ocrx_word' id='word_1_850' title='bbox 2352 5186 2732 5255; x_wconf 90' lang='lat' dir='ltr'>privationem</span> <span class='ocrx_word' id='word_1_851' title='bbox 2756 5187 2995 5256; x_wconf 86' lang='lat' dir='ltr'>justitim</span> <span class='ocrx_word' id='word_1_852' title='bbox 3018 5186 3311 5254; x_wconf 89' lang='lat' dir='ltr'>originalis</span> <span class='ocrx_word' id='word_1_853' title='bbox 3353 5186 3414 5239; x_wconf 89' lang='lat' dir='ltr'>in</span> <span class='ocrx_word' id='word_1_854' title='bbox 3443 5190 3593 5241; x_wconf 89' lang='lat' dir='ltr'>statu</span> 
     </span>
    </p>
   </div>
   <div class='ocr_carea' id='block_1_116' title="bbox 1894 5274 3596 5346">
    <p class='ocr_par' dir='ltr' id='par_1_116' title="bbox 1894 5274 3596 5346">
     <span class='ocr_line' id='line_1_116' title="bbox 1894 5274 3596 5346; baseline 0.001 -19"><span class='ocrx_word' id='word_1_855' title='bbox 1894 5274 2195 5346; x_wconf 70' lang='lat' dir='ltr'>praesentis</span> <span class='ocrx_word' id='word_1_856' title='bbox 2220 5274 2371 5340; x_wconf 86' lang='lat' dir='ltr'>vitm,</span> <span class='ocrx_word' id='word_1_857' title='bbox 2403 5291 2504 5328; x_wconf 89' lang='lat' dir='ltr'>cur</span> <span class='ocrx_word' id='word_1_858' title='bbox 2536 5275 2710 5329; x_wconf 88' lang='lat' dir='ltr'>etiam</span> <span class='ocrx_word' id='word_1_859' title='bbox 2743 5276 2801 5328; x_wconf 91' lang='lat' dir='ltr'>in</span> <span class='ocrx_word' id='word_1_860' title='bbox 2835 5274 3009 5327; x_wconf 90' lang='lat' dir='ltr'>altero</span> <span class='ocrx_word' id='word_1_861' title='bbox 3040 5278 3188 5326; x_wconf 89' lang='lat' dir='ltr'>statu</span> <span class='ocrx_word' id='word_1_862' title='bbox 3244 5275 3462 5329; x_wconf 85' lang='lat' dir='ltr'>emdem</span> <span class='ocrx_word' id='word_1_863' title='bbox 3491 5275 3596 5329; x_wconf 86' lang='lat' dir='ltr'>mi-</span> 
     </span>
    </p>
   </div>
   <div class='ocr_carea' id='block_1_117' title="bbox 1896 5362 3597 5434">
    <p class='ocr_par' dir='ltr' id='par_1_117' title="bbox 1896 5362 3597 5434">
     <span class='ocr_line' id='line_1_117' title="bbox 1896 5362 3597 5434; baseline 0.001 -17"><span class='ocrx_word' id='word_1_864' title='bbox 1896 5363 2057 5417; x_wconf 86' lang='lat' dir='ltr'>serim</span> <span class='ocrx_word' id='word_1_865' title='bbox 2084 5362 2279 5417; x_wconf 91' lang='lat' dir='ltr'>itidem</span> <span class='ocrx_word' id='word_1_866' title='bbox 2312 5364 2511 5417; x_wconf 89' lang='lat' dir='ltr'>saltem</span> <span class='ocrx_word' id='word_1_867' title='bbox 2563 5380 2667 5433; x_wconf 89' lang='lat' dir='ltr'>per</span> <span class='ocrx_word' id='word_1_868' title='bbox 2723 5362 2983 5417; x_wconf 82' lang='lat' dir='ltr'>accidens</span> <span class='ocrx_word' id='word_1_869' title='bbox 3011 5377 3128 5414; x_wconf 90' lang='lat' dir='ltr'>non</span> <span class='ocrx_word' id='word_1_870' title='bbox 3174 5370 3597 5434; x_wconf 87' lang='lat' dir='ltr'>consequentur</span> 
     </span>
    </p>
   </div>
   <div class='ocr_carea' id='block_1_118' title="bbox 1895 5450 3594 5524">
    <p class='ocr_par' dir='ltr' id='par_1_118' title="bbox 1895 5450 3594 5524">
     <span class='ocr_line' id='line_1_118' title="bbox 1895 5450 3594 5524; baseline 0.002 -20"><span class='ocrx_word' id='word_1_871' title='bbox 1895 5452 2275 5524; x_wconf 88' lang='lat' dir='ltr'>privationem</span> <span class='ocrx_word' id='word_1_872' title='bbox 2334 5452 2661 5522; x_wconf 81' lang='lat' dir='ltr'>originarim</span> <span class='ocrx_word' id='word_1_873' title='bbox 2710 5450 3096 5504; x_wconf 73' lang='lat' dir='ltr'>innocentiae?</span> <span class='ocrx_word' id='word_1_874' title='bbox 3151 5452 3409 5507; x_wconf 86' lang='lat' dir='ltr'>Profecto</span> <span class='ocrx_word' id='word_1_875' title='bbox 3463 5468 3594 5507; x_wconf 87' lang='lat' dir='ltr'>cum</span> 
     </span>
    </p>
   </div>
   <div class='ocr_carea' id='block_1_119' title="bbox 1898 5538 3599 5613">
    <p class='ocr_par' dir='ltr' id='par_1_119' title="bbox 1898 5538 3599 5613">
     <span class='ocr_line' id='line_1_119' title="bbox 1898 5538 3599 5613; baseline 0.001 -17"><span class='ocrx_word' id='word_1_876' title='bbox 1898 5545 2193 5613; x_wconf 88' lang='lat' dir='ltr'>peccatum</span> <span class='ocrx_word' id='word_1_877' title='bbox 2222 5540 2283 5595; x_wconf 92' lang='lat' dir='ltr'>in</span> <span class='ocrx_word' id='word_1_878' title='bbox 2312 5542 2508 5611; x_wconf 89' lang='lat' dir='ltr'>pueris</span> <span class='ocrx_word' id='word_1_879' title='bbox 2560 5540 2620 5594; x_wconf 90' lang='lat' dir='ltr'>in</span> <span class='ocrx_word' id='word_1_880' title='bbox 2666 5538 2934 5609; x_wconf 83' lang='lat' dir='ltr'>prmsenti</span> <span class='ocrx_word' id='word_1_881' title='bbox 2979 5555 3143 5611; x_wconf 78' lang='lat' dir='ltr'>mque</span> <span class='ocrx_word' id='word_1_882' title='bbox 3175 5556 3237 5595; x_wconf 89' lang='lat' dir='ltr'>ac</span> <span class='ocrx_word' id='word_1_883' title='bbox 3264 5541 3456 5598; x_wconf 87' lang='lat' dir='ltr'>futura</span> <span class='ocrx_word' id='word_1_884' title='bbox 3484 5541 3599 5597; x_wconf 84' lang='lat' dir='ltr'>vita</span> 
     </span>
    </p>
   </div>
  </div>
