3906 6182
305 220 308 222 ⁷
341 240 443 294 655

1364 234 1921 292 SUPPLEMENTUM
1962 234 2052 288 AD
2090 233 2323 289 OPERA
2362 234 2419 288 S.
2463 232 2856 289 AUGUSTINI.
3685 249 3764 301 556

333 359 652 424 remaneat,
674 357 866 413 nescio
887 356 1177 411 undenam
1197 353 1450 408 divinam
1467 352 1748 424 justitiam
1770 352 1830 405 in
1855 351 2036 406 altero
2066 354 2110 408 A
2146 350 2426 421 Apostoli,
2458 353 2661 416 fuimus
2718 353 2768 403 et
2815 363 2911 403 nos
2967 348 3264 416 aliquando
3313 357 3496 406 natura
3546 357 3636 423 ﬁlii
3678 362 3768 428 irae,

333 448 542 502 saeculo
597 448 848 502 futuram
903 462 1039 516 erga
1090 441 1681 497 infantes'mitiorem
1733 441 2035 507 deducant,

334 551 466 591 cum
496 537 555 590 in
594 536 784 591 aliena
836 534 954 588 vita
1009 532 1258 586 severius
1323 536 1650 602 peccatores
1699 529 1924 601 puniat.
1975 530 2040 584 Et

333 625 570 694 quidem
598 623 646 677 si
675 625 823 677 Deus
876 621 1161 676 Adamum
1190 625 1320 690 post
1358 624 1652 690 peccatum
1709 618 1886 672 morti
1915 635 2033 671 non

334 712 692 780 destinasset,
734 715 791 764 et
828 709 920 764 hic
954 713 1235 763 aeternum
1287 708 1438 761 inter
1468 707 1725 761 miserias
1756 723 1872 760 una
1901 723 2031 760 cum

333 800 576 871 posteris
605 797 856 866 vixisset,
889 799 1080 852 nullus
1115 797 1399 868 judicium
1433 796 1533 850 Dei
1563 798 1792 866 culpare
1826 799 2036 866 posset,

335 887 434 960 qui
460 886 759 941 inimicum
791 903 973 958 genus
1023 903 1086 940 ac
1141 887 1306 940 sorde
1367 886 1654 956 pollutum
1709 886 1892 955 poenis
1947 885 2039 938 ad-

332 978 579 1033 dixisset.
614 978 760 1049 Ergo
818 977 878 1030 in
908 976 1004 1031 illa
1061 975 1363 1048 hypothesi
1406 977 1477 1030 ob
1511 977 1696 1030 solum
1757 975 2036 1047 originale

331 1066 606 1121 delictum
636 1066 801 1136 pueri
829 1070 1106 1120 aeternum
1133 1067 1289 1136 juste
1316 1082 1513 1136 pcenas
1546 1065 1825 1118 subirent.

403 1155 685 1209 Probatur
716 1155 982 1208 secundo.
1020 1155 1168 1208 Deus
1196 1154 1326 1207 odio
1358 1154 1529 1207 habet
1552 1169 1760 1224 pueros
1791 1151 2036 1222 origina-

331 1245 416 1299 ria
444 1243 569 1298 labe
600 1243 881 1316 pollutos,
907 1242 1019 1296 illis
1046 1247 1132 1296 est
1164 1242 1342 1296 iratus
1373 1247 1543 1312 atque
1576 1241 1863 1307 inimicus,
1897 1257 2034 1311 ergo

327 1333 480 1404 juste
509 1336 701 1402 potest
752 1347 1012 1385 exercere
1064 1337 1264 1385 contra
1303 1331 1531 1384 eosdem
1591 1335 1748 1383 actus
1797 1329 2035 1399 justitiae

329 1420 710 1486 vindicativaa,
743 1425 918 1490 prout
947 1421 1069 1473 haec
1099 1425 1186 1474 est
1223 1419 1500 1473 inﬂictiva
1523 1435 1708 1489 poena:
1731 1418 2031 1474 sensibilis.

329 1509 685 1564 Antecedens
738 1509 1024 1579 colligitur
1072 1525 1138 1562 ex
1193 1510 1354 1563 Joan.
1410 1525 1490 1574 ιιι,
1553 1511 1665 1562 36:
1707 1509 1815 1573 Qui
1857 1513 2035 1561 autem

329 1598 639 1652 incredulus
671 1601 747 1651 est
775 1599 923 1664 Filio,
956 1613 1061 1651 non
1091 1597 1296 1651 videbit
1323 1600 1511 1664 vitam,
1542 1597 1635 1650 sed
1662 1599 1750 1650 ira
1787 1599 1882 1651 Dei
1908 1613 2032 1650 ma—

331 1689 423 1740 net
449 1701 611 1755 super
649 1701 786 1738 eum.
821 1685 1001 1748 Quam
1042 1684 1386 1738 sententiam
1442 1685 1700 1753 parvulis
1739 1701 1856 1738 non
1909 1701 2031 1738 cre-

330 1773 594 1828 dentibus
625 1773 870 1843 applicat
896 1777 1120 1826 sanctus
1158 1773 1353 1826 doctor
1385 1773 1480 1826 lib.
1515 1790 1532 1825 I
1572 1773 1639 1826 de
1671 1777 2036 1844 peccatorum

331 1860 544 1915 Meritis
566 1865 622 1915 et
644 1859 1004 1928 remissione,
1033 1877 1158 1931 cap.
1181 1863 1267 1916 20.
1294 1860 1500 1915 Scribit
1528 1860 1703 1914 etiam
1732 1862 2035 1931 Apostolus

332 1949 533 2019 Ephes.
568 1965 630 2018 II,
662 1952 691 2004 3
723 1966 736 2003 :
767 1953 999 2004 Eramus
1046 1955 1250 2004 natura
1278 1951 1383 2018 ﬁlii
1413 1952 1530 2017 irae,
1562 1966 1770 2020 nempe
1800 1949 1871 2002 ob
1904 1965 2034 2018 pec-

329 2041 519 2092 catum
541 2036 798 2107 originis,
832 2037 986 2108 quod
1015 2053 1146 2092 cum
1178 2043 1382 2091 natura
1409 2037 1469 2090 in
1502 2039 1721 2107 prolem
1752 2038 2037 2090 transfun-

331 2125 505 2192 ditur,
539 2141 653 2196 quo
703 2125 769 2180 ﬁt
797 2131 863 2180 ut
889 2143 1034 2197 puer
1072 2143 1267 2180 recens
1297 2132 1460 2179 natus
1488 2125 1558 2179 sit
1586 2142 1812 2179 aversus
1833 2142 1863 2178 a
1894 2126 2034 2194 Deo,

332 2218 388 2269 et
411 2231 476 2268 ex
506 2215 881 2288 consequenti
911 2216 1164 2286 ejusdem
1212 2214 1499 2268 inimicus.
1555 2215 2034 2285 Consequentiam

334 2319 463 2358 vero
495 2308 655 2358 acute
687 2304 917 2358 deducit
972 2304 1329 2375 Augustinus
1370 2307 1530 2358 tract.
1561 2307 1624 2356 44
1671 2304 1730 2357 in
1755 2306 2035 2358 Joannem

330 2393 970 2465 inquienszaApostolus
988 2398 1158 2448 natus
1175 2394 1236 2447 in
1253 2399 1422 2463 gente
1446 2393 1857 2463 prophetarum
1875 2394 2029 2448 dicit:

330 2484 549 2537 Fuimus
579 2486 629 2536 et
657 2497 752 2536 nos
782 2482 1080 2550 aliquando
1112 2487 1313 2535 natura
1341 2484 1447 2551 ﬁlii
1467 2486 1580 2549 irae,
1606 2485 1742 2537 sicut
1763 2489 1812 2538 et
1833 2485 2028 2537 caeteri.

336 2570 394 2626 Si
422 2570 527 2625 ﬁlii
549 2571 669 2640 irae,
685 2570 1086 2638 iiliivindictae,
1104 2571 1207 2625 lilii
1223 2587 1427 2641 paenae,
1443 2572 1544 2624 tilii
1561 2573 1861 2642 gehenum.
1885 2572 2031 2635 Quo-

329 2659 498 2714 modo
529 2664 753 2727 natura,
787 2660 896 2713 nisi
927 2660 1061 2730 quia
1083 2665 1349 2730 peccante
1381 2662 1569 2730 primo
1585 2661 1816 2714 homine
1833 2662 2029 2715 vitium

326 2765 432 2821 pro
462 2753 668 2803 natura
696 2749 977 2804 inolevit?
1010 2771 1036 2800 ι
1070 2749 1212 2804 Sunt
1242 2749 1475 2820 optim-ce
1505 2749 1811 2814 illationes,
1846 2767 2028 2820 quan-

328 2837 642 2909 doquidem
676 2837 724 2891 si
752 2839 899 2892 Deus
930 2842 1013 2892 est
1041 2837 1221 2892 iratus
1247 2839 1462 2910 pueris,
1499 2854 1636 2908 ergo
1675 2843 1862 2909 potest
1896 2855 2029 2893 con-

327 2931 415 2982 tra
445 2927 675 2981 eosdem
705 2942 964 2981 exercere
994 2928 1437 2997 actumjustitiaa
1469 2928 1821 2981 vindicativae
1848 2948 1862 2995 ;
1893 2944 2028 2998 ergo
2065 2956 2103 3012 ρ

329 3016 501 3073 etiam
533 3015 765 3070 eosdem
792 3032 963 3086 poena
993 3015 1240 3083 afﬁcere,
1272 3017 1556 3086 objectum
1589 3017 1741 3070 enim
1792 3017 2031 3086 justitias

328 3103 687 3157 vindicativze
719 3109 802 3157 est
818 3103 1042 3174 punitio
1072 3104 1188 3172 rei;
1216 3119 1352 3174 ergo
1382 3105 1705 3174 potestillos
1731 3106 2029 3173 gehennre,

245 3257 248 3260 ἢ
328 3191 434 3244 hoc
466 3195 550 3244 est
601 3190 812 3244 inferni
854 3193 1102 3246 ﬂammis
1161 3193 1467 3259 destinare,
1521 3193 1620 3247 ubi
1668 3196 1771 3247 erit
1797 3197 1950 3262 ﬂetus
1985 3199 2032 3247 et

327 3279 535 3334 stridor
560 3279 802 3334 dentium
829 3282 1047 3338 (Matth.
1108 3264 1240 3349 nixu,
1280 3281 1388 3350 l3).
1450 3283 1560 3335 Nec
1592 3283 1758 3348 valet,
1804 3283 1849 3334 si
1880 3283 2032 3336 dicas

328 3367 478 3421 iram
524 3367 625 3422 Dei
679 3369 917 3439 ejusque
965 3369 1203 3439 justitiae
1268 3368 1580 3422 vindictam
1644 3386 1916 3440 apparere
1970 3371 2030 3424 in

327 3472 498 3526 paana
527 3455 720 3509 damni
749 3473 864 3527 qua
891 3456 1214 3527 puniuntur
1233 3456 1417 3527 pueri,
1449 3473 1551 3510 nec
1573 3462 1835 3526 oportere
1868 3462 1930 3512 ut
1958 3459 2029 3512 ab

325 3543 525 3597 eadem
550 3544 774 3614 justitia
829 3562 1000 3615 poena
1052 3533 1308 3599 sensibili
1366 3545 1733 3616 castigentur.
1797 3547 2024 3620 Etenim

327 3631 493 3702 pueri
526 3637 659 3687 sunt
688 3632 772 3687 rei
803 3635 1058 3704 ejusdem
1091 3625 1327 3688 omnino
1357 3635 1572 3704 peccati
1605 3634 1756 3705 quod
1784 3622 2028 3689 commi-

327 3720 400 3774 sit
423 3720 625 3789 Adam,
658 3721 738 3776 ita
769 3727 829 3776 ut
861 3723 1078 3777 crimen
1105 3724 1258 3794 quod
1297 3723 1356 3776 in
1386 3723 1603 3777 Adamo
1649 3723 1756 3777 fuit
1786 3727 2024 3793 actuale,

326 3809 567 3864 evaserit
611 3811 673 3864 in
720 3812 961 3882 posteris
1009 3811 1326 3883 originale;
1357 3813 1508 3866 unde
1560 3813 1695 3866 dicit
1722 3815 2025 3883 Apostolus

327 3899 488 3952 Rom.
521 3915 554 3952 v
589 3901 693 3954 ειη
727 3916 830 3970 quo
890 3916 1069 3956 omnes
1124 3907 1516 3971 peccaverunt;
1569 3917 1706 3972 ergo
1757 3903 1920 3956 sicuti
1965 3903 2027 3958 in

321 3985 540 4041 Adamo
600 3995 896 4059 peccatum
951 3991 1168 4044 actuale
1225 3991 1493 4062 punitum
1549 3991 1656 4045 fuit
1705 3991 2024 4046 inflictione

320 4089 506 4145 paena:
537 4076 840 4144 sensibilis,
869 4077 927 4132 in
984 4079 1228 4148 posteris
1273 4079 1443 4132 etiam
1495 4079 1692 4133 eodem
1748 4080 2024 4151 supplicio

321 4164 586 4235 castigari
615 4166 823 4235 poterit
873 4186 886 4234 ;
921 4167 1002 4221 uti
1032 4167 1208 4237 pestis
1240 4183 1356 4222 non
1400 4172 1625 4222 tantum
1655 4174 1820 4221 nocet
1851 4167 1933 4220 illi
1962 4167 2023 4220 in

2149 443 2384 508 possent
2415 443 2703 507 utcunque
2723 437 2897 501 eludi,
2929 436 3092 489 nobis
3124 437 3348 491 interim
3378 445 3454 493 sat
3481 447 3556 495 est
3583 445 3764 500 easdem

2145 526 2371 580 recitari
2404 525 2472 579 ab
2503 525 2738 579 Ecclesia
2781 526 3039 579 Romana
3064 525 3215 578 inter
3254 528 3426 580 oflicia
3479 546 3687 600 precum
3708 535 3768 588 fe-

2147 615 2234 669 ria
2262 631 2314 668 Iv
2349 615 2650 669 Dominicae
2681 631 2731 668 1v
2767 613 3248 684 Quadragesimaa,
3283 613 3338 668 in
3383 617 3601 672 lectione
3631 622 3769 689 priori

2147 704 2513 774 expositionis
2546 703 2851 772 Evangelii.
2885 703 2973 756 Uti
3004 703 3160 756 enim
3191 707 3398 757 certum
3427 711 3502 759 est
3548 711 3772 778 Augusti-

2145 809 2286 847 num
2327 809 2394 846 eo
2426 793 2535 845 loci
2582 794 2748 862 juxta
2779 792 3069 862 propriam
3115 792 3444 846 sententiam
3473 795 3534 848 de
3563 799 3771 852 sensibili

2145 897 2455 951 puerorum
2491 897 2658 952 poena
2710 881 2767 934 in
2801 882 3064 950 gelienna
3095 881 3346 934 locutum
3395 898 3523 950 esse,
3552 885 3622 937 ita
3657 887 3770 954 ejus-

2145 969 2274 1023 dem
2307 970 2565 1024 doctrina
2615 969 2729 1022 suis
2768 970 3030 1040 precibus
3069 969 3139 1023 ab
3195 971 3430 1024 Ecclesia
3469 972 3674 1039 inserta,
3709 975 3773 1026 in-

2144 1059 2303 1128 genti
2361 1058 2714 1112 auctoritatis
2784 1059 3036 1129 pondere
3102 1059 3367 1126 fulcitur;
3422 1062 3603 1114 saltem
3651 1065 3774 1116 omni

2144 1163 2384 1201 censura
2416 1147 2710 1213 liberatur,
2744 1148 2894 1218 quod
2927 1164 3105 1200 unum
3135 1147 3228 1201 hic
3258 1148 3593 1203 intendimus
3619 1151 3774 1204 adver-

2146 1253 2240 1290 sus
2260 1237 2604 1292 recentiores
2634 1236 2873 1304 criticos,
2909 1252 3168 1290 excessus
3220 1238 3527 1307 Augustino
3554 1239 3773 1308 objicien-

2147 1330 2257 1382 tes.

2215 1415 2495 1469 Probatur
2547 1415 2736 1470 tertio.
2798 1415 2967 1469 Pueri
3021 1413 3409 1486 praedestinati
3480 1430 3541 1466 ex
3601 1415 3776 1468 meritis

2145 1505 2352 1561 Christi
2383 1506 2676 1560 habebunt
2706 1506 2763 1559 in
2795 1506 2908 1559 alia
2936 1506 3049 1559 vita
3091 1505 3240 1559 bona
3268 1503 3530 1575 corporis,
3576 1521 3684 1574 qua:
3713 1504 3781 1557 do-

2145 1599 2219 1648 tes
2249 1611 2280 1646 a
2311 1594 2593 1663 theologis
2621 1600 3064 1663 nuncupantur;
3095 1611 3230 1664 ergo
3267 1593 3424 1664 pueri
3475 1593 3678 1662 reprobi
3704 1609 3778 1661 pa-

2145 1684 2363 1737 tientur
2391 1684 2451 1736 in
2481 1684 2592 1737 alia
2621 1683 2734 1737 vita
2764 1683 2912 1737 mala
2943 1683 3196 1752 corporis
3247 1699 3317 1735 ex
3363 1680 3631 1735 demeritis
3657 1681 3779 1734 Adae.

2145 1772 2342 1827 Simile
2375 1775 2778 1843 argumentum
2813 1771 3048 1841 ponitur
3077 1771 3145 1824 ab
3160 1771 3478 1841 Augustino
3500 1770 3588 1822 lib.
3609 1785 3655 1821 v1
3679 1785 3779 1821 con-

2145 1865 2231 1916 tra
2257 1861 2390 1927 Jul.,
2423 1877 2545 1930 cap.
2609 1864 2693 1926 l0,
2744 1860 2844 1913 ubi
2890 1859 3192 1928 paritatem
3237 1865 3502 1928 negantes
3545 1863 3682 1910 vocat
3706 1859 3779 1908 im-

2139 1955 2420 2018 portunus.
2485 1951 2565 2002 Do
2609 1948 2861 2019 ejusdem
2926 1948 3097 2001 verba
3132 1962 3144 2002 :
3179 1969 3201 1996 ι
3251 1948 3387 2000 Vide
3437 1962 3587 2015 ergo,
3635 1945 3780 2014 inquit

2145 2053 2318 2105 quam
2349 2037 2677 2106 importune
2699 2035 2865 2105 nolis,
2887 2037 3190 2105 parvulum
3220 2035 3294 2088 de
3312 2035 3494 2087 alieno
3524 2037 3655 2086 recte
3671 2034 3779 2085 facto

2141 2132 2430 2197 reportare
2461 2128 2699 2192 malum,
2733 2130 2790 2178 et
2819 2125 2958 2178 velis
2981 2141 3115 2177 eum
3147 2125 3214 2178 de
3259 2123 3444 2177 alieno
3497 2127 3632 2175 recte
3674 2120 3782 2174 facto

2142 2222 2432 2285 reportare
2466 2215 2704 2282 bonum,
2736 2230 2855 2267 non
2885 2215 3310 2284 qualecunque,
3336 2213 3428 2266 sed
3461 2212 3783 2280 Deiregnum.

2141 2305 2406 2358 Alienum
2439 2305 2651 2375 quippe
2682 2320 2826 2371 opus
2858 2308 2962 2366 est,
2996 2319 3126 2356 cum
3153 2303 3343 2356 credit
3371 2298 3783 2371 peralterum,si-

2141 2399 2236 2446 cut
2263 2393 2514 2445 alienum
2545 2408 2690 2460 opus
2722 2391 2851 2458 fuit,
2885 2406 3014 2443 cum
3044 2391 3306 2460 peccavit
3334 2389 3392 2442 in
3423 2391 3611 2453 altero,
3641 2407 3663 2436 υ
3688 2386 3783 2439 Res-

2142 2481 2396 2551 pondent
2425 2480 2691 2551 negando
2723 2481 3024 2551 puritatem
3050 2497 3063 2546 ;
3098 2496 3238 2532 nam
3278 2479 3412 2533 licet
3457 2477 3631 2531 divina
3661 2473 3784 2528 boni-

2141 2575 2225 2623 tas
2255 2569 2434 2639 possit
2463 2571 2596 2623 dare
2627 2569 2779 2622 bona
2803 2568 3054 2638 corporis
3086 2568 3154 2620 iis
3207 2568 3317 2638 qui
3372 2567 3564 2620 eodem
3604 2578 3787 2632 corpore

2141 2663 2416 2729 tanquam
2453 2659 2832 2712 instrumento
2860 2674 2962 2726 pro
2989 2657 3336 2710 earumdem
3365 2652 3705 2725 acquisitione
3730 2649 3786 2702 ni-

2141 2747 2222 2800 hil
2253 2747 2387 2800 boni
2418 2751 2676 2816 egerunt,
2739 2751 2936 2798 contra
2987 2745 3331 2814 aequitatem
3389 2749 3570 2796 tamen
3607 2746 3676 2793 est
3700 2738 3784 2807 pati

2138 2851 2343 2906 corpus
2371 2835 2522 2888 illius
2553 2835 2652 2906 qui
2679 2834 2879 2888 eodem
2909 2850 3146 2905 corpore
3181 2851 3211 2886 n
3231 2847 3486 2903 unquam
3536 2831 3745 2900 peccavit
3771 2841 3780 2887 ἱ

2145 2924 2461 2995 praesertim
2492 2940 2622 2977 cum
2653 2940 2821 2993 poena
2841 2940 3040 2976 sensus
3071 2922 3144 2976 sit
3171 2921 3609 2993 proportionata
3632 2917 3690 2969 iis
3715 2915 3781 2968 de-

2142 3013 2542 3067 lectationibus
2557 3013 2966 3082 peccaminosis
2999 3029 3126 3083 qua:
3157 3029 3410 3082 corpore
3438 3007 3787 3080 percipiuntur.

2143 3102 2251 3156 Sed
2295 3109 2488 3156 contra
2520 3107 2623 3167 est,
2685 3103 2821 3173 quia
2868 3102 3032 3155 sicuti
3089 3101 3150 3154 in
3181 3103 3305 3156 alia
3337 3101 3582 3154 vitanon
3610 3094 3793 3167 ponitur

2142 3207 2354 3245 novum
2385 3191 2654 3244 meritum
2685 3196 2783 3244 aut
2814 3189 3180 3256 demeritum,
3206 3196 3347 3244 sunt
3375 3190 3522 3243 enim
3545 3187 3723 3240 anima
3746 3182 3786 3234 in

2140 3281 2407 3346 termino,
2441 3281 2533 3333 sed
2571 3281 2714 3333 Deus
2745 3296 2810 3332 eo
2845 3280 3011 3334 modo
3044 3297 3182 3350 erga
3217 3281 3344 3334 illas
3399 3297 3457 3333 se
3487 3279 3646 3332 habet
3688 3287 3788 3343 pos-

2139 3372 2252 3436 tea,
2278 3386 2342 3422 ac
2372 3369 2599 3439 quando
2628 3375 3005 3437 recesserunt,
3039 3385 3171 3423 cum
3202 3369 3369 3440 pueri
3400 3369 3520 3421 sine
3554 3365 3786 3435 baptismo

2138 3457 2390 3511 defuncti
2422 3463 2794 3510 numerentur
2841 3457 2899 3510 in
2933 3458 3148 3510 familia
3181 3456 3422 3518 diaboli,
3457 3453 3614 3509 sicuti
3642 3469 3666 3506 e
3691 3464 3790 3502 con-

2138 3551 2226 3601 tra
2258 3546 2470 3600 mortui
2510 3552 2768 3616 suscepto
2823 3552 3181 3600 sacramento
3225 3546 3286 3600 in
3344 3545 3555 3600 familia
3603 3537 3786 3599 Christi,

2139 3652 2368 3706 aequum
2409 3642 2493 3689 est
2534 3641 2598 3688 ut
2627 3635 2769 3689 sicut
2813 3634 2906 3688 isti
2963 3636 3067 3689 sub
3100 3635 3330 3690 Christo
3383 3636 3531 3689 bona
3582 3625 3791 3698 corporis

2136 3724 2438 3794 recipiunt,
2475 3724 2553 3777 ita
2578 3723 2661 3777 illi
2687 3725 2789 3778 sub
2821 3724 3080 3778 daemone
3106 3726 3263 3778 mala
3293 3722 3545 3794 corporis
3573 3718 3791 3774 sentiant,

2139 3813 2359 3867 Etenim
2391 3813 2433 3866 si
2490 3813 2550 3866 in
2591 3814 2694 3866 hac
2721 3813 2838 3867 vita
2883 3819 3015 3867 sunt
3043 3813 3148 3868 sub
3204 3819 3489 3884 potestate
3540 3804 3790 3864 daemonis,

2135 3901 2213 3956 ita
2245 3910 2305 3956 ut
2335 3902 2462 3955 illos
2493 3901 2553 3954 in
2583 3917 2816 3972 corpore
2847 3907 3131 3972 torqueat,
3163 3909 3231 3957 ut
3255 3903 3522 3973 superius
3551 3905 3792 3953 ostensum

2137 3998 2240 4060 est,
2274 4009 2376 4048 cur
2403 3992 2463 4046 in
2495 3992 2605 4045 alia
2637 3992 2770 4058 vita,
2802 3991 2861 4045 in
2891 4009 3006 4062 qua
3058 3993 3220 4047 nulla
3269 3998 3359 4047 est
3389 3987 3705 4060 redemptio,
3743 3981 3793 4035 ab

2134 4080 2288 4136 illius
2334 4087 2630 4152 potestate,
2679 4097 2852 4151 quam
2899 4087 3068 4135 antea
3114 4081 3177 4136 in
3223 4083 3562 4136 eorumdem
3600 4085 3794 4144 corpora

2134 4171 2398 4235 habebat,
2432 4170 2799 4225 eximentur?
2829 4170 3034 4225 Scribit
3089 4175 3326 4224 sanctus
3358 4171 3556 4224 doctor
3581 4163 3794 4238 proxime

321 4252 483 4322 cujus
513 4269 750 4323 corpore
776 4254 1029 4325 primum
1060 4254 1330 4320 nascitur,
1387 4272 1586 4309 verum
1644 4257 1816 4310 etiam
1858 4255 2023 4310 alteri
2055 4255 2097 4309 D
2136 4259 2402 4313 laudatus
2432 4277 2444 4314 :
2487 4282 2508 4309 ε
2545 4261 2666 4314 Jam
2697 4258 2888 4329 itaque
2922 4260 3076 4313 vobis
3106 4259 3248 4330 ipsis
3281 4260 3503 4314 reddite
3543 4255 3790 4311 rationem,

323 4340 424 4410 qui
451 4341 650 4396 eadem
682 4359 784 4414 per
812 4349 1135 4397 contactum
1188 4342 1476 4396 inficitur:
1532 4343 1613 4396 ita
1643 4359 1852 4413 pueros
1904 4361 2023 4413 pec—

323 4430 434 4482 cati
455 4433 678 4497 paterni
727 4435 1040 4499 contagione
1087 4431 1236 4485 mori
1291 4430 1433 4484 dixit
1460 4432 1812 4502 Augustinus
1841 4433 1940 4486 lib.
1971 4449 2023 4485 v1

321 4521 520 4569 contra
547 4518 693 4584 Jul.,
741 4535 862 4590 cap.
921 4522 972 4575 4.
1031 4522 1149 4574 Huc
1192 4519 1324 4574 facit
1381 4521 1532 4590 quod
1582 4521 1745 4574 docet
1800 4526 2023 4574 sanctus

320 4605 566 4658 Thomas
600 4609 706 4672 1-2,
742 4625 804 4678 q.
835 4611 922 4675 8|,
951 4614 1060 4663 art.
1092 4612 1145 4675 2,
1179 4608 1250 4662 ad
1283 4613 1302 4664 1
1345 4624 1358 4662 :
1395 4628 1421 4660 ‹‹
1458 4611 1648 4672 Poena,
1674 4608 1880 4680 inquit,
1907 4627 2024 4663 cor-

318 4693 508 4764 porali
541 4693 829 4749 interdum
857 4696 1073 4766 judicio
1101 4697 1294 4751 divino
1314 4698 1395 4751 vel
1428 4698 1676 4751 humano
1708 4698 2024 4768 puniuntur

318 4781 425 4836 ﬁlii
452 4799 556 4853 pro
586 4784 942 4854 parentibus,
974 4785 1034 4838 in
1066 4791 1345 4850 quantum
1382 4786 1535 4840 ﬁlius
1565 4793 1648 4840 est
1679 4787 1895 4858 aliquid
1924 4804 2020 4858 pa-

321 4871 419 4926 tris
450 4873 766 4927 secundum
827 4890 1058 4945 corpus.
1099 4896 1126 4925 »
1162 4876 1309 4929 Deus
1360 4875 1513 4929 enim
1546 4892 1575 4929 e
1631 4876 1744 4929 vita
1793 4877 2022 4930 sustulit

317 4959 502 5014 ﬁlium
537 4961 731 5028 David,
760 4966 823 5016 ut
849 4963 1027 5032 patris
1068 4963 1416 5018 adulterium
1446 4963 1697 5034 puniret,
1734 4967 1789 5018 et
1827 4969 2020 5017 tamen

315 5049 593 5118 puerulus
626 5067 739 5105 non
771 5057 892 5106 erat
917 5069 1049 5106 reus
1076 5053 1300 5124 paterni
1330 5053 1541 5106 delicti.
1570 5054 1708 5106 Hinc
1734 5053 1905 5106 Exodi
1927 5070 2014 5113 xx,

317 5139 370 5200 5,
402 5137 611 5192 dicitur
661 5142 806 5194 Deus
854 5141 1081 5196 visitare
1131 5143 1480 5210 iniquitatem
1524 5146 1748 5210 patrum
1793 5146 1848 5195 in
1877 5145 2018 5210 ﬁlios

315 5225 372 5276 in
400 5229 612 5279 tertiam
643 5233 692 5281 et
719 5235 973 5298 quartam
1004 5233 1415 5298 generationem.
1451 5230 1572 5292 Quo
1631 5247 1765 5300 ergo
1804 5231 2014 5299 potiori

311 5309 441 5379 jure
471 5311 617 5365 Deus
647 5317 858 5384 poterit
887 5319 1094 5388 punire
1147 5335 1321 5390 poena
1363 5318 1615 5370 sensibili
1654 5335 1884 5388 pueros,
1916 5319 2013 5388 qui

315 5413 512 5469 reapse
573 5405 915 5460 contrahunt
970 5408 1253 5461 maculam
1304 5406 1628 5476 primorum
1686 5413 2010 5477 parentum,

316 5486 426 5544 Sed
477 5489 700 5546 etiamsi
755 5494 1178 5552 illationesilla:
1223 5496 1528 5567 Augustini
1593 5511 1661 5548 ex
1691 5495 1778 5550 his
1832 5496 2014 5550 verbis

2133 4365 2206 4402 ne
2239 4348 2444 4420 putetis
2502 4348 2805 4418 indignum
2854 4353 2918 4402 ut
2967 4349 3068 4420 qui
3100 4365 3217 4402 non
3251 4349 3630 4402 admittuntur
3656 4342 3704 4394 in
3729 4353 3793 4390 re-

2133 4453 2310 4508 gnum
2347 4437 2465 4500 Dei,
2509 4437 2621 4490 sint
2661 4438 2766 4491 sub
2796 4437 2894 4490 illo
2930 4438 3030 4508 qui
3058 4438 3267 4492 cecidit
3303 4439 3375 4492 de
3407 4451 3578 4506 regno
3614 4431 3698 4486 Dei
3721 4449 3732 4494 ;
3755 4429 3796 4479 ei

2132 4527 2231 4596 qui
2263 4543 2376 4579 non
2408 4525 2820 4586 liabentvitam,
2844 4525 2956 4578 sint
2977 4527 3082 4579 sub
3099 4526 3196 4579 illo
3220 4527 3322 4596 qui
3339 4523 3584 4596 perdidit
3604 4519 3791 4572 vitam.»

2135 4613 2245 4666 Nec
2268 4613 2429 4681 juvat
2472 4611 2622 4681 quod
2678 4611 2843 4682 pueri
2887 4629 3120 4682 corpore
3152 4629 3273 4666 non
3328 4612 3647 4683 peccarunt,
3677 4600 3794 4656 unde

2129 4718 2233 4755 nec
2263 4702 2322 4754 in
2348 4716 2586 4770 corpore
2625 4701 2900 4770 puniendi
2931 4702 3218 4766 videntur,
3245 4718 3382 4755 nam
3418 4705 3689 4770 peccatum
3721 4705 3792 4742 so-

2130 4789 2241 4842 lius
2269 4788 2576 4842 voluntatis
2615 4789 2990 4859 superbientis
3015 4791 3167 4860 juste
3221 4792 3468 4859 punitur
3513 4801 3664 4858 paena
3692 4793 3792 4832 sen-

2131 4892 2244 4940 sus,
2277 4891 2380 4928 nec
2411 4876 2700 4928 daemones
2730 4892 2966 4946 corpore
2996 4883 3337 4945 peccarunt,
3371 4881 3428 4929 et
3458 4881 3636 4927 tamen
3659 4877 3795 4937 paena

2129 4965 2382 5018 sensibili
2412 4965 2763 5035 affliguntur.
2803 4966 2922 5018 lmo
2957 4981 3085 5018 cum
3110 4970 3302 5018 totum
3335 4969 3639 5035 peccatum.
3667 4948 3794 5025 quo?l

2126 5053 2234 5108 fuit
2267 5055 2485 5107 actuale
2511 5055 2566 5107 in
2598 5054 2798 5119 Adam,
2830 5054 2901 5106 sit
2931 5054 3212 5122 originale
3247 5055 3309 5106 in
3341 5051 3551 5122 pueris,
3594 5052 3643 5100 et
3669 5042 3793 5095 illius

2126 5148 2348 5196 reatum
2377 5159 2438 5196 ex
2465 5149 2582 5195 toto
2623 5142 2882 5208 subeant,
2919 5158 3048 5195 cum
3093 5142 3149 5195 in
3201 5147 3438 5212 peccato
3485 5138 3611 5192 Adae
3651 5127 3793 5185 fuerit

2132 5235 2385 5302 voluptas
2412 5249 2609 5285 sensus
2641 5231 2700 5283 in
2733 5232 3081 5285 comestione
3111 5233 3296 5302 pomi,
3329 5231 3498 5299 hujus
3528 5225 3683 5278 etiam
3711 5233 3777 5268 το⁴

2126 5321 2360 5390 liiptatis
2389 5338 2582 5391 poenas
2613 5321 2720 5373 luit
2769 5320 2964 5372 infelix
3023 5320 3354 5390 posteritas,
3409 5317 3564 5386 cujus
3609 5307 3790 5381 pariter

2124 5416 2312 5463 reatus
2343 5409 2400 5462 in
2431 5411 2612 5477 ipsam
2651 5425 2752 5478 per
2785 5410 3220 5479 generationem
3249 5407 3567 5460 transf'lsus
3594 5404 3687 5454 est.

2199 5499 2294 5551 Hic
2325 5504 2516 5551 tamen
2543 5498 2955 5553 advertendum
3005 5504 3088 5552 est
3133 5496 3525 5566 Augustinum
3569 5495 3782 5544 asserere
