3946 6176
60 322 163 372 657

1405 319 1721 375 VINDICLE
1759 317 2309 373 AUGUSTINIANJE.

3491 330 3596 384 658

60 441 443 497 mitissimam
474 456 594 495 esse
612 456 840 512 poenam
863 456 1036 512 quam
1057 441 1323 496 infantuli
1349 442 1405 496 in
1431 442 1625 496 inferis
1648 441 1774 494 snb-
1803 442 1847 495 A
1885 458 2060 512 homo
2090 459 2158 513 de
2197 459 2366 514 turba
2394 459 2814 531 imperitorum,
2863 465 2966 518 sed
3009 463 3160 520 inter
3207 481 3416 537 paucos
3445 483 3584 539 prn-

59 537 234 586 eunt.
297 533 452 586 Illam
507 531 907 584 damnationem
952 535 1186 584 omnium
1231 533 1558 585 levissimam
1617 534 1776 583 vocat

61 621 172 674 lib.
209 637 242 672 v
278 626 474 673 contra
501 621 780 689 Jul.,cap.
821 623 902 687 Η,
938 621 1088 689 quod
1125 625 1206 673 est
1236 623 1267 674 8
1298 621 1357 673 in
1387 621 1635 674 editione
1670 622 1770 674 Ba-

60 708 326 772 sileensi,
359 714 416 762 et
463 710 808 762 mitissimum
848 724 976 762 sane
1024 712 1259 763 omnium
1300 725 1510 778 poenam
1560 710 1619 762 in
1672 711 1773 764 En-

56 797 332 863 chiridio,
365 814 489 868 cap.
542 801 629 862 93,
663 804 718 850 et
747 798 847 850 lib.
892 815 908 851 ι
954 797 1023 850 de
1064 804 1424 867 peccatorum
1475 799 1686 852 Meritis
1717 801 1774 853 et

53 886 434 952 remissione,
486 903 610 955 cap.
651 887 907 957 16.@um
952 886 1102 956 ignis
1142 888 1449 953 calefaciat,
1511 893 1565 940 et
1595 887 1641 940 si
1679 904 1771 941 ca-

53 976 147 1028 lor
177 975 256 1028 sit
289 975 567 1042 intensus,
600 974 769 1028 etiam
819 975 1138 1043 comburat,
1190 975 1655 1046 quandoquidem
1703 991 1770 1028 ex

55 1065 395 1135 Augustino
428 1080 595 1134 pcena
626 1063 722 1116 illa
770 1069 855 1118 est
899 1065 1172 1117 levissima
1213 1080 1276 1117 ac
1304 1067 1613 1130 mitissima,
1664 1063 1773 1118 erit

57 1156 130 1208 ab
161 1156 302 1225 igne
335 1154 696 1208 calefaciente
726 1169 856 1207 cum
889 1153 1080 1224 aliqua
1110 1154 1370 1208 molestia
1413 1171 1640 1226 pueros,
1671 1154 1767 1207 sed

53 1258 180 1297 non
217 1242 453 1296 eosdem
486 1243 787 1295 ustulante.
823 1242 1006 1305 Quare
1046 1241 1208 1295 sicuti
1250 1259 1316 1295 eo
1361 1242 1641 1296 intensius
1681 1258 1768 1294 ar-

51 1331 289 1385 debunt
333 1330 561 1401 reprobi
603 1329 805 1396 adulti,
848 1346 962 1400 quo
1004 1332 1171 1400 plura
1202 1332 1414 1384 scelera
1466 1330 1765 1395 admisere,

48 1437 192 1475 cum
225 1420 395 1491 pueri
438 1418 780 1474 haereditarii
823 1423 1046 1473 tantum
1078 1419 1330 1473 criminis
1373 1419 1457 1472 rei
1499 1419 1630 1487 sint,
1678 1435 1768 1472 ca-

49 1511 181 1564 lore
215 1510 290 1564 ad
321 1509 638 1562 molestiam
674 1525 853 1578 usque
885 1524 947 1561 ac
979 1509 1231 1562 dolorem
1263 1508 1653 1561 incutiendum
1679 1509 1768 1561 in-

48 1605 231 1653 tenso
276 1598 624 1667 al‘tligentur.
658 1597 833 1650 Video
863 1597 1226 1667 Fulgentium
1268 1597 1530 1667 superius
1576 1597 1769 1650 lauda-

48 1693 188 1742 tum
222 1688 470 1740 scribere
526 1701 737 1756 pueros
788 1700 1026 1751 arsuros,
1093 1686 1189 1739 sed
1219 1702 1285 1740 ea
1333 1703 1464 1739 voce
1522 1687 1767 1740 calorem

50 1793 198 1831 cum
230 1775 451 1841 dolore,
485 1775 584 1846 qui
616 1779 807 1827 tamen
849 1790 970 1827 esse
1010 1780 1197 1844 potest
1236 1776 1377 1828 citra
1415 1775 1766 1828 combustio-

49 1881 222 1929 ncm,
256 1865 315 1917 in
345 1880 550 1934 corpus
581 1867 846 1933 agentem
871 1863 1230 1933 signiﬁcavit.
1258 1863 1639 1917 Contirmatnr
1665 1864 1772 1918 hoc

52 1953 260 2023 ipsum
293 1968 356 2004 ex
388 1952 483 2005 lib.
535 1968 568 2003 v
599 1956 800 2004 contra
835 1952 975 2019 Jul.,
1026 1952 1209 2022 capite
1257 1952 1517 2022 proxime
1558 1968 1773 2006 memo-

55 2046 218 2108 rato,
252 2040 351 2093 ubi
381 2039 460 2092 ait
487 2056 698 2110 pueros
731 2060 759 2087 ‹‹
791 2040 851 2092 in
881 2041 1249 2094 damnatione
1302 2041 1560 2094 omnium
1601 2041 1769 2096 levis-

60 2129 214 2184 sima
257 2129 498 2182 futuros.
556 2129 714 2194 Quae,
765 2128 949 2199 qualis
995 2133 1050 2182 et
1079 2133 1293 2200 quanta
1342 2130 1468 2195 erit,
1513 2130 1772 2200 quamvis

59 2217 310 2278 definire
360 2233 476 2270 non
522 2217 756 2288 possim,
807 2233 923 2270 non
964 2221 1155 2271 tamen
1187 2219 1368 2272 audeo
1399 2219 1585 2273 dicere
1616 2219 1772 2291 quod

65 2307 171 2373 eis,
207 2311 271 2360 ut
301 2305 445 2359 nulli
490 2310 694 2366 essent,
729 2321 902 2376 quam
938 2310 1003 2359 ut
1033 2306 1112 2360 ibi
1142 2312 1348 2373 essent,
1381 2307 1571 2378 potius
1600 2324 1770 2378 expe-

63 2395 239 2449 diret.
307 2414 335 2445 ι)
368 2394 527 2459 Quod
582 2394 630 2446 si
669 2394 739 2447 ab
799 2394 929 2464 igne
962 2395 1454 2462 comburerentur,
1516 2397 1768 2466 profecto

65 2484 284 2538 melius
320 2483 434 2536 illis
465 2486 610 2536 esset
661 2498 960 2553 nunquam
1009 2483 1306 2537 exstitisse.
1361 2485 1445 2538 Ibi
1489 2501 1620 2537 vero
1654 2501 1772 2539 non

63 2577 294 2627 recusat
333 2571 570 2626 deﬁnire
609 2587 790 2642 genus
836 2588 1043 2642 paenae,
1083 2588 1186 2626 nec
1241 2573 1508 2643 speciem,
1564 2590 1770 2645 nempe

62 2679 135 2717 an
169 2662 289 2715 sint
316 2660 376 2714 in
408 2661 542 2730 igne
573 2664 629 2712 et
659 2676 730 2713 an
761 2659 843 2713 ibi
874 2661 1236 2714 solummodo
1270 2663 1532 2716 caleiiant
1556 2663 1644 2716 vel
1676 2681 1768 2716 us-

62 2752 348 2815 tulentur,
377 2750 472 2803 sed
507 2754 733 2802 tantum
782 2766 895 2820 quo
925 2751 1108 2820 gradu
1139 2751 1224 2805 vel
1259 2751 1583 2807 intensione
1618 2754 1768 2806 calo-

63 2842 140 2894 ris
170 2841 350 2894 iidem
381 2838 549 2908 pueri
574 2844 972 2910 torqueantur.

132 2929 336 2985 Solent
366 2944 623 2998 quzerere
651 2927 969 2982 scholastici
1018 2945 1087 2982 an
1119 2929 1311 3000 pueris
1357 2945 1526 2999 poena
1574 2929 1768 2984 damni

1885 547 2248 602 dentissimos
2279 549 2440 619 regni
2469 550 2623 604 illius
2657 557 2903 620 amator,
2938 557 3097 608 tanto
3147 555 3349 626 utique
3381 556 3593 611 arden-

1885 636 2015 702 tior,
2050 642 2266 706 quanto
2300 638 2481 707 magis
2513 643 2566 692 te
2593 639 3034 710 flagrantissima
3072 659 3390 713 paucorum
3414 645 3592 700 socie-

1884 731 1970 780 tas
2001 726 2059 780 in
2088 727 2228 780 illud
2253 727 2533 791 accendit,
2565 745 2670 782 nec
2702 729 2835 784 facit
2866 731 3000 784 inde
3055 736 3380 802 torpescere
3429 733 3595 804 frigi-

1882 814 2008 869 dior
2039 816 2368 884 multitudo,
2413 832 2790 885 responsurus
2830 836 2887 872 es
2927 820 3171 887 homini,
3204 826 3374 892 atque
3406 822 3590 877 dictu-

1880 918 2014 955 rus:
2055 904 2174 956 NON
2222 920 2401 958 SOLUM
2450 922 2631 959 MAGNA
2684 924 2792 960 NON
2843 925 2956 975 EST,
3006 926 3102 962 SED
3153 926 3331 965 NULLA
3381 928 3590 965 OMNINO

1883 1008 2036 1045 erENA
2069 1008 2154 1044 εει
2182 991 2453 1062 imaginis
2514 993 2635 1055 Dei,
2684 1011 2982 1064 nunquam
3036 1013 3199 1067 posse
3259 999 3473 1052 intrare
3530 999 3590 1054 in

1878 1071 2124 1151 regnum
2159 1081 2301 1135 Dei?
2353 1083 2496 1135 Puto
2534 1083 2686 1152 quod
2736 1099 2839 1136 nec
2881 1085 2984 1138 uni
3020 1086 3262 1152 homini,
3295 1088 3456 1158 cujus
3487 1104 3590 1142 nec

1879 1169 1994 1223 vim
2028 1186 2133 1223 nec
2164 1169 2553 1224 testimonium
2582 1171 2934 1236 formidabis,
2972 1174 3080 1227 hoc
3111 1175 3298 1230 dicere
3328 1176 3586 1233 audebis.

1876 1259 1950 1312 Te
1974 1258 2167 1330 itaque
2198 1259 2313 1312 sive
2344 1260 2727 1330 respondente
2759 1261 3080 1330 quodlibet,
3115 1262 3229 1317 sive
3282 1266 3431 1335 quod
3465 1282 3586 1320 nia-

1880 1346 1966 1417 gis
2011 1364 2044 1401 a
2083 1352 2136 1401 te
2167 1347 2442 1417 exigeret,
2479 1348 2523 1402 si
2574 1364 2691 1402 non
2747 1349 3096 1420 Christiana,
3147 1356 3297 1406 certe
3335 1353 3590 1409 humana

1879 1436 2240 1497 verecundia,
2276 1436 2567 1501 reticente,
2601 1437 2891 1507 ingereret
2940 1439 3265 1510 aspectibus
3302 1441 3414 1494 tuis
3455 1458 3588 1512 par-

1877 1524 2073 1578 vulum
2105 1540 2344 1586 suum,»
2382 1529 2488 1579 etc.
2523 1527 2755 1579 Pmnam
2794 1531 2985 1581 autem
3016 1528 3109 1582 hic
3141 1528 3389 1600 intelligi
3417 1535 3590 1601 prout

1879 1616 1963 1666 est
1989 1612 2260 1666 intlictiva
2284 1613 2518 1676 doloris,
2563 1631 2674 1667 non
2703 1631 2836 1668 vero
2869 1621 3041 1686 prout
3081 1623 3166 1671 est
3193 1622 3417 1673 tantum
3448 1618 3588 1690 quid

1879 1701 2092 1754 malum
2124 1701 2183 1754 in
2212 1716 2269 1754 se
2304 1700 2543 1756 inferius
2589 1703 2912 1760 ostendam.
2975 1706 3079 1758 Illa
3135 1711 3326 1760 autem
3365 1712 3587 1763 veteres

1880 1789 2033 1842 haud
2066 1789 2268 1858 legisse
2320 1790 2567 1859 credam,
2621 1807 2808 1863 neque
2844 1792 2998 1846 enim
3044 1793 3201 1848 illam
3242 1796 3588 1851 sententiam

1881 1877 2106 1948 publice
2139 1878 2483 1942 docuissent,
2516 1896 2690 1951 quam
2724 1897 2794 1934 ne
2819 1898 2852 1935 a
2880 1882 3321 1952 Pelagianorum
3353 1883 3586 1954 quidem

1881 1965 2326 2020 insolentissimo
2357 1968 2584 2022 .luliano
2623 1969 2722 2022 uni
2753 1969 2976 2024 homini
2997 1988 3109 2025 non
3133 1972 3373 2044 quidem.
3397 1973 3583 2042 docto,

1882 2055 1978 2108 sed
2010 2055 2078 2108 de
2119 2054 2320 2108 ultima
2346 2055 2482 2108 faece
2529 2057 2688 2127 vulgi
2727 2058 3048 2112 clanculum
3079 2059 3221 2114 citra
3274 2061 3446 2115 ullius
3474 2065 3585 2116 tes-

1879 2141 2190 2196 timonium
2220 2142 2493 2196 inculcari
2519 2143 2776 2214 potuisse
2824 2145 3176 2214 Augustinus
3209 2146 3578 2202 existimavit.

1882 2234 2127 2286 Putasne
2163 2231 2392 2285 Mastrio
2420 2247 2572 2285 curzn
2602 2231 2780 2286 fuisse
2811 2233 2951 2303 quid
2982 2234 3086 2287 hac
3134 2234 3202 2288 de
3258 2251 3319 2288 re
3351 2234 3588 2289 sentiret

1881 2320 2276 2391 Augustinus?
2299 2321 2441 2374 Nam
2472 2321 2542 2374 ab
2575 2321 2780 2374 eodem
2807 2321 2867 2374 in
2889 2325 2922 2376 2
2954 2322 3400 2389 Sententiarum,
3437 2306 3584 2395 disp.

1880 2411 1934 2477 4,
1961 2409 2029 2462 de
2061 2409 2246 2476 hom.,
2280 2425 2334 2478 q.
2374 2412 2426 2474 6,
2459 2425 2619 2462 num.
2677 2412 2796 2476 163,
2837 2410 3141 2465 adducitur
3175 2433 3197 2460 ι
3231 2411 3587 2481 Augustinus

1882 2499 1950 2551 de
2000 2502 2363 2568 peccatorum
2409 2497 2618 2552 Meritis
2655 2503 2712 2552 et
2765 2499 3120 2566 remissione,
3148 2516 3269 2570 cap.
3312 2504 3397 2566 27,
3434 2517 3584 2555 asse-

1881 2603 2010 2640 rens
2041 2587 2287 2640 infantes
2316 2587 2374 2639 in
2400 2586 2578 2640 limbo
2606 2603 2726 2640 non
2756 2587 2970 2642 tristari
2993 2604 3098 2642 nec
3127 2589 3385 2643 dolorem
3406 2588 3581 2660 pati.»

1880 2675 2236 2745 Augustinus
2292 2679 2406 2728 tres
2437 2675 2662 2744 scripsit
2716 2675 2891 2729 libros
2945 2677 3015 2730 de
3052 2681 3417 2747 peccatorum
3473 2679 3584 2732 Me-

1880 2763 2006 2817 ritis
2039 2768 2093 2817 et
2123 2762 2478 2829 remissione,
2511 2779 2654 2834 quos
2697 2764 2954 2817 Mastrius
2997 2781 3113 2818 non
3161 2765 3484 2836 distinguit,
3515 2765 3585 2819 si-

1881 2853 2116 2922 mulque
2151 2850 2234 2904 illi
2266 2851 2486 2905 aﬁ‘ricat
2516 2867 2642 2905 eam
2663 2850 2996 2921 opinionem
3029 2869 3200 2922 quam
3220 2853 3392 2907 veluti
3422 2869 3584 2924 para-

1881 2941 2094 2995 dorum
2123 2941 2430 2994 detestatus
2466 2944 2568 2993 est.
2624 2939 2801 2992 Nemo
2851 2955 2985 3010 ergo
3017 2940 3180 2994 nobis
3236 2941 3372 2994 vitio
3404 2944 3584 2996 vertat

60 3018 360 3073 tristitiam
408 3017 660 3071 incutiat.
711 3018 1078 3087 Respondent
1118 3018 1442 3071 scholarum
1480 3017 1765 3088 principes
1797 3037 1834 3093 ο
1876 3029 1922 3084 si
1979 3029 2258 3099 majorem
2315 3027 2374 3081 in
2426 3027 2752 3097 Augustino
2809 3027 3054 3097 legendo
3104 3028 3464 3099 diligentiam
3523 3031 3584 3084 in

61 3109 225 3162 nulla
248 3106 479 3161 tristitia
507 3123 709 3178 pueros
737 3106 905 3162 attici.
954 3107 1322 3160 Recentiores
1373 3112 1565 3160 tamen
1600 3107 1772 3177 pleri-

59 3214 198 3269 que,
229 3212 375 3268 quos
412 3195 564 3249 inter
595 3195 810 3248 eminet
841 3195 1242 3263 Bellarminus,
1276 3197 1376 3250 lib.
1401 3213 1452 3250 VI
1485 3196 1552 3250 de
1582 3197 1769 3251 Amis-

60 3287 229 3340 sione
263 3290 429 3355 grat.,
457 3285 604 3353 fetc.,
635 3301 758 3355 cap.
793 3288 842 3351 6,
875 3284 1163 3339 tristitiam
1195 3284 1254 3338 in
1284 3285 1533 3357 parvulis
1573 3285 1772 3339 admit-

63 3381 216 3441 tunt,
252 3375 402 3445 quod
433 3391 464 3426 a
497 3373 682 3443 gloria
713 3378 925 3427 aeterna
952 3391 1010 3427 se
1050 3375 1302 3429 exclusos
1349 3375 1562 3428 vident.
1595 3376 1772 3429 Pudet

63 3481 162 3519 me
189 3480 257 3516 ex
284 3462 600 3533 Augustino
634 3463 913 3516 nonnulla
944 3463 1215 3533 recitare;
1271 3464 1482 3517 etenim
1513 3464 1644 3517 inde
1669 3481 1767 3534 pa-

60 3557 178 3606 lam
213 3551 308 3605 tiet
335 3557 449 3605 tam
482 3553 681 3620 procul
711 3552 782 3606 ab
814 3552 1118 3622 Augustini
1148 3553 1429 3607 sententia
1459 3553 1664 3608 abiisse
1695 3554 1767 3608 il-

61 3644 147 3695 los
180 3641 436 3694 doctores
486 3640 585 3710 qui
616 3641 689 3694 ob
729 3641 1114 3695 exclusionem
1154 3659 1187 3695 a
1230 3642 1410 3712 gloria
1441 3643 1659 3696 nullam
1709 3642 1769 3696 in

62 3729 264 3802 pueris
295 3729 586 3782 tristitiam
627 3729 788 3801 gigni
826 3731 1278 3800 pronuntiarunt
1320 3747 1492 3801 quam
1534 3731 1768 3802 propius

60 3821 135 3874 ad
192 3817 635 3888 Pelagianorum
705 3819 991 3888 paradoxa
1067 3825 1442 3874 accesserunt.
1513 3821 1767 3875 Profecto

60 3912 296 3962 sanctus
354 3906 551 3960 doctor
607 3907 804 3970 irrisit,
857 3906 973 3960 imo
1019 3912 1334 3961 exsecratus
1381 3911 1463 3962 est
1511 3908 1795 3978 Pelagia-.

57 4013 170 4050 nos
197 3995 278 4048 ita
308 3995 640 4059 sentientes,
675 3996 838 4067 quasi
863 3996 1025 4068 regni
1055 3997 1295 4051 caelestis
1324 4002 1762 4067 contemptores.

59 4085 272 4141 Scribit
302 4085 397 4138 lib.
432 4102 488 4138 ιιι
519 4085 718 4155 Operis
759 4085 1013 4154 imperf.,
1063 4101 1186 4156 cap.
1220 4089 1327 4140 99:
1383 4105 1410 4136 ί(
1433 4086 1494 4139 In
1525 4101 1766 4155 regnum

65 4174 168 4230 Dei
193 4190 304 4228 non
335 4173 547 4228 intrare
580 4173 892 4245 imaginem
926 4173 1043 4240 Dei,
1081 4173 1296 4227 nullam
1328 4190 1446 4228 esse
1476 4178 1766 4228 contume-

59 4266 202 4319 liam
236 4263 469 4334 putatis,
512 4262 699 4334 ipsum
733 4279 977 4332 regnum
1009 4263 1178 4317 etiam
1212 4263 1289 4316 sic
1317 4262 1518 4316 amatis
1559 4269 1620 4316 ut
1652 4278 1766 4316 non

57 4354 148 4407 ibi
179 4370 322 4421 esse,
357 4369 472 4406 non
511 4353 708 4406 saltem
744 4353 922 4405 levem
976 4368 1204 4422 poenam
1254 4352 1493 4406 credetis
1522 4351 1770 4405 hominis
1801 4337 1843 4390 D

63 4457 212 4506 esse,
272 4440 368 4494 sed
420 4457 711 4494 NULLAM.»
738 4440 894 4493 Idem
920 4439 1250 4510 Pelagianos
1294 4439 1540 4510 graviter
1584 4437 1773 4508 arguit

64 4530 166 4584 lib.
221 4545 282 4582 ιιι
325 4535 520 4582 contra
578 4529 716 4593 Jul.,
761 4544 885 4597 cap.
941 4531 991 4604 3,
1027 4527 1328 4598 inquiens:
1367 4529 1632 4580 «Verum
1672 4543 1770 4580 vos

66 4616 528 4671 excellentissimi
570 4622 854 4671 amatores
887 4615 1041 4670 illius
1087 4617 1216 4670 vitae
1275 4633 1402 4687 qua:
1442 4616 1635 4669 futura
1688 4620 1772 4670 est

67 4712 283 4759 aaterna
335 4721 464 4758 cum
532 4705 777 4772 Christo,
836 4722 1050 4759 NULLAM
1111 4723 1300 4759 PQZNAM
1356 4705 1568 4774 putatis
1627 4721 1767 4764 esse,

69 4793 381 4863 imaginem
418 4795 510 4848 Dei
544 4796 802 4849 exsulare
836 4812 868 4848 a
907 4811 1084 4864 regno
1136 4793 1255 4856 Dei,
1305 4810 1436 4847 cum
1469 4793 1512 4846 si
1544 4811 1770 4864 parvam

63 4898 294 4954 pmnam
342 4899 459 4936 esse
493 4883 772 4942 diceretis.
820 4900 934 4937 non
966 4887 1111 4936 esset
1142 4885 1263 4937 haec
1291 4900 1394 4936 vox
1423 4883 1574 4937 beati
1615 4900 1770 4938 ama-

67 4971 209 5026 toris
253 4971 404 5024 illius
442 4973 627 5041 regni,
681 4973 778 5026 sed
838 4990 1018 5026 insani
1071 4987 1491 5027 coxrenrroms.
1556 4973 1772 5025 Rursus

67 5061 164 5114 lib.
219 5076 272 5124 ν,
318 5076 442 5131 cap.
504 5065 553 5126 l,
609 5061 852 5132 loquens
883 5062 950 5115 de
1008 5060 1225 5131 plebeis
1285 5060 1617 5115 Christianis
1652 5061 1769 5114 ait:

72 5172 94 5198 ι
130 5150 389 5214 Quorum
421 5150 465 5204 si
489 5151 794 5222 quisquam
831 5155 1057 5219 gestans
1087 5149 1387 5221 parvulum
1434 5150 1640 5215 lilium,
1671 5166 1774 5203 nec

71 5239 193 5294 sine
227 5240 474 5294 clamore
500 5241 804 5306 invidioso,
837 5246 894 5294 et
915 5241 973 5294 in
1001 5245 1163 5310 parte
1191 5239 1286 5293 ubi
1317 5239 1507 5291 nullus
1531 5239 1772 5307 audiret,

72 5329 447 5397 compellaret
477 5333 533 5383 et
561 5329 804 5383 diceret:
859 5331 970 5399 Ego
1001 5345 1065 5382 ea
1121 5333 1334 5388 mente,
1371 5326 1770 5396 intelligentia,

74 5417 312 5481 ratione,
339 5415 398 5470 in
430 5433 542 5487 qua
569 5434 692 5471 sum
729 5418 907 5472 factus
935 5417 1006 5472 ad
1052 5416 1362 5487 imaginem
1397 5415 1512 5478 Dei,
1551 5420 1774 5471 tantum

78 5524 206 5562 amo
235 5523 477 5578 regnum
513 5507 634 5576 Dei,
663 5513 727 5561 ut
755 5507 1004 5562 hominis
1035 5506 1532 5577 MAGNAMjUdicem
1557 5520 1772 5575 ΡειῑΝΑιι,

78 5596 122 5650 si
167 5613 232 5650 eo
275 5612 577 5667 nunquam
632 5599 810 5668 possit
859 5596 1089 5652 intrare.
1139 5597 1298 5651 Itane
1350 5611 1482 5650 vero
1532 5600 1609 5663 tu,
1657 5611 1773 5650 non

1881 3117 2230 3172 scholasticis
2253 3116 2660 3171 desideremus.

1950 3206 2227 3262 Moraines
2259 3221 2389 3259 cum
2421 3205 2546 3258 aliis
2596 3204 2899 3276 respondet
2944 3204 3198 3259 futuram
3247 3221 3478 3276 parvam
3512 3206 3580 3260 il-

1879 3295 1996 3348 lam
2044 3293 2331 3348 tristitiam
2385 3309 2700 3363 puerorum
2753 3293 2824 3348 ob
2864 3293 3250 3348 exclusionem
3291 3312 3325 3349 a
3353 3294 3572 3366 gloria:

1879 3384 1977 3437 sed
2007 3385 2130 3437 haec
2160 3387 2283 3436 erat
2311 3382 2554 3436 aliorum
2614 3383 3054 3452 Pelagianorum
3084 3383 3404 3453 responsio,
3441 3387 3580 3438 teste

1877 3470 2198 3540 Augustino
2240 3471 2339 3524 lib.
2374 3488 2450 3525 ιιι.
2498 3475 2695 3524 contra
2739 3472 2876 3537 Jul.,
2927 3487 3051 3541 cap.
3082 3474 3142 3525 3:
3177 3492 3204 3519 α
3237 3473 3434 3538 Porro,
3492 3472 3580 3527 in-

1879 3560 2022 3630 quit,
2057 3559 2102 3613 si
2133 3559 2287 3631 quod
2311 3560 2443 3613 huic
2474 3559 2681 3613 sufﬁcit
2727 3575 2933 3626 causas,
2969 3577 3177 3615 ΡΑιινΑιι
3235 3562 3437 3616 saltem
3466 3578 3575 3615 pa:-

1877 3665 1986 3702 NAii
2019 3647 2279 3702 fatemini
2310 3664 2449 3714 esse,
2484 3665 2613 3719 quae
2649 3665 2857 3719 magna
2887 3653 2990 3712 est,
3027 3653 3089 3702 ut
3116 3649 3307 3720 imago
3336 3649 3436 3704 Dei
3466 3666 3577 3704 non

1877 3738 2102 3792 sinatur
2157 3737 2371 3791 intrare
2422 3738 2484 3790 in
2539 3753 2784 3808 regnum
2833 3737 2953 3804 Dei,
2984 3757 3011 3790 ι)
3062 3742 3166 3792 etc.
3207 3740 3363 3794 Idem
3419 3756 3575 3807 vero,

1875 3843 2042 3881 serm.
2083 3828 2140 3880 l-i
2172 3826 2241 3880 de
2300 3826 2464 3879 Verb.
2511 3829 2730 3896 Apost.,
2764 3826 2843 3879 ita
2872 3831 3071 3880 contra
3117 3827 3456 3898 Pelagianos
3487 3844 3578 3881 ar-

1874 3919 2274 3986 gumentatur:
2317 3932 2345 3964 (ι
2376 3913 2432 3966 Si
2479 3919 2706 3967 amatur
2743 3914 2950 3984 patria,
3009 3930 3222 3986 magna
3272 3931 3479 3985 poena;
3531 3914 3579 3969 si

1877 4008 2068 4057 autem
2123 4019 2234 4056 non
2268 4005 2516 4056 'amatur
2571 4002 2969 4073 patria,"pejor
3025 4007 3111 4057 est
3162 4003 3348 4056 cordis
3379 4019 3572 4074 paena.

1876 4096 2118 4147 Parvum
2153 4092 2367 4145 malum
2415 4094 2496 4144 est
2528 4091 2587 4144 in
2614 4091 2866 4145 hominis
2897 4092 3089 4158 corde,
3119 4093 3220 4162 qui
3250 4092 3578 4147 societatem

1878 4198 1991 4235 non
2025 4180 2227 4251 quaerit
2287 4183 2635 4246 sanctorum,
2680 4179 2780 4250 qui
2823 4196 2940 4234 non
3005 4179 3292 4236 desiderat
3334 4197 3579 4251 regnum

1855 4259 2188 4325 iccelorum?
2237 4268 2288 4323 Si
2352 4285 2467 4323 non
2525 4268 2826 4336 desiderat,
2864 4285 3032 4340 paena
3061 4275 3142 4323 est
3188 4269 3256 4324 de
3297 4270 3579 4340 perversi-

1881 4364 2026 4426 tate;
2061 4359 2107 4411 si
2140 4363 2330 4412 autem
2371 4357 2674 4426 desiderat,
2705 4373 2874 4429 pmna
2904 4361 2988 4412 est
3016 4358 3085 4412 de
3114 4358 3374 4413 fraudata
3402 4358 3582 4414 chari-

1881 4438 2014 4507 taté.
2047 4448 2155 4502 Sed
2187 4447 2254 4514 si,
2288 4447 2435 4518 quod
2464 4447 2567 4514 vis,
2615 4463 2784 4518 parva
2817 4447 2890 4502 sit
2931 4463 3118 4518 poena,
3153 4452 3210 4502 et
3237 4447 3362 4518 ipsa
3409 4464 3584 4518 parva

1881 4553 2094 4608 magna
2122 4540 2224 4602 est,
2266 4535 2312 4589 si
2359 4537 2516 4590 nulla
2562 4537 2730 4606 culpa
2759 4539 2861 4590 est.
2895 4557 2922 4586 »
2959 4537 3087 4590 Hzec
3136 4536 3252 4590 ille.
3287 4537 3398 4591 Nec
3421 4537 3584 4607 juvat

1881 4626 2035 4696 quod
2067 4629 2356 4695 reponunt
2394 4624 2681 4678 tristitiam
2704 4625 2860 4679 illam
2895 4626 2982 4678 vel
3008 4625 3226 4678 nullam
3257 4641 3398 4692 esse,
3427 4625 3580 4696 quod

1883 4715 2111 4769 amissio
2163 4715 2234 4767 sit
2266 4713 2402 4767 boni
2450 4713 2919 4783 supernaturalis,
2964 4714 3121 4785 quod
3152 4713 3288 4785 ipsis
3317 4713 3584 4768 naturali-

1880 4805 1966 4854 ter
1998 4816 2114 4853 non
2146 4800 2481 4866 debebatur,
2538 4801 2627 4853 vel
2671 4802 2871 4855 saltem
2904 4803 3106 4870 levem,
3148 4802 3301 4872 quod
3331 4801 3578 4867 videant,

1885 4905 2000 4942 non
2039 4904 2142 4941 sua
2190 4889 2470 4958 ipsorum,
2502 4888 2596 4942 sed
2654 4889 2829 4959 primi
2882 4891 3138 4960 parentis
3191 4891 3360 4959 culpa
3413 4905 3472 4942 se
3511 4888 3582 4942 ab

1882 4982 2094 5032 aeterna
2150 4976 2333 5047 gloria
2397 4977 2624 5046 ejectos.
2660 4976 2883 5031 Etenim
2913 4984 3118 5032 natura
3170 4978 3422 5032 humana
3461 4980 3584 5030 erat

1882 5065 2144 5120 ordinata
2184 5067 2253 5119 ad
2305 5065 2570 5136 gloriam,
2629 5083 2757 5137 qua:
2805 5065 2990 5137 gratia
3037 5065 3304 5120 omnibus
3342 5063 3582 5135 posteris

1883 5155 2019 5210 Adae
2051 5155 2278 5208 decreta
2309 5159 2452 5222 erat,
2484 5172 2517 5209 a
2543 5172 2657 5227 qua
2688 5161 2878 5209 tamen
2930 5171 3060 5209 cum
3096 5170 3155 5207 se
3203 5154 3274 5207 ob
3305 5153 3457 5207 illius
3486 5153 3583 5208 de-

1882 5243 2081 5297 lictum
2111 5243 2382 5298 excidisse
2409 5245 2658 5307 videant,
2692 5245 2894 5313 ingens
2924 5243 3135 5297 doloris
3181 5237 3583 5312 argumentum

1886 5332 2148 5387 occurrit.
2177 5334 2281 5400 Ita,
2315 5333 2361 5386 si
2387 5333 2516 5404 quis
2542 5333 2612 5386 ob
2646 5333 2863 5387 crimen
2894 5333 3044 5387 laesae
3074 5331 3385 5402 majestatis
3417 5333 3584 5387 amit-

1884 5426 1968 5474 tat
1996 5421 2144 5475 bona
2175 5421 2282 5474 sibi
2336 5438 2369 5475 a
2421 5421 2679 5492 principe
2739 5425 2906 5475 antea
2956 5421 3184 5486 donata,
3220 5437 3410 5476 nonne
3463 5421 3587 5493 ejus

1885 5509 1987 5565 ﬁlii
2016 5509 2186 5563 toties
2216 5509 2435 5580 ingenti
2476 5509 2704 5564 tristitia
2735 5507 3139 5579 corripientur,
3196 5509 3419 5581 quoties
3445 5526 3586 5580 prai-

1888 5603 2104 5653 sentem
2145 5598 2479 5670 pauperiem
2535 5614 2664 5652 cum
2718 5597 2927 5652 amissa
2971 5598 3253 5653 bonorum
3298 5598 3589 5652 afﬂuentia
