3906 6182
355 320 458 373 659

1383 319 1942 376 SUPPLEMENTUM
1985 319 2074 374 AD
2111 319 2348 376 OPERA
2387 323 2440 377 S.
2485 319 2863 378 AUGUSTlNI.
3700 335 3775 386 660

358 444 813 516 comparabunt?
842 445 1204 510 Quodautem
1233 445 1418 499 aliena
1467 445 1634 516 culpa
1673 441 1743 497 in
1772 458 1904 497 eum
1934 445 2049 496 sta-
2079 443 2124 500 Α
2160 458 2372 514 pueros
2401 459 2518 499 non
2570 443 2799 508 tristari,
2854 442 2989 515 quia
3021 441 3081 498 id
3110 457 3223 498 non
3266 450 3445 514 posset
3477 447 3776 521 contingere,

359 537 485 588 tum
515 533 845 595 deciderint,
875 533 1158 604 pudorem
1185 532 1442 605 quidem,
1490 533 1587 587 sed
1632 548 1749 586 non
1798 531 2056 586 dolorem

364 623 603 689 minuet,
642 621 759 676 imo
797 621 970 675 istum
1013 623 1143 694 plus
1197 622 1450 694 augebit.
1513 620 1708 676 Pueris
1753 636 1887 674 vero
1938 636 2055 674 non

366 710 536 764 modo
565 726 734 781 pmna
771 709 988 764 inﬂicta
1025 715 1133 776 est,
1163 727 1362 764 verum
1401 709 1576 764 etiam
1604 709 1752 764 inest
1779 709 1967 780 culpa,
2001 712 2059 762 et

366 803 499 853 sunt
526 814 724 868 reapse
753 804 1100 869 peccatores,
1133 800 1282 854 unde
1312 815 1443 853 cum
1470 798 1699 853 tristitia
1749 797 1920 853 etiam
1948 813 2056 868 pu-

369 886 472 941 dor
500 885 560 940 in
588 885 700 940 illis
741 886 1044 957 reperitur.

434 974 804 1046 Respondent
851 975 946 1029 alii
977 991 1185 1047 pueros
1215 975 1431 1030 nullam
1462 975 1757 1030 habituros
1785 974 2059 1044 cognitio-

361 1079 494 1118 nem
525 1063 723 1135 gloriae
746 1068 998 1131 aeternae,
1028 1066 1181 1136 quod
1206 1065 1327 1119 haec
1355 1069 1440 1119 est
1463 1065 1934 1136 super-naturalis,
1957 1080 2060 1118 nec

361 1153 608 1207 naturali
660 1169 975 1223 puerorum
1031 1153 1360 1225 cognitione
1408 1153 1614 1222 attingi
1662 1152 1895 1224 poterit.
1948 1151 2059 1206 Sed

361 1244 485 1297 huic
505 1241 802 1312 responsio
846 1242 1113 1313 superius
1162 1243 1372 1313 rejecta
1423 1246 1528 1308 est,
1561 1241 1660 1295 ubi
1690 1241 2061 1312 probavimus

360 1347 573 1402 pueros
601 1331 826 1384 futuros
869 1331 930 1384 in
961 1331 1220 1385 sinistra:
1245 1331 1524 1386 videbunt
1551 1331 1706 1384 enim
1755 1345 1785 1384 e
1841 1329 2060 1384 diverso

361 1419 589 1485 electos,
621 1434 834 1490 eosque
879 1420 948 1474 ad
983 1425 1257 1474 mternam
1289 1421 1534 1491 gloriam
1565 1419 1774 1474 vocari.
1825 1418 2061 1473 Interim

358 1506 498 1577 quid
523 1506 611 1561 his
623 1513 929 1578 reponeret
955 1510 1332 1579 Augustinus.
1386 1508 1486 1581 qui
1508 1509 1822 1563 absurdum
1841 1507 2062 1578 putavit

360 1610 569 1665 pueros
598 1593 880 1666 imagines
914 1597 1015 1651 Dei
1072 1597 1228 1652 haud
1277 1613 1468 1652 amare
1500 1613 1742 1668 regnum
1776 1597 1894 1665 Dei,
1924 1596 2060 1651 scri-

362 1683 502 1738 bens
552 1683 650 1738 lib.
710 1700 765 1738 vr
793 1689 992 1740 contra
1045 1687 1183 1756 Jul.,
1237 1702 1360 1758 cap.
1395 1687 1466 1741 4»:
1502 1686 1607 1741 «Si
1658 1686 1767 1740 hoc
1818 1687 1900 1740 eis
1944 1702 2061 1741 non

2164 532 2275 587 nisi
2304 533 2518 588 nollent
2542 549 2734 588 carere
2762 531 3133 596 beatitudine,
3165 547 3341 604 neque
3375 551 3485 588 esse
3514 536 3569 590 in
3597 553 3778 596 carcere

2165 621 2391 694 captivi,
2449 639 2577 694 quae
2608 639 2789 693 paenae
2829 621 2968 692 ipsis
3022 621 3343 674 nolentibus
3386 623 3708 696 accidissent,
3746 636 3784 684 at

2169 715 2302 765 tunc
2330 716 2648 782 peccarent,
2682 711 2814 781 quia
2847 709 3125 765 haberent
3153 710 3488 765 voluntatem
3512 713 3782 772 ditformem

2167 798 2440 852 voluntati
2471 798 2696 854 divinae.
2725 802 2797 854 Ex
2825 816 2938 871 quo
2970 799 3227 853 discursu
3267 804 3414 868 patet
3457 801 3626 855 virum
3654 805 3788 858 subti-

2168 886 2451 941 lissimum
2482 904 2552 941 ne
2580 888 2856 959 cogitasse
2885 888 3121 959 quidem
3160 877 3229 941 8e
3255 887 3472 940 tristitia
3507 905 3623 959 quia
3647 892 3790 947 oritur

2169 992 2236 1030 ex
2264 981 2515 1047 peccato.
2567 977 2671 1031 Sed
2728 993 2832 1031 nec
2891 976 3034 1030 ratio
3081 976 3196 1041 illa,
3255 992 3418 1046 quam
3449 983 3568 1030 ante
3610 979 3791 1035 Scotum

2169 1068 2365 1117 noster
2391 1062 2645 1133 Egidius
2675 1063 2962 1134 produxit,
2992 1062 3307 1134 quidquam
3352 1064 3570 1134 probat;
3623 1068 3792 1122 etenim

2168 1151 2355 1223 pueri,
2385 1168 2516 1206 cum
2557 1151 2672 1206 sint
2709 1158 3051 1223 peccatores,
3101 1151 3313 1205 habent
3348 1152 3669 1208 voluntatem
3709 1157 3795 1210 dif-

2169 1239 2411 1294 formem
2458 1241 2737 1294 voluntati
2775 1240 3013 1307 divinae;
3054 1245 3186 1294 sunt
3231 1240 3406 1294 aversi
3453 1256 3484 1294 a
3538 1242 3636 1295 Deo
3681 1249 3726 1297 et
3746 1245 3798 1298 ad

2169 1333 2489 1383 creaturam
2520 1328 2806 1394 conversi;
2843 1333 2977 1382 sunt
3031 1344 3163 1382 vasa
3211 1327 3311 1382 irae
3363 1333 3418 1382 et
3460 1331 3799 1397 contumeliae;

2170 1422 2303 1472 sunt
2357 1433 2387 1472 e
2443 1433 2680 1472 numero
2730 1418 3105 1488 reproborum
3137 1432 3149 1470 :
3185 1432 3299 1470 non
3351 1422 3477 1470 sunt
3510 1419 3800 1473 reconciliati

2171 1506 2310 1570 Deo,
2334 1505 2431 1559 sed
2471 1505 2622 1558 inter
2663 1506 2918 1576 ejusdem
2957 1504 3222 1558 inimicos
3260 1510 3656 1576 computantur,
3687 1506 3802 1561 unde

2169 1595 2257 1648 ira
2282 1595 2382 1649 Dei
2415 1599 2606 1648 manet
2635 1610 2806 1665 super
2833 1594 2983 1648 illos.
3016 1594 3238 1648 Habent
3265 1609 3398 1665 ergo
3435 1607 3498 1647 ex
3522 1592 3714 1664 origine
3733 1611 3802 1647 vo-

2171 1684 2448 1737 luntatem
2469 1683 2790 1738 diﬂ‘ormem
2820 1683 3102 1737 voluntati
3131 1681 3364 1737 divinas.
3397 1686 3479 1736 An
3531 1698 3648 1736 vero
3687 1683 3803 1753 quod

362 1771 472 1826 erit
501 1773 738 1836 malum,
761 1789 881 1828 non
912 1790 1050 1845 ergo
1077 1775 1354 1830 amabunt
1384 1791 1627 1845 regnum
1662 1775 1760 1830 Dei
1790 1780 1876 1830 tot
1894 1775 2064 1830 inno-
2093 1746 2135 1801 Β
2168 1772 2320 1843 juste
2351 1787 2409 1826 se
2439 1771 2672 1826 videant
2706 1771 2980 1842 torqueri,
3028 1770 3309 1842 patienter
3360 1776 3629 1824 tormenta
3673 1771 3801 1824 susti-

361 1864 551 1915 centes
583 1861 864 1932 imagines
895 1862 1015 1918 Dei.
1065 1863 1122 1918 Si
1179 1869 1374 1918 autem
1421 1865 1719 1929 amabunt,
1753 1869 1811 1919 et
1839 1869 2064 1920 tantum

360 1949 638 2004 amabunt
669 1955 951 2021 quantum
981 1951 1316 2006 innocentes
1361 1968 1553 2006 amare
1585 1954 1794 2007 debent
1820 1969 2065 2024 regnum

361 2037 507 2108 ejus,
537 2054 570 2092 a
594 2054 710 2109 quo
741 2039 812 2093 ad
839 2039 1018 2110 ipsius
1066 2040 1380 2111 imaginem
1405 2045 1691 2103 creantur,
1752 2040 1896 2096 nihil
1930 2041 2066 2096 mali

362 2125 434 2179 de
489 2126 596 2180 hac
620 2125 747 2196 ipsa
800 2128 1162 2198 separatione
1219 2128 1510 2199 patientur
1536 2132 1563 2183 ‘2
1596 2150 1618 2178 ι
1655 2129 1800 2194 Quid
1839 2129 1949 2196 his,
1982 2130 2067 2184 in-

364 2229 560 2286 quam,
588 2221 917 2286 reponeret,
955 2217 1095 2272 dum
1124 2217 1184 2272 in
1214 2217 1426 2272 scholis
1457 2217 1682 2273 audiret
1709 2234 1920 2289 pueros
1950 2235 2066 2275 non

364 2301 536 2356 modo
570 2317 689 2357 non
714 2319 924 2369 amare,
959 2305 1059 2359 sed
1085 2321 1158 2359 ne
1187 2321 1529 2377 cognoscere
1560 2307 1794 2378 quidem
1823 2324 2068 2380 regnum

367 2389 514 2444 Dei?
542 2392 680 2446 Tam
710 2393 910 2463 procul
939 2393 1012 2448 ab
1048 2395 1357 2465 Augustini
1387 2395 1605 2450 semitis
1664 2396 1881 2450 nobiles
1912 2398 2070 2452 scho-

364 2477 546 2532 lastici
595 2477 808 2533 abiere.
852 2481 1058 2534 Verum
1085 2481 1208 2535 hinc
1255 2482 1370 2536 illis
1410 2484 1806 2552 concedamus,
1839 2485 2068 2540 aliunde

366 2565 660 2621 tristitiam
694 2583 1006 2638 puerorum
1031 2570 1234 2639 probo.
1268 2569 1492 2625 Etenim
1535 2588 1650 2626 non
1703 2574 1889 2627 solum
1937 2578 2070 2629 sunt

366 2653 547 2709 aversi
575 2671 606 2708 a
629 2655 765 2724 Deo,
796 2660 860 2710 ut
908 2663 1138 2712 auctore
1168 2659 1612 2728 supernaturali,
1647 2661 1744 2715 sed
1775 2661 1946 2716 etiam
2005 2667 2072 2717 ut

368 2748 564 2798 auctor
609 2750 866 2800 naturae:
924 2746 1107 2800 Adam
1166 2745 1322 2801 enim
1377 2763 1482 2818 per
1525 2754 1821 2818 peccatum
1873 2751 2069 2806 relicto

367 2832 826 2889 incommutabili
863 2835 1016 2889 bono
1049 2835 1290 2890 adhaesit
1318 2836 1471 2892 bono
1497 2842 1702 2904 creato,
1736 2839 1888 2911 quod
1937 2857 2070 2910 pec-

368 2927 560 2977 catum
589 2939 721 2978 cum
747 2939 817 2978 ex
850 2923 1074 2994 origine
1127 2940 1160 2978 a
1199 2924 1393 2995 pueris
1423 2925 1702 2991 trahatur,
1753 2924 2072 2978 redduntur

371 3009 552 3065 aversi
581 3027 614 3065 a
643 3013 759 3067 Deo
811 3016 868 3066 et
903 3011 1158 3066 conversi
1209 3013 1280 3066 ad
1328 3019 1668 3067 creaturam.
1714 3015 1828 3068 Hoc
1880 3013 2070 3083 ipsum
2102 3044 2139 3099 ρ

370 3098 762 3166 conﬁrmatur,
807 3100 944 3170 quia
990 3101 1078 3154 vel
1121 3099 1288 3171 pueri
1334 3100 1548 3156 habent
1591 3100 1843 3171 aliquem
1893 3100 2071 3155 ﬁnem

372 3187 690 3241 naturalem
737 3202 853 3258 quo
883 3203 1140 3258 possesso
1166 3187 1466 3254 satiantur,
1498 3188 1589 3242 vel
1627 3189 1851 3242 nullum
1896 3190 2070 3244 talem

370 3275 546 3330 tinem
575 3281 819 3345 possunt
845 3275 1155 3346 possidere.
1190 3276 1250 3331 Si
1291 3276 1546 3346 primum
1575 3276 1763 3343 detur,
1821 3281 1952 3348 peto
1981 3278 2070 3333 vel

372 3359 481 3415 erit
509 3360 599 3415 hic
627 3361 758 3416 ﬁnis
786 3363 949 3426 Deus,
998 3363 1086 3417 vel
1115 3363 1412 3418 creatura?
1463 3363 1510 3418 si
1563 3369 1843 3430 creatura,
1901 3371 2072 3420 erunt

369 3449 547 3521 igitur
573 3454 896 3522 peccatores
927 3454 983 3505 et
1010 3451 1191 3506 aversi
1218 3468 1251 3506 a
1283 3453 1394 3507 Deo
1425 3456 1487 3506 ut
1532 3457 1762 3508 auctore
1810 3459 2027 3509 natura:
2053 3471 2066 3522 ;

373 3537 420 3592 si
450 3553 582 3593 vero
613 3539 762 3593 Deus
791 3538 903 3594 erit
947 3539 1188 3595 ultimus
1219 3539 1372 3608 ﬁnis,
1407 3546 1691 3612 quatenus
1735 3542 2070 3598 abstractive

372 3627 663 3697 cognitus,
688 3643 826 3698 ergo
853 3628 1129 3682 amabunt
1158 3629 1338 3685 Deum
1366 3633 1424 3684 et
1451 3647 1483 3684 a
1515 3632 1630 3685 Deo
1663 3647 1889 3703 quoque
1918 3648 2073 3686 ama-

371 3714 623 3783 buntur;
677 3716 967 3786 quomodo
1017 3732 1154 3788 ergo
1210 3719 1300 3771 ira
1346 3718 1455 3772 Dei
1519 3724 1698 3773 manet
1743 3735 1908 3789 super
1949 3722 2072 3776 illos

374 3802 553 3874 (Joan.
584 3820 662 3871 ιιι,
713 3803 857 3876 36)?
909 3805 1109 3860 Nonne
1154 3821 1260 3878 per
1288 3811 1585 3877 peccatum
1639 3825 1768 3863 vere
1798 3813 1930 3864 sunt
1953 3809 2074 3864 ini-

371 3892 507 3948 mici
537 3892 667 3948 Dei?
691 3909 806 3964 qua
833 3893 1012 3964 igitur
1035 3894 1256 3950 ratione
1306 3894 1472 3950 illum
1494 3897 1770 3952 amabunt
1796 3898 1824 3953 ‘I
1852 3897 1912 3953 Si
1941 3914 2072 3953 vero

371 3979 513 4034 illud
543 3980 788 4035 alterum
817 3985 1124 4051 asseratur,
1158 3997 1366 4054 nempe
1415 3999 1624 4054 pueros
1653 3985 1880 4039 nullum
1916 3985 2074 4040 habi-

373 4073 532 4124 turos
563 4068 830 4125 ultimum
880 4068 1078 4136 finem,
1126 4075 1296 4126 erunt
1345 4087 1482 4142 ergo
1535 4082 1814 4128 aeternum
1857 4073 2070 4141 miseri,

374 4161 575 4230 utpote
604 4157 817 4212 summi
865 4150 1004 4214 hbui
1043 4160 1400 4230 possessione
1448 4162 1678 4217 exclusi.
1737 4164 1802 4218 Et
1839 4162 2072 4234 quidem

376 4246 468 4300 vix
496 4262 660 4318 posse
691 4246 959 4318 explicari
988 4253 1128 4318 puto
1177 4265 1387 4320 pueros
1433 4250 1592 4304 nulla
1639 4250 1870 4306 tristitia
1897 4251 2067 4317 aflici,

2175 1859 2392 1914 neant?
2425 1859 2749 1930 Respondet
2777 1859 3041 1924 Poncius,
3070 1875 3234 1913 num.
3269 1860 3356 1926 34,
3382 1876 3408 1908 α
3448 1874 3555 1912 non
3583 1873 3687 1911 esse
3721 1857 3800 1911 sibi

2175 1946 2580 2001 inconveniens
2627 1948 2778 2018 quod
2812 1947 3033 2017 parvuli
3069 1947 3128 2001 in
3177 1947 3402 2001 inferno
3443 1952 3657 2017 peccent
3691 1952 3802 2010 actu,

2174 2052 2304 2090 cum
2333 2035 2486 2090 enim
2509 2036 2754 2090 habeant
2783 2052 2951 2090 usum
2985 2037 3148 2090 liberi
3181 2035 3426 2102 arbitrii,
3457 2040 3512 2088 et
3551 2033 3803 2106 puniantur

2175 2126 2522 2180 aaternaliter
2571 2142 2604 2179 a
2637 2127 2768 2190 Deo,
2827 2131 2952 2180 tum
3009 2125 3264 2180 carentia
3312 2123 3679 2191 beatitudinis,
3712 2127 3802 2176 tum

2174 2230 2342 2285 paena
2369 2230 2586 2280 sensus,
2620 2219 2767 2268 esset
2795 2230 2930 2268 sane
2957 2213 3211 2268 maxima
3265 2214 3439 2267 virtus
3470 2212 3526 2266 in
3556 2211 3676 2282 ipsis
3713 2226 3806 2264 con-

2174 2303 2417 2358 formare
2449 2319 2506 2357 se
2538 2302 2746 2357 divinae
2786 2302 3087 2356 voluntati.
3126 2324 3146 2350 ι
3185 2302 3350 2366 Quod
3381 2302 3428 2356 si
3484 2298 3806 2370 martyresin-

2175 2391 2498 2447 tensissima
2527 2391 2711 2462 gratia
2741 2391 3064 2462 indignere,
3097 2408 3168 2445 ne
3222 2392 3282 2446 in
3332 2390 3616 2444 tormentis
3658 2387 3808 2442 delice-

2177 2485 2326 2546 rent,
2357 2484 2454 2534 sed
2488 2497 2592 2550 pro
2622 2479 2899 2550 religione
2959 2485 3310 2550 pugnarent,
3343 2493 3682 2550 nequaquam
3716 2474 3807 2529 ﬁeri

2178 2584 2342 2639 posse
2371 2567 2593 2622 videtur
2618 2573 2682 2622 ut
2711 2568 2873 2639 pueri
2900 2567 3034 2621 solis
3063 2567 3282 2621 viribus
3319 2573 3533 2620 naturas
3570 2571 3724 2618 tantos
3764 2577 3807 2614 ac

2177 2663 2296 2712 tam
2327 2657 2532 2727 longos
2570 2657 2856 2710 cruciatus
2893 2656 3182 2726 patienter
3209 2657 3497 2711 sufferant.
3532 2655 3633 2709 Nec
3657 2667 3711 2706 ex
3733 2649 3810 2704 alia

2180 2750 2340 2816 parte
2372 2745 2594 2800 videtur
2622 2745 2859 2815 justitiaa
2915 2744 3122 2799 divine.
3163 2760 3482 2799 consonum
3511 2749 3569 2796 ut
3611 2739 3811 2795 hostibus

2181 2833 2318 2899 suis,
2350 2833 2450 2904 qui
2477 2837 2611 2887 sunt
2635 2833 2705 2888 de
2734 2832 2955 2888 familia
2976 2833 3194 2888 diaboli
3228 2837 3448 2888 tantam
3496 2829 3682 2887 divina
3721 2841 3810 2898 gra-

2181 2923 2276 2978 tia:
2305 2924 2418 2978 vim
2447 2923 2828 2995 impertiatur.

2357 3012 2650 3067 Solvuntur
2693 3013 2980 3066 contrariae
3027 3013 3310 3066 sententiae
3364 3013 3679 3078 argumenta.

2251 3098 2478 3170 Optime
2503 3099 2788 3170 judicasse
2844 3098 3094 3153 arbitror
3137 3099 3420 3153 Joannem
3470 3097 3715 3152 Poncium
3747 3110 3813 3147 su-

2178 3187 2371 3258 perius
2403 3187 2723 3257 laudatum,
2747 3203 2878 3242 cum
2910 3203 3067 3241 num.
3124 3190 3192 3241 l0
3225 3187 3371 3241 dixit
3423 3185 3680 3258 appositae
3720 3197 3813 3235 sen-

2179 3276 2372 3330 tentias
2402 3282 2739 3347 argumenta
2769 3292 2889 3332 esse
2915 3279 3076 3346 parvi
3117 3279 3399 3345 momenti,
3430 3275 3577 3347 quod
3629 3270 3820 3326 breviter

2181 3366 2480 3436 apparebit
2517 3382 2582 3420 ex
2621 3367 2876 3437 subjecta
2921 3364 3262 3420 earumdem
3307 3363 3674 3420 dissolutione.
3703 3357 3817 3427 Obji-

2177 3452 2337 3507 ciunt
2361 3459 2417 3508 l°
2448 3455 2836 3525 Augustinum
2862 3455 2930 3509 de
2970 3453 3155 3524 poenis
3181 3455 3550 3525 parvulorum
3571 3449 3819 3506 dubitasse,

2180 3545 2234 3594 et
2265 3547 2328 3596 ut
2359 3542 2562 3597 Goneti
2616 3541 2800 3596 verbis
2854 3546 2998 3609 utar,
3050 3541 3194 3613 disp.
3227 3547 3258 3596 7
3315 3542 3386 3596 de
3441 3542 3659 3596 Peccato
3687 3532 3820 3604 origi-

2182 3629 2316 3696 nali,
2359 3634 2471 3683 art.
2510 3635 2564 3697 7,
2600 3647 2756 3684 num.
2795 3633 2915 3698 190,
2959 3629 3133 3684 fuisse
3178 3631 3413 3685 dubium
3457 3633 3506 3684 et
3551 3627 3750 3682 anxium
3781 3621 3824 3673 in

2181 3719 2280 3773 hac
2308 3720 2558 3773 materia.
2590 3721 2732 3774 Nam
2763 3718 2858 3775 lib.
2902 3735 2959 3772 Ill
2989 3718 3060 3772 de
3096 3718 3305 3774 Libero
3342 3716 3594 3780 arbitrio,
3629 3728 3733 3783 cap.
3756 3710 3820 3770 23.

2181 3807 2299 3862 ait:
2349 3809 2473 3862 Non
2511 3807 2667 3862 enim
2723 3807 3100 3862 metuendum
3147 3812 3238 3863 est
3268 3824 3343 3863 ne
3368 3806 3483 3861 vita
3529 3818 3643 3859 esse
3668 3804 3824 3873 potue-

2181 3897 2256 3952 rit
2305 3897 2494 3952 media
2549 3897 2814 3968 quaedam
2844 3896 2998 3951 inter
3056 3901 3212 3952 recte
3244 3897 3460 3952 factum
3493 3899 3653 3964 atque
3675 3900 3826 3960 pecca-

2181 3990 2326 4052 tum,
2359 3991 2416 4040 et
2443 3985 2723 4040 sententia
2747 3985 2958 4056 judicis
3011 3983 3205 4040 media
3235 4001 3360 4040 esse
3395 3999 3509 4038 non
3532 3978 3693 4053 possit
3715 3975 3827 4030 inter

2182 4073 2486 4144 praemium
2516 4077 2688 4144 atque
2718 4071 3084 4144 supplicium.
3121 4093 3145 4122 ι
3181 4072 3269 4128 Ibi
3299 4077 3492 4128 autem
3520 4070 3585 4125 de
3631 4060 3829 4138 parvulis

2182 4162 2453 4234 loquitur.
2513 4161 2684 4216 Addit
2737 4161 3151 4216 Bellarminus:
3214 4162 3321 4217 Illa
3384 4172 3669 4230 nunquam,
3721 4145 3830 4222 quod

2181 4253 2369 4314 sciam,
2422 4251 2761 4317 Augustinus
2820 4254 3160 4306 retractauit.
3221 4250 3447 4306 Omissa
3497 4242 3827 4319 responsione.

371 4334 511 4389 dum
541 4340 805 4402 cernunt,
837 4335 988 4407 quod
1019 4338 1106 4390 ira
1136 4336 1240 4390 Dei
1258 4340 1437 4391 manet
1477 4351 1641 4407 super
1661 4339 1804 4406 illos,
1838 4339 1977 4394 dum
2007 4357 2064 4394 se
2100 4343 2142 4397 ι)
2180 4341 2239 4395 Ρ.
2302 4339 2546 4405 Macedo,
2581 4355 2698 4394 non
2727 4339 2884 4410 quod
2914 4339 3056 4394 falsa
3085 4339 3176 4405 sit,
3231 4340 3328 4394 sed
3359 4337 3512 4411 quod
3546 4333 3723 4389 melior
3739 4329 3829 4382 hac

374 4421 568 4476 vident
614 4423 836 4478 macula
866 4423 1082 4495 peccati
1128 4423 1391 4478 infectos.
1440 4424 1679 4480 Doletne
1729 4429 1884 4496 ipsos
1914 4429 2070 4498 quod

377 4509 436 4564 in
461 4515 690 4580 peccato
721 4513 898 4566 sunt?
929 4511 1066 4577 Quis
1095 4517 1288 4566 autem
1317 4512 1426 4567 hoc
1453 4513 1674 4584 neget?
1695 4515 1896 4585 Magna
1915 4515 2067 4571 enim

377 4603 511 4653 tunc
566 4598 711 4654 foret
756 4599 986 4654 illorum
1036 4600 1396 4671 perversitas,
1428 4617 1494 4656 ac
1523 4601 1816 4674 suppliciis
1844 4603 2068 4673 gravio-

373 4687 538 4742 ribus
562 4685 861 4743 addicendi
899 4693 1104 4751 essent,
1136 4687 1184 4742 si
1214 4689 1283 4744 de
1339 4692 1568 4760 peccato
1618 4705 1737 4744 non
1775 4689 2068 4746 tristaren-

377 4781 487 4833 tur.
512 4775 571 4833 Si
600 4781 795 4831 autem
845 4779 1024 4832 status
1053 4778 1268 4849 peccati
1321 4779 1580 4834 dolorem
1635 4779 1864 4850 ingerit,
1893 4780 2070 4836 iidem

373 4865 550 4922 etiam
600 4864 934 4934 tristantur;
967 4865 1196 4922 tristitia
1226 4866 1382 4922 enim
1412 4873 1498 4923 est
1550 4868 1713 4923 dolor
1741 4868 1810 4924 de
1837 4868 1908 4923 iis
1939 4885 2070 4941 quae

372 4954 541 5012 nobis
573 4953 900 5010 nolentibus
924 4955 1205 5012 accidunt.
1254 4958 1464 5012 Pueros
1505 4962 1700 5013 autem
1748 4958 1900 5012 nolle
1948 4975 2068 5013 esse

373 5045 435 5102 in
463 5048 612 5100 statu
638 5045 874 5117 peccati,
908 5049 1128 5100 certum
1174 5049 1335 5117 puto,
1364 5045 1515 5117 quod
1562 5049 1777 5114 tamen,
1810 5047 2068 5120 quamvis

374 5133 719 5202 nolentibus,
749 5138 1032 5189 aeternum
1077 5134 1190 5189 illis
1243 5133 1575 5191 adhaerebit.
1633 5136 1778 5192 Sane
1821 5137 2070 5192 arbitror

372 5221 503 5277 illos
532 5222 632 5293 qui
659 5227 875 5294 negant
896 5221 1111 5277 tristari
1138 5223 1403 5293 parvulos
1450 5239 1522 5278 ne
1550 5223 1802 5294 cogitare
1835 5223 2066 5296 quidem

373 5309 444 5365 de
473 5311 696 5365 macula
724 5311 962 5381 peccati,
990 5327 1121 5367 cum
1150 5316 1344 5366 tamen
1375 5311 1489 5367 sint
1527 5311 1758 5384 proprie
1802 5317 2067 5382 peccato-

372 5413 484 5454 res.
516 5399 827 5470 Pelagiani,
858 5401 958 5474 qui
987 5417 1195 5472 pueros
1223 5400 1558 5456 innocentes
1604 5401 1902 5472 putabant,
1939 5417 2065 5456 ma-

371 5487 460 5556 gis
487 5494 902 5560 consequenter
953 5491 1219 5546 dicebant
1263 5491 1492 5546 eosdem
1545 5491 1632 5545 vel
1689 5507 1923 5561 parvam
1977 5493 2064 5547 vel

372 5575 593 5634 nullam
619 5577 906 5634 tristitiam
936 5579 1074 5650 pati.
1134 5580 1390 5634 Profecto
1421 5580 1620 5634 Scotus
1671 5579 1805 5635 inde
1862 5580 2065 5652 probat

2181 4429 2358 4483 altera
2403 4433 2596 4483 nostra
2667 4429 2911 4498 videtur,
2971 4428 3097 4483 dlCO
3160 4425 3682 4497 Semi-Pelagianos
3725 4417 3828 4472 olim

2180 4518 2381 4573 eodem
2413 4517 2740 4572 testimonio
2771 4518 2981 4572 abusos
3011 4516 3182 4571 fuisse
3233 4521 3303 4571 ut
3359 4515 3596 4586 gradum
3627 4505 3829 4565 facerent

2179 4606 2249 4660 ad
2279 4605 2710 4678 infringendum
2726 4609 3132 4676 argumentum
3151 4621 3183 4658 a
3205 4603 3463 4676 parvulis
3482 4602 3550 4656 ab
3571 4592 3831 4669 Augustino

2180 4695 2505 4762 deductum,
2560 4699 2622 4748 ut
2656 4694 2900 4764 gratiam
2930 4709 2999 4748 ex
3044 4693 3267 4748 meritis
3318 4692 3696 4763 exploderent.
3736 4682 3831 4736 Hec

2179 4783 2375 4838 scribit
2409 4783 2653 4838 Hilarius
2702 4783 2773 4837 ad
2799 4782 3227 4854 Augustinum:
3268 4801 3293 4832 ι
3355 4778 3708 4836 Parvulorum
3754 4783 3827 4823 au-

2178 4875 2294 4926 tem
2342 4887 2572 4927 causam
2613 4872 2684 4926 ad
2713 4872 3042 4942 exemplum
3089 4871 3380 4942 majorum
3437 4885 3549 4923 non
3589 4863 3833 4936 patiuntur

2179 4959 2403 5028 afferri;
2463 4977 2638 5032 quam
2684 4965 2741 5015 et
2785 4970 2942 5015 tuam
2987 4960 3364 5016 Sanctitatem
3395 4959 3589 5015 dicunt
3641 4955 3834 5007 eatenus

2179 5037 2452 5120 attigisse,
2500 5055 2566 5104 ut
2619 5066 2888 5105 mcuaruu
2946 5064 3071 5102 esse
3128 5047 3405 5109 volueris,
3464 5063 3526 5101 ac
3585 5040 3750 5114 potius
3775 5033 3834 5130 de

2178 5155 2376 5193 eorum
2410 5138 2595 5210 poenis
2625 5139 2897 5194 malueris
2921 5154 3202 5194 DUBITARB.
3238 5137 3405 5202 Quod
3448 5135 3508 5190 in
3537 5132 3669 5188 libro
3697 5127 3832 5182 tertio

2179 5228 2249 5284 de
2287 5228 2485 5283 Libero
2523 5227 2773 5283 Arbitrio
2821 5227 2902 5282 ita
2933 5227 3186 5298 posuisse
3235 5223 3571 5287 meministi,
3611 5223 3667 5273 ut
3714 5216 3832 5269 hanc

2178 5317 2260 5372 eis
2290 5317 2641 5372 occasionem
2686 5317 2940 5388 potuerit
2980 5316 3268 5371 exhibere.
3318 5333 3348 5365 ι»
3397 5311 3531 5367 Huic
3573 5301 3831 5388 Massilien-

2176 5405 2326 5460 sium
2355 5403 2664 5476 objectioni
2690 5387 3008 5478 respondet
3049 5407 3280 5458 sanctus
3320 5403 3516 5459 doctor
3559 5398 3612 5451 in
3650 5393 3736 5478 lib.
3773 5387 3827 5441 de

2180 5495 2337 5548 Dono
2367 5509 2613 5564 persev.,
2651 5509 2774 5565 cap.
2800 5477 2807 5478 ⁷
2833 5497 2916 5563 l2,
2947 5509 3006 5548 se
3052 5492 3188 5547 olim
3242 5490 3630 5562 presbyterum
3683 5477 3826 5569 libros

2177 5581 2245 5635 de
2278 5582 2477 5637 Libero
2503 5582 2774 5650 Arbitrio,
2816 5599 2961 5654 quos
2988 5582 3164 5637 laicus
3205 5579 3407 5635 Romae
3454 5571 3741 5631 inchoaret.
3777 5577 3821 5615 ιιι
