3906 6182
145 286 225 337 66l

1394 281 1711 335 VINDICIA‘J
1751 283 2302 339 AUGUSTlNIANzE.

3513 287 3617 340 662

142 402 310 458 Africa
353 401 679 464 confecisse,
730 415 938 470 nempe
984 404 1112 454 ante
1160 417 1373 455 annum
1434 405 1555 457 359.
1606 403 1811 472 Quare,
1844 406 1885 460 A
1926 405 2369 460 immoraremur
2388 423 2522 461 vero
2553 406 2611 460 in
2654 405 2735 460 eis
2777 422 2906 477 qua».
2955 407 3225 462 adversus
3255 408 3397 462 alios
3427 408 3616 464 inimi-

143 489 339 544 etiamsi
379 494 513 541 tunc
555 487 619 542 de
645 490 1014 558 parvulorum
1052 491 1229 560 poenis
1252 491 1582 555 dubitasset,
1619 513 1643 542 ‹‹
1692 494 1804 547 Ne-

142 596 239 640 mo,
266 578 352 642 ait,
385 582 447 630 ut
495 578 716 646 opinor,
751 583 898 631 esset
926 584 1041 631 tam
1072 579 1334 649 injustus,
1361 588 1532 650 atque
1553 580 1801 648 invidus,

141 674 222 746 qui
251 690 323 725 me
352 673 628 738 proliCere
654 672 998 740 prohiberet,
1033 680 1202 743 atque
1236 675 1289 726 in
1313 675 1416 728 hac
1448 675 1802 731 dubitatione

142 761 517 815 remanendum
549 761 684 813 mihi
718 776 838 814 esse
865 762 1162 830 judicaret.
1195 782 1220 811 ι)
1255 763 1428 816 Addit
1475 781 1585 817 non
1628 782 1800 835 opor-

136 850 222 903 teri
266 849 405 901 credi
462 865 523 901 se
573 865 637 900 ea
693 849 762 901 de
812 866 871 902 re
919 851 1227 914 dubitasse,
1274 853 1366 905 sed
1411 854 1560 922 quod
1616 854 1790 908 Mani-

136 938 266 999 clitei,
291 936 571 1007 quidquid
600 937 668 990 de
704 937 885 1006 [tantis
932 937 1236 993 infantium
1276 941 1603 1005 sentiretur,
1665 941 1801 1010 reji-

134 1027 283 1080 cieudi
314 1031 498 1088 erant,
534 1042 600 1078 ne
633 1027 872 1079 duarum
906 1034 1259 1096 naturarum,
1297 1046 1500 1099 nempe
1534 1031 1664 1084 mali
1698 1033 1800 1085 bo-

135 1117 276 1186 nique
341 1115 647 1184 permixtio
695 1117 1044 1183 crederetur,
1093 1123 1148 1170 et
1185 1119 1517 1173 concludit:
1563 1143 1582 1167 ι
1641 1121 1801 1174 Absit

129 1212 178 1258 ut
197 1219 405 1256 causam
434 1203 807 1271 parvulorum
837 1203 915 1257 sic
947 1204 1353 1276 relinquamus,
1394 1213 1453 1259 ut
1482 1224 1602 1261 esse
1633 1209 1798 1261 nobis

130 1292 348 1346 dicamus
411 1291 697 1345 incertum
747 1299 937 1345 utrum
986 1293 1041 1346 iu
1094 1295 1316 1348 L'hristo
1366 1297 1707 1360 regenerati,
1751 1297 1797 1350 si

127 1382 413 1436 moriantur
444 1382 693 1452 parvuli,
741 1387 1034 1436 transeant
1084 1383 1139 1435 in
1190 1389 1460 1437 «Tlt'rnam
1514 1385 1793 1450 salutem;

127 1488 216 1526 non
257 1471 573 1537 regenerati
622 1479 814 1524 autem
865 1478 1156 1524 transeant
1196 1472 1252 1526 in
1302 1482 1540 1526 mortem
1592 1489 1795 1526 secun-

125 1560 250 1618 dam,
283 1566 364 1612 etc
425 1579 450 1607 η
502 1561 703 1628 Itaque
754 1564 978 1611 sanctus
1008 1559 1204 1612 doetor
1237 1559 1360 1612 ideo
1390 1576 1503 1612 non
1537 1567 1795 1613 retracta-

125 1647 348 1716 vitquod
382 1647 521 1700 olim
561 1647 829 1699 doc-uerat
874 1647 942 1699 de
983 1646 1165 1715 poenis
1222 1648 1607 1718 parvulorum,
1659 1649 1794 1718 quia

125 1735 176 1788 de
201 1735 385 1788 iisdem
419 1751 536 1787 non
567 1735 939 1789 dobitaxerat.
969 1737 1088 1789 Iino
1127 1735 1181 1788 in
1227 1737 1391 1803 epist.
1432 1739 1499 1790 28
1547 1737 1617 1790 ad
1671 1737 1794 1791 Ilie-

125 1839 413 1890 ron_\muni,
445 1840 582 1892 qua!
617 1824 823 1893 seiipta
868 1825 974 1877 fuit
1020 1841 1172 1877 anno
1219 1827 1342 1890 414,
1392 1842 1519 1877 cum
1565 1826 1797 1879 Orosius

126 1912 168 1965 in
195 1914 364 1966 Asiam
390 1914 828 1975 transmitteret,
861 1913 982 1966 lure
1014 1913 1206 1966 scribit
1244 1920 1473 1968 sanctus
1521 1916 1683 1968 Pati-ir
1726 1915 1794 1968 de

126 2001 291 2055 eodem
323 2002 418 2054 lib.
468 2018 527 2054 ιιι
564 2001 633 2054 de
678 2001 879 2055 Libero
917 2001 1165 2054 Arbitrio
1196 2020 1213 2055 :
1251 2026 1271 2050 σ
1321 2003 1442 2056 Non
1488 2007 1680 2055 tamen
1725 2003 1793 2057 de

126 2088 450 2143 damnatione
484 2106 690 2142 eorum
728 2091 1112 2160 parvulorum,
1147 2090 1243 2161 qui
1276 2091 1396 2144 sine
1421 2091 1516 2144 illo
1551 2095 1794 2162 (nempe

125 2179 406 2249 baptismo)
440 2196 507 2234 ex
549 2180 652 2233 bac
682 2181 794 2233 vita
824 2181 1126 2250 emigrant,
1164 2186 1297 2234 tunc
1335 2181 1549 2252 aliquid
1594 2182 1790 2236 dicen-

127 2267 234 2321 dum
263 2269 470 2338 puta\i,
504 2270 646 2338 quia
679 2286 790 2322 non
826 2269 976 2338 qllud
1011 2286 1161 2323 nunc
1194 2271 1402 2339 agitur.
1433 2270 1726 2339 agebatur.
1762 2290 1789 2321 ι)

130 2357 314 2410 Etenim
343 2357 709 2426 Augustinus
739 2358 947 2412 ibidem
983 2359 1235 2428 disputat
1281 2365 1500 2412 tantum
1548 2360 1616 2412 de
1666 2375 1792 2428 pa:—

129 2444 199 2498 nis
221 2461 345 2513 quas
377 2445 431 2497 in
470 2446 583 2499 hac
613 2445 724 2499 vita
760 2446 977 2515 parvuli
1032 2448 1343 2516 patiuntur.
1398 2448 1537 2501 Ilinc
1580 2448 1790 2502 factum

129 2539 191 2586 est
217 2540 266 2586 ut
290 2534 670 2605 Hieronymus
700 2551 826 2588 cum
858 2535 1177 2604 Augustino
1224 2536 1499 2598 senserit;
1549 2553 1680 2589 nam
1731 2536 1789 2591 in

126 2623 285 2676 eadem
347 2624 597 2692 epistula
648 2624 860 2676 diserte
925 2624 1120 2676 scribit
1164 2625 1529 2694 parvulorum
1570 2625 1790 2678 animas

127 2710 365 2774 damnari,
395 2711 716 2782 inquiens:
768 2735 789 2759 α
830 2712 1093 2765 Damnari
1142 2712 1294 2765 enim
1340 2728 1454 2779 eas,
1505 2713 1551 2765 si
1591 2713 1670 2766 sic
1718 2713 1788 2767 de

127 2814 320 2868 corpore
357 2801 628 2864 exierint,
679 2805 736 2853 et
780 2807 970 2854 sancta
1007 2801 1312 2871 Scriptura,
1364 2807 1419 2854 et
1469 2808 1662 2855 sancta
1706 2807 1789 2857 est

128 2889 254 2940 testis
285 2889 549 2942 Ecclesia.
587 2910 612 2936 ιι
646 2889 877 2942 Orosius
923 2897 1112 2942 autem
1163 2907 1277 2941 una
1325 2906 1454 2943 cum
1500 2890 1603 2944 hac
1643 2891 1789 2961 epis-

128 2976 214 3029 tola
240 2977 428 3031 detulit
459 2979 523 3030 in
558 2977 746 3030 Asiam
781 2978 846 3031 ad
902 2978 1311 3048 Hieronymum
1362 2979 1534 3030 libros
1564 2984 1676 3032 tres
1720 2979 1789 3032 de
1817 2999 1855 3054 ε

128 3072 437 3133 peccatorum
497 3067 718 3122 Meritis
783 3072 838 3120 et
893 3067 1251 3133 remissione,
1293 3067 1349 3119 in
1397 3069 1558 3131 cujus
1605 3067 1785 3136 priori

130 3167 222 3220 cap.
265 3155 326 3207 28
364 3155 561 3207 locum
607 3154 862 3207 medium
911 3171 1226 3226 puerorum
1271 3157 1542 3225 explodit.
1597 3158 1783 3220 Quare

132 3240 463 3313 Hieronymus
495 3242 573 3296 iis
604 3243 780 3304 lectis,
809 3261 871 3296 ac
900 3244 957 3296 in
986 3245 1134 3297 calce
1178 3245 1537 3314 Dialogorum
1587 3245 1782 3298 lauda-

129 3328 538 3400 lis,AuguslinO
566 3347 632 3385 ea
676 3332 736 3385 in
786 3332 1069 3386 sententia
1115 3333 1373 3400 adhesit,
1414 3340 1477 3386 ut
1524 3333 1784 3403 superius

130 3426 368 3475 ostensum
401 3429 508 3478 est.

183 3508 438 3578 Objicinnt
497 3513 564 3564 2°
605 3515 829 3565 sanctos
875 3512 1068 3566 Patres
1126 3512 1453 3582 oppositum
1523 3513 1781 3568 sensisse.

134 3595 310 3653 Etenim
353 3601 748 3654 Nazianzenus
796 3599 855 3652 in
894 3605 1036 3654 orat.
1089 3600 1147 3654 in
1189 3607 1446 3656 sanctum
1500 3603 1784 3656 lavacrum

134 3684 236 3740 dicit
277 3690 417 3760 quod
467 3688 642 3758 pueri
686 3705 778 3742 nec
815 3689 1011 3742 ccrlrsti
1052 3691 1250 3758 gloria,
1294 3707 1385 3744 nec
1418 3692 1704 3760 suppliciis
1751 3707 1786 3744 a

129 3775 242 3839 justo
260 3777 436 3845 judice
484 3779 829 3846 afﬁciantur.
877 3778 1182 3847 Gregorius
1233 3780 1515 3850 Nyssenus
1562 3785 1706 3833 orat.
1758 3783 1777 3834 t

135 3864 288 3919 scribit
313 3882 529 3935 pueros
562 3865 683 3919 sine
726 3866 1010 3935 baptismo
1042 3872 1301 3920 mortuos
1344 3883 1513 3936 neque
1554 3870 1611 3920 in
1642 3869 1786 3922 dolo-

133 3952 250 4006 ribus
279 3970 334 4009 ac
359 3955 620 4010 mmstitia
645 3970 773 4008 esse.
814 3955 1047 4008 Addunt
1081 3957 1443 4009 Ambmsium
1485 3956 1540 4009 in
1582 3972 1702 4026 cap.
1754 3960 1784 4010 5

134 4043 180 4091 ad
201 4041 368 4112 Rom,
398 4045 502 4098 ubi
537 4044 614 4096 ait
644 4061 657 4097 :
692 4045 789 4098 Est
819 4049 869 4097 et
898 4045 1011 4097 alia
1056 4059 1218 4110 mors,
1269 4060 1387 4113 quae
1429 4046 1662 4099 secunda
1699 4045 1785 4098 di-

135 4131 262 4198 citur,
290 4150 445 4201 quam
477 4149 589 4187 non
617 4139 830 4202 peccato
865 4133 1002 4187 Ade
1038 4136 1307 4200 patimur,
1353 4133 1448 4187 sed
1483 4134 1598 4202 ejus
1642 4151 1786 4189 occa-

135 4220 247 4273 sione
276 4225 520 4292 propriis
554 4225 791 4292 peccatis
840 4225 1164 4290 acquiritur.
1214 4222 1468 4292 Denique
1512 4224 1787 4278 Innocen-

136 4305 220 4359 tius
266 4311 354 4374 llI,
403 4311 482 4366 lib
553 4328 609 4364 ιιι
662 4312 844 4375 Decr.,
881 4311 966 4363 tit.
1017 4310 1086 4364 de
1139 4311 1295 4380 Bapt.
1364 4326 1487 4380 cap.
1531 4311 1781 4378 Majores.
1821 4297 1860 4350 ί)

136 4395 292 4451 scribit
322 4412 334 4452 :
385 4401 552 4454 Ptrna
611 4400 897 4466 originalis
939 4401 1149 4469 peccati
1180 4404 1258 4454 est
1295 4401 1533 4453 carentia
1567 4401 1792 4453 visionis

141 4484 240 4545 Dei;
262 4491 488 4542 actual-is
518 4504 642 4542 vero
668 4504 825 4557 pana
857 4491 1079 4558 peccati
1117 4495 1194 4542 est
1240 4489 1488 4555 gehennae
1521 4491 1793 4557 perpetuae

139 4576 384 4630 cruciatus.
446 4576 788 4646 Respondeo
841 4592 905 4628 ea
952 4575 1068 4629 fere
1120 4575 1360 4643 ratione,
1408 4592 1520 4646 qua
1567 4582 1792 4628 sanctus

141 4659 265 4714 Pater
290 4665 466 4734 capite
505 4666 566 4718 14
596 4665 664 4717 de
700 4664 1200 4717 Prmdestinntione
1247 4671 1574 4718 sanctorum
1623 4665 1789 4717 satis-

137 4746 247 4802 lacit
300 4751 758 4818 Massiliensibus,
809 4752 908 4822 qui
952 4753 1291 4822 objiciebant
1337 4760 1553 4806 veteres
1602 4755 1792 4807 Patres

135 4834 186 4888 de
208 4838 484 4894 hominum
529 4841 1054 4910 prmdestinatione,
1085 4857 1243 4894 secus
1280 4858 1342 4896 ac
1383 4842 1790 4912 Augustinum,

137 4927 359 4984 sensisse.
424 4929 568 4994 Quid
621 4930 816 5000 igitur,
876 4930 1084 5000 inquit,
1144 4945 1288 4999 Opus
1335 4935 1418 4983 est
1471 4937 1533 4985 ut
1592 4947 1793 4985 eorum

137 5021 416 5077 scrutemur
447 5022 742 5088 opuscula,
775 5019 871 5089 qui
906 5019 1240 5089 priusquam
1271 5018 1374 5071 ista
1419 5019 1651 5072 Ιιιριρείε
1687 5019 1794 5073 ori-

134 5107 280 5166 retur,
303 5121 413 5160 non
446 5107 772 5161 habuerunt
802 5107 1193 5160 necessitatem
1225 5106 1283 5160 in
1321 5107 1427 5160 hac
1458 5106 1672 5160 difticili
1723 5108 1794 5162 ad

137 5190 427 5248 solvendum
461 5195 777 5266 quaestione
807 5195 1041 5259 versari,
1076 5195 1229 5266 quod
1260 5197 1457 5266 procul
1505 5195 1677 5250 dubio
1709 5197 1796 5250 fa-

136 5284 311 5343 cerent,
378 5282 424 5336 si
495 5284 844 5353 respondere
908 5283 1112 5338 talibus
1175 5285 1560 5353 cogerentur?
1635 5285 1794 5338 Unde

139 5365 314 5423 tactum
338 5376 421 5425 est
452 5378 510 5425 ut
539 5372 608 5426 de
639 5372 820 5444 gratia
860 5372 956 5426 Dei
990 5372 1193 5442 (dicam
1241 5371 1309 5425 de
1357 5370 1539 5441 poenis
1587 5387 1794 5442 parvu-

144 5452 317 5523 lorum)
364 5461 496 5530 quid
553 5463 848 5528 sentirent,
890 5461 1137 5515 breviter
1176 5459 1516 5532 quibusdam
1566 5459 1796 5530 scripto-

150 5555 248 5594 rum
313 5563 537 5602 suorum
625 5549 786 5616 locis,
863 5555 918 5603 et
973 5564 1350 5603 TRANSEUNTER
1423 5565 1792 5614 A'I'I'lNGERI-ZNT,

1911 513 2002 550 cos
2038 497 2292 550 Ecclesiae
2341 497 2730 565 disputabant.
2787 516 2812 545 »
2861 496 3198 565 Respondeo
3251 513 3449 550 rursus
3485 499 3614 552 Gre-

1912 585 2138 656 gorium
2173 584 2590 638 Nazianzt-num
2637 601 2702 637 eo
2751 583 2859 637 loci
2899 584 3008 637 tria
3053 583 3353 638 hominum
3402 601 3614 656 genera

1911 674 2030 726 sine
2064 673 2343 742 baptismo
2376 672 2769 726 decedentium
2805 689 3096 726 recensere
3127 689 3139 726 :
3187 689 3366 726 unum
3413 690 3612 729 eorum

1911 763 2009 834 qui
2059 762 2403 833 baptismum
2447 766 2937 831 contempserunt,
2986 762 3228 814 alterum
3265 777 3464 815 eorum
3508 760 3608 833 qui

1909 851 2048 904 illud
2083 867 2147 904 ex
2200 849 2549 920 negligentia
2594 850 2928 913 omiserunt,
2981 857 3333 920 postremum
3377 851 3609 904 illorum

1909 939 2008 1010 qui
2059 956 2162 993 nec
2200 956 2267 993 ex
2311 945 2644 1009 contemptu
2693 955 2794 992 nec
2841 955 2909 991 ex
2957 939 3306 1009 negligentia.
3344 939 3466 992 sine
3511 939 3608 992 illo

1907 1031 2122 1082 mortui
2169 1033 2299 1081 sunt
2370 1028 2674 1096 Comparat
2732 1032 2921 1080 autem
2972 1043 3164 1096 poenas
3222 1027 3601 1082 eorumdem:

1908 1117 2126 1188 priores
2157 1117 2237 1170 ait
2265 1132 2463 1187 grates
2491 1132 2684 1186 [uenas
2716 1116 2870 1180 dare,
2916 1116 3123 1168 alteros
3169 1115 3420 1170 minores
3467 1115 3606 1188 pati,

1905 1214 2223 1277 postremos
2277 1222 2380 1258 nec
2425 1205 2638 1258 caelesti
2689 1203 2872 1273 gloria
2923 1203 3146 1268 donari,
3199 1205 3293 1257 sed
3331 1221 3434 1258 nec
3482 1221 3608 1274 sup-

1907 1296 2092 1366 pliciis
2116 1295 2298 1348 addici
2340 1295 2547 1366 quibus
2592 1294 2684 1347 alii
2733 1293 2804 1346 ob
2855 1298 3255 1362 contemptum
3302 1293 3386 1346 vel
3431 1293 3607 1364 negli-

1905 1391 2107 1454 genter
2149 1384 2423 1436 omissum
2475 1382 2821 1451 baptismum
2871 1381 3270 1451 subjiciuntur.
3325 1381 3484 1444 Quod
3515 1397 3609 1434 ve-

1905 1473 2192 1529 rissimum
2238 1476 2340 1536 est,
2385 1471 2467 1525 illi
2497 1471 2650 1524 enim
2685 1470 2901 1523 actuale
2945 1475 3238 1540 peccatum
3268 1468 3606 1522 commisere

1902 1561 1959 1615 in
2009 1560 2425 1614 contemnendo
2472 1560 2557 1612 vel
2607 1559 2923 1612 omittendo
2968 1559 3272 1629 baptismo,
3321 1557 3482 1627 cujus
3513 1556 3605 1610 de-

1906 1650 2173 1704 licticum
2202 1647 2362 1719 pueri
2394 1648 2474 1701 rei
2501 1664 2614 1701 non
2658 1649 2792 1707 sint,
2831 1663 3016 1717 neque
3065 1645 3359 1715 suppliciis
3402 1646 3605 1699 iisdem

1905 1738 2159 1809 torqueri
2193 1741 2443 1807 possunt.
2489 1735 2790 1805 Gregorius
2839 1752 2972 1788 vero
3018 1736 3301 1804 Nyssenus
3343 1734 3604 1788 dubitan-

1875 1835 1990 1882 .ter
2022 1827 2297 1898 loquitur,
2350 1841 2480 1878 nam
2531 1824 2744 1877 ibidem
2788 1823 3161 1894 quaestionem
3201 1823 3346 1875 hanc
3377 1823 3444 1875 de
3477 1839 3603 1892 par-

1903 1917 2048 1970 vulis
2089 1917 2210 1968 sine
2255 1914 2536 1984 baptismo
2578 1913 2948 1966 morientibus
2988 1917 3150 1965 vocat
3193 1912 3473 1979 difficilem
3512 1915 3596 1965 at-

1902 2021 2004 2075 que
2053 2005 2392 2074 perplexum.
2463 2003 2638 2056 Addit
2695 2001 2912 2055 nescire
2969 2018 3027 2054 se
3081 2016 3153 2054 an
3216 2001 3314 2054 illa
3379 2016 3602 2069 quaeque

1900 2097 2087 2148 anima
2110 2093 2349 2162 judicem
2374 2091 2595 2156 videbit,
2622 2091 2887 2145 tribunali
2907 2106 3026 2143 cum
3045 2091 3170 2143 aliis
3196 2091 3457 2143 sistetur?
3487 2094 3594 2143 etc.

1899 2184 2036 2247 Quae
2085 2189 2277 2235 tamen
2319 2180 2510 2234 omnia
2563 2185 2765 2248 postea
2809 2177 3045 2232 deﬁnita
3086 2181 3239 2236 sunt,
3279 2193 3412 2230 nam
3454 2181 3596 2231 teste

1901 2273 2048 2326 Beda
2076 2271 2133 2324 in
2177 2269 2453 2340 prooemio
2501 2268 2885 2332 Canticorum,
2934 2265 3032 2338 qui
3064 2271 3235 2335 negat
3277 2281 3484 2336 pueros
3507 2266 3597 2337 ju-

1897 2361 2167 2415 dicandos
2222 2359 2543 2413 contradicit
2603 2359 2877 2412 catholicae
2929 2356 3078 2426 ﬁdei.
3131 2355 3384 2410 Gelasius
3425 2354 3597 2408 etiam

1899 2450 2100 2505 detinit
2130 2465 2338 2518 pueros
2369 2451 2425 2500 in
2455 2450 2681 2502 sinistra
2713 2449 2924 2512 regione
2943 2448 3058 2499 sine
3079 2445 3401 2513 baptismate
3419 2459 3595 2497 rema-

1895 2556 2038 2594 nere.
2093 2538 2176 2592 Ad
2229 2536 2620 2589 testimonium
2653 2533 3276 2604 AmbrOsiirespondeo
3322 2531 3595 2602 optimea

1897 2626 2170 2682 cardinali
2220 2625 2557 2678 Bellarmino
2603 2625 2966 2678 observatum
3009 2637 3129 2674 esse
3172 2621 3594 2675 Commentaria

1896 2713 1993 2768 illa
2043 2715 2104 2767 in
2150 2713 2423 2782 Epistolas
2471 2711 2632 2766 Pauli
2675 2727 2976 2782 perperam
3023 2709 3322 2764 Ambrosio
3367 2709 3591 2778 ascribi,

1897 2803 2106 2872 passim
2154 2802 2308 2855 enim
2353 2801 2793 2871 Pelagianorum
2862 2798 3162 2853 sententia:
3232 2797 3437 2852 iisdem
3509 2797 3593 2852 in-

1897 2908 2103 2962 spersa:
2147 2897 2297 2947 sunt.
2343 2891 2494 2961 quod
2548 2891 2669 2944 fuse
2719 2894 2773 2942 et
2822 2887 3044 2942 erudite
3081 2887 3286 2958 probat
3330 2887 3587 2955 Conrius,

1895 2997 2016 3050 cap.
2067 2983 2120 3034 8.
2168 2979 2423 3033 Profecto
2451 2979 2509 3032 in
2555 2995 2680 3047 cap.
2709 2995 2762 3042 v,
2792 2977 2852 3030 in
2901 2977 2994 3031 illa
3029 2976 3283 3047 Apostoli
3320 2992 3333 3030 :
3368 2978 3430 3032 Si
3449 2978 3588 3031 enim

1892 3075 2055 3124 unius
2102 3068 2317 3132 delicto,
2359 3072 2490 3130 etc.,
2537 3066 2645 3120 ait:
2689 3067 2874 3120 Plures
2921 3068 3062 3119 enim
3107 3067 3346 3132 gratiam
3402 3079 3588 3119 conse-

1893 3164 2154 3227 quuntur,
2197 3173 2359 3226 quam
2396 3158 2596 3209 mortui
2637 3160 2764 3208 sunt
2801 3155 2991 3208 delicto
3020 3152 3174 3208 Ade.
3209 3154 3492 3206 Praeterea
3529 3152 3588 3208 in

1893 3263 2015 3317 cap.
2050 3262 2181 3300 vni:
2223 3248 2443 3312 Vocare,
2484 3244 2689 3315 inquit,
2723 3247 2800 3298 est
2838 3245 3158 3309 cogitantem
3189 3241 3254 3295 de
3282 3242 3388 3310 ﬁde
3417 3242 3588 3310 adju-

1891 3351 2036 3389 vare.
2083 3336 2222 3389 Item
2261 3334 2321 3387 in
2358 3351 2460 3404 cap
2524 3350 2599 3402 1x,
2630 3333 2697 3386 ad
2736 3333 2884 3386 alia:
2930 3334 3108 3399 Igitur
3135 3333 3224 3385 cui
3256 3333 3392 3400 vult,
3422 3333 3588 3385 mise-

1892 3430 2063 3491 retur,
2095 3429 2222 3491 etc.,
2253 3421 2446 3476 scribit
2471 3437 2484 3474 :
2518 3425 2604 3476 Ea.-
2634 3436 2865 3491 persona
2886 3421 3300 3475 contradicentis
3324 3421 3583 3489 loquitur.

1895 3514 1959 3567 Et
1999 3517 2328 3566 constanter
2361 3510 2536 3564 tradit
2570 3510 2836 3565 homines
2868 3510 2995 3564 illos
3042 3509 3100 3563 in
3153 3509 3587 3562 similitudinem

1892 3601 2028 3656 Adae
2073 3617 2353 3673 peccasse,
2400 3600 2499 3671 qui
2544 3600 2798 3670 ejusdem
2840 3599 3101 3669 exemplo
3135 3598 3312 3652 Denm
3340 3601 3590 3653 contem-

1893 3706 2080 3761 psere,
2127 3707 2257 3761 qua:
2310 3689 2506 3743 omnia
2559 3705 2592 3742 a
2633 3688 2953 3757 Pelagianis
2999 3690 3213 3741 asserta
3237 3686 3415 3757 "sunt.
3475 3689 3587 3741 Nec

1895 3780 2079 3832 obstat
2123 3779 2277 3849 quod
2317 3778 2510 3848 objicit
2539 3778 2790 3832 Gonetus
2834 3777 3032 3831 vixisse
3057 3777 3219 3830 illum
3255 3777 3589 3845 scriptorem

1893 3868 1997 3922 sub
2063 3869 2324 3932 Damaso,
2381 3866 2611 3937 quando
2670 3865 2971 3936 Pelagiana
3041 3865 3274 3919 haeresis
3320 3865 3586 3934 .nondum

1897 3959 2181 4024 eruperat.
2252 3955 2392 4008 Nam
2441 3954 2732 4023 Pelagium
2783 3954 3090 4008 diutissime
3139 3955 3336 4008 Romae
3382 3953 3590 4008 vixisse

1895 4042 2089 4097 scribit
2139 4049 2366 4095 sanctus
2417 4042 2788 4110 Augustinus,
2840 4057 2953 4112 qua
3008 4041 3078 4095 de
3131 4057 3191 4094 re
3242 4041 3506 4112 legantur
3557 4059 3592 4097 a

1895 4131 2060 4185 nobis
2105 4130 2255 4184 dicta
2301 4129 2404 4185 lib.
2460 4147 2476 4183 1
2529 4129 2663 4183 Hist.
2699 4130 2914 4200 Pelag.,
2965 4146 3088 4200 cap.
3141 4132 3189 4183 3.
3219 4129 3383 4194 Quod
3427 4130 3588 4183 deni-

1897 4236 2008 4290 que
2057 4235 2120 4272 ex
2173 4218 2449 4273 Decretali
2498 4217 2813 4272 Innocentii
2840 4235 3003 4289 papa:
3027 4218 3360 4288 opponitur,
3383 4218 3590 4274 abhinc

1901 4307 2164 4362 trecentis
2215 4307 2378 4360 annis
2420 4324 2452 4360 a
2498 4307 2768 4375 Gregorio
2807 4306 3155 4361 Ariminensi
3206 4307 3452 4361 solutum
3484 4312 3586 4364 est.

1901 4400 2176 4452 Praeterea
2210 4395 2448 4452 Poncius
2479 4412 2637 4451 num.
2669 4397 2737 4450 28
2767 4395 2846 4449 ait
2875 4395 3021 4466 quod
3065 4394 3317 4466 pontifex
3349 4395 3595 4451 intendit

1899 4489 2196 4544 ostendere
2236 4505 2353 4542 non
2401 4505 2566 4558 posse
2615 4487 2809 4542 adulto
2857 4486 3165 4541 dormienti
3194 4487 3276 4541 vel
3313 4503 3428 4542 non
3463 4503 3593 4542 con-

1900 4577 2168 4632 sentienti
2213 4577 2335 4630 dari
2382 4577 2751 4647 baptismum,
2799 4576 2934 4648 quia
2979 4581 3116 4629 tunc
3149 4576 3445 4631 tolleretur
3469 4590 3592 4647 pec-

1899 4673 2088 4720 catum
2137 4665 2438 4735 originale,
2484 4671 2541 4719 et
2587 4681 2704 4719 non
2752 4666 2994 4732 actuale,
3035 4670 3091 4719 et
3109 4681 3211 4736 per
3241 4680 3594 4735 consequens

1898 4755 1994 4808 ille
2050 4753 2098 4806 si
2141 4757 2464 4806 moreretur
2499 4768 2610 4805 non
2644 4759 2860 4808 careret
2904 4753 3122 4808 visione
3153 4754 3272 4813 Dei.
3315 4753 3452 4824 quia
3477 4768 3590 4806 non

1900 4842 2136 4896 haberet
2199 4845 2497 4912 peccatum
2546 4840 2846 4909 originale,
2889 4847 2945 4896 et
2995 4847 3188 4896 tamen
3230 4846 3376 4895 esset
3415 4840 3474 4893 in
3504 4840 3590 4893 in-

1900 4932 2084 4996 ferno,
2134 4929 2272 5001 quia
2310 4933 2456 4982 esset
2505 4927 2564 4982 in
2586 4933 2813 4998 peccato
2844 4931 3068 4984 actuali.
3104 4931 3239 4994 Quae
3271 4929 3411 4982 ratio
3437 4927 3596 4980 nulla

1901 5025 2009 5085 est;
2058 5019 2268 5073 etenim
2317 5017 2488 5072 etiam
2537 5022 2769 5088 peccato
2824 5017 3031 5070 actuali
3078 5017 3318 5072 debetur
3357 5013 3595 5086 privatio

1901 5107 2134 5162 visionis
2167 5107 2285 5162 Dei.
2320 5107 2478 5162 Unde
2507 5107 2698 5162 Glossa
2729 5111 2889 5160 vocat
2913 5107 3070 5160 illam
3095 5105 3378 5159 rationem
3409 5120 3597 5175 super-

1903 5196 2164 5258 ﬁcialem,
2213 5212 2317 5250 nec
2361 5196 2587 5250 videtur
2629 5195 2699 5250 ab
2742 5194 2864 5266 ipso
2911 5193 3182 5264 pontiﬁce
3228 5198 3458 5258 asserta,
3501 5193 3596 5248 sed

1903 5286 1974 5339 ab
2001 5285 2194 5356 aliquo
2226 5300 2341 5338 non
2369 5285 2501 5338 satis
2543 5285 2708 5339 docto
2740 5282 3039 5338 secretario
3077 5282 3286 5338 addita.
3325 5283 3454 5338 Haec
3481 5282 3595 5338 ille.

1903 5374 2031 5439 Sed,
2065 5373 2172 5427 ista
2219 5373 2589 5444 responsione
2621 5373 2850 5440 omissa,
2891 5372 3054 5426 facile
3086 5372 3212 5427 dico
3248 5372 3402 5444 quod
3433 5372 3597 5426 sicuti

1905 5463 1985 5516 ait
2029 5479 2258 5532 poenam
2299 5462 2534 5516 actualis
2583 5463 2765 5532 culpae
2802 5477 2922 5515 esse
2964 5462 3244 5532 gehennae
3285 5462 3597 5516 cruciatum

1906 5551 1964 5604 in
1996 5550 2212 5618 inferis,
2247 5556 2297 5604 et
2325 5556 2518 5606 tamen
2547 5567 2662 5605 non
2689 5551 2821 5606 inde
2842 5551 3160 5606 excluditur
3183 5568 3351 5624 paena
3380 5549 3596 5615 damni,
