3894 6184
243 244 347 296 663

1248 242 1812 300 SUPPLEMENTUM
1855 244 1943 297 AD
1981 240 2213 297 OPERA
2252 243 2308 296 S.
2351 238 2749 298 AUGUSTINI.

3582 216 3590 222 ’
3647 245 3763 296 ess

244 363 381 436 quia
410 381 528 420 non
556 364 757 420 inserit
779 365 1120 437 particulam
1165 367 1565 435 restrictivam,
1616 384 1716 421 seu
1760 367 1944 421 exclu-
1967 370 2012 424 Α
2048 365 2170 420 lum
2201 365 2369 420 debet
2398 353 2945 438 puniri'privatione
2971 365 3093 436 ejus
3128 364 3265 420 boni
3295 364 3389 420 cui
3417 366 3762 436 opponitur,

243 454 421 508 sivam
475 460 706 516 tantum,
754 457 950 525 solum,
1003 455 1083 510 ita
1125 460 1180 510 et
1238 473 1408 528 paena
1451 457 1746 529 originalis
1799 462 1950 512 recte

246 543 514 598 statuitur
540 544 791 598 carentia
823 544 1082 613 visionis,
1112 546 1209 600 sed
1242 563 1356 601 non
1381 548 1522 603 sola.

319 632 605 703 Objiciunt
633 636 712 687 2°.
750 634 923 687 Poena
947 635 1232 690 sensibilis
1263 652 1378 689 non
1412 640 1493 690 est
1522 635 1952 707 proportionata

251 729 479 794 peccato
509 721 792 792 originali,
826 738 961 789 ergo
987 723 1154 793 pueri
1186 724 1257 778 ob
1290 724 1431 779 illud
1463 741 1576 779 non
1606 729 1954 795 torquentur

250 811 380 882 igne
423 811 484 866 in
530 810 744 864 inferis.
781 813 1032 866 Probant
1061 813 1421 879 antecedens,
1455 813 1589 884 quia
1629 830 1798 884 poena
1823 830 1952 866 sen-

250 917 344 954 sus
379 903 463 954 est
504 915 606 971 per
648 899 974 970 passionem
1028 901 1200 972 hujus
1249 903 1611 973 particularis
1669 918 1950 974 personae,

250 993 543 1060 peccatum
575 993 767 1042 autem
816 988 1096 1059 originale
1151 1007 1269 1044 non
1313 996 1399 1044 est
1450 991 1819 1044 commissum
1854 1006 1955 1062 per

251 1083 436 1133 actum
477 1077 786 1132 voluntatis
831 1093 1094 1148 personae
1143 1079 1524 1149 particularis,
1577 1079 1677 1134 sed
1708 1079 1956 1133 trahitur

253 1183 355 1238 per
379 1166 746 1221 infectionem
778 1171 1016 1221 naturas.
1055 1168 1396 1241 Respondeo
1429 1169 1690 1238 negando
1731 1173 1953 1222 antece-

255 1256 394 1311 dens
444 1271 575 1310 cum
621 1256 742 1326 ejus
783 1256 1140 1326 probatione.
1182 1257 1404 1311 Etenim
1449 1274 1646 1312 omnes
1688 1258 1956 1312 homines

255 1349 632 1416 peccaverunt
677 1345 738 1398 in
774 1345 975 1412 Adam,
1024 1351 1077 1398 et
1119 1352 1412 1416 peccatum
1463 1346 1602 1400 illud
1637 1347 1746 1402 fuit
1772 1347 1958 1418 impu-

256 1437 439 1488 tatum
469 1433 709 1503 singulis
741 1450 808 1487 ex
842 1435 1042 1488 eodem
1072 1435 1424 1506 propagatis,
1457 1435 1536 1489 ita
1566 1441 1629 1490 ut
1664 1441 1958 1506 peccatum

257 1521 411 1594 quod
441 1521 502 1575 in
531 1521 764 1576 illo-fuit
792 1523 1032 1589 actuale,
1061 1523 1342 1595 originale
1380 1523 1554 1578 fuerit
1583 1523 1644 1578 in
1692 1524 1957 1595 posteris.

255 1609 537 1664 Audiatur
560 1610 912 1681 Augustinus
937 1611 1034 1666 lib.
1085 1630 1102 1666 1
1145 1613 1213 1666 de
1241 1617 1603 1682 peccatorum
1639 1614 1872 1675 Meritis,
1904 1618 1961 1669 et

258 1700 613 1767 remissione,
663 1717 785 1770 cap.
830 1704 894 1756 10
945 1718 958 1756 :
998 1724 1020 1751 ι
1054 1702 1112 1757 Si
1144 1703 1299 1757 enim
1327 1708 1624 1774 peccatum
1664 1704 1958 1758 intellexe-

259 1789 356 1855 ris,
401 1788 554 1859 quod
592 1805 696 1860 per
733 1805 913 1843 unum
952 1791 1250 1846 hominem
1298 1792 1530 1847 intravit
1559 1792 1621 1846 in
1659 1794 1962 1864 mundum,

259 1880 320 1932 in
365 1893 469 1947 quo
513 1893 690 1932 omnes
730 1885 1090 1948 peccaverunt
1138 1882 1304 1949 (Rom.
1354 1883 1450 1952 1x),
1504 1887 1723 1937 certum
1771 1882 1963 1936 mani-

261 1967 586 2037 festumque
626 1971 712 2020 est
760 1967 870 2021 alia
928 1985 1048 2022 esse
1108 1969 1342 2040 propria
1389 1969 1594 2040 cuique
1635 1976 1866 2041 peccata
1904 1970 1967 2025 in

263 2055 473 2127 quibus
502 2054 563 2109 hi
593 2060 817 2110 tantum
847 2062 1081 2128 peccant
1111 2074 1354 2129 quorum
1377 2064 1604 2130 peccata
1627 2065 1787 2126 sunt;
1813 2060 1964 2114 aliud

262 2146 374 2199 hoc
397 2160 600 2213 unum,
631 2145 689 2199 in
712 2162 826 2216 quo
859 2163 1058 2201 omnes
1082 2152 1482 2217 peccaverunt,
1509 2149 1738 2219 quando
1767 2164 1968 2204 omnes

267 2233 362 2287 ille
413 2247 564 2286 unus
605 2232 778 2287 homo
829 2233 1087 2290 fuerunt.
1136 2255 1164 2285 ››
1226 2235 1408 2306 Igitur
1453 2241 1748 2306 peccatum
1797 2240 1968 2291 unius

267 2320 377 2375 fuit
423 2326 479 2373 et
517 2320 794 2385 omnium,
827 2322 926 2392 qui
955 2322 1108 2377 idem
1135 2328 1300 2378 erant
1331 2324 1390 2377 in
1423 2341 1558 2378 uno.
1593 2325 1713 2388 Qua
1746 2325 1968 2379 ratione

267 2420 440 2474 poena
469 2421 667 2460 sensus
697 2413 781 2462 est
811 2410 1011 2464 eadem
1045 2411 1343 2482 aequaliter
1374 2411 1656 2467 destinata
1699 2414 1969 2468 omnibus

269 2497 326 2548 et
363 2493 628 2565 singulis,
673 2497 772 2567 qui
810 2497 962 2552 idem
990 2499 1146 2554 fuere
1193 2500 1251 2553 in
1295 2501 1496 2566 Adam,
1530 2506 1588 2555 et
1617 2503 1722 2556 toti
1753 2507 1971 2557 naturze

273 2585 358 2636 est
408 2583 617 2651 debita,
669 2585 779 2639 nisi
822 2603 936 2657 qua
984 2593 1144 2658 parte
1175 2605 1242 2643 ex
1272 2589 1542 2660 baptismi
1572 2591 1754 2662 gratia
1783 2591 1970 2646 eidem

163 2723 165 2726 .
269 2671 621 2728 subducitur.
656 2674 840 2738 Quare
871 2675 1037 2731 sicuti
1068 2678 1222 2748 leges
1252 2679 1580 2749 principum
1617 2680 1972 2750 pupillorum

269 2760 588 2816 voluntates
639 2768 896 2820 tutorum
952 2766 1229 2820 voluntati
1275 2768 1532 2837 alligant,
1584 2768 1662 2822 ita
1713 2774 1772 2823 ut
1817 2770 1974 2841 quod

273 2849 367 2904 isti
412 2851 614 2906 volunt
656 2852 769 2906 illis
808 2860 997 2908 ratum
1043 2855 1136 2922 sit,
1179 2856 1289 2910 hoc
1339 2872 1567 2927 quoque
1619 2862 1783 2928 pacto
1827 2861 1974 2913 Deus

276 2939 536 2995 omnium
604 2946 966 3012 posterorum
1033 2944 1354 2999 voluntates
1415 2943 1621 2998 Adami
1693 2941 1976 2996 voluntati

275 3030 560 3097 astrinxit,
592 3029 672 3086 ita
699 3037 762 3086 ut
791 3033 942 3103 quod
973 3033 1069 3088 ille
1101 3034 1323 3088 fecisset
1345 3034 1616 3088 omnibus
1643 3033 1976 3088 hominibus

275 3119 676 3190 imputaretur.
725 3121 884 3176 Unde
930 3121 1098 3176 sicuti
1138 3138 1205 3176 ex
1250 3123 1475 3177 defectu
1510 3122 1756 3193 improbi
1776 3122 1978 3176 tutoris

275 3208 482 3280 pupilli
522 3210 869 3281 quandoque
916 3210 1262 3266 detrimenta
1301 3212 1569 3277 subeunt,
1618 3211 1697 3265 ita
1745 3227 1813 3265 ex
1844 3227 1978 3282 pec-

279 3301 402 3350 cato
447 3297 583 3352 Adae
630 3298 949 3354 humanum
1009 3315 1190 3370 genus
1229 3300 1288 3354 in
1318 3300 1574 3354 miserias
1603 3299 1830 3354 decidit.
1857 3301 1978 3354 Imo

279 3399 450 3456 pmna
505 3401 705 3439 sensus
752 3387 936 3456 magis
990 3387 1216 3442 videtur
1259 3389 1692 3460 proportionata
1748 3393 1978 3460 peccato

282 3472 520 3544 originis
546 3491 718 3546 quam
748 3491 916 3546 poena
946 3475 1176 3543 damni;
1208 3493 1341 3532 nam
1374 3493 1543 3548 paena
1580 3477 1776 3533 damni
1807 3476 1980 3532 estin

284 3564 499 3634 anima,
551 3581 722 3636 poena
760 3581 959 3620 sensus
990 3555 1052 3620 in
1082 3582 1321 3637 corpore
1349 3587 1364 3636 ;
1395 3567 1613 3639 posteri
1641 3572 1832 3621 autem
1857 3566 1982 3620 ani-

283 3670 438 3712 mam
489 3671 523 3709 a
552 3655 666 3709 Deo
696 3658 946 3709 creatore
977 3654 1280 3725 recipiunt,
1331 3671 1535 3726 corpus
1567 3671 1700 3710 vero
1738 3672 1839 3727 per
1865 3659 1982 3710 tra-

283 3744 486 3800 ducem
531 3742 601 3797 ab
651 3743 834 3797 Adam
885 3743 1190 3798 derivatur.
1245 3744 1432 3809 Quare
1477 3761 1608 3799 cum
1656 3745 1759 3799 lilii
1789 3743 1984 3816 puniri

283 3832 508 3906 possint
552 3848 658 3904 pro
707 3832 951 3903 peccatis
998 3837 1329 3902 parentum,
1381 3833 1442 3889 in
1471 3838 1752 3906 quantum
1783 3849 1984 3888 secun-

286 3922 424 3977 dum
461 3937 668 3992 corpus
711 3925 843 3975 sunt
885 3921 1104 3993 aliquid
1151 3920 1403 3989 illorum,
1457 3927 1520 3976 ut
1563 3939 1629 3977 ex
1671 3924 1734 3978 D.
1770 3923 1986 3977 Thoma

287 4011 552 4078 diximus,
600 4009 921 4066 humanum
973 4005 1174 4082 genus,
1225 4011 1378 4083 quod
1424 4012 1738 4067 secundum
1783 4027 1987 4083 corpus

289 4117 357 4155 ex
385 4099 593 4155 virtute
613 4099 877 4154 seminali
901 4099 968 4154 ab
989 4099 1169 4154 Adam
1192 4101 1436 4156 deducta
1459 4101 1677 4172 aliquid
1704 4100 1857 4155 illius
1879 4104 1987 4170 est,

289 4188 502 4260 potiori
531 4187 663 4258 jure
702 4187 1016 4242 secundum
1038 4204 1246 4259 corpus
1268 4189 1479 4260 poterit
1518 4189 1588 4243 ob
1619 4189 1770 4244 illius
1792 4205 1990 4260 pecca-

2058 472 2177 510 non
2206 455 2486 527 supplicio
2518 460 2756 520 naturas,
2787 470 2961 526 quam
2989 454 3048 508 in
3073 455 3232 508 nulla
3254 470 3313 508 re
3344 454 3530 508 eidem
3561 453 3764 508 debita

2059 545 2232 600 laedit.
2305 545 2638 615 Respondeo
2692 543 2879 615 primo
2935 543 3194 615 negando
3251 541 3765 613 consequentiam;

2059 650 2194 689 nam
2222 650 2410 706 neque
2450 639 2748 704 peccatum
2789 634 3007 688 actuale
3042 632 3199 686 laedit
3246 632 3526 686 naturalia
3567 631 3773 686 homi-

2061 723 2170 791 nis,
2195 723 2293 777 sed
2322 729 2544 777 tantum
2577 724 2760 795 privat
2784 723 3076 777 hominem
3120 721 3302 793 gratia
3349 721 3773 789 sanctiﬁcante,

2061 821 2117 868 et
2143 819 2336 868 tamen
2366 813 2602 885 punitur
2629 829 2798 883 paena
2845 829 3060 867 sensus.
3099 813 3219 865 Imo
3265 811 3325 865 in
3371 810 3649 865 sententia
3700 811 3774 864 il-

2061 903 2249 956 lorum
2281 902 2381 974 qui
2418 902 2615 956 dicunt
2651 906 2946 974 peccatum
2983 901 3289 955 consistere
3337 900 3649 955 formaliter
3699 899 3770 954 in

2062 991 2383 1063 privatione
2449 991 2668 1063 gratiae,
2736 992 2859 1045 haec
2924 989 3166 1061 privatio
3216 1006 3331 1044 non
3392 994 3578 1060 potest
3638 1005 3776 1043 esse

2061 1097 2250 1151 paena,
2282 1096 2412 1135 cum
2439 1097 2608 1152 poena
2637 1085 2886 1151 ponatur
2927 1097 2960 1134 a
2990 1079 3284 1133 voluntate
3315 1077 3543 1148 judicis,
3591 1082 3647 1132 et
3696 1077 3781 1131 sit

2063 1175 2262 1225 contra
2284 1170 2635 1224 voluntatem
2665 1169 2746 1223 rei
2780 1173 3036 1241 respectu
3069 1169 3230 1237 cujus
3261 1174 3344 1223 est
3369 1167 3634 1222 inﬂictiva
3668 1167 3781 1221 do-

2063 1259 2218 1315 loris.
2253 1259 2590 1330 Respondeo
2635 1259 2883 1313 secundo
2929 1257 3194 1330 negando
3237 1258 3589 1323 antecedens,
3639 1262 3780 1311 tum

2066 1347 2201 1419 quia
2226 1354 2523 1418 peccatum
2549 1347 2829 1420 originale
2859 1347 3010 1402 tollit
3053 1347 3509 1401 conformitatem
3557 1345 3628 1400 ad
3674 1361 3780 1400 re-

2066 1440 2214 1490 ctam
2245 1435 2545 1504 rationem,
2591 1436 2737 1491 sicut
2782 1436 3080 1508 quodlibet
3124 1439 3422 1506 peccatum
3464 1434 3684 1488 actuale
3718 1436 3784 1488 et

2065 1525 2382 1593 habituale,
2415 1525 2511 1579 ille
2542 1529 2734 1579 autem
2773 1525 2912 1579 ordo
2940 1529 3024 1578 est
3051 1523 3346 1589 naturalis,
3374 1529 3498 1578 tum
3526 1522 3661 1594 quia
3705 1539 3784 1577 ex

2069 1612 2290 1685 dictis§
2336 1616 2370 1667 2
2418 1630 2486 1667 ex
2530 1617 2759 1685 peccato
2807 1612 3072 1683 originali
3119 1617 3311 1666 ortum
3353 1611 3522 1666 traxit
3564 1626 3784 1664 concu-

2071 1701 2368 1774 piscentia,
2403 1718 2534 1774 qua:
2564 1701 2848 1756 naturalia
2885 1700 3134 1756 hominis
3176 1701 3341 1756 laesit.
3395 1699 3532 1756 Hinc
3578 1698 3787 1754 scribit

2071 1791 2422 1863 Augustinus
2455 1791 2554 1846 lib.
2588 1791 2657 1845 de
2687 1792 2900 1845 Natura
2929 1795 2984 1844 et
3013 1790 3215 1861 gratia,
3248 1807 3371 1861 cap.
3405 1793 3434 1845 3
3464 1806 3478 1844 :
3519 1788 3782 1843 «Omnia

2075 1881 2309 1952 quidem
2358 1879 2532 1948 bona,
2588 1895 2716 1952 quae
2769 1879 3018 1948 (natura)
3062 1878 3232 1932 habet
3293 1877 3353 1931 in
3405 1876 3778 1941 formatione,

2073 1970 2208 2035 vita,
2242 1968 2521 2035 sensibus,
2552 1970 2764 2036 mente,
2794 1985 2828 2022 a
2859 1984 3084 2022 summo
3122 1969 3236 2022 Deo
3284 1967 3453 2021 habet
3495 1970 3776 2032 creatore,

2074 2060 2131 2110 et
2157 2054 2372 2109 artifice
2394 2071 2515 2109 suo.
2553 2055 2762 2109 Vitium
2793 2072 2924 2109 vero
2971 2055 3124 2127 quod
3156 2055 3437 2110 naturalia
3480 2054 3589 2108 ista
3626 2054 3782 2108 bona

2075 2144 2449 2198 contenebrat
2492 2147 2548 2198 et
2601 2143 2879 2211 infirmat,
2928 2149 2990 2198 ut
3049 2144 3467 2197 illuminatione
3506 2147 3564 2197 et
3609 2158 3779 2196 cura-

2075 2233 2226 2287 tione
2255 2249 2398 2303 opus
2428 2231 2653 2298 habeat,
2686 2249 2804 2286 non
2838 2232 2906 2286 ab
2937 2231 3274 2303 inculpabili
3304 2231 3519 2285 artilice
3556 2235 3780 2284 contra-

2077 2325 2232 2376 ctum
2261 2326 2366 2384 est,
2397 2322 2494 2376 sed
2523 2338 2590 2375 ex
2621 2320 2890 2391 originali
2920 2326 3173 2391 peccato,
3207 2319 3358 2392 quod
3403 2319 3780 2373 commissum

2078 2415 2163 2464 est
2203 2410 2381 2463 libero
2441 2409 2698 2464 arbitrio.
2748 2413 2826 2463 Ac
2870 2425 2972 2480 per
3021 2410 3130 2464 hoc
3178 2414 3384 2463 natura
3425 2408 3669 2478 poenalis
3708 2407 3781 2461 ad

2079 2498 2387 2553 vindictam
2428 2498 2808 2569 justissimam
2866 2497 3180 2568 pertinetu
3246 2498 3340 2552 His
3402 2497 3620 2550 accedit
3678 2511 3783 2565 per

2078 2593 2373 2658 peccatnm
2417 2587 2695 2658 originale
2745 2586 3042 2640 hominem
3103 2586 3259 2640 nasci
3314 2585 3603 2640 subditum
3667 2585 3785 2639 dia-

2081 2677 2230 2743 bolo,
2265 2675 2418 2730 etde
2449 2676 2666 2730 familia
2690 2675 2966 2747 ejusdem,
3019 2680 3088 2730 ut
3125 2691 3189 2729 ex
3234 2675 3557 2729 exorcismis
3590 2675 3651 2728 in
3691 2673 3785 2728 ba-

2081 2765 2295 2834 ptismo
2345 2765 2607 2836 superius
2663 2765 3040 2830 ostendimus,
3099 2780 3228 2835 quae
3288 2779 3423 2818 sane
3487 2762 3785 2834 captivitas

2084 2860 2350 2909 naturam
2375 2854 2629 2909 hominis
2658 2858 2715 2909 et
2744 2859 2911 2909 vexat
2931 2858 2985 2908 et
3009 2853 3294 2924 deturpat.
3337 2853 3416 2907 De
3452 2853 3557 2907 hac
3601 2853 3785 2923 capti-

2004 2973 2042 3029 ρ
2082 2944 2254 2998 vitate
2283 2947 2410 3013 post
2440 2943 2782 2998 Driedonem
2822 2943 3040 2997 erudite
3088 2944 3208 3014 agit
3250 2958 3490 3011 magnus
3535 2940 3631 2996 ille
3682 2958 3792 3029 no-

2086 3035 2197 3086 ster
2270 3031 2734 3086 Salmanticensis
2845 3031 3142 3102 theologus
3224 3030 3462 3085 Basilius
3522 3028 3790 3097 Poncius,

2085 3121 2514 3192 part.18elect.
2545 3120 2614 3174 de
2653 3124 2823 3191 grat.,
2870 3135 2994 3189 cap.
3049 3122 3132 3173 16.
3179 3119 3437 3190 Denique
3476 3118 3660 3189 gratia
3705 3122 3797 3173 est

2088 3210 2303 3264 donum
2334 3209 2650 3263 liberaliter
2681 3224 2714 3262 a
2752 3209 2865 3262 Deo
2911 3207 3132 3262 homini
3171 3207 3404 3274 datum;
3449 3214 3507 3260 at
3553 3207 3792 3278 quando

2089 3314 2335 3370 persona
2364 3297 2612 3368 graviter
2643 3297 2970 3364 offenditur,
2993 3313 3046 3351 v.
3099 3313 3178 3368 g.,
3224 3312 3324 3351 rex
3353 3297 3591 3351 crimine
3637 3297 3795 3352 laesa:

2090 3385 2423 3458 majestatis,
2455 3402 2568 3441 non
2599 3389 2684 3440 est
2715 3385 3001 3440 sufﬁciens
3047 3401 3235 3456 pcena,
3283 3385 3436 3457 quod
3482 3385 3664 3456 privet
3699 3400 3798 3440 re-

2090 3477 2299 3532 bellem
2331 3475 2607 3530 beneﬁcio
2649 3475 2788 3530 olim
2834 3475 3020 3530 eidem
3062 3474 3376 3529 liberaliter
3417 3475 3640 3539 collato,
3691 3474 3801 3529 sed

2091 3563 2202 3616 alia
2232 3562 2404 3616 etiam
2435 3579 2605 3633 paena
2630 3563 2901 3634 exigitur.
2935 3565 3002 3618 In
3032 3563 3213 3618 Adam
3262 3579 3393 3618 vero
3440 3579 3638 3618 omnes
3684 3579 3800 3634 po-

2092 3652 2229 3708 steri
2259 3669 2292 3708 a
2322 3655 2434 3708 Deo
2457 3655 2822 3721 rebellarunt,
2855 3655 3007 3709 unde
3047 3653 3266 3709 inimici
3306 3653 3408 3709 Dei
3453 3658 3802 3721 nascuntur,

2093 3748 2150 3798 et
2179 3759 2281 3815 per
2303 3743 2546 3814 gratiam
2572 3743 2841 3815 baptismi
2870 3742 3019 3798 fiunt
3048 3743 3236 3810 amici,
3270 3742 3392 3798 sine
3417 3759 3531 3815 qua
3561 3759 3680 3798 non
3709 3759 3808 3798 so-

2093 3833 2214 3886 lum
2245 3837 2378 3886 sunt
2413 3831 2639 3904 indigni
2688 3832 2872 3903 gratia
2919 3833 3235 3888 liheraliter
3276 3832 3642 3901 conferenda,
3691 3834 3800 3887 sed

2095 3921 2253 3992 digni
2281 3921 2467 3992 poenis
2492 3922 2645 3992 juste
2674 3921 3018 3992 irrogandis.

2167 4009 2456 4081 Objiciunt
2488 4012 2547 4066 4ο
2573 4026 2705 4064 cum
2733 4011 3004 4082 Vasquez,
3041 4013 3148 4077 1-2,
3182 4009 3329 4082 disp.
3363 4012 3484 4077 124,
3516 4026 3676 4066 num.
3721 4014 3759 4067 8
3789 4029 3805 4080 ;

2097 4101 2332 4164 Goneto,
2387 4099 2534 4170 disp.
2581 4104 2638 4167 7,
2678 4098 2780 4155 cit.
2819 4115 2980 4154 num.
3018 4102 3154 4167 {78;
3207 4100 3480 4156 Morainio
3520 4105 3578 4154 et
3622 4100 3751 4155 aliis
3788 4118 3804 4155 :

2103 4189 2306 4243 Nullus
2335 4187 2532 4259 puniri
2561 4187 2729 4243 debet
2766 4188 2838 4244 ob
2867 4188 2921 4243 id
2949 4205 3053 4259 pro
3087 4205 3199 4261 quo
3248 4205 3320 4243 ne
3351 4189 3657 4261 vituperari
3701 4195 3809 4244 aut

289 4281 435 4346 tum,
482 4276 636 4348 quod
684 4276 859 4331 etiam
906 4277 1210 4348 proprium
1232 4278 1428 4344 evasit,
1453 4277 1670 4348 puniri,
1702 4294 1876 4349 quam
1908 4294 1990 4332 se-
2018 4273 2060 4328 D
2098 4275 2441 4346 reprehendi
2466 4279 2651 4345 potest
2682 4279 2778 4329 :at
2807 4290 2976 4329 nemo
2999 4291 3102 4346 pro
3137 4279 3364 4346 peccato
3412 4276 3673 4346 originali
3719 4277 3809 4331 vi-

290 4367 546 4420 cundum
592 4364 864 4420 animam.
921 4366 1062 4420 Hinc
1114 4366 1162 4420 si
1212 4367 1406 4421 anima
1457 4383 1491 4420 a
1541 4368 1655 4420 Deo
1690 4372 1879 4420 creata
1909 4366 1992 4421 in-

291 4454 625 4509 funderetur
669 4453 895 4526 corpori
937 4470 1301 4526 nequaquam
1324 4470 1423 4526 per
1449 4455 1718 4508 virtutem
1750 4455 1992 4510 semina-

292 4543 408 4598 lem
445 4559 510 4597 ex
547 4543 764 4598 Adamo
808 4543 1089 4612 traducto,
1139 4544 1237 4598 illa
1261 4560 1377 4598 non
1406 4545 1764 4598 contraheret
1795 4561 1992 4616 pecca-

291 4635 416 4686 tum
461 4630 769 4700 originale;
806 4648 982 4704 quare
1031 4631 1090 4686 in
1121 4637 1344 4687 tantum
1389 4639 1688 4704 peccatum
1727 4634 1990 4702 traducit,

293 4720 356 4775 in
411 4724 690 4792 quantum
739 4720 799 4774 in
837 4737 1043 4792 corpus
1093 4737 1158 4776 ex
1198 4721 1415 4776 Adamo
1463 4738 1567 4793 per
1596 4724 1994 4794 concupiscen-

291 4810 435 4865 tiam
480 4809 766 4864 carnalem
813 4815 1195 4880 propagatum
1234 4809 1588 4867 immittitur.
1640 4813 1714 4867 Ex
1743 4813 1834 4867 his
1865 4829 1994 4866 con-

294 4899 557 4974 ﬁrmatur
603 4903 798 4954 nostra
835 4900 1116 4954 sententia
1166 4917 1179 4955 :
1215 4916 1348 4956 nam
1393 4901 1441 4955 si
1491 4917 1620 4956 caro
1659 4917 1764 4973 per
1789 4919 1993 4956 concu-

291 4987 631 5062 piscentiam
706 4987 898 5060 genita
951 4993 1037 5042 est
1110 5005 1299 5054 causa,
1362 5005 1464 5044 cur
1526 4989 1717 5044 anima
1763 4995 1994 5061 peccato

294 5078 600 5144 inﬁciatur,
655 5083 710 5132 et
763 5094 830 5132 ex
861 5078 1262 5151 consequenti
1315 5095 1545 5149 poenam
1597 5079 1816 5146 subeat,
1871 5079 1997 5150 ipsa

295 5183 447 5235 caro,
494 5183 624 5239 quae
670 5167 845 5223 veluti
888 5167 1214 5222 vehiculum
1257 5169 1476 5239 peccati
1502 5169 1630 5238 fuit,
1657 5168 1995 5240 neutiquam

297 5255 467 5311 debet
492 5272 612 5311 esse
641 5273 674 5310 a
699 5273 1039 5329 quacunque
1065 5273 1233 5328 pcena
1272 5256 1566 5314 immunis.

367 5342 655 5413 Objiciuut
684 5347 759 5400 3ο.
795 5347 1092 5400 Peccatum
1122 5345 1359 5416 originis
1400 5362 1518 5400 non
1549 5345 1704 5401 tollit
1733 5344 1996 5399 ordinem

296 5433 637 5499 naturalem,
683 5435 778 5488 sed
827 5435 1339 5505 supernaturalem,
1398 5450 1606 5504 nempe
1679 5433 1997 5488 conversio-

296 5535 431 5576 nem
469 5519 543 5576 ad
572 5520 750 5576 Deum
781 5538 882 5594 per
910 5522 1124 5579 donum
1156 5521 1354 5596 gratiae
1382 5521 1708 5590 habitualis,
1749 5538 1887 5594 ergo
1917 5538 1998 5577 so-

2100 4364 2351 4435 tuperari
2377 4368 2594 4434 potest;
2629 4363 2808 4435 igitur
2835 4379 2939 4418 nec
2967 4365 3181 4434 puniri.
3227 4366 3401 4436 Major
3442 4372 3615 4437 patet,
3665 4367 3809 4438 quia

2101 4469 2287 4524 poenae
2318 4452 2613 4506 sensibiles
2639 4453 2849 4506 habent
2881 4451 3188 4523 quamdam
3226 4453 3341 4507 vim
3376 4453 3802 4526 increpationis.

2104 4541 2286 4596 Minor
2315 4541 2589 4612 probatur
2617 4557 2681 4595 ex
2731 4541 3030 4596 Aristotele
3079 4559 3138 4596 III
3186 4542 3392 4609 Ethic.,
3435 4559 3556 4612 cap.
3599 4545 3651 4608 6,
3704 4543 3810 4598 ubi

2103 4630 2182 4685 ait
2212 4632 2502 4685 neminem
2529 4647 2650 4684 esse
2681 4630 2922 4702 dignum
2952 4631 3233 4703 vituperio
3265 4637 3321 4687 et
3342 4631 3805 4704 exprobratione,

2104 4720 2215 4774 nisi
2246 4721 2343 4774 illa
2369 4719 2538 4775 faciat
2562 4736 2691 4791 qua
2726 4719 2912 4791 potuit
2941 4735 3058 4774 non
3104 4720 3324 4790 facere;
3375 4727 3432 4776 at
3473 4721 3638 4794 pueri
3687 4738 3806 4778 non

2102 4815 2342 4880 possunt
2364 4826 2482 4863 non
2513 4809 2848 4863 contrahere
2879 4814 3173 4880 peccatum
3204 4810 3503 4882 originale,
3547 4826 3682 4882 ergo
3729 4811 3806 4867 ob

2102 4899 2244 4953 illud
2291 4899 2451 4952 nulla
2498 4897 2942 4969 reprehensione
2983 4899 3141 4970 digni
3185 4905 3333 4955 sunt.
3409 4899 3808 4971 Respondetur

2106 4988 2368 5058 negando
2401 4987 2704 5055 minorem,
2747 5003 2853 5042 nec
2880 4987 3206 5060 philosophi
3235 4989 3449 5043 dictum
3486 5004 3587 5043 nos
3616 5003 3810 5042 mora-

2104 5081 2220 5142 tur,
2247 5077 2347 5148 qui
2375 5078 2617 5131 actualia
2646 5082 2869 5132 tantum
2890 5081 2962 5131 'ac
2991 5079 3314 5148 personalia
3353 5078 3556 5133 delicta
3598 5093 3809 5150 cogno-

2104 5164 2206 5231 vit,
2281 5165 2550 5237 originali
2591 5167 2746 5220 enim
2795 5172 3026 5238 peccato
3069 5167 3495 5222 Aristotelicum
3541 5167 3682 5222 illud
3725 5167 3810 5222 di-

2106 5261 2263 5311 ctum
2293 5271 2414 5310 non
2446 5256 2720 5311 convenit.
2761 5257 2827 5311 Et
2855 5255 3091 5328 quidem
3126 5257 3417 5328 Pelagiani
3449 5273 3516 5312 ex
3546 5257 3810 5312 Aristote-

2107 5345 2177 5399 lis
2243 5345 2501 5400 doctrina
2569 5345 2869 5400 tentabant
2926 5346 3122 5400 tollere
3156 5351 3452 5418 peccatum
3501 5346 3803 5418 originale,

2106 5434 2260 5489 unde
2291 5440 2426 5489 sunt
2447 5433 2544 5488 illa
2572 5434 2878 5505 Augustini
2906 5434 3003 5490 lib.
3032 5451 3085 5490 Vl
3114 5439 3309 5490 contra
3335 5436 3466 5498 Jul.,
3517 5451 3638 5507 cap.
3691 5439 3759 5491 20
3794 5455 3808 5492 :

2112 5545 2133 5573 ι
2163 5523 2250 5578 Ad
2278 5523 2386 5578 hoc
2416 5522 2571 5578 enim
2597 5523 2823 5580 redacta
2853 5529 2938 5580 est
2964 5524 3197 5580 haeresis
3226 5529 3430 5594 vestra,
3473 5529 3538 5580 ut
3579 5531 3812 5596 gemant
