3946 6176
125 274 233 324 665

1412 257 1740 315 VINDICLE
1780 255 2336 313 AUGUSTINIANJE.

3533 261 3635 316 666

126 391 438 442 sectatores
471 384 644 439 vestri
674 400 791 439 non
842 383 1089 439 inveniri
1142 380 1463 438 dialecticos
1515 378 1736 450 judices
1764 377 1825 431 in
1852 383 1896 437 Α
1934 377 2041 431 hoc
2070 377 2125 431 id
2156 378 2273 449 egit
2302 379 2608 449 peccando,
2644 380 2801 451 quod
2847 381 3069 452 justitia
3114 384 3360 449 vetabat,
3391 388 3446 439 et
3474 386 3627 440 unde

126 475 375 535 Ecclesia
414 474 484 528 de
522 472 729 527 scholis
777 471 1287 544 Peripateticorum
1336 475 1433 525 aut
1482 468 1821 532 Stoicorum,

128 582 167 620 a
196 564 401 636 quibus
430 563 660 633 possitis
692 562 927 618 absolvi.
968 583 990 611 ι
1031 561 1291 617 Julianus
1346 559 1694 630 querebatur
1733 572 1823 609 ca-

134 654 371 710 tholicos
417 652 732 722 episcopos,
766 668 798 704 a
851 650 1058 722 quibus
1108 650 1409 704 damnatus
1456 648 1660 714 fuerat,
1719 661 1823 698 ne-

135 743 276 797 scire
320 742 610 797 secundum
654 743 952 809 categorias
1007 740 1316 794 Aristotelis
1374 738 1440 792 de
1483 735 1824 804 dogmatibus

121 831 395 900 judicare.
430 830 574 884 Sane
607 829 651 882 si
683 828 1055 883 Aristotelicis
1085 826 1383 899 principiis
1427 826 1693 879 standum
1734 824 1824 892 sit,

128 926 425 991 peccatum
456 918 735 988 originale
773 918 1105 989 negandum
1136 921 1252 983 est;
1288 932 1475 987 neque
1506 914 1683 981 enim,
1728 912 1828 985 qui

131 1008 407 1075 nascitur,
433 1012 709 1077 tanquam
741 1007 935 1060 tabula
965 1022 1110 1070 rasa,
1168 1006 1418 1059 maculas
1471 1003 1694 1074 antiqui
1725 1003 1829 1056 cri-

125 1097 302 1152 minis
345 1114 410 1151 ex
449 1096 751 1150 Aristotele
805 1101 1031 1166 portare
1084 1100 1293 1165 potest,
1352 1110 1481 1148 cum
1536 1091 1828 1164 generatio

126 1202 275 1257 opus
340 1190 561 1239 naturae
615 1184 709 1251 sit,
760 1201 876 1239 non
937 1184 1263 1250 voluntatis,
1313 1184 1474 1254 cujus
1531 1187 1615 1237 est
1665 1198 1827 1251 posse

122 1289 384 1345 peccare.
416 1274 646 1329 Certum
698 1277 782 1328 est
826 1290 888 1327 ex
944 1273 1055 1328 ﬁde
1086 1276 1264 1328 Deum
1298 1290 1390 1327 ese
1446 1272 1658 1326 iratum
1688 1286 1829 1341 pue-

120 1362 223 1429 ris,
260 1379 393 1418 cum
424 1367 755 1431 nascuntur,
800 1361 870 1416 ob
921 1363 1199 1434 originale
1250 1363 1503 1427 crimen;
1545 1360 1831 1415 nascimur

120 1452 287 1507 enim
316 1457 519 1507 natura
563 1453 679 1523 ﬁlii
712 1455 809 1507 irae
836 1468 905 1507 ex
942 1453 1235 1523 Apostolo,
1290 1469 1352 1507 ac
1401 1468 1503 1524 per
1534 1455 1830 1522 peccatum

119 1558 333 1596 sumus
366 1541 544 1596 aversi
595 1557 625 1595 a
684 1543 823 1610 Deo,
878 1545 936 1596 et
994 1544 1141 1597 Deus
1193 1558 1402 1613 pueros
1449 1542 1578 1595 odio
1636 1540 1828 1607 habet,

124 1634 421 1703 quatenus
450 1633 770 1701 peccatores
814 1632 967 1695 sunt,
1016 1629 1169 1699 quod
1217 1628 1561 1683 catholicum
1621 1629 1832 1699 dogma

121 1724 253 1786 est;
290 1718 575 1789 vituperat
600 1718 778 1788 igitur
806 1719 955 1773 Deus
986 1717 1212 1787 vitium,
1246 1718 1396 1789 quod
1426 1718 1547 1788 ipse
1598 1733 1715 1771 non
1746 1718 1829 1772 fe-

117 1809 197 1863 cit
228 1808 293 1863 in
314 1807 568 1861 homine.
597 1806 755 1861 Adde
792 1806 1039 1860 infantes
1069 1822 1188 1860 esse
1237 1822 1372 1861 vasa
1398 1807 1743 1873 contumeliae,
1778 1808 1833 1860 et

119 1913 190 1951 ex
226 1894 605 1966 consequenti
637 1910 757 1947 esse
808 1893 1011 1964 dignos
1042 1894 1388 1949 contumelia
1415 1911 1478 1948 ac
1523 1894 1843 1965 vituperio.

119 1984 305 2041 Miror
333 1991 526 2037 autem
557 1985 830 2054 Vasquez,
863 1983 1049 2037 virum
1098 1983 1159 2037 in
1213 1983 1518 2056 Augustini
1571 1984 1833 2038 doctrina

120 2074 277 2128 adeo
304 2078 608 2140 versatum,
644 2078 707 2126 ut
738 2072 957 2126 sodales
1000 2074 1430 2144 Compluteuses
1465 2072 1834 2142 Augustinum

122 2164 408 2228 alterum,
443 2161 533 2215 vel
591 2162 789 2214 saltem
838 2166 1065 2215 mentem
1120 2178 1182 2216 ac
1240 2164 1484 2230 linguam
1532 2161 1835 2231 Augustini

124 2251 409 2305 eumdem
439 2249 929 2320 nuncupaverint;
962 2249 1160 2317 miror,
1214 2249 1453 2322 inquam
1482 2250 1625 2304 illud
1657 2266 1831 2319 argu-

119 2345 395 2395 mentum
436 2339 616 2393 v~cluti
668 2337 915 2393 solidum
969 2338 1262 2409 objecisse,
1320 2340 1474 2410 quod
1529 2344 1722 2393 tamen
1755 2339 1835 2393 di-

117 2434 276 2483 serte
296 2429 366 2481 ab
396 2427 716 2498 Augustino
766 2444 1027 2481 eversum
1050 2428 1255 2481 fuerat.
1288 2428 1569 2482 Audiatur
1601 2434 1831 2483 sanctus

120 2519 333 2573 doctor
362 2517 460 2571 lib.
495 2517 565 2571 de
594 2517 849 2586 Corrept.
906 2522 962 2570 et
991 2522 1163 2587 grat.,
1207 2533 1332 2588 cap.
1381 2521 1412 2571 6
1447 2534 1460 2572 :
1498 2536 1525 2569 «
1566 2520 1655 2572 An
1700 2534 1833 2571 vero

122 2606 264 2661 ideo
319 2605 568 2676 pravitas
615 2604 723 2659 ista
778 2604 1137 2674 corripienda
1190 2622 1303 2660 non
1352 2610 1437 2660 est
1488 2606 1547 2659 in
1577 2606 1833 2673 homine,

122 2695 273 2766 quia
298 2711 417 2748 non
446 2694 567 2763 ejus
608 2694 859 2765 propria,
890 2694 989 2765 qui
1028 2693 1356 2764 corripitur,
1388 2694 1484 2749 sed
1513 2695 1837 2749 communis

123 2787 217 2838 est
268 2783 588 2837 omnibus?
632 2783 754 2837 Imo
789 2798 921 2836 vero
977 2782 1322 2853 corripiatur
1352 2785 1407 2835 et
1461 2782 1519 2836 in
1571 2783 1832 2852 singulis,

118 2871 286 2944 quod
318 2878 404 2926 est
433 2870 715 2925 omnium.
754 2872 879 2926 Non
935 2871 1091 2925 enim
1146 2875 1454 2941 propterea
1492 2872 1833 2942 cujusquam

122 2978 250 3016 non
298 2966 384 3015 est
438 2960 591 3031 quod
622 2961 692 3015 ab
753 2976 819 3014 ea
872 2960 1065 3014 nullus
1116 2959 1391 3013 immunis
1449 2964 1553 3014 est.
1600 2962 1835 3014 Peccata
1866 2981 1903 3035 ε

121 3050 370 3122 quidem
420 3050 526 3104 ista
556 3049 860 3120 originalia
886 3049 1013 3103 ideo
1044 3048 1314 3103 dicuntur
1344 3049 1533 3103 aliena
1586 3046 1739 3120 quod
1772 3064 1838 3102 ea

122 3139 349 3209 singuli
379 3139 448 3193 de
481 3138 812 3208 parentibus
842 3139 1099 3205 trahunt,
1131 3139 1228 3192 sed
1258 3154 1376 3192 non
1407 3138 1528 3193 sine
1560 3152 1729 3191 causa
1757 3136 1840 3191 di-

122 3233 346 3283 cuntur
375 3232 432 3281 et
470 3232 681 3293 nostra,
733 3227 866 3298 quia
907 3230 965 3281 in
1004 3229 1096 3281 illo
1125 3243 1229 3281 uno
1276 3243 1475 3295 omnes,
1523 3228 1669 3281 sicut
1705 3226 1840 3280 dicit

112 3317 481 3388 Apostolus,
565 3321 940 3386 peccaverunt.
1016 3317 1377 3371 CORRIPIATUR
1462 3332 1599 3385 ergo
1672 3332 1833 3371 oaioo

124 3419 479 3471 cammarus,
514 3411 576 3457 ut
605 3419 673 3458 ex
702 3404 899 3458 dolore
949 3403 1326 3474 correptionis
1356 3405 1616 3459 voluntas
1658 3420 1837 3474 rege-

120 3492 450 3550 nerationis
484 3492 721 3559 oriatur,
757 3513 784 3545 »
819 3497 924 3547 etc.
981 3494 1057 3547 Ex
1092 3492 1300 3561 quibus
1331 3498 1483 3564 patet
1516 3509 1682 3565 posse
1737 3494 1839 3548 ho-

123 3582 355 3638 minem
386 3582 597 3652 corripi
624 3582 694 3635 ob
725 3586 1017 3653 peccatum
1052 3581 1349 3652 originale.

206 3672 390 3727 Instat
440 3670 736 3735 Moraines,
797 3686 958 3724 num.
1009 3672 1098 3737 41,
1156 3686 1274 3725 non
1332 3670 1519 3725 solum
1560 3670 1839 3727 Aristote-

128 3762 253 3816 lem
308 3765 410 3814 aut
437 3759 692 3814 ethnicos
722 3759 1093 3831 philosophos
1142 3759 1330 3814 dicere
1382 3760 1673 3816 neminem
1718 3776 1840 3815 esse

128 3848 427 3918 vituperio
457 3853 515 3903 et
558 3848 1003 3920 reprehensione
1036 3847 1276 3919 dignum
1334 3854 1572 3920 propter
1600 3849 1658 3904 id
1688 3850 1839 3921 quod

128 3954 255 3993 non
280 3938 460 3993 libere
490 3936 624 3992 fecit
665 3942 763 3991 aut
790 3936 999 4003 omisit,
1037 3937 1133 3991 sed
1188 3936 1449 3991 omnium
1482 3938 1740 3992 ﬁdelium
1786 3944 1841 3994 et

127 4026 460 4083 inﬁdelium
488 4042 853 4081 communem
882 4025 1041 4080 illam
1070 4041 1271 4080 vocem
1324 4041 1464 4091 esse,
1525 4030 1589 4081 ut
1629 4027 1839 4081 conﬁr-

128 4120 260 4171 mat
289 4123 513 4171 sanctus
569 4116 923 4186 Augustinus
964 4114 1061 4169 lib.
1106 4115 1175 4169 de
1216 4115 1447 4169 Duabus
1499 4114 1839 4186 Animabus,

129 4221 266 4275 cap.
300 4208 382 4260 ll.
418 4204 600 4270 Quare
633 4220 763 4258 cum
788 4204 980 4258 nullus
1005 4202 1353 4257 commiserit
1382 4209 1678 4274 peccatum
1726 4205 1839 4260 ori-

1933 467 2013 520 illi
2042 467 2287 521 liberum
2320 468 2506 522 fuerat
2532 469 2847 525 abstinere.
2883 472 3025 526 Nam
3059 472 3131 537 ei,
3165 473 3264 544 qui
3296 473 3455 534 dixit.
3489 476 3633 544 quod

1932 557 2051 610 nolo
2074 558 2275 611 malum
2306 559 2399 612 hoc
2430 574 2549 625 ago,
2583 558 2869 613 abstinere
2922 560 3055 615 inde
3087 562 3330 615 liberum
3366 579 3481 616 non
3527 567 3625 617 est.

1932 648 2009 700 Ac
2038 662 2141 717 per
2173 646 2277 699 hoc
2308 646 2385 699 sic
2417 648 2523 700 tria
2552 647 2657 701 ista
2688 649 2990 715 discernas,
3046 656 3102 704 et
3132 651 3273 705 scias
3306 652 3457 706 aliud
3508 669 3628 707 esse

1934 739 2248 806 peccatum,
2278 735 2432 789 aliud
2463 752 2687 807 pmnam
2722 738 2954 807 peccati,
3005 739 3160 794 aliud
3198 746 3531 812 utrumque,
3572 741 3633 796 id

1935 828 2036 889 est,
2068 824 2143 877 ita
2176 830 2491 894 peccatum,
2524 831 2586 878 ut
2616 825 2803 896 ipsum
2850 827 2921 881 sit
2950 828 3122 881 etiam
3169 845 3339 898 poena
3386 828 3625 899 peccnti.

1937 911 2216 982 lntelligis
2245 913 2379 983 quid
2404 913 2610 966 horum
2644 914 2818 967 trium
2857 916 3138 985 pertineat
3175 918 3248 970 ad
3295 917 3451 971 illam
3483 916 3623 971 deﬁ-

1935 1002 2234 1071 nitionem,
2268 1002 2363 1057 ubi
2401 1019 2412 1055 :
2449 1004 2705 1057 Voluntas
2735 1010 2813 1058 est
2841 1006 3057 1071 agendi,
3101 1007 3244 1076 quod
3287 1008 3514 1075 justitia
3540 1024 3627 1063 ve-

1936 1096 2035 1159 tat,
2065 1097 2115 1145 et
2141 1092 2283 1146 unde
2309 1093 2532 1147 liberum
2587 1098 2664 1147 est
2701 1094 2988 1149 abstinere.
3048 1096 3345 1150 Peccatum
3378 1112 3631 1167 namque

1936 1181 2044 1235 isto
2104 1181 2274 1235 modo
2330 1181 2631 1241 deﬁnitum
2691 1187 2774 1235 est
2822 1198 2937 1235 non
2992 1200 3159 1254 poena
3216 1184 3456 1253 peccati,
3516 1201 3629 1238 non

1936 1274 2266 1339 utrumque.
2324 1286 2353 1321 ι)
2408 1271 2471 1323 Et
2525 1275 2829 1340 posteaza
2886 1270 2992 1325 Sed
3052 1271 3301 1341 pertinet
3350 1272 3632 1344 originale

1938 1364 2236 1431 peccatum
2266 1360 2335 1414 ad
2365 1360 2473 1414 hoc
2494 1376 2675 1431 genus
2706 1360 2960 1427 tertium,
2990 1361 3085 1415 ubi
3117 1361 3195 1415 sic
3226 1368 3519 1433 peccatum
3551 1366 3636 1417 est

1940 1453 2003 1502 ut
2033 1449 2221 1521 ipsum
2262 1449 2332 1503 sit
2384 1454 2441 1504 et
2496 1466 2665 1519 poena
2716 1450 2949 1521 peccati.
2988 1472 3016 1499 δ)
3054 1452 3283 1506 Certum
3316 1450 3494 1521 igitur
3552 1453 3637 1503 est

1938 1553 2101 1608 posse
2133 1542 2426 1609 peccatum
2468 1540 2746 1609 originale
2777 1555 2899 1593 esse
2930 1556 3061 1593 vere
3092 1545 3148 1593 et
3176 1539 3403 1611 proprie
3437 1555 3635 1610 pecca-

1938 1630 2084 1692 tum,
2116 1627 2338 1681 etiamsi
2371 1644 2486 1681 non
2516 1628 2649 1681 inde
2698 1628 2945 1683 liberum
2997 1628 3068 1683 sit
3098 1629 3404 1697 abstinere,
3448 1632 3506 1683 et
3529 1628 3634 1682 do-

1940 1715 2178 1769 ctrinam
2232 1717 2388 1770 illam
2432 1716 2699 1771 traditam
2761 1733 2794 1770 a
2859 1722 3051 1771 sancto
3117 1718 3347 1772 doctore
3409 1718 3507 1772 lib.
3569 1718 3639 1772 de

1940 1805 2120 1859 Duab.
2155 1806 2370 1871 Anim.,
2430 1822 2553 1876 cap.
2621 1808 2702 1873 ll,
2733 1822 2907 1877 quam
2956 1812 3086 1877 post
3113 1807 3404 1861 lulianum
3438 1807 3636 1861 Morai-

1939 1908 2041 1945 nes
2073 1891 2287 1961 objicit,
2329 1892 2727 1963 applicandam
2756 1910 2872 1947 non
2901 1910 3021 1948 esse
3068 1898 3297 1964 peccato
3353 1893 3635 1964 originali,

1943 1980 2010 2034 de
2042 1996 2155 2051 quo
2177 1980 2256 2034 ibi
2295 1985 2519 2035 sanctus
2551 1982 2715 2035 Pater
2744 1998 2857 2035 non
2902 1983 3259 2053 loquebatur.
3313 1984 3470 2038 Unde
3498 1983 3640 2038 falsa

1942 2074 2075 2123 sunt
2129 2086 2257 2141 quze
2316 2075 2515 2139 postea
2565 2070 2720 2124 idem
2774 2072 3052 2125 Moraines
3098 2071 3306 2127 addit:
3370 2090 3399 2124 α
3457 2072 3516 2127 Si
3572 2088 3641 2126 ex

1941 2163 2133 2212 mente
2167 2160 2236 2213 D.
2275 2159 2600 2229 Augustini,
2638 2160 2843 2231 inquit,
2876 2159 2993 2215 imo
3023 2178 3089 2215 ex
3118 2177 3291 2215 sensu
3322 2162 3497 2215 totius
3538 2161 3639 2215 Ec-

1941 2247 2127 2301 clesiae
2151 2252 2207 2302 et
2234 2264 2544 2301 consensus
2574 2249 2799 2318 generis
2830 2250 3089 2315 humani,
3144 2250 3525 2320 judicandum
3557 2253 3644 2305 est

1943 2337 2013 2391 de
2044 2341 2271 2407 peccato
2302 2336 2570 2407 originali
2601 2339 2838 2409 ejusque
2869 2355 3055 2410 pcena,
3097 2339 3399 2393 dicendum
3432 2344 3513 2394 est
3543 2355 3641 2394 ne-

1943 2426 2160 2480 minem
2191 2432 2429 2498 propter
2479 2427 2622 2481 illud
2682 2444 2794 2482 non
2845 2445 2878 2481 a
2923 2445 2981 2482 se
3015 2429 3403 2495 commissum,
3458 2428 3557 2483 sed
3586 2427 3642 2481 vi

1945 2516 2183 2585 originis
2239 2532 2305 2570 ex
2334 2516 2665 2570 necessitate
2711 2522 3057 2571 contractum
3110 2534 3232 2572 esse
3281 2518 3521 2588 dignum
3553 2534 3645 2573 re-

1944 2604 2326 2672 prehensione
2354 2609 2407 2659 et
2456 2604 2760 2676 vituperio,
2793 2622 2855 2658 ac
2911 2605 3153 2675 proinde
3210 2622 3313 2660 nec
3364 2605 3644 2676 supplicio

1944 2692 2185 2761 positivo
2227 2698 2284 2746 et
2330 2692 2708 2746 connaturali.
2755 2715 2775 2740 »
2813 2693 2991 2758 Falsa,
3019 2692 3277 2763 inquam,
3310 2693 3433 2747 haec
3463 2698 3596 2747 sunt
3629 2708 3643 2746 :

1945 2797 2079 2835 nam
2107 2797 2172 2834 ex
2206 2784 2397 2835 mente
2434 2781 2613 2834 sancti
2644 2780 2892 2835 doctoris
2947 2781 3276 2852 oppositum
3332 2781 3641 2837 dicendum

1946 2874 2073 2936 est;
2104 2870 2270 2924 docet
2312 2869 2465 2923 enim
2524 2869 2885 2938 arguendum
2933 2886 3053 2925 esse
3107 2870 3279 2924 etiam
3329 2870 3493 2924 illum
3546 2869 3646 2942 qui

1945 2963 2139 3029 peccat
2161 2957 2326 3011 tertio
2378 2958 2475 3011 illo
2530 2973 2740 3028 genere
2797 2958 3038 3027 peccati;
3100 2958 3287 3029 inquit
3330 2958 3484 3014 enim
3539 2959 3648 3014 ibi-

1947 3048 2077 3102 dem
2106 3064 2119 3101 :
2147 3066 2174 3098 ‹‹
2207 3046 2463 3102 Tertium
2513 3062 2645 3100 vero
2695 3063 2895 3117 genus,
2955 3047 3057 3101 ubi
3104 3053 3400 3118 peccatum
3458 3048 3648 3120 ipsum

1946 3142 2053 3197 est.
2090 3141 2145 3190 et
2170 3152 2337 3207 poena
2369 3135 2589 3205 peccati
2640 3142 2825 3207 potest
2874 3136 3123 3207 intelligi
3150 3137 3210 3190 in
3240 3154 3305 3190 eo
3338 3136 3436 3208 qui
3466 3137 3601 3192 dicit
3631 3153 3645 3190 :

1946 3226 2098 3292 Quod
2124 3227 2244 3280 nolo
2271 3227 2474 3279 malum
2532 3226 2626 3279 hoc
2684 3240 2804 3291 ago.
2860 3225 2941 3279 Ad
2993 3225 3097 3279 hoc
3148 3226 3436 3297 pertinent
3474 3226 3649 3280 etiam

1947 3314 2157 3379 omnia,
2192 3331 2320 3386 quae
2352 3329 2456 3385 per
2486 3312 2872 3384 ignorantiam
2900 3330 3030 3368 cum
3060 3320 3310 3385 aguntur
3334 3316 3501 3382 mala,
3534 3331 3653 3369 non

1946 3408 2221 3473 putantur
2283 3404 2453 3470 mala,
2514 3404 2601 3457 vel
2660 3402 2830 3457 etiam
2878 3409 3155 3474 putantur
3201 3406 3370 3460 bona.
3422 3405 3654 3460 Cascitas

1948 3492 2100 3547 enim
2127 3492 2333 3558 cordis,
2361 3492 2409 3546 si
2457 3496 2756 3562 peccatum
2786 3510 2901 3547 non
2961 3498 3127 3557 esset,
3190 3494 3399 3565 injuste
3447 3511 3651 3566 argue-

1947 3585 2138 3647 retur;
2194 3581 2457 3652 arguitur
2512 3586 2705 3636 autem
2745 3581 2917 3652 juste,
2966 3581 3064 3636 ubi
3099 3581 3351 3638 dicitur:
3390 3583 3654 3638 Pharisacc

1947 3684 2093 3738 caece,
2123 3674 2179 3723 et
2212 3670 2339 3723 aliis
2370 3670 2633 3740 plurimis
2665 3670 2997 3735 divinorum
3057 3671 3377 3741 elogiorum
3433 3671 3589 3726 locis.
3621 3690 3650 3721 ι)

1947 3760 2069 3812 Imo
2103 3758 2169 3812 ab
2202 3758 2301 3812 illa
2352 3760 2683 3813 necessitate
2739 3758 3221 3827 vituperationem
3252 3760 3469 3814 destrui
3534 3764 3657 3814 erat

1945 3846 2230 3917 ipsissima
2262 3846 2503 3917 objectio
2545 3846 2757 3901 Juliani
2803 3846 3042 3900 dicentis
3099 3847 3197 3901 lib.
3231 3864 3264 3900 ν
3297 3847 3497 3916 Operis
3546 3847 3658 3901 im-

1947 3935 2117 4007 peril,
2150 3952 2275 4005 cap.
2332 3938 2401 3989 52
2450 3951 2522 3989 τα
2577 3935 2754 4005 Hujus
2802 3934 3151 4005 vituperatio
3209 3935 3280 3989 ad
3340 3936 3656 3991 necessaria

1949 4041 2062 4079 non
2093 4023 2353 4091 recurrit,
2388 4023 2524 4094 quia
2555 4022 2839 4096 quidquid
2894 4024 2966 4077 ad
3022 4024 3409 4078 necessarium
3457 4040 3654 4095 perve-

1948 4112 2118 4175 nerit,
2150 4112 2341 4183 ipsum
2391 4113 2580 4183 pulsat
2639 4118 2956 4178 auctorem,
3013 4132 3042 4165 »
3077 4128 3285 4184 nempe
3318 4114 3516 4167 Deum.
3554 4113 3657 4169 Cui

1949 4208 2174 4257 sanctus
2203 4203 2370 4257 Pater
2393 4200 2703 4272 respondet
2735 4218 2748 4256 :
2784 4219 2811 4254 α
2843 4200 3141 4273 Numquid
3173 4202 3281 4256 hoc
3309 4203 3526 4256 malum
3557 4202 3655 4258 ho-

131 4292 335 4365 ginale
364 4291 562 4353 libere,
596 4293 694 4347 sed
725 4292 869 4347 illud
925 4308 992 4347 ex
1038 4291 1347 4346 infectioue
1400 4297 1620 4348 natura;
1650 4294 1840 4348 traha-
1871 4282 1912 4337 Ῑ)
1952 4292 2143 4360 minis,
2178 4292 2276 4347 ubi
2305 4292 2460 4356 dicit,
2502 4292 2649 4361 quod
2704 4292 2825 4347 nolo
2878 4292 3104 4359 malum,
3164 4292 3258 4347 hoc
3301 4307 3422 4360 ago,
3468 4292 3657 4362 ipsum

134 4386 255 4448 tur,
292 4396 458 4434 nemo
490 4384 675 4451 potest
701 4380 774 4434 ob
800 4380 941 4434 illud
996 4379 1314 4450 vituperari
1352 4384 1451 4433 aut
1480 4380 1841 4451 reprehendi.

136 4468 485 4540 Respondeo
518 4468 815 4523 laudatum
846 4468 1055 4523 sanctis
1085 4467 1335 4523 doctoris
1366 4468 1762 4523 testimonium
1813 4486 1847 4524 a

131 4558 371 4613 Juliauo
436 4556 623 4611 eidem
694 4557 1017 4628 Augustino
1090 4572 1245 4627 saepe
1302 4557 1494 4628 sapius
1559 4558 1845 4628 objectum

132 4646 337 4712 fuisse,
385 4645 761 4715 lib.10peris
809 4645 1061 4716 imperf.,
1114 4661 1236 4717 cap.
1300 4648 1390 4713 45,
1450 4647 1551 4701 lib.
1610 4664 1665 4716 v,
1718 4664 1841 4719 cap.

133 4736 208 4791 43
250 4738 308 4788 et
336 4736 421 4799 45,
449 4738 505 4788 et
532 4734 689 4788 alibi.
723 4734 826 4789 Cui
856 4739 1084 4789 sanctus
1126 4736 1295 4789 Pater
1341 4736 1648 4807 respondet
1700 4736 1796 4791 lib.
1828 4755 1846 4791 ι

133 4823 345 4895 Operis
374 4823 624 4895 impert,
658 4839 779 4894 cap.
813 4825 880 4879 48
914 4840 927 4878 :
966 4844 988 4873 ι
1042 4825 1188 4895 Ipse,
1242 4823 1449 4896 inquit,
1508 4825 1691 4880 Adam
1741 4830 1845 4894 est,

130 4928 319 4985 quem
348 4918 539 4966 nostra
568 4912 666 4966 illa
697 4912 977 4979 deﬁnitio,
1013 4929 1142 4985 quae
1174 4913 1277 4968 tibi
1316 4914 1549 4984 placuit,
1582 4915 1845 4970 intueba-

137 5007 260 5067 tur,
294 5017 423 5055 cum
475 5002 771 5055 dicerem:
804 5004 1086 5057 Peccatum
1132 5008 1210 5057 est
1254 5005 1503 5059 voluntas
1555 5005 1844 5071 retinendi,

133 5093 224 5146 vel
244 5092 625 5162 consequendi,
663 5092 806 5160 quod
837 5094 1063 5161 justitia
1091 5096 1257 5159 vetat,
1280 5096 1331 5147 et
1350 5094 1491 5147 unde
1522 5094 1749 5149 liberum
1772 5098 1849 5149 est

136 5182 426 5238 abstinere
470 5180 612 5249 (Lib.
684 5181 748 5234 de
804 5181 975 5236 Duab.
1027 5182 1243 5246 Anim.,
1298 5196 1418 5251 cap.
1485 5182 1592 5252 lt).
1665 5182 1849 5237 Adam

138 5270 366 5343 quippe
411 5270 647 5324 omnino
680 5269 908 5341 quando
940 5268 1217 5339 peccavit,
1244 5267 1391 5323 nihil
1420 5267 1481 5322 in
1513 5284 1571 5323 se
1604 5268 1852 5324 habebat

136 5360 301 5425 mali,
329 5375 443 5430 quo
476 5359 673 5413 nolens
723 5362 1024 5429 urgeretur
1074 5357 1147 5411 ad
1195 5357 1552 5427 operandam
1607 5358 1845 5425 malum,

140 5452 202 5501 et
230 5452 468 5519 propter
496 5446 648 5519 quod
678 5446 890 5501 diceret
920 5462 933 5501 :
965 5447 1085 5503 Non
1131 5446 1274 5516 quod
1307 5447 1423 5501 volo
1446 5448 1592 5513 facio
1626 5448 1834 5502 bonum.

136 5534 239 5591 sed
262 5537 407 5606 quod
430 5536 551 5590 nolo
600 5535 822 5601 malum,
870 5536 965 5591 hoc
996 5550 1097 5603 ago
1152 5535 1328 5607 (Rom.
1363 5552 1457 5605 vn,
1509 5536 1581 5607 9),
1634 5551 1695 5590 ac
1744 5552 1850 5608 per

1952 4381 2201 4437 hominis
2231 4383 2423 4453 pulsat
2453 4387 2746 4436 auctorem
2768 4383 2797 4436 ?
2822 4386 2877 4436 et
2906 4386 3097 4436 tamen
3131 4397 3264 4436 eum
3306 4381 3408 4452 qui
3437 4381 3517 4437 sic
3542 4381 3662 4453 agit

1955 4472 2171 4526 malum
2202 4472 2337 4525 satis
2362 4476 2605 4541 apparet
2626 4472 2696 4526 ad
2730 4471 3123 4526 necessarium
3152 4470 3498 4542 pervenisse,
3557 4487 3657 4527 ne-

1954 4562 2211 4616 cessitate
2242 4560 2457 4632 quippe
2489 4560 2606 4631 agit
2637 4561 2791 4632 quod
2824 4576 2941 4615 non
2972 4560 3092 4632 agit
3112 4560 3422 4616 voluntate.
3455 4578 3485 4614 ι)

2027 4650 2318 4720 Ohjicinnt
2347 4654 2375 4703 5
2405 4658 2427 4685 ο
2459 4649 2670 4703 durum
2696 4650 2896 4716 videri,
2930 4654 2986 4704 et
3036 4649 3246 4705 divinae
3278 4650 3521 4705 bonitati
3551 4648 3659 4704 mi-

1956 4737 2108 4792 nime
2150 4742 2599 4791 consentaneum
2649 4744 2713 4792 ut
2740 4755 2911 4808 pcena
2940 4738 3090 4810 ignis
3120 4738 3322 4794 aeterni
3343 4739 3545 4810 puniat
3572 4737 3663 4791 in-

1955 4825 2158 4892 fantes,
2212 4825 2312 4896 qui
2360 4826 2601 4896 propria
2655 4828 2947 4882 voluntate
3010 4844 3129 4882 non
3183 4831 3509 4899 peccarnnt,
3563 4826 3660 4881 sed

1956 4914 2143 4969 aliena
2173 4918 2419 4976 tantum,
2454 4918 2625 4985 atque
2655 4930 2720 4968 ex
2761 4915 2815 4969 vi
2869 4920 2927 4969 et
2982 4916 3214 4970 miseria
3267 4931 3383 4970 sum
3428 4912 3662 4984 originis

1956 5008 2186 5074 peccato
2214 5002 2483 5073 originali
2513 5002 2707 5057 infecti
2742 5008 2892 5058 sunt.
2932 5004 3258 5074 Respondet
3306 5002 3663 5073 Augustinus

1960 5092 2056 5147 lib.
2088 5108 2120 5145 v
2150 5091 2351 5162 Operis
2384 5091 2632 5161 imperf.,
2657 5108 2779 5163 cap.
2810 5095 2871 5147 i3
2897 5110 2953 5146 ει
2974 5092 3030 5147 Si
3066 5097 3254 5146 autem
3287 5090 3518 5145 crudele
3540 5108 3663 5148 esse

1961 5180 2592 5236 arbitramiuidamnari
2620 5183 3055 5254 parvulos,quos
3068 5180 3347 5250 originale
3367 5186 3664 5251 peccatum

1964 5271 2188 5325 trahere
2219 5285 2339 5323 non
2368 5269 2603 5341 putatis,
2637 5270 2865 5325 crudele
2896 5269 3057 5324 vobis
3084 5268 3342 5324 videatur
3383 5285 3502 5324 non
3539 5269 3665 5342 rapi

1959 5374 2027 5413 ex
2054 5359 2159 5413 hac
2185 5358 2299 5412 vita
2319 5360 2595 5429 parvulos
2643 5359 2959 5414 secundum
2992 5374 3092 5413 vos
3134 5358 3357 5413 nullum
3389 5358 3666 5414 habentes

1963 5447 2219 5502 omnimo
2250 5452 2569 5518 peccatum,
2607 5465 2751 5520 quos
2774 5449 2921 5502 Deus
2952 5446 3152 5519 utique
3180 5446 3358 5515 novit,
3387 5446 3448 5501 in
3466 5445 3665 5501 multis

1958 5536 2295 5611 magnisque
2325 5536 2585 5608 peccatis
2636 5537 2760 5591 sine
2808 5537 2924 5591 ulla
2975 5536 3037 5597 in
3088 5536 3294 5591 melius
3346 5536 3664 5599 mutatione
