3906 6182
345 271 445 323 667

343 391 674 448 morituros.
732 393 872 450 Nam
921 393 1234 448 secundum
1283 410 1753 451 RATIOCINATIONES
1791 411 2043 452 annuus

349 483 635 537 crudelius
669 481 892 536 videtur
922 498 1036 535 non
1076 482 1343 550 liberare,
1375 500 1502 538 cum
1535 485 1730 556 possit,
1764 487 1936 539 nullis
1967 486 2050 541 in-

342 571 642 642 quinatum
679 569 885 638 parvis,
909 570 1243 640 magnisque
1274 575 1536 641 peccatis.
1563 590 1734 644 quam
1768 575 2044 629 damnare

337 652 677 720 progeniem
729 648 1055 720 peccatoris.
1094 651 1268 704 Porro
1314 669 1442 706 cum
1474 653 1615 707 illud
1664 655 1883 724 justum
1919 671 2038 708 esse

340 753 456 809 qua
487 736 718 807 potestis
749 753 883 790 voce
913 739 1190 803 clamatis,
1223 746 1278 793 et
1308 740 1411 795 hoc
1439 758 1560 797 esse
1617 742 1894 810 iniustum
1929 760 2044 814 qua

339 825 530 881 fronte
556 825 900 880 contenditis
917 828 946 880 ?
969 847 996 878 ιι
1021 829 1083 882 Et
1103 828 1394 899 quidemsi
1426 832 1736 886 secundum
1759 833 2042 886 humanas

343 913 809 968 ratiocinationes
839 915 1163 985 loquamur,
1197 917 1420 972 videtur
1449 919 1622 974 etiam
1669 921 1898 987 durum,
1942 922 2046 976 ho-

341 1003 557 1058 minem
589 1003 661 1056 ob
689 1004 922 1058 unicum
954 1021 1191 1074 parvum
1225 1007 1590 1073 desiderium,
1623 1010 1770 1077 quod
1797 1027 2042 1064 momen-

338 1096 396 1148 to
427 1093 676 1158 evanuit,
712 1094 974 1148 damnari
1005 1095 1063 1148 in
1095 1103 1396 1157 internum.
1439 1105 1494 1152 et
1524 1104 1718 1152 tamen
1771 1099 1880 1154 hoc
1932 1100 2043 1154 fide

343 1182 753 1247 credimus;in
784 1199 851 1236 eo
906 1183 1058 1236 enim
1116 1190 1244 1238 actu
1292 1186 1446 1239 nulla
1496 1203 1693 1240 sensus
1745 1188 2044 1242 delectatio

343 1271 471 1336 fuit,
503 1272 603 1342 qui
634 1276 825 1325 tamen
877 1287 1045 1340 poma
1092 1290 1291 1327 sensus
1335 1281 1614 1330 aeternum
1661 1277 2039 1348 torquebitur.

344 1361 531 1426 Quare
592 1376 697 1414 nec
744 1361 951 1414 durum
1005 1361 1184 1416 videri
1242 1363 1409 1418 debet
1463 1381 1672 1435 pueros
1728 1366 2043 1421 secundum

347 1465 578 1504 sensum
613 1449 830 1520 puniri,
865 1451 960 1521 qui
998 1467 1162 1504 sensu
1198 1468 1309 1506 non
1341 1457 1732 1523 peccaverunt,
1765 1455 1873 1508 nisi
1901 1471 2042 1526 qua-

343 1541 512 1592 tenus
540 1538 694 1592 idem
724 1539 880 1593 fuere
911 1555 1037 1592 cum
1060 1540 1296 1594 Adamn.
1334 1542 1615 1595 Praeterea
1661 1557 1790 1596 cum
1823 1543 2043 1613 primus

344 1642 573 1698 parens,
608 1627 652 1678 si
682 1634 1095 1697 perseverasset
1125 1628 1180 1681 iu
1212 1628 1384 1694 bono,
1433 1631 1872 1683 transmissurus
1902 1630 2040 1684 fuis-

345 1722 430 1769 set
460 1715 515 1768 in
549 1717 1114 1786 posterosjustitiam
1149 1719 1512 1784 originalem,
1545 1725 1602 1773 et
1655 1719 1850 1773 omnia
1889 1720 2042 1774 bona

343 1808 466 1858 tum
499 1803 674 1857 animi
712 1809 829 1857 tam
861 1806 1130 1874 corporis.
1170 1812 1231 1859 ut
1259 1807 1432 1860 tradit
1461 1813 1686 1861 sanctus
1727 1810 1892 1862 Pater
1941 1809 2040 1864 lib.

347 1909 404 1946 ιιι
436 1892 638 1962 Operis
672 1891 932 1962 imperf.,
965 1910 1068 1964 cap
1137 1897 1253 1961 199,
1305 1911 1406 1948 cur
1454 1896 1660 1950 durum
1699 1896 1942 1960 videtur,
1997 1897 2045 1952 si

343 1981 748 2053 prawaricatus
778 1981 1038 2036 miserias
1064 1999 1128 2037 ac
1156 1999 1353 2053 poenas
1378 1984 1624 2054 pOsteris
1653 1985 2045 2040 hereditarias

342 2069 476 2125 fecit
493 2071 523 2122 ?

413 2155 796 2226 Objiciunt60.
818 2157 1056 2226 Propter
1083 2161 1377 2226 peccatum
1393 2157 1670 2229 originale
1702 2175 1816 2212 non
1849 2158 2039 2230 injun-

346 2244 504 2316 gitur
556 2243 805 2298 hominis
860 2245 1215 2314 baptizandis
1263 2247 1458 2318 aliqua
1524 2247 1883 2318 poenitentia,
1943 2264 2047 2305 nec

341 2333 623 2404 jubentur
654 2334 861 2387 habere
917 2335 1100 2389 ullum
1154 2336 1402 2391 dolorem
1447 2335 1516 2389 de
1564 2335 1682 2400 illo,
1733 2352 1872 2406 ergo
1929 2353 2046 2391 non

348 2421 758 2493 correspondet
789 2422 871 2476 illi
917 2423 1111 2492 aliqua
1157 2440 1324 2495 paena
1355 2440 1574 2490 sensus,
1617 2425 1783 2478 sicuti
1828 2442 2046 2480 curres-

345 2510 562 2582 pandet
590 2511 834 2581 peccatis
873 2512 1212 2576 actualibus,
1247 2513 1584 2583 ltespondeo
1617 2513 1803 2584 primo
1855 2515 2047 2568 adver-

345 2601 624 2653 sariorum
657 2601 956 2671 plerosque
986 2601 1082 2672 qui
1110 2601 1218 2656 hoc
1251 2607 1650 2672 argumentum
1676 2609 1882 2673 urgent
1911 2621 2044 2657 con-

346 2688 546 2758 cedere
603 2688 658 2742 in
720 2691 965 2758 parvulis
1010 2690 1295 2744 tristitiam
1351 2691 1423 2744 ob
1462 2692 1771 2746 carentiatr
1814 2691 2047 2746 visionis

350 2756 524 2848 quani
555 2756 886 2846 patiuntur;
921 2778 1096 2848 igitur
1125 2779 1364 2832 debetur
1388 2785 1619 2850 peccato
1652 2780 1915 2850 originali
1954 2781 2048 2836 do-

348 2867 436 2920 lor
459 2866 715 2928 interior,
747 2867 969 2921 etiamsi
1005 2885 1105 2939 pro
1135 2873 1365 2939 peccato
1424 2868 1689 2938 originali
1721 2871 1908 2923 nullus
1958 2871 2046 2924 in-

349 2959 547 3010 ternus
602 2954 765 3009 dolor
820 2956 892 3010 ab
953 2957 1194 3011 Ecclesia
1249 2957 1636 3028 praecipiatur.
1709 2957 2114 3050 Respondeoc

349 3047 434 3111 2°,
466 3043 598 3098 data
628 3044 804 3115 priori
861 3050 1021 3116 parte
1076 3046 1484 3112 antecedentis,
1536 3047 1798 3116 negando
1847 3063 2046 3100 conse-

351 3132 673 3205 quentiam,
705 3133 840 3203 quia
867 3150 998 3188 cum
1030 3133 1276 3188 miseria!
1307 3133 1476 3206 hujus
1513 3135 1644 3188 vita:
1675 3134 1789 3188 sint
1819 3135 2049 3191 effectus

349 3221 567 3293 peccati
595 3221 910 3293 originalis,
943 3239 1044 3275 cur
1072 3239 1218 3276 nova
1251 3238 1419 3295 poma
1472 3223 1884 3293 imponeretur,
1918 3240 2048 3279 cum

347 3309 670 3365 innumeri?
698 3327 801 3382 pro
834 3311 1035 3366 eodem
1087 3311 1252 3366 nobis
1307 3311 1619 3366 subeunda:
1648 3312 1804 3367 sint?
1831 3313 1927 3367 Sat
1967 3319 2052 3368 est

355 3399 403 3454 si
441 3399 665 3455 dicatur
717 3400 1141 3454 catechumenis
1179 3416 1379 3455 omnes
1427 3400 1688 3455 homines
1743 3401 1800 3455 in
1831 3403 2049 3456 Adamo

351 3503 636 3560 peccasse,
677 3504 741 3543 ac
769 3487 1011 3559 proinde
1063 3505 1093 3542 e
1143 3489 1396 3542 terrestri
1452 3489 1715 3560 paradiso
1767 3491 2051 3561 expulsos,

351 3582 433 3641 tot
463 3577 750 3647 tantisque
779 3576 962 3648 poenis
1010 3577 1286 3644 addictos,
1338 3593 1480 3647 quas
1515 3577 1709 3632 divina
1740 3579 1922 3650 gratia
1950 3579 2050 3634 ad-

347 3668 584 3738 juvante
639 3665 862 3738 fortiter
903 3667 1182 3722 sustinere
1231 3683 1550 3737 possumus.
1602 3667 1940 3739 Respondeo
1995 3671 2052 3724 3°

353 3755 618 3826 negando
649 3756 955 3810 secundam
989 3761 1213 3827 partem
1245 3755 1652 3822 antecedentis,
1699 3757 1921 3811 nullum
1953 3757 2052 3812 do-

355 3846 536 3901 lorem
589 3844 817 3918 injungi
849 3845 1270 3901 calechumenis
1297 3846 1370 3901 ob
1408 3850 1699 3917 peccatum
1728 3846 2003 3918 originale
2037 3863 2049 3901 :

356 3933 688 4007 oppositum
715 3934 866 3990 enim
910 3951 1173 4008 expresse
1226 3935 1418 3998 tradit,
1453 3934 1569 3989 imo
1595 3936 1760 4004 jubet
1783 3936 2054 4009 Augusti-

360 4040 468 4080 nus
496 4040 619 4096 cap.
654 4027 686 4079 6
719 4024 980 4096 superius
1009 4024 1236 4080 laudato
1263 4024 1331 4078 de
1363 4024 1729 4096 Correptione
1751 4032 1807 4079 et
1847 4025 2050 4097 gratia,

352 4113 621 4184 inquiens
653 4129 666 4167 :
699 4136 720 4163 ι
757 4112 1108 4184 Corripiatur
1150 4129 1286 4185 ergo
1329 4113 1494 4184 origo
1535 4115 1825 4180 damnata,
1881 4120 1943 4168 ut
1989 4131 2054 4170 ax

357 4217 566 4258 nomen
601 4203 990 4273 correptionis.
1016 4203 1280 4258 voluntas
1307 4202 1761 4273 regenerationis
1789 4202 2006 4258 oriatur
2037 4221 2050 4270 ;

355 4290 401 4345 si
430 4295 624 4347 tamen
655 4291 783 4363 quis
835 4292 1164 4362 corripitur,
1193 4291 1346 4348 filius
1397 4295 1483 4345 est
1528 4291 1943 4362 promissionis,
1986 4297 2050 4348 ut

356 4379 597 4448 strepitu
662 4379 1036 4450 correptionis
1117 4379 1433 4434 forinsecus
1503 4377 1826 4441 insonante.
1885 4388 2056 4453 atque

358 4481 751 4532 FLAGELLANTE,
787 4469 934 4522 Deus
958 4467 1016 4521 in
1048 4465 1145 4522 illo
1177 4465 1516 4520 intrinsecus
1540 4468 1759 4521 occulta
1807 4468 2056 4540 inspira-

361 4553 516 4608 tione
547 4560 818 4625 operetur
847 4561 905 4610 et
949 4556 1109 4610 velle.
1150 4575 1173 4603 ι
1212 4555 1412 4610 Nonne
1465 4556 1907 4612 catechumenus
1939 4558 2054 4629 pri-

358 4656 519 4697 mum
566 4641 852 4695 docendus
901 4644 987 4695 est
1040 4657 1099 4696 se
1160 4642 1244 4695 vel
1276 4641 1347 4696 ab
1377 4645 1505 4696 ortu
1539 4642 1596 4696 in
1626 4649 1856 4714 peccato
1911 4662 2052 4713 esse,

362 4726 661 4784 inimicum
742 4729 863 4795 Dei,
932 4729 1038 4784 sub
1092 4729 1370 4786 daemonis
1433 4736 1729 4803 potestate,
1801 4735 2056 4805 ejmdem

363 4816 714 4885 membrum,
761 4817 822 4872 in
880 4818 1136 4890 ejusdem
1177 4820 1444 4877 familia?
1493 4821 1630 4887 Quae
1686 4823 1782 4876 ille
1822 4823 2057 4879 audiens

358 4907 550 4963 statim
577 4907 774 4963 dolore
804 4909 1132 4981 corripitur,
1191 4910 1346 4984 quod
1393 4916 1561 4966 natus
1614 4911 1687 4967 sit
1733 4913 1836 4968 sub
1867 4919 2056 4986 potes-

360 5000 476 5051 tate
501 4998 801 5064 dwmonis,
833 5003 1002 5069 atque
1033 5000 1137 5056 sub
1171 5017 1237 5056 eo
1263 5000 1476 5055 diutius
1515 5001 1737 5056 vixerit.
1779 5003 2059 5058 Audiatur

361 5092 589 5141 sanctus
638 5088 1014 5158 Augustinus.
1071 5089 1170 5144 lib.
1223 5105 1240 5144 ι
1287 5089 1356 5144 de
1410 5096 1772 5160 peccatorum
1824 5091 2055 5159 Meritis,

364 5187 488 5242 cap.
522 5176 585 5228 t9
620 5191 633 5229 :
670 5193 695 5227 ι
728 5175 886 5231 Dicet
917 5176 1124 5248 aliquis
1149 5192 1164 5232 :
1194 5177 1492 5242 Quomodo
1543 5193 1680 5248 ergo
1710 5184 1765 5232 et
1813 5180 1922 5250 ipsi
1954 5198 2052 5233 vo-

369 5265 571 5314 cantur
595 5262 650 5316 in
678 5265 1070 5333 penitentiam
1092 5265 1120 5321 7
1144 5265 1410 5337 Nunquid
1451 5267 1709 5322 tantillus
1746 5273 1932 5339 potest
1961 5269 2059 5323 ali-

369 5348 506 5420 quid
533 5353 808 5420 pmnitere
828 5355 856 5409 ‘l
881 5355 1025 5411 Huic
1058 5354 1433 5425 respondetur
1464 5370 1478 5409 :
1509 5355 1566 5410 Si
1605 5364 1909 5429 propterea
1938 5373 2058 5428 pce-

365 5437 612 5493 nitentes
641 5439 865 5497 dicendi
903 5459 1022 5499 non
1080 5449 1214 5498 sunt
1263 5443 1397 5515 quia
1460 5459 1689 5499 sensum
1746 5444 2059 5517 paenitendi

364 5525 625 5583 nondum
654 5528 887 5596 habent,
921 5547 1025 5586 nec
1053 5532 1250 5588 ﬁdeles
1302 5531 1529 5588 dicendi
1557 5536 1689 5587 sunt
1714 5534 1848 5603 quia
1900 5533 2057 5589 simi-

1341 272 1899 330 sueetaaamua
1936 274 2026 328 an
2063 273 2298 330 OPERA
2335 276 2390 329 s.
2433 276 2820 334 AUGUSTlNl.
2889 243 2898 252 ’

3694 300 3768 353 668

2073 400 2110 453 Α
2153 396 2284 451 liter
2343 414 2573 454 sensum
2628 400 2896 455 credendi
2946 401 3202 458 nondum
3246 403 3468 463 habent.
3518 411 3570 466 Si
3619 419 3766 475 autem

2153 492 2457 558 propterea
2488 495 2635 543 recte
2666 491 2861 545 ﬁdeles
2895 501 3167 545 vocantur
3195 494 3449 564 quoniam
3500 501 3654 556 fidem
3702 521 3772 574 per

2154 577 2324 631 verba
2357 579 2706 648 gestantium
2736 580 3159 651 quodammodo
3192 584 3530 652 proﬁtentur,
3575 606 3664 644 cur
3693 610 3776 651 non

2152 666 2311 736 prius
2342 668 2511 720 etiam
2537 668 2875 736 pmnitentes
2903 669 3185 722 habentur
3213 686 3335 726 cum
3366 682 3778 743 per.eornmilem

2151 755 2322 807 verba
2365 757 2709 825 gestautium
2743 757 2967 811 diabolo
3010 764 3067 812 et
3100 759 3234 812 huic
3278 765 3471 816 strculo
3502 769 3780 825 renuntiare

2153 847 2593 898 monstrantur?
2648 869 2667 893 υ
2736 847 2917 916 Igitur
2981 847 3027 901 si
3069 851 3451 918 ptenitentiam
3513 858 3682 924 pueris
3731 876 3779 914 eo

2151 938 2314 1004 pacto
2345 941 2570 988 sanctus
2619 936 2823 990 Doctor
2869 938 3086 1003 asserit,
3145 939 3322 994 adulti
3367 942 3432 994 ad
3487 943 3780 1013 baptismum

2153 1023 2483 1076 accedentes
2513 1026 2770 1079 eamdem
2803 1042 2915 1079 nou
2952 1027 3291 1083 habebunt?
3327 1031 3474 1085 Tunc
3504 1049 3623 1103 ergo
3665 1036 3783 1092 dolet

2151 1111 2308 1180 ipsos
2344 1112 2555 1181 peccati
2587 1113 2900 1181 originalis,
2935 1116 3164 1186 quando
3195 1133 3264 1171 ex
3291 1119 3594 1188 Augustino
3614 1137 3783 1178 renun-

2151 1200 2294 1254 tiare
2325 1216 2384 1254 se
2410 1199 2638 1255 diabolo
2672 1203 2886 1257 dicunt.

2221 1327 2544 1396 Antequam
2576 1326 2719 1381 hanc
2748 1328 3194 1399 disputationem
3239 1331 3520 1398 claudam,
3574 1334 3683 1388 volo
3725 1353 3785 1390 re-

2150 1413 2323 1467 citare
2351 1416 2728 1483 ohjectionem
2763 1418 3029 1472 Gulielmi
3060 1420 3129 1472 de
3164 1418 3537 1490 Rubione,qui
3565 1422 3783 1485 iuldist.

2152 1505 2470 1573 3?,q.2,art,
2492 1508 2546 1567 2,
2577 1504 2683 1559 hoc
2710 1508 3051 1577 argumento
3076 1508 3376 1578 impugnat
3399 1512 3655 1565 cruciatus
3679 1529 3786 1583 pue-

2150 1607 2377 1646 rorum:
2404 1614 2425 1640 ι
2453 1594 2546 1647 Ille
2568 1594 2667 1664 qui
2695 1602 2779 1648 est
2801 1613 2963 1667 asque
2981 1597 3258 1652 innocens
3281 1599 3788 1669 aliopeccante,sicut

2073 1697 2114 1752 Β
2153 1698 2266 1735 non
2299 1687 2585 1751 peccante,
2614 1700 2723 1737 non
2746 1690 2828 1738 est
2857 1685 3222 1756 afflignndus,
3241 1703 3343 1740 nec
3379 1689 3550 1759 magis
3569 1691 3697 1755 juste
3717 1705 3786 1760 po-

2156 1775 2264 1824 test
2289 1771 2466 1839 aftligi
2500 1777 2625 1842 post
2654 1780 2946 1841 peccatum
3006 1775 3261 1838 alterius,
3297 1792 3463 1847 quam
3495 1778 3538 1830 si
3566 1778 3646 1831 ille
3682 1795 3788 1831 nua-

2155 1876 2326 1930 quam
2385 1867 2698 1931 peccasset;
2749 1863 2846 1916 sed
2900 1870 3137 1933 propter
3191 1873 3486 1934 peccatum
3526 1866 3785 1935 primorum

2154 1954 2460 2019 parentum
2491 1966 2686 2003 eorum
2719 1950 2843 2014 filii,
2865 1951 2962 2022 qui
2989 1969 3286 2022 nunquam
3320 1961 3682 2024 peccaverunt,
3703 1971 3787 2010 non

2155 2043 2289 2091 sunt
2317 2037 2500 2107 magis
2528 2039 2860 2108 culpabiles,
2892 2056 3064 2111 quam
3121 2040 3169 2093 si
3230 2057 3344 2095 non
3386 2048 3682 2111 peccassent
3709 2042 3786 2111 ipsi

2155 2140 2355 2178 eorum
2397 2131 2698 2194 parentes;
2743 2125 2860 2180 imo
2910 2132 3046 2181 sunt
3101 2143 3269 2199 teque
3324 2128 3653 2194 innocentes,
3696 2134 3788 2198 post

2155 2213 2411 2285 ipsorum
2441 2219 2758 2284 peccatum,
2813 2214 2958 2269 sicut
3006 2215 3251 2270 fuissent
3306 2217 3351 2270 si
3407 2233 3674 2287 nunquam
3706 2216 3786 2285 ipsi

2155 2308 2517 2373 peccassent;
2553 2304 2682 2357 licet
2709 2303 2864 2357 enim
2913 2303 3026 2358 sint
3086 2305 3260 2359 modo
3323 2305 3424 2370 rei,
3464 2322 3606 2375 ergo.
3645 2324 3668 2353 1
3706 2310 3784 2357 etc.

2156 2393 2336 2461 Negat
2362 2391 2454 2446 hic
2491 2391 2731 2463 scriptor
2769 2395 3048 2446 maculam
3083 2409 3278 2447 verum
3311 2399 3366 2447 et
3402 2394 3666 2464 propriam
3692 2408 3786 2463 qua

2155 2481 2305 2535 inest
2334 2480 2527 2551 pueris
2553 2487 2683 2535 ante
2736 2481 3105 2552 baptismum,
3138 2481 3195 2535 in
3254 2499 3369 2553 quo
3403 2486 3556 2553 juxta
3587 2482 3788 2537 Ecclesia:

2156 2586 2404 2624 canones
2433 2585 2637 2640 parum
2694 2570 3066 2624 conformiter
3123 2571 3423 2642 loquitur;
3481 2578 3627 2641 putat
3673 2571 3787 2623 enim

2154 2665 2412 2730 posteros
2436 2658 2544 2713 dici
2576 2665 2897 2729 peccatores
2925 2675 3026 2730 per
3079 2659 3596 2717 denominationem
3623 2658 3787 2713 extrin-

2157 2763 2342 2802 secam
2373 2764 2402 2800 a
2429 2749 2596 2815 culpa
2638 2749 2794 2812 Atlas,
2827 2750 2891 2802 ut
2920 2753 3077 2818 patet
3117 2763 3180 2802 ex
3239 2750 3333 2814 iis,
3367 2766 3491 2820 qua:
3520 2749 3671 2804 habet
3691 2747 3786 2800 dist.

2158 2839 2244 2896 30.
2277 2853 2334 2908 q.
2365 2839 2420 2900 2,
2448 2839 2475 2904 §
2510 2839 2576 2891 Et
2608 2836 2745 2898 ideo,
2783 2836 2859 2890 ita
2887 2840 2952 2890 ut
2979 2838 3146 2908 culpa
3176 2838 3354 2893 fuerit
3396 2839 3451 2893 in
3497 2839 3607 2891 solo
3634 2839 3788 2899 Adam,

2155 2931 2346 2980 reatus
2377 2941 2527 2987 vero,
2555 2941 2651 2979 seu
2677 2926 2950 2995 obligatio
2969 2926 3036 2980 ad
3066 2942 3325 2996 pcenam,
3351 2943 3496 2998 quin,
3528 2931 3585 2979 ut
3609 2925 3790 2978 ubidem

2155 3014 2254 3079 ait,
2287 3015 2582 3085 estcnlpaa
2617 3013 2848 3068 effectus
2877 3021 2933 3069 et
2963 3015 3100 3086 quid
3156 3017 3422 3070 eamdem
3474 3028 3788 3084 consequens,

2155 3103 2216 3157 in
2246 3103 2570 3174 nepotibus.
2607 3107 2679 3157 At
2727 3103 3057 3157 Tridentina
3110 3107 3388 3174 synodus,
3420 3103 3478 3158 in
3526 3105 3720 3157 decreto
3743 3100 3792 3153 de

2155 3179 2386 3264 peccato
2417 3191 2702 3262 originali,
2734 3192 2990 3247 detinivit
3041 3195 3352 3248 anathema
3393 3210 3508 3248 esse.
3549 3191 3637 3263 qui
3674 3190 3790 3244 dixe-

2157 3281 2230 3335 rit
2257 3281 2436 3335 Adam
2468 3281 2832 3351 inquinatum
2869 3302 2892 3330 α
2928 3297 3028 3353 per
3081 3282 3494 3338 inobedientiae
3533 3285 3792 3352 peccatum,

2155 3375 2422 3431 mortem,
2453 3375 2510 3423 et
2541 3386 2737 3441 poenas
2789 3369 3044 3441 corporis
3099 3375 3330 3426 tantum
3365 3372 3424 3426 in
3455 3387 3612 3425 omne
3655 3381 3793 3438 genus

2157 3459 2475 3513 humanum
2528 3457 2918 3527 transfudisse,
2981 3476 3095 3514 non
3165 3466 3368 3516 autem
3432 3467 3488 3516 et
3537 3464 3793 3532 peccatum,

2158 3548 2311 3618 quod
2344 3564 2500 3602 mors
2525 3552 2611 3602 est
2663 3547 2890 3603 animas.
2927 3568 2952 3599 ιι
2989 3550 3051 3603 Et
3089 3565 3221 3603 sess.
3264 3553 3317 3615 6,
3351 3566 3471 3620 cap.
3504 3566 3539 3613 ι,
3591 3547 3795 3600 statuunt

2159 3638 2400 3692 Patres:
2437 3657 2459 3686 ι
2500 3637 2711 3692 Omnes
2762 3636 3028 3691 homines
3081 3637 3141 3691 in
3194 3637 3650 3709 praevaricatione
3696 3632 3796 3688 Ade

2159 3725 2544 3781 innocentiam
2611 3725 2949 3798 perdidisse,
3003 3726 3175 3782 factos
3230 3727 3573 3786 immundos.
3640 3728 3701 3784 et.
3752 3723 3796 3774 ut

2159 3815 2469 3887 Apostolus
2497 3815 2707 3888 inquit,
2737 3822 2939 3871 natura
2965 3815 3112 3888 ﬁlios
3141 3818 3264 3886 irae,
3301 3838 3329 3869 ι)
3356 3821 3460 3872 etc.
3480 3817 3571 3871 llle
3593 3829 3705 3867 vero
3719 3811 3799 3866 No-

2162 3906 2390 3961 minalis
2419 3905 2499 3960 ait
2534 3921 2743 3976 pueros
2773 3922 2895 3959 esse.
2929 3921 3092 3976 aeque
3138 3905 3476 3961 innocentes
3504 3910 3622 3976 post
3647 3915 3798 3973 pecca-

2161 3999 2287 4050 tum
2336 3995 2795 4067 progenitorum,
2845 3994 2991 4048 sicut
3034 3994 3280 4050 fuissent
3334 3997 3379 4049 si
3423 4007 3694 4066 nunquam
3732 3986 3800 4043 isti

2162 4089 2509 4155 peccassent.
2564 4083 2748 4149 Quare
2781 4099 2911 4138 cum
2956 4083 3183 4138 Ri'bion
3243 4089 3469 4139 tantum
3517 4076 3800 4137 innocentiae

2164 4174 2357 4245 pueris
2379 4174 2610 4234 tribuat.
2643 4173 2724 4227 nil
2759 4172 2970 4227 mirum
3003 4173 3234 4228 illorum
3272 4179 3400 4246 post
3448 4178 3670 4228 mortem
3703 4180 3799 4235 sup-

2084 4288 2126 4343 ι)
2163 4264 2333 4335 plicia
2362 4262 2588 4333 negari.
2630 4262 2758 4317 Ha-c
2787 4262 2981 4333 itaque
3039 4270 3380 4330 argumenta
3427 4257 3800 4330 Augustiuiane

2166 4352 2461 4406 sententia!
2519 4351 2817 4420 objiciunt,
2868 4367 2998 4422 quae
3056 4351 3205 4405 facili
3261 4351 3484 4422 negotio
3539 4349 3798 4403 solvuntur.

2167 4457 2272 4494 nec
2295 4440 2520 4494 illorum
2550 4439 2882 4510 opinionem
2935 4440 3120 4493 valent
3169 4440 3408 4494 reddere
3446 4433 3802 4509 Augustiniana

2164 4529 2630 4601 probabiliorem,
2691 4529 2774 4582 uti
2834 4532 2994 4582 notat
3049 4528 3229 4582 Estius
3290 4529 3419 4582 dist.
3451 4531 3535 4589 33,
3583 4525 3689 4596 ξε,
3735 4517 3803 4572 cui

2167 4617 2345 4672 sancti
2402 4601 2585 4671 Patris
2639 4615 2874 4670 assertio
2929 4615 3243 4686 probabilis
3297 4615 3416 4669 visa
3445 4619 3542 4668 est.
3587 4613 3685 4667 Nec
3730 4620 3805 4658 au-

2167 4705 2408 4760 diendus
2439 4709 2524 4759 est
2577 4696 2887 4772 Duvallius,
2944 4709 3105 4758 tract.
3158 4704 3228 4758 de
3271 4705 3424 4770 Pec.,
3455 4719 3511 4774 q.
3540 4703 3589 4764 4,
3638 4699 3727 4751 art.
3764 4693 3803 4756 3,

2165 4794 2264 4849 ubi
2293 4793 2374 4849 ait
2405 4793 2748 4848 sententiam
2805 4797 3006 4847 contra
3051 4793 3439 4864 Augustinum
3495 4786 3731 4844 accedere
3751 4777 3805 4834 ad

2166 4883 2361 4951 ﬁdem,
2394 4889 2451 4938 et
2479 4884 2691 4938 habere
2721 4882 2973 4937 rationes
3005 4899 3147 4955 quas
3200 4886 3422 4937 constat
3475 4895 3591 4934 esse
3618 4871 3806 4929 eviden-

2164 4977 2268 5027 tes.

2237 5091 2434 5146 Essent
2465 5087 2557 5143 hic
2584 5087 2943 5143 conferendas
2992 5086 3288 5142 sententiae
3333 5086 3402 5142 de
3453 5082 3624 5157 poenis
3647 5087 3809 5146 parvu-

2167 5178 2378 5243 lorum,
2429 5193 2638 5249 nempe
2695 5176 2875 5231 sancti
2926 5176 3251 5248 Augustini,
3311 5173 3718 5257 Pelagianorum
3757 5173 3811 5257 fc

2167 5248 2658 5322 scholasticorum.
2695 5265 2801 5321 Sed
2833 5263 2968 5336 quia
2998 5265 3050 5320 id
3079 5281 3143 5319 ex
3175 5265 3470 5334 hucusque
3498 5257 3649 5314 dictis
3681 5248 3810 5346 facile

2169 5357 2373 5426 conjici
2428 5360 2634 5428 potest.
2687 5360 2745 5411 et
2798 5354 2855 5410 id
2909 5359 3136 5410 tentans
3183 5353 3456 5409 invidiam
3506 5349 3637 5406 forte
3699 5338 3811 5396 mihi

2169 5448 2500 5515 conflarem,
2547 5445 2733 5500 libens
2794 5445 3173 5517 periculosam
3211 5441 3567 5496 collationem
3620 5429 3805 5517 omit“?-

2170 5535 2285 5589 Hoc
2313 5534 2458 5591 mihi
2509 5539 2727 5590 certum
2756 5538 2842 5590 est
2897 5534 2959 5590 in
3006 5531 3318 5588 statuendis
3345 5526 3634 5584 infantium
3661 5526 3809 5589 pcrms
