3946 6176
130 351 245 402 669

1434 344 1759 401 VlNDICUE
1796 345 2349 403 AUGUSTINIAN/E.

3549 346 3652 399 670

130 488 257 527 non
290 470 593 527 excessisse
616 470 1021 542 Augustinum,
1062 470 1159 525 sed
1191 471 1380 540 potius
1416 488 1511 526 eos
1550 471 1842 527 scholasti—
1873 475 1915 529 A
1956 473 2259 527 amissione
2289 474 2425 528 boni
2464 473 2619 546 quod
2648 474 2892 537 amatur,
2924 472 3093 526 habet
3138 468 3417 525 rationem
3461 484 3649 538 pinna:

129 578 253 627 cos,
286 561 388 633 qui
434 576 642 631 pueros
688 560 937 614 naturali
982 560 1337 615 beatitudine
1382 561 1680 615 donandos
1706 561 1843 614 scri-

134 652 309 716 bunt,
341 666 403 704 ac
450 648 838 704 feliciSsimain
886 648 1100 703 eisdem
1144 650 1441 721 regionem
1476 651 1840 720 promittunt.

138 742 229 795 Ita
258 740 476 794 censuit
500 739 810 792 acerrimus
840 739 1132 792 catholicae
1164 738 1461 808 religionis
1483 739 1685 792 vindex
1718 754 1842 791 car-

135 828 351 883 dinalis
384 826 781 891 Bellarmiuus,
822 825 921 897 qui
951 832 991 880 t.
1030 826 1124 893 ΙΙΙ,
1166 826 1270 880 lib.
1324 842 1395 891 vx,
1440 842 1561 895 cap.
1608 830 1660 891 3,
1702 828 1845 880 hanc

136 932 443 971 censuram
475 916 672 986 ponit:
733 934 760 965 α
806 916 925 968 Non
974 915 1168 984 igitur,
1230 915 1436 985 inquit,
1492 915 1846 985 Augustinus

138 1005 363 1076 aliquid
394 1004 632 1057 immani
664 1020 861 1073 passus
889 1019 1009 1056 esse
1033 1009 1131 1056 aut
1161 1002 1464 1057 excessisse
1488 1004 1545 1057 in
1574 1005 1680 1058 hoc
1711 1004 1845 1075 dog-

138 1102 297 1148 mate
322 1092 639 1147 censendus
659 1098 772 1157 est;
798 1092 893 1145 sed
917 1091 1001 1145 illi
1028 1092 1347 1145 humanum
1388 1092 1604 1161 aliquid
1627 1094 1848 1162 patiun-

137 1189 239 1239 tur
269 1189 325 1237 et
354 1199 651 1251 exccnumr,
683 1184 779 1252 qui
814 1183 1081 1252 parvulos
1108 1182 1167 1235 in
1204 1182 1499 1253 superiore
1532 1190 1692 1253 parte
1725 1188 1844 1236 ter-

133 1289 238 1342 rae,
291 1273 453 1345 quasi
511 1272 570 1325 in
638 1270 893 1325 terrestri
941 1271 1207 1341 paradiso
1279 1271 1576 1337 collocant,
1634 1286 1847 1341 eosque

132 1360 337 1416 beatos
367 1376 431 1414 ac
486 1358 678 1414 felices
721 1360 935 1413 dicunt.
991 1378 1017 1411 ι
1066 1359 1287 1413 Addam
1335 1360 1508 1413 etiam
1541 1359 1609 1414 de
1643 1359 1847 1414 iisdem

130 1450 421 1522 judicium
492 1447 947 1502 reverendissimi
1013 1449 1073 1502 P.
1144 1447 1431 1502 Laurentii
1493 1448 1751 1502 Brancati
1815 1464 1848 1502 a

142 1540 403 1605 Lauraaa,
460 1538 740 1591 Vaticanaa
818 1537 1178 1591 bibliothecae
1224 1536 1502 1606 praefecti,
1552 1542 1608 1591 et
1654 1536 1848 1591 eximii

139 1634 361 1684 nostra:
391 1626 571 1681 astatis
603 1626 874 1695 theologi,
907 1625 1008 1696 qui
1050 1625 1111 1679 in
1140 1624 1527 1678 eruditissimo
1559 1626 1847 1680 volumine

142 1717 219 1772 de
282 1715 631 1780 Novissimis,
682 1714 830 1784 disp.
898 1718 987 1779 27,
1046 1718 1151 1767 art.
1218 1717 1272 1779 7,
1331 1728 1489 1766 num.
1552 1714 1667 1779 l52,
1729 1713 1845 1766 ait:

144 1826 176 1858 ei
232 1805 393 1870 Quod
444 1806 643 1858 dicunt
704 1802 884 1857 nostri
950 1801 1232 1867 moderni,
1302 1802 1597 1872 hucusque
1645 1817 1848 1854 censeo

142 1894 343 1961 inane,
392 1876 600 1946 novum
640 1892 1051 1956 etridiculum,
1098 1906 1307 1960 nempe
1359 1890 1427 1944 de
1458 1890 1720 1957 statione,
1751 1890 1851 1943 ha-

141 1984 398 2038 bitaculo
437 1986 495 2035 et
523 1981 990 2035 deambulatione
1020 1995 1192 2049 super
1220 1985 1429 2033 terram
1456 1995 1469 2045 ;
1499 1979 1648 2033 unde
1682 1978 1737 2032 id
1762 1980 1854 2033 hac

148 2073 327 2126 bent?
358 2070 485 2142 quis
530 2070 610 2123 eis
642 2068 962 2123 revelavit?
1007 2086 1035 2119 io
1079 2069 1192 2138 Ego
1230 2072 1421 2121 autem
1470 2068 1665 2122 mirari
1718 2068 1852 2121 satis

148 2176 396 2231 nequeo,
440 2158 671 2229 quando
702 2158 869 2211 video
915 2163 1133 2211 veteres
1180 2156 1545 2211 scholasticos
1591 2162 1851 2211 sanctum

150 2250 452 2311 Thomam,
508 2252 769 2301 sanctum
834 2248 1310 2311 Bonaventuram,
1366 2245 1677 2315 IEgidium,
1719 2246 1853 2299 Sco-

149 2344 277 2392 tum
304 2342 363 2391 et
388 2336 527 2389 alios
571 2352 803 2405 negasse
834 2336 1101 2406 parvulos
1130 2334 1345 2389 tristari
1374 2336 1446 2389 ob
1486 2335 1855 2388 amissionem

153 2427 379 2499 gloriae,
410 2441 541 2479 cum
574 2424 899 2496 oppositum
928 2428 1045 2478 tam
1080 2428 1295 2494 aperte,
1335 2429 1450 2477 tam
1474 2425 1701 2485 diserte,
1741 2428 1856 2477 tam

153 2521 544 2569 asseveranter
596 2514 951 2583 Augustinus
1009 2512 1330 2575 asseruerit,
1384 2518 1441 2565 et
1498 2512 1854 2580 Pelagianos,

153 2603 309 2674 quod
346 2618 504 2655 secus
544 2602 842 2666 sentirent,
874 2599 1529 2669 acerrimeincrepnerit.
1572 2600 1697 2654 Scio
1729 2600 1857 2652 illos

154 2708 280 2745 non
306 2690 593 2744 afﬁrmare
624 2705 853 2760 poenam
884 2688 1081 2742 damni
1124 2705 1244 2742 esse
1295 2689 1476 2742 levem
1510 2688 1595 2742 vel
1634 2688 1857 2742 nullam

154 2779 471 2833 secundum
526 2794 621 2843 se;
673 2783 955 2849 quatenus
1004 2777 1155 2831 enim
1217 2783 1303 2831 est
1352 2777 1591 2848 privatio
1649 2775 1859 2829 sumini

154 2867 293 2923 boni
323 2866 562 2937 possessi
594 2866 651 2919 in
676 2866 880 2935 patria,
906 2866 1116 2919 dicitur
1152 2867 1222 2919 ab
1244 2866 1379 2935 ipsis
1418 2880 1709 2920 summum
1737 2880 1855 2918 ma-

152 2956 296 3015 lum.
320 2971 449 3009 cum
472 2955 725 3024 ejusdem
749 2953 995 3024 gravitas
1017 2954 1087 3007 ab
1109 2953 1439 3007 excellentia
1452 2952 1736 3023 boni,quo
1755 2951 1860 3022 pri-

149 3050 267 3109 vat,
304 3049 669 3097 mensul‘etur
694 3060 707 3107 ;
740 3042 892 3096 unde
914 3042 1103 3095 minus
1133 3041 1365 3113 proprie
1386 3056 1649 3110 superius
1679 3040 1857 3095 sancti
1888 3068 1927 3123 ο

147 3133 402 3189 doctoris
432 3132 759 3186 testimonia
789 3146 1157 3201 exaggerasse
1204 3129 1544 3194 videbimur,
1577 3128 1674 3183 ubi
1705 3129 1858 3182 idem

148 3222 332 3276 tradit
358 3237 475 3274 non
506 3236 629 3274 esse
660 3220 721 3273 in
750 3219 953 3290 patria,
988 3234 1108 3273 esse
1138 3234 1407 3289 magnam
1447 3233 1694 3288 poenam,
1727 3232 1858 3271 cum

147 3310 213 3364 id
247 3309 396 3363 ultro
427 3306 750 3361 scholastici
780 3306 1105 3360 concedant.
1154 3306 1260 3361 Sed
1301 3305 1554 3377 profecto
1588 3320 1704 3359 non
1743 3305 1857 3358 dis-

149 3398 381 3470 putavit
422 3402 647 3451 sanctus
690 3396 891 3449 doctor
932 3411 1063 3449 cum
1094 3394 1411 3465 Pelagianis
1459 3394 1529 3448 de
1584 3410 1754 3465 pcena
1781 3394 1860 3447 sic

150 3487 485 3542 intellecta:
537 3485 620 3539 illi
656 3484 813 3538 enim
860 3500 991 3539 cum
1046 3483 1357 3537 acutissimi
1399 3488 1609 3549 essent,
1645 3499 1858 3554 nequa-

151 3591 335 3649 quam
365 3574 649 3645 negabant
688 3588 915 3645 pcenam
944 3572 1283 3626 exclusionis
1311 3588 1345 3624 a
1370 3588 1549 3643 regno
1584 3574 1860 3628 caslorum

150 3669 337 3736 prout
378 3664 517 3717 dicit
542 3663 757 3717 nudam
796 3661 1176 3732 privationem
1227 3661 1325 3715 Dei
1379 3661 1623 3731 possessi
1663 3661 1724 3715 in
1766 3676 1862 3730 pa-

149 3754 288 3820 tria,
322 3767 444 3807 esse
475 3751 533 3805 in
563 3768 621 3804 se
654 3766 928 3821 magnum
969 3751 1204 3814 malum,
1250 3748 1346 3803 sed
1383 3749 1649 3803 dicebant
1679 3749 1861 3803 levem

152 3842 247 3896 vel
282 3841 500 3895 nullam
530 3855 757 3911 poenam
787 3839 846 3892 in
880 3837 1094 3908 pueris,
1125 3837 1260 3908 quia
1291 3836 1519 3891 nullum
1558 3836 1645 3890 vel
1680 3836 1861 3889 levem

154 3930 422 3987 dolorem
453 3928 641 4001 pueris
670 3927 997 3982 incutiebat.
1024 3928 1307 3980 Damnum
1333 3924 1486 3978 enim
1519 3924 1674 3996 quod
1704 3922 1860 3995 quis-

153 4036 271 4093 que
304 4018 455 4073 subit
492 4017 551 4072 in
591 4015 896 4071 amissione
926 4014 1085 4081 boni,
1130 4014 1193 4068 in
1223 4019 1445 4067 tantum
1475 4012 1661 4067 eidem
1692 4012 1863 4067 infert

157 4124 417 4181 poenam,
445 4107 505 4162 in
533 4112 815 4178 quantum
846 4103 1122 4159 sentitur:
1154 4102 1202 4157 si
1229 4102 1383 4156 enim
1410 4116 1527 4155 non
1558 4101 1859 4169 sentiatur,

155 4199 325 4253 nulla
363 4196 446 4252 illi
476 4210 643 4267 poena
672 4199 778 4259 est,
811 4197 872 4247 ut
909 4196 1065 4264 patet
1092 4191 1152 4245 in
1182 4190 1397 4262 pueris,
1429 4205 1675 4262 quorum
1716 4190 1864 4245 bona

155 4285 593 4357 dilapidantur;
624 4283 923 4354 patiuntur
966 4281 1119 4336 enim
1150 4281 1385 4347 malum,
1436 4279 1532 4333 sed
1576 4294 1693 4334 non
1732 4295 1862 4334 sen-

1952 562 2260 632 aftligentis
2282 564 2621 633 subjectum,
2652 561 2808 633 quod
2840 560 3095 629 privatur
3124 576 3190 613 eo
3218 561 3368 615 bono
3398 558 3550 630 quod
3580 557 3646 611 ab

1952 654 2151 706 eodem
2184 659 2427 706 amatur.
2481 654 2777 712 Praeterea,
2824 665 2996 703 serm.
3034 650 3093 702 li-
3131 648 3200 701 de
3237 648 3429 701 Verbis
3463 651 3643 717 Apos-

1952 740 2055 793 toli
2076 756 2203 794 cum
2243 741 2476 794 dixisset
2507 740 2836 809 Pelagianos
2876 754 2989 791 non
3035 743 3326 807 percutere
3358 736 3644 805 parvulos,

1952 829 2057 882 hoc
2102 836 2329 883 estnon
2377 830 2637 899 inlligere
2682 828 2793 881 illis
2848 842 3074 895 poenam
3118 842 3335 891 sensus,
3376 825 3475 878 sed
3521 831 3647 877 tan-

1952 922 2072 971 tum
2107 919 2229 972 illos
2259 918 2317 972 in
2357 918 2613 971 exsilium
2649 916 2895 981 mittere,
2944 914 3207 984 negando
3236 914 3371 983 ipsis
3403 929 3646 983 regnum

1952 1008 2246 1071 caelorum,
2287 1007 2490 1076 probat
2516 1022 2611 1058 eos
2639 1004 2755 1075 pati
2796 1020 2860 1057 ac
2902 1003 3141 1057 cruciari
3170 1003 3242 1055 ob
3268 1002 3649 1055 exclusionem

1954 1096 2024 1148 ab
2063 1096 2264 1148 eodem
2298 1110 2509 1165 regno:
2545 1113 2572 1144 α
2608 1094 2666 1148 Si
2704 1098 2928 1147 amatur
2960 1092 3159 1163 patria,
3203 1107 3411 1161 magna
3443 1105 3642 1160 paena;

1954 1183 2002 1237 si
2050 1191 2245 1237 autem
2310 1200 2422 1237 non
2473 1189 2698 1237 amatur
2745 1182 2946 1253 patrii,
2999 1181 3161 1250 pejor
3215 1178 3402 1233 cordis
3459 1194 3643 1249 paena.

1954 1273 2197 1326 Parvum
2232 1276 2440 1325 malum
2500 1278 2582 1325 est
2612 1270 2671 1325 in
2712 1270 2960 1324 hominis
2980 1269 3147 1322 corde
3171 1267 3270 1338 qui
3316 1266 3646 1319 societatem

1954 1376 2071 1413 non
2119 1366 2326 1431 quaerit
2372 1367 2719 1419 sanctorum,
2775 1359 2874 1431 qui
2926 1373 3040 1411 non
3090 1356 3375 1410 desiderat
3402 1367 3646 1423 regnum
3726 1354 3731 1357 ⁴

1955 1449 2227 1503 ccelorum
2248 1450 2275 1500 ‘?
2302 1449 2360 1503 Si
2391 1465 2506 1503 non
2536 1448 2837 1516 desiderat,
2863 1463 3029 1517 pcena
3059 1451 3137 1499 est
3163 1445 3232 1499 de
3260 1442 3649 1514 perversitate;

1957 1538 2002 1591 si
2024 1545 2213 1591 autem
2242 1538 2545 1603 desiderat,
2578 1554 2742 1609 pinna
2772 1543 2857 1591 est
2892 1537 2959 1591 de
2992 1534 3253 1589 fraudata
3294 1530 3590 1586 charitate.
3618 1548 3645 1579 ν

1960 1627 2034 1680 Ex
2065 1627 2269 1697 quibus
2299 1632 2495 1695 aperte
2523 1632 2741 1680 constat
2771 1624 3157 1695 Augustinum
3199 1622 3342 1675 velle
3385 1619 3651 1690 parvulos

1960 1715 2199 1769 cruciari
2227 1714 2299 1767 ob
2332 1715 2718 1769 exclusionem
2750 1732 2780 1767 a
2812 1713 2990 1784 patria
3020 1710 3255 1775 ccelesti,
3288 1726 3355 1763 eo
3388 1708 3542 1779 quod
3576 1705 3655 1760 il-

1961 1804 2074 1857 lam
2104 1810 2298 1857 amant
2336 1808 2392 1857 et
2421 1804 2760 1865 desiderant,
2810 1818 2983 1874 quam
3016 1801 3061 1854 si
3111 1816 3226 1854 non
3257 1802 3536 1863 amarent,
3567 1810 3658 1849 es-

1960 1898 2087 1947 sent
2111 1896 2351 1963 perversi
2371 1898 2426 1947 et
2454 1895 2602 1955 mali,
2630 1894 2843 1963 quippe
2875 1892 2973 1963 qui
3004 1890 3333 1943 societatem
3364 1903 3477 1940 non
3504 1900 3658 1956 qna:-

1962 1989 2153 2036 rerent
2177 1988 2523 2036 sanctorum.
2556 1987 2625 2035 At
2656 1984 2869 2035 malum
2900 1980 3049 2051 quod
3078 1978 3323 2031 Sentitur
3349 1976 3655 2029 amissione

1962 2071 2096 2125 boni
2131 2072 2285 2142 quod
2318 2079 2561 2136 amatur,
2595 2076 2681 2123 est
2717 2070 3011 2122 allativum
3050 2066 3263 2121 doloris
3292 2069 3349 2117 et
3381 2062 3654 2117 tristitiae:

1962 2160 2223 2213 dolemus
2246 2160 2399 2213 enim
2431 2164 2488 2213 et
2518 2160 2809 2212 tristamur
2839 2156 3062 2227 quoties
3085 2161 3274 2208 amato
3300 2153 3447 2206 bono
3480 2150 3665 2222 priva.

1964 2264 2113 2301 mnr.
2144 2249 2265 2302 Jam
2310 2264 2439 2301 vero
2469 2246 2517 2300 si
2554 2248 2785 2301 Patrum
2816 2244 2916 2316 qui
2962 2242 3282 2313 Augustino
3313 2238 3659 2294 faventsuf-

1964 2337 2144 2407 fragia
2171 2337 2237 2390 ad
2271 2337 2551 2391 calculum
2609 2340 2964 2394 revocentur,
2999 2336 3165 2386 erunt
3198 2330 3256 2383 hi
3288 2328 3492 2400 viginti
3519 2343 3660 2398 qua-

1964 2430 2096 2480 tuor
2122 2425 2375 2479 seniores
2402 2441 2567 2479 :nam
2596 2422 2867 2495 Byzaceni
2888 2420 3216 2493 quindecim
3244 2417 3514 2488 tuereqni
3542 2430 3665 2468 san-

1964 2515 2040 2568 cti
2065 2514 2370 2583 Augustini
2410 2516 2751 2568 sententiam
2784 2510 3261 2580 subscripserunt.
3298 2509 3451 2561 Inter
3476 2506 3689 2559 Patres

1964 2602 2074 2656 fuit
2118 2601 2373 2657 Gelasius
2404 2618 2571 2672 papa,
2620 2600 2719 2671 qui
2750 2600 2808 2652 in
2848 2597 3090 2668 epistola
3128 2593 3398 2649 decretali
3428 2591 3664 2644 tertium

1966 2691 2155 2745 locum
2188 2707 2220 2743 a
2280 2690 2600 2759 Pelagianis
2652 2690 2946 2741 inventum
3002 2686 3071 2739 de
3102 2683 3292 2737 medio
3342 2680 3663 2733 tollendum

1968 2779 2232 2834 decrevit.
2260 2780 2382 2833 Non
2417 2779 2625 2833 desunt
2656 2775 3116 2830 scholasticorum
3144 2770 3432 2839 suifragia.
3466 2768 3665 2821 Alber-

1967 2872 2059 2921 tus
2101 2868 2355 2937 Magnus,
2395 2866 2599 2932 Estius,
2636 2864 2860 2930 Driedo,
2908 2864 3212 2916 Polmanus
3256 2860 3336 2913 uti
3388 2856 3664 2928 probabi-

1969 2956 2079 3011 lem
2111 2955 2417 3027 Augustini
2460 2956 2805 3007 sententiam
2842 2951 3175 3005 defendunt.
3227 2948 3390 3003 Stant
3428 2962 3530 3018 pro
3571 2961 3664 2999 ea-

1968 3045 2097 3099 dem
2127 3043 2267 3098 inito
2299 3043 2507 3098 {cedere
2538 3042 2791 3113 quinque
2818 3057 2885 3095 ex
2918 3039 3117 3093 ordine
3139 3038 3453 3101 'Minorum,
3488 3040 3545 3089 et
3578 3038 3666 3088 to-

1970 3134 2147 3188 tidem
2176 3131 2578 3204 Augustiuiani
2620 3131 2799 3185 nostri
2830 3130 3104 3199 theologi.
3135 3129 3196 3182 Et
3240 3126 3468 3198 quidem
3502 3138 3668 3195 spero

1969 3222 2090 3276 fore
2111 3228 2174 3275 ut
2194 3222 2484 3291 deinceps,
2508 3220 2602 3275 ubi
2625 3221 2745 3274 haec
2778 3225 2970 3273 nostra
3000 3217 3308 3288 disputatio
3342 3216 3565 3285 legetur
3594 3210 3667 3281 (si

1970 3316 2163 3365 tamen
2190 3311 2306 3364 ulla
2332 3310 2535 3364 horum
2563 3310 2907 3379 scriptorum
2934 3322 3068 3361 cura
3100 3304 3341 3375 posteris
3369 3301 3517 3370 erit),
3551 3302 3668 3372 plu-

1972 3400 2148 3454 resin
2180 3399 2361 3453 sancti
2402 3396 2711 3469 Augustini
2755 3401 2946 3466 partes
2982 3398 3293 3456 transeant,
3328 3392 3410 3444 vel
3467 3391 3669 3444 saltem

1970 3504 2003 3542 a
2031 3489 2289 3542 censuris
2335 3488 2679 3547 abstineant,
2730 3501 2915 3556 neque
2972 3488 3231 3537 sanctum
3260 3482 3549 3534 doctorem
3574 3494 3668 3532 ex-

1970 3594 2159 3632 cessus
2185 3576 2592 3630 insimnlentin
2616 3592 2682 3629 ea
2698 3572 2981 3629 sententia
3012 3571 3308 3630 tradenda,
3328 3583 3500 3641 quam
3532 3582 3670 3621 una-

1970 3665 2114 3718 nimi
2140 3681 2418 3719 consensn
2470 3664 2788 3736 pontiﬁces.
2836 3662 3038 3733 synodi
3070 3676 3133 3714 ac
3171 3665 3361 3730 patres
3403 3658 3669 3723 docuere,

1971 3760 2034 3807 ut
2054 3754 2352 3825 hucusque
2382 3754 2703 3807 luculenter
2732 3756 3115 3805 monstratum
3138 3753 3250 3803 est.

1971 3884 2120 3955 §VI.
2154 3888 2245 3940 An
2283 3883 2641 3957 Augustinus
2680 3883 2967 3939 disserens
3009 3880 3080 3934 de
3119 3880 3244 3949 lege
3268 3881 3447 3935 veteri
3469 3878 3673 3934 contra

2469 3971 2817 4046 Pelagianos
2850 3971 3172 4026 excesserit.

2045 4087 2357 4159 Pelagiani,
2396 4103 2468 4142 ne
2498 4088 2740 4159 gratiam
2772 4086 3007 4140 omnino
3035 4083 3298 4155 negando
3330 4082 3674 4138 orthodoxe-

1973 4193 2101 4232 rum
2129 4176 2586 4247 indignationem
2621 4175 2881 4229 subirent
2911 4172 3206 4243 (videbant
3235 4170 3390 4226 enim
3407 4170 3672 4225 eamdem

1972 4266 2213 4339 gratiam
2282 4265 2340 4320 in
2398 4265 2571 4320 sacris
2621 4264 2841 4331 litteris,
2902 4262 3141 4318 aPaulo
3196 4277 3328 4315 vero
3386 4260 3672 4330 praecipue

156 4348 335 4443 tiunt,
369 4374 503 4446 quia
554 4348 643 4428 ex-
665 4372 888 4427 defectu
927 4369 1272 4440 cognitionis
1324 4368 1467 4422 illud
1513 4383 1630 4422 non
1677 4368 1861 4439 perci-
1892 4366 1933 4419 D
1972 4354 2617 4446 coln‘megndélrilmixere
2641 4355 2825 4425 legem
2857 4369 2971 4424 qua
2996 4354 3143 4407 Deus
3171 4349 3390 4406 homini
3415 4348 3675 4446 facienda

160 4466 351 4536 piunt.
387 4464 555 4518 Prena
588 4478 720 4516 vero
750 4478 781 4514 a
803 4459 995 4531 judice
1028 4458 1345 4530 praesertim
1380 4457 1598 4511 intenta
1629 4473 1746 4511 non
1775 4458 1862 4512 di-

154 4553 237 4607 cit
276 4552 489 4606 malum
520 4557 691 4621 prout
730 4555 815 4604 est
842 4549 998 4603 nuda
1036 4547 1279 4618 privatio
1309 4545 1445 4599 boni
1472 4545 1629 4599 nulla
1668 4546 1863 4600 habita

161 4640 619 4696 consideratione
678 4638 939 4710 subjecti,
991 4637 1089 4692 sed
1138 4635 1421 4707 signiﬁcat
1466 4634 1526 4689 id
1570 4634 1726 4705 quod
1781 4639 1865 4688 est

164 4731 384 4785 malum
449 4730 635 4798 alteri,
706 4733 986 4800 quatenus
1040 4726 1125 4780 illi
1178 4726 1434 4781 dolorem
1495 4723 1706 4794 ingerit
1756 4723 1862 4777 ali-

159 4820 305 4893 quid
329 4819 594 4892 ponendo
643 4818 731 4873 vel
763 4817 1032 4882 tollendo,
1087 4816 1241 4887 quod
1283 4830 1411 4869 reus
1442 4814 1641 4867 nollet.
1686 4813 1863 4867 Porro

158 4912 272 4965 hoc
306 4912 465 4979 pacto
504 4906 681 4977 accipi
722 4922 951 4977 poenam
993 4905 1065 4960 ab
1112 4903 1434 4974 Augustino
1471 4908 1693 4956 certum
1738 4905 1863 4968 est;

155 5014 299 5053 nam
333 4996 427 5051 lib.
452 5012 501 5051 v1
535 5001 733 5050 contra
759 4994 897 5057 Jul.,
928 5009 1055 5063 cap.
1086 4995 1168 5059 lO,
1193 4992 1307 5045 ait:
1348 5014 1367 5039 ι
1407 4990 1465 5046 Si
1500 4990 1604 5045 hoc
1638 4988 1720 5043 eis
1752 5004 1866 5043 non

156 5088 277 5143 erit
325 5086 561 5151 malum,
617 5101 732 5138 non
793 5099 931 5153 ergo
980 5082 1256 5136 amabunt
1311 5095 1558 5149 regnum
1622 5078 1723 5133 Dei
1780 5081 1868 5132 tot

156 5179 498 5231 innocentes
546 5173 826 5242 imagines
876 5171 994 5225 Dei.
1053 5189 1080 5220 η
1130 5170 1253 5227 Quo
1300 5167 1534 5221 dimisso
1587 5171 1863 5238 tanquam

152 5263 429 5325 absurdo,
459 5262 613 5333 quod
661 5276 961 5331 nunquam
991 5258 1251 5313 Julianus
1280 5254 1625 5325 admisisset,
1651 5254 1825 5309 instat
1850 5271 1862 5309 :

155 5373 185 5404 ci
219 5351 281 5407 Si
320 5357 515 5406 autem
559 5350 855 5413 amabunt,
906 5354 965 5403 et
1011 5352 1233 5401 tantum
1281 5344 1558 5399 amabunt
1584 5348 1864 5415 quantum

152 5442 493 5496 innocentes
539 5455 731 5494 amare
777 5438 987 5492 debent
1019 5451 1260 5506 regnum
1301 5435 1421 5503 ejus
1453 5450 1485 5487 a
1522 5448 1636 5504 quo
1675 5432 1745 5485 ad
1777 5432 1865 5502 ip-

156 5530 277 5585 sius
307 5529 622 5600 imaginem
652 5533 917 5582 creantur
946 5525 1167 5581 nihilne
1209 5523 1344 5578 mali
1374 5540 1442 5578 ex
1485 5523 1590 5577 hac
1620 5521 1743 5592 ipsa
1784 5537 1867 5575 se-

158 5620 460 5690 paratione
492 5616 825 5688 patientur?
878 5637 899 5661 α
955 5617 1027 5669 At
1069 5613 1288 5669 malum
1332 5612 1485 5684 quod
1520 5610 1766 5666 sentitur
1793 5626 1857 5665 ex

1970 4444 2057 4497 vel
2086 4443 2354 4515 fugienda
2386 4444 2662 4515 praecipit,
2684 4459 2803 4497 esse
2834 4442 3097 4514 gratiam,
3122 4445 3317 4511 utpote
3349 4454 3519 4511 quam
3540 4438 3676 4494 Ade

1971 4534 2215 4604 posteris
2240 4534 2529 4604 profunda
2541 4532 2894 4604 agendorum
2915 4530 3240 4602 ignorantia
3267 4528 3669 4591 laborantibus,

1971 4628 2027 4678 et
2058 4624 2230 4695 longo
2261 4624 2532 4677 vitiorum
2567 4640 2668 4676 usu
2704 4623 2949 4676 naturali
2986 4619 3203 4674 lumine
3227 4634 3371 4690 pene
3402 4617 3674 4673 exstincto

1972 4712 2421 4768 misericorditer
2461 4711 2781 4783 proposuit.
2818 4713 2941 4766 Imo
2973 4711 3159 4781 legem
3204 4712 3403 4763 contra
3432 4707 3676 4777 gratiam

1971 4801 2470 4871 impudentissime
2519 4816 2772 4855 erexere.
2824 4798 3042 4854 Etenim
3069 4797 3389 4868 arguebant
3432 4809 3500 4848 ex
3548 4794 3673 4862 lege

1971 4891 2188 4944 nullam
2219 4906 2340 4945 esse
2379 4890 2547 4944 aliam
2596 4889 2836 4959 insuper
2868 4888 2967 4943 Dei
3000 4887 3242 4958 gratiam
3274 4880 3669 4939 necessariam.

1974 4980 2102 5035 Haec
2128 4983 2211 5033 est
2238 4978 2594 5033 ratiocinatio
2618 4984 2774 5033 sexta
2794 4977 3040 5033 leestii
3074 4975 3223 5047 apud
3254 4974 3510 5025 sanctum
3541 4968 3675 5023 doc-

1973 5071 2155 5121 torem
2183 5083 2285 5138 cap
2338 5070 2369 5123 3
2415 5067 2485 5121 de
2541 5066 2778 5121 Perfect.
2826 5067 3000 5136 just.:
3066 5084 3094 5113 ‹‹
3150 5056 3534 5126 Quaerendum
3590 5062 3678 5112 est

1974 5162 2167 5211 utrum
2207 5161 2561 5227 prreceptum
2601 5156 2674 5210 sit
2703 5153 2925 5209 homini
2965 5152 3086 5206 sine
3128 5153 3356 5221 peccato
3388 5162 3533 5201 esse.
3564 5148 3679 5202 Aut

1976 5245 2133 5300 enim
2200 5260 2315 5299 non
2371 5248 2576 5315 potest,
2652 5247 2709 5297 et
2764 5244 3114 5313 praeceptum
3172 5250 3287 5290 non
3355 5238 3497 5301 est;
3580 5240 3680 5290 aut

1978 5336 2113 5408 quia
2184 5338 2535 5406 praeceptum
2612 5336 2715 5397 est,
2789 5332 2989 5401 potest.
3060 5346 3081 5373 ι
3153 5326 3217 5380 Et
3285 5323 3347 5379 in
3421 5323 3522 5380 lib.
3602 5323 3673 5379 de

1974 5425 2165 5482 Gratia
2222 5428 2282 5479 et
2325 5423 2423 5479 lib.
2452 5423 2598 5487 arb,
2669 5436 2792 5490 cap.
2857 5420 2942 5483 l6,
3024 5414 3222 5470 scribit
3282 5413 3670 5485 Augustinus:

1981 5541 2001 5567 ι
2039 5517 2302 5585 Magnum
2335 5512 2551 5585 aliquid
2580 5505 2873 5577 Pelagiani
2906 5521 2965 5559 se
3012 5502 3155 5558 scire
3185 5507 3409 5575 putant,
3442 5501 3672 5573 quando

1976 5607 2205 5662 dicunt:
2265 5606 2384 5661 Non
2428 5601 2641 5672 juberet
2702 5600 2859 5661 Deus,
2934 5594 3081 5664 quod
3141 5596 3302 5648 sciret
3364 5606 3468 5645 non
3521 5605 3674 5660 posse
