3906 6182
305 286 400 337 6³71

1298 284 1861 341 SUPPLEMENTUM
1903 286 1992 341 AD
2031 284 2266 342 OPERA
2305 287 2359 341 S.
2403 286 2788 344 AUGUSTINI.
3671 302 3744 354 6‘72

306 405 374 460 ab
429 406 640 461 homine
687 408 825 476 ﬁeri.
886 407 1022 471 Quis
1081 407 1187 461 hoc
1232 406 1491 463 nesciat?
1552 426 1578 461 ν
1633 407 1776 464 Hinc
1822 408 2003 463 haere-
2037 411 2079 465 A
2121 409 2218 466 do.
2251 409 2457 465 Scribit
2477 427 2598 481 cap.
2641 416 2658 466 1
2700 412 2769 467 de
2813 412 3071 483 Corrept.
3104 417 3160 468 et
3187 418 3366 485 grat.:
3423 418 3689 475 Declinare
3726 439 3753 477 ει

307 495 405 550 tici
437 495 498 550 in
523 495 723 550 laudes
752 494 895 565 legis
927 494 1110 560 eﬂ'usi,
1139 495 1198 550 in
1222 497 1420 550 eadem
1452 495 1536 550 uti
1568 496 1627 550 in
1658 513 1784 551 arce
1817 514 2002 552 causas

303 583 376 637 ab
409 583 727 652 Augustino
777 599 834 635 se
866 587 1014 635 tutos
1061 583 1500 638 arbitrabantur.
1548 585 1829 638 Audiatur
1877 602 2003 640 ma-

2111 500 2262 554 malo
2296 504 2351 552 et
2379 499 2563 554 facere
2612 502 2830 556 bonum
2880 522 2907 554 α
2954 504 3146 558 nullus
3200 509 3378 574 potest
3419 507 3533 560 sine
3582 509 3752 578 spiritu

2112 587 2349 659 gratiae;
2383 605 2509 660 qum
2540 589 2585 643 si
2623 591 2788 658 desit,
2827 592 2898 646 ad
2932 591 3041 645 hoc
3082 591 3174 646 lex
3213 594 3366 647 adest
3395 599 3453 648 ut
3476 613 3592 650 reos
3619 599 3757 654 faciat

308 687 456 743 guus
488 670 744 725 Ecclesiae
800 671 1096 739 magister,
1141 673 1246 728 lib.
1300 691 1373 740 iv,
1410 674 1478 728 ad
1514 675 1866 728 Bonifacium
1895 692 2003 746 pa—
2111 682 2166 731 et
2197 677 2437 731 occidat.
2481 699 2502 726 ι
2545 678 2723 734 Serm.
2776 685 2838 735 6.
2898 681 2966 736 de
2997 682 3192 736 Verbis
3219 687 3405 753 Apost.
3449 685 3557 739 ait:
3593 709 3614 735 ι
3667 689 3756 743 Lex

308 777 463 830 pam,
512 776 635 829 cap.
683 762 735 823 5,
777 760 1048 814 subdolos
1080 761 1329 816 hostium
1382 769 1618 816 conatus
1667 764 1998 834 publicacs:

311 869 338 901 α
370 850 660 918 Nusquam
692 854 904 914 autem,
938 849 1145 921 inquit,
1175 851 1265 904 isti
1287 851 1503 905 inimici
1530 853 1726 923 gratiae
1755 853 1824 906 ad
1857 869 2008 906 eam-

2113 764 2270 819 enim
2307 765 2546 836 jubebat
2595 773 2650 821 et
2681 784 2796 822 non
2826 769 3122 839 implebat,
3170 772 3303 842 quia
3349 789 3492 839 caro,
3541 775 3630 828 ubi
3664 793 3755 832 non

2114 861 2237 911 erat
2266 862 2469 927 gratia,
2506 863 2609 912 etc.
2645 860 2942 924 Quomodo
2972 877 3110 931 ergo
3139 862 3224 915 lex
3261 863 3397 916 mihi
3426 865 3760 933 opitularetur

307 937 435 992 dem
466 937 714 1008 gratiam
761 939 1156 994 vehementius
1190 942 1636 1012 oppugnandam
1669 942 2007 996 occultiores
2109 945 2315 1015 jubens
2336 962 2439 1014 per
2482 946 2750 1014 litteram,
2781 953 2835 1001 et
2864 965 2978 1002 non
3026 949 3166 1002 dans
3196 951 3432 1020 gratiam
3458 953 3485 1005 ?
3513 973 3539 1000 ‹‹
3567 953 3756 1008 Sermo-

310 1025 625 1080 moliuutur
669 1025 926 1094 insidias,
961 1044 1134 1098 quam
1191 1029 1291 1083 ubi
1320 1030 1506 1100 legem
1564 1030 1818 1092 laudant,
1879 1047 2008 1101 qum

259 1181 272 1188 _
307 1114 428 1168 sine
459 1113 818 1169 dubitatione
864 1117 1150 1171 laudanda
1172 1122 1274 1170 est.
1310 1117 1516 1188 Legem
1561 1118 1776 1188 quippe
1819 1118 2008 1172 diver-

309 1203 383 1259 sis
412 1204 775 1258 locutionum
810 1205 994 1259 modis
1023 1210 1078 1259 et
1109 1206 1375 1260 varietate
1423 1207 1726 1261 verborum
1776 1207 1837 1261 in
1880 1223 2011 1261 om-

309 1291 476 1348 nibus
557 1293 1044 1364 disputationibus
1117 1295 1233 1349 suis
1302 1297 1502 1350 volunt
1572 1295 1816 1366 intelligi
1881 1313 2008 1364 gra-

221 1453 223 1456 p
308 1382 472 1448 tiam,
505 1387 613 1437 etc.
657 1403 678 1432 ο
723 1382 1099 1453 Augustinus,
1142 1400 1254 1455 quo
1285 1383 1649 1455 Pelagianam
1681 1384 1948 1439 haeresim
1980 1401 2012 1438 a

307 1470 698 1525 fundamentis
741 1476 1021 1525 everteret
1059 1488 1126 1526 ex
1166 1472 1337 1526 sacris
1379 1473 1583 1527 litteris
1627 1483 1684 1527 et
1710 1472 2010 1528 subtilissi-

307 1575 533 1616 marum
563 1559 851 1615 rationum
882 1561 1186 1615 momentis
1209 1562 1457 1617 ostendit
1482 1563 1666 1633 legem
1698 1579 1813 1616 non
1843 1563 2011 1618 modo

309 1665 427 1704 non
453 1665 572 1702 esse
602 1650 845 1718 gratiam
876 1649 1136 1704 homines
1165 1651 1234 1705 ad
1270 1651 1422 1706 bona
1465 1653 1816 1723 capessenda
1849 1653 2012 1722 adju-

307 1743 560 1805 vantem,
594 1738 691 1792 sed
736 1754 864 1792 reos
910 1744 1136 1793 tantum
1180 1740 1364 1794 facere
1387 1741 1670 1811 jubendo,
1717 1741 2009 1804 terrendo,

307 1826 625 1899 puniendo,
682 1842 800 1880 non
854 1827 1200 1898 adjuvando.
1261 1829 1420 1884 Pleni
1485 1835 1620 1884 sunt
1680 1829 2014 1900 hujusmodi

306 1915 615 1988 phrasibus
645 1915 821 1969 sancti
855 1916 1035 1970 Patris
1061 1917 1210 1984 libri,
1255 1919 1576 1988 praesertim
1616 1918 1761 1972 liber
1792 1919 1861 1972 de
1890 1918 2012 1989 Spi-

311 2004 424 2060 ritu
447 2009 505 2060 et
536 2004 746 2070 littera,
795 2005 894 2076 qui
923 2010 1073 2060 totus
1111 2005 1170 2060 in
1199 2007 1308 2061 hoc
1337 2012 1679 2079 argumento
1735 2013 2011 2064 versatur.

312 2095 484 2150 Plura
508 2095 632 2149 loca
670 2094 885 2149 indicat
915 2095 1146 2149 Cortiua
1203 2098 1275 2150 Ρ.·
1299 2097 1546 2165 Macedo,
1581 2098 1650 2151 ad
1683 2097 1892 2151 thesim
1921 2099 2010 2152 48.

314 2184 502 2240 Unum
531 2182 924 2238 testimonium
965 2184 1195 2255 profero
1240 2201 1305 2238 ex
1335 2200 1457 2256 cap.
1493 2188 1524 2240 8
1565 2185 1698 2240 libri
1728 2185 1798 2239 de
1825 2184 2018 2240 Gratia

316 2271 560 2327 Christi:
593 2291 621 2322 (ι
645 2274 722 2326 Ac
742 2288 846 2342 per
867 2273 996 2337 hoc,
1021 2272 1228 2343 inquit,
1251 2289 1432 2344 usque
1459 2274 1601 2328 adeo
1622 2273 1779 2328 aliud
1803 2279 1887 2327 est
1906 2273 2015 2344 lex,

319 2359 476 2415 aliud
499 2364 582 2414 est
611 2360 817 2430 gratia,
846 2365 910 2414 ut
935 2361 1025 2415 lex
1056 2377 1170 2415 non
1198 2362 1383 2416 solum
1415 2363 1555 2417 nihil
1583 2362 1784 2433 prosit,
1817 2378 2017 2416 verum

315 2451 490 2506 etiam
503 2451 816 2522 plurimum
845 2452 1658 2524 obsitnisiadjuvetgratia:et
1688 2454 1811 2508 btec
1831 2459 2018 2507 osten-

313 2540 638 2612 daturlegis
657 2541 891 2608 utilitas,
911 2541 1186 2611 quoniam
1208 2558 1352 2612 quos
1373 2542 1506 2596 facit
1523 2541 2018 2613 praevaricationis

315 2645 466 2696 reos,
489 2629 641 2700 cogit
669 2629 977 2701 confugere
999 2631 1067 2685 ad
1093 2632 1334 2701 gratiam
1361 2632 1705 2697 liberandos,
1728 2635 1783 2684 et
1802 2635 1868 2684 ut
1889 2645 2019 2683 con-

315 2717 696 2790 cupiscentias
734 2720 911 2772 malas
941 2725 1232 2790 superent,
1265 2720 1630 2790 adjuvandos.
1661 2720 1832 2774 lubet
1863 2718 2018 2773 enim

314 2807 497 2880 magis
529 2823 702 2879 quam
745 2807 934 2878 juvat,
967 2809 1132 2862 docet
1180 2810 1442 2864 morbum
1470 2824 1611 2877 esse,
1645 2825 1763 2863 non
1819 2811 2008 2875 sanat,

314 2892 431 2946 imo
488 2892 559 2946 ab
609 2909 674 2946 eo
732 2892 947 2964 potius,
999 2893 1152 2965 quod
1183 2909 1298 2948 non
1327 2897 1578 2958 sanatur,
1641 2897 1900 2965 augetur,
1953 2895 2018 2948 ut

315 2979 588 3034 attentius
630 2984 686 3035 et
731 2980 1027 3036 sollicitius
1061 2981 1260 3051 gratiae
1315 2982 1598 3036 medicina
1636 2985 1947 3052 quaeratur.
1987 3002 2008 3029 ι
2046 3007 2085 3063 c

317 3069 391 3123 At
419 3067 717 3135 Moraines,
745 3069 1051 3139 Augustini
1081 3069 1150 3123 de
1180 3069 1306 3138 lege
1357 3070 1532 3124 veteri
1583 3070 1732 3124 dicta
1762 3068 2015 3124 examini

317 3155 644 3226 subjiciens,
669 3158 815 3212 hanc
836 3158 905 3212 de
934 3157 1138 3212 iisdem
1161 3157 1502 3212 sententiam
1533 3159 1914 3229 profertdisp.
1945 3159 2015 3214 24

315 3244 751 3307 Anti-Jansenii,
781 3261 942 3303 num.
975 3247 1079 3300 44:
1115 3267 1136 3293 α
1175 3247 1560 3317 Augustinum
1593 3247 1854 3318 pluribus
1878 3247 2016 3300 locis

316 3332 515 3388 durius
549 3333 703 3404 loqui
758 3333 828 3388 de
855 3334 981 3404 lege
1037 3333 1238 3401 veteri,
1296 3336 1394 3390 sed
1444 3335 1592 3388 sicut
1637 3335 1883 3405 ipsemet
1938 3333 2019 3389 ait

315 3419 416 3474 lib.
451 3437 510 3475 ιιι
540 3419 610 3474 de
649 3420 913 3474 Doctrina
961 3419 1192 3488 Christ.,
1236 3437 1358 3491 cap.
1398 3426 1483 3492 10,
1509 3423 1807 3493 Scripturae
1847 3423 2019 3501 iverba

317 3508 534 3579 quando
562 3507 778 3578 aliquid
797 3507 1055 3562 absonum
1099 3508 1356 3563 videntur
1380 3526 1495 3580 prae
1523 3525 1577 3564 se
1603 3513 1773 3578 ferre,
1806 3515 1933 3566 sunt
1960 3513 2019 3564 in

317 3602 610 3668 benignum
639 3603 690 3654 et
746 3600 1076 3654 commodum
1128 3615 1341 3656 sensum
1370 3602 1824 3671 interpretanda;
1857 3601 2020 3674 quid-

317 3688 378 3744 ni
407 3687 580 3742 etiam
620 3687 793 3742 verba
839 3686 1017 3759 ipsius
1060 3688 1385 3759 Augustini,
1446 3688 1899 3760 quotiescunque
1930 3689 2017 3742 vel

315 3776 504 3832 nativo
525 3775 743 3847 impetu
771 3775 972 3844 animi,
998 3776 1085 3829 vel
1115 3781 1258 3830 mstu
1289 3775 1694 3847 disputationis
1725 3777 2016 3846 abreptus,

314 3865 538 3922 videtur
571 3865 639 3919 ad
679 3868 935 3918 extrema
985 3864 1324 3918 declinare?
1360 3887 1381 3913 ι
1416 3864 1565 3930 Quid
1605 3870 1797 3920 autem
1827 3866 2020 3920 durius

318 3958 387 4012 de
419 3957 545 4028 lege
582 3955 762 4010 veteri
787 3954 1141 4026 Augustinus
1198 3955 1422 4022 dixerit,
1464 3971 1579 4010 non
1612 3955 1721 4009 erit
1745 3955 2022 4024 indagatu

317 4041 570 4104 difﬁcile,
621 4057 753 4096 cum
811 4043 990 4114 probe
1043 4041 1288 4097 sciamus
1329 4042 1392 4097 in
1449 4058 1564 4113 quo
1604 4042 1784 4096 sancti
1840 4041 2023 4096 Patris

324 4132 586 4187 doctrina
631 4149 665 4187 a
695 4132 970 4187 Moraiuio
1019 4133 1282 4204 culpetur
1322 4133 1534 4188 furoris
1583 4137 1642 4187 et
1673 4148 1934 4187 excessus
1962 4131 2023 4185 in

319 4219 683 4289 disputando.
726 4220 878 4275 Dixit
918 4220 1272 4292 Augustinus
1309 4237 1441 4275 cum
1496 4221 1766 4293 Apostolo
1821 4219 1894 4274 ad
1925 4221 2026 4274 Ga-

321 4395 490 4465 plura
511 4396 741 4451 disserit
775 4412 948 4451 serm.
984 4400 1040 4451 11
1084 4397 1153 4450 de
1186 4396 1378 4450 Verbis
1409 4400 1628 4468 Apost.,
1661 4412 1783 4468 cap.
1819 4400 1851 4453 8
1879 4402 1935 4451 et
1973 4401 2024 4453 9.

265 4549 271 4558 1
326 4480 477 4537 Dixit
507 4483 744 4538 litteram
790 4483 1026 4538 occidere
1057 4498 1187 4537 cum
1217 4483 1417 4538 eodem
1470 4486 1744 4554 Apostolo
1801 4486 1853 4539 II
1899 4486 2024 4540 Cor.

322 4588 405 4637 ιιι,
434 4575 605 4641 atque
634 4571 856 4643 integro
898 4571 1190 4627 volumine
1220 4573 1394 4628 verba
1451 4573 1552 4629 illa
1583 4575 1846 4645 explicat.
1882 4574 2032 4629 Dixit

323 4672 457 4712 cum
510 4655 714 4711 eodem
772 4658 946 4712 Paulo
993 4657 1158 4712 Rom.
1216 4675 1313 4714 In:
1381 4661 1494 4716 Lea:
1561 4662 1913 4726 subintravit,
1971 4665 2031 4716 ut

321 4743 628 4801 abundaret
660 4743 935 4800 delictum.
972 4745 1152 4809 Quam
1188 4748 1530 4803 sententiam
1569 4749 1799 4821 exponit
1845 4764 2021 4803 serm.

327 4837 392 4891 13
428 4834 498 4888 de
538 4833 733 4888 Verbis
773 4833 1056 4903 Apostoli,
1089 4839 1145 4888 et
1173 4835 1338 4906 epist.
1374 4839 1463 4892 89.
1495 4854 1552 4910 q.
1587 4842 1638 4892 3.
1690 4837 1917 4892 Vocavit
1946 4838 2030 4891 le-

328 4939 460 4996 gem
502 4938 635 4978 cum
684 4922 888 4977 eodem
948 4923 1130 4979 Galat.
1173 4940 1254 4989 ιιι,
1293 4925 1653 4995 paedagogum
1698 4923 2031 4979 molestissi-
2083 4941 2088 4946 ’

337 5030 520 5082 mum,
557 5029 622 5068 ac
651 5011 1091 5068 similitudinem
1139 5014 1401 5085 probavit
1431 5031 1696 5070 sermone
1726 5015 1943 5080 eodem,
1981 5018 2034 5069 et

326 5104 492 5174 epist.
547 5105 668 5169 144,
723 5101 819 5156 ubi
875 5102 1046 5158 etiam
1102 5109 1395 5175 nuncupat
1439 5105 1623 5178 legem
1671 5119 1777 5158 non
1831 5105 2036 5158 absolu-

339 5193 502 5246 tionis
551 5192 913 5261 adjutorium,
963 5190 1058 5246 sed
1113 5193 1388 5246 uinculum
1435 5196 1695 5248 criminis.
1723 5193 1884 5257 Quod
1914 5196 2033 5248 Au-

341 5271 639 5342 gustinum
685 5271 746 5326 in
797 5287 1089 5327 excessum
1147 5272 1534 5341 suspicionem
1581 5273 1770 5341 traxit,
1820 5289 1885 5326 ac
1928 5272 2034 5326 du-

342 5358 465 5414 rius
508 5363 787 5423 assertum
816 5359 1064 5428 videtur,
1103 5364 1190 5423 est
1233 5359 1335 5415 ubi
1364 5359 1514 5414 idem
1549 5361 1743 5415 doctor
1779 5376 2035 5432 pronun-

339 5445 502 5502 tiavit
530 5449 756 5501 tantum
795 5449 991 5505 abesse
1036 5454 1102 5506 ut
1127 5451 1236 5522 ,lex
1266 5448 1529 5504 homines
1558 5450 1861 5520 adjuvarit,
1897 5449 2036 5521 quin

344 5533 536 5610 potius
563 5551 690 5591 reos
716 5535 912 5592 fecerit
944 5537 1065 5593 sine
1104 5538 1288 5609 gratia
1310 5537 1587 5610 jubendo,
1620 5553 1734 5592 non
1764 5539 2038 5610 adjuvan-

2114 1040 2185 1078 ne
2209 1029 2269 1080 13
2291 1026 2523 1080 laudato
2556 1027 2732 1082 dixit:
2761 1047 2787 1078 «
2815 1031 2923 1082 Lex
2946 1029 3208 1083 timorem
3238 1031 3409 1085 dedit.
3434 1053 3455 1078 υ
3489 1033 3584 1087 Ubi
3600 1039 3757 1088 autem

2115 1113 2297 1185 gratia
2329 1130 2441 1167 non
2472 1114 2722 1170 infundit
2743 1132 3016 1182 amorem,
3047 1118 3363 1172 observatio
3393 1120 3530 1189 legis
3557 1137 3613 1174 ex
3644 1138 3759 1192 puro

2114 1202 2321 1257 timore
2348 1203 2538 1257 servili
2566 1204 2698 1258 facit
2746 1206 3238 1275 praevaricatorem
3267 1228 3281 1274 ;
3324 1224 3435 1278 qua
3454 1209 3518 1262 de
3546 1225 3600 1262 re
3627 1226 3758 1279 egre-

2117 1291 2207 1363 gie
2236 1292 2356 1362 agit
2383 1291 2443 1345 in
2463 1291 2706 1362 epistola
2739 1295 2858 1358 144,
2892 1294 2960 1347 ad
2990 1296 3379 1350 Auastasium.
3413 1295 3628 1350 Videtur
3651 1313 3761 1367 ergo

2117 1380 2471 1451 Augustinus
2519 1380 2760 1435 sensisse
2815 1382 3078 1438 homines
3130 1385 3258 1454 lege
3287 1383 3475 1454 urgeri
3527 1385 3592 1439 ad
3642 1390 3762 1438 recte

2120 1470 2496 1540 operandum,
2557 1486 2746 1542 neque
2809 1476 3004 1524 tamen
3048 1487 3277 1543 semper
3330 1471 3516 1525 adesse
3562 1471 3762 1541 gratiam

2119 1560 2510 1630 adjuvantem,
2561 1577 2628 1614 ex
2658 1577 2772 1632 quo
2827 1561 3028 1616 inferri
3087 1562 3315 1616 videtur
3368 1566 3501 1614 tunc
3527 1565 3766 1630 praecepta

2124 1649 2226 1704 Dei
2245 1665 2365 1703 esse
2387 1649 2689 1704 observata
2717 1650 3110 1720 impossibilia,
3151 1666 3290 1704 nam
3337 1648 3456 1702 sine
3489 1649 3652 1719 gratia
3677 1648 3766 1701 im-

2123 1737 2266 1808 pleri
2287 1753 2403 1792 non
2433 1744 2690 1808 possunt,
2712 1756 2826 1809 qua
2847 1744 3037 1794 tamen
3069 1739 3197 1793 illos
3228 1755 3422 1792 carere
3449 1736 3764 1791 idemtradit.

2126 1825 2264 1880 Hinc
2287 1825 2547 1880 Julianus
2576 1827 2697 1880 haec
2718 1827 3034 1898 Augustino
3062 1826 3444 1898 exprobrabat
3472 1824 3563 1878 lib.
3581 1842 3631 1878 ιιι
3658 1823 3767 1894 Ope-

2123 1913 2202 1968 ris
2229 1913 2494 1983 imperf.,
2527 1930 2649 1984 cap.
2715 1917 2847 1969 H9:
2894 1933 2921 1966 «
2955 1917 3133 1969 Taceo
3174 1915 3409 1968 interim
3435 1930 3542 1984 qua
3567 1912 3701 1967 rabie
3723 1911 3767 1965 in

2124 2007 2301 2057 totam
2332 2003 2520 2074 legem
2549 2003 2779 2071 fremas,
2812 2020 2984 2075 quam
3017 2005 3200 2059 credis
3239 2022 3306 2059 ea
3332 2005 3623 2074 imperasse
3649 2018 3768 2055 mor-

2124 2092 2353 2159 talibus,
2387 2109 2631 2163 quorum
2650 2093 2802 2164 apud
2832 2111 2929 2148 eos
2948 2095 3166 2148 nullam
3187 2094 3518 2150 facultatem
3543 2091 3765 2147 videret.»

2124 2184 2306 2248 Quam
2327 2183 2620 2254 stropham
2641 2182 2849 2254 saepius
2878 2189 3092 2238 cantat.
3184 2226 3193 2234 .

2194 2274 2318 2328 Duo
2349 2272 2442 2327 hic
2466 2276 2706 2344 possunt
2753 2271 3151 2327 difficultatem
3193 2271 3409 2342 facere,
3437 2286 3568 2327 num
3594 2270 3671 2325 lex
3695 2268 3768 2324 ali-

2126 2362 2354 2433 quando
2383 2362 2649 2432 imperet,
2682 2365 2738 2414 et
2767 2361 3002 2433 obliget,
3034 2366 3096 2415 ut
3128 2362 3322 2428 aiunt,
3355 2362 3457 2415 sub
3485 2364 3702 2430 peccato,
3735 2356 3766 2410 si

2127 2451 2274 2507 desit
2295 2449 2480 2522 gratia
2515 2451 2786 2520 adjuvans
2829 2451 2901 2504 ad
2931 2449 3296 2522 implendam
3337 2452 3536 2521 legem,
3564 2453 3617 2502 ut
3643 2447 3765 2501 Vld6°

2127 2543 2221 2595 tur
2250 2540 2390 2592 velle
2414 2541 2786 2609 Augustinus,
2817 2544 2873 2595 et
2901 2557 2973 2595 an
3015 2541 3074 2595 in
3103 2542 3239 2612 lege
3281 2541 3453 2595 veteri
3501 2539 3651 2593 timor
3673 2543 3767 2590 tan-

2127 2625 2250 2675 tum
2271 2619 2491 2674 servilis
2521 2620 2642 2674 sine
2668 2621 2851 2690 gratia
2877 2628 3162 2692 regnaret,
3197 2621 3364 2692 quod
3393 2620 3636 2675 eumdem
3660 2632 3767 2687 quo-

2129 2725 2240 2779 que
2270 2707 2510 2762 sensisse
2541 2708 2805 2762 nonnulli
2845 2709 3176 2778 opinantur.
3213 2711 3351 2763 Haec
3379 2709 3526 2762 enim
3563 2707 3659 2761 duo
3684 2705 3768 2760 Rio-

2129 2796 2313 2852 rainio
2346 2795 2489 2850 forte
2519 2795 2754 2850 duriora
2796 2795 3078 2862 videntur,
3110 2796 3169 2850 in
3199 2797 3417 2867 quibus
3445 2793 3770 2864 Augustinum

2129 2892 2287 2940 extra
2314 2883 2564 2939 veritatis
2605 2884 2817 2938 lineam
2863 2885 3092 2938 saltasse
3122 2889 3317 2954 putat.
3352 2886 3455 2938 Pro
3477 2877 3770 2952 expediendo

2126 2975 2305 3048 priori
2335 2974 2508 3030 dubio
2541 2990 2629 3028 res
2663 2973 2807 3028 mihi
2853 2972 3024 3027 altius
3049 2972 3375 3044 repetenda
3404 2975 3503 3025 est.
3535 2971 3591 3024 In
3616 2966 3769 3039 primis

2125 3065 2493 3120 statuendum
2531 3068 2618 3118 est
2646 3061 2953 3117 discrimen
2997 3060 3148 3115 inter
3191 3059 3638 3117 observationem
3667 3054 3770 3125 legis

2124 3155 2186 3209 in
2211 3160 2362 3209 statu
2392 3159 2612 3208 naturas
2641 3151 2962 3207 innocentis
2991 3156 3048 3206 et
3077 3156 3237 3207 statu
3265 3157 3558 3222 corruptas.
3594 3146 3765 3203 Etenim

2122 3243 2304 3298 Adam
2340 3241 2540 3296 habuit
2564 3240 2864 3294 auxillium
2894 3239 3156 3312 proxime
3213 3238 3588 3294 sufﬁciensab
3614 3235 3766 3290 obser-

2124 3330 2414 3386 vationem
2445 3329 2855 3400 cujuscumque
2876 3328 3148 3400 praecepti
3176 3333 3236 3384 in
3257 3329 3517 3384 omnibus
3544 3331 3594 3381 et
3619 3325 3766 3394 singuo

2125 3418 2195 3472 lis
2216 3417 2611 3472 occasionibus
2637 3422 2694 3471 et
2735 3417 3097 3474 instantibus.
3153 3421 3272 3474 Hoc
3300 3416 3630 3490 adju'torium
3664 3427 3764 3466 eru-

2125 3505 2240 3560 dite
2266 3505 2575 3575 exponitur
2626 3504 2696 3558 ab
2739 3504 3062 3576 Augustino
3099 3521 3232 3578 cap.
3271 3509 3325 3562 11
3377 3509 3432 3559 et
3466 3507 3523 3559 t2
3562 3503 3622 3556 de
3660 3500 3766 3554 Cor-

2126 3598 2273 3666 rept.
2308 3599 2365 3648 et
2392 3597 2537 3666 grat.
2576 3593 2794 3648 Dicitur
2823 3594 2892 3648 ab
2939 3595 3140 3649 eodem
3193 3594 3533 3666 adjutorium
3572 3593 3768 3657 sinequo

2126 3701 2252 3749 non,
2283 3699 2402 3737 non
2432 3699 2573 3752 quo;
2619 3697 2754 3736 nam
2804 3683 2986 3738 Adam
3015 3684 3113 3737 illo
3145 3682 3433 3755 adjutorio
3469 3679 3643 3749 posito
3683 3690 3767 3731 non

2129 3773 2319 3828 statim
2363 3772 2728 3843 operabatur,
2777 3771 2876 3824 sed
2926 3787 3057 3824 cum
3097 3771 3324 3825 volebat
3373 3769 3560 3824 eodem
3590 3777 3769 3834 semper

2129 3863 2410 3930 praesente
2458 3862 2683 3930 poterat
2713 3858 2960 3931 Operari.
2993 3879 3019 3909 «
3052 3859 3184 3913 Tale
3210 3859 3444 3930 quippe,
3478 3856 3646 3929 inquit
3669 3868 3763 3922 cap.

2137 3954 2220 4013 11,
2271 3952 2391 4003 erat
2438 3947 2810 4019 adjutorium,
2855 3948 3008 4018 quod
3061 3948 3354 4008 desereret
3382 3961 3506 4000 cum
3537 3944 3698 4006 vellet,
3728 3942 3771 3993 et

2133 4039 2192 4092 in
2215 4053 2327 4109 quo
2349 4040 2712 4108 permaneret
2741 4036 2790 4091 si
2824 4037 3013 4106 vellet,
3040 4053 3158 4092 non
3199 4053 3314 4108 quo
3356 4035 3510 4089 ﬁeret
3533 4037 3592 4087 ut
3623 4029 3769 4083 vellet.

2135 4137 2263 4190 Haec
2289 4139 2373 4189 est
2402 4135 2590 4206 prima
2617 4133 2821 4206 gratia,
2846 4151 2976 4205 quas
3012 4135 3145 4189 data
3173 4139 3258 4189 est
3287 4134 3465 4205 primo
3497 4131 3673 4191 Adam,
3698 4121 3771 4220 sed

2131 4223 2254 4278 haec
2281 4223 2580 4294 potentior
2603 4227 2688 4276 est
2724 4222 2785 4277 in
2813 4222 3062 4276 secundo
3102 4222 3307 4276 Adam.
3351 4221 3633 4278 Prima-est
3653 4225 3772 4269 enim

215 4370 217 4372 η
320 4309 463 4363 latas
491 4326 572 4374 ιιι,
609 4310 793 4381 legem
835 4309 1024 4367 datam
1057 4311 1526 4379 praevaricationis
1550 4312 1754 4378 gratia,
1811 4309 1880 4364 de
1911 4326 2024 4380 quo
2057 4309 2099 4362 D
2139 4329 2313 4384 quam
2338 4312 2402 4366 ﬁt
2429 4316 2490 4366 ut
2519 4311 2725 4366 habeat
2752 4311 2926 4366 homo
2948 4311 3234 4384 justitiam
3264 4311 3311 4364 si
3335 4310 3484 4369 velit,
3512 4312 3606 4361 etc.
3635 4325 3654 4351 ι
3683 4299 3772 4356 Ad-

2138 4401 2220 4455 dit
2263 4402 2413 4472 quod
2446 4401 2631 4472 primo
2662 4401 2761 4455 illo
2792 4402 3076 4472 adjutorio
3126 4407 3338 4457 ostensa
3366 4404 3441 4454 est
3466 4395 3682 4467 potentia
3719 4390 3773 4442 li-

2140 4490 2253 4544 beri
2289 4491 2548 4555 arbitrii;
2580 4505 2712 4544 nam
2762 4495 2826 4544 ut
2871 4495 3040 4544 antea
3085 4489 3458 4561 praemiserat,
3505 4485 3641 4538 Deus
3667 4474 3774 4530 illud

2141 4579 2490 4650 adjutorium
2515 4581 2736 4648 reliquit
2765 4581 2823 4633 in
2845 4579 2962 4648 ejus
2984 4579 3147 4634 libero
3169 4579 3418 4642 arbitrio,
3449 4577 3502 4627 et
3527 4575 3586 4624 ut
3610 4563 3772 4621 ait'lib.

2142 4686 2199 4724 ιιι
2237 4669 2436 4738 Operis
2465 4668 2714 4739 imperf.,
2746 4684 2869 4739 cap.
2902 4672 3021 4734 “‘2,
3054 4671 3323 4723 Rectorem
3375 4661 3609 4721 habebat,
3655 4658 3776 4739 (Ιυεπξ

2142 4736 2306 4802 libero
2324 4736 2830 4818 reliquit—arbitrio:
2853 4747 3035 4812 Quare
3065 4746 3203 4800 illud
3235 4741 3569 4814 adjutorium
3597 4736 3777 4818 sempei

2141 4841 2350 4908 prmsto
2411 4843 2533 4890 erat
2557 4837 2774 4891 Adamo
2803 4857 2818 4904 ;
2849 4837 3043 4891 scribit
3101 4835 3254 4890 enim
3289 4831 3638 4905 Augustinus,
3665 4812 3778 4908 (ιιιοᾷ

2143 4904 2403 4980 desereret
2428 4941 2532 4979 cum
2562 4926 2734 4980 vellet.
2767 4925 2944 4978 Paulo
2976 4941 3108 4978 vero
3132 4930 3258 4994 post
3276 4923 3334 4977 in
3383 4904 3570 4975 eodem
3596 4925 3698 4980 cap-
3730 4904 3770 4994 ll

2145 5006 2267 5060 haec
2296 5005 2505 5060 tradit:
2541 5027 2568 5054 (ι
2599 5004 2656 5061 Si
2699 5010 2891 5059 autem
2947 5005 3056 5059 hoc
3104 4982 3448 5074 adiutorium
3496 4997 3574 5050 vel
3610 4982 3776 5058 angelo

2143 5095 2229 5148 vel
2260 5092 2502 5159 homini,
2545 5108 2676 5146 cum
2729 5091 2984 5163 primum
3015 5092 3144 5146 facti
3175 5096 3324 5157 sunt,
3357 5086 3626 5145 defuisset,
3663 5085 3774 5163 (1119'

2144 5183 2300 5237 niam
2331 5199 2444 5237 non
2492 5181 2621 5235 talis
2653 5186 2858 5234 natura
2903 5181 3048 5235 facta
3077 5185 3199 5235 erat
3247 5184 3310 5233 ut
3337 5193 3453 5232 sine
3499 5172 3667 5229 divino
3699 5158 3775 5213 δά·

2144 5271 2359 5342 jutorio
2389 5275 2584 5342 posset
2609 5285 2843 5324 manere
2874 5270 2921 5323 si
2951 5271 3141 5338 vellet,
3173 5285 3285 5323 non
3303 5265 3494 5335 utique
3531 5274 3620 5313 suo
3643 5253 3776 5319 culpa

2148 5360 2506 5415 cecidissent.
2545 5358 2913 5430 Adjutorium
2965 5359 3177 5430 quippe
3220 5355 3500 5418 defuisset,
3545 5347 3652 5402 sine
3685 5351 3773 5430 qllO

2149 5465 2380 5503 manere
2429 5465 2544 5502 non
2582 5452 2831 5519 possent.
2868 5448 3026 5502 Nunc
3054 5453 3240 5501 autem
3297 5442 3493 5514 quibus
3527 5435 3663 5519 deest
3687 5424 3772 5480 ίδῙε

2148 5537 2518 5609 adjutorium,
2539 5518 2660 5609 jam
2683 5553 2853 5609 paena
2868 5536 3088 5608 peccati
3101 5533 3416 5605 est,quibus
3429 5530 3598 5581 autem
3621 5518 3769 5572 datur.
