3906 6182
141 263 218 313 673

1361 243 1692 300 VINDICUE
1730 245 1865 301 AUG
1877 243 2281 300 USTINIANIE.

3471 250 3575 303 6‘74

138 378 390 436 secundum
441 371 675 442 gratiam
715 369 901 423 datur.
943 388 966 418 ι
1018 368 1096 422 Ex
1152 368 1240 422 his
1268 367 1453 422 infero
1482 369 1668 439 primo
1700 368 1759 421 in
1790 373 1831 425 Α
1871 383 2115 438 quorum
2152 370 2349 421 contra
2391 382 2621 420 carnem
2652 367 2883 437 spiritus
2923 367 3277 438 concupiscit
3304 385 3371 422 an
3401 386 3572 424 serus

138 475 253 524 statu
295 467 483 517 naturai
530 458 705 527 lapsas
764 473 879 510 non
931 456 1203 509 omnibus
1243 457 1366 510 dari
1399 472 1501 510 nec
1533 472 1761 526 semper

138 561 299 629 priesto
321 566 425 605 esse
444 548 580 601 illud
612 545 981 617 adjutorium,
1016 546 1153 598 alias
1184 546 1365 599 oratio
1396 550 1542 599 esset
1572 562 1764 616 super-

144 648 245 701 tlua.
268 643 399 703 Nam,
432 642 488 690 ut
519 636 598 689 ait
627 636 977 705 Augustinus
1008 634 1107 687 lib.
1142 634 1209 687 de
1241 636 1452 688 Natura
1487 640 1543 688 et
1593 641 1762 705 grat.,

147 750 237 803 cap.
267 732 327 793 l8,
356 726 479 796 quid
501 726 721 778 stultius
751 738 914 791 quam
944 738 1099 776 orare
1122 728 1181 776 ut
1202 726 1381 788 facias
1413 724 1556 793 quod
1584 727 1641 777 in
1668 740 1764 793 po-

145 824 283 874 testate
321 815 503 868 habeas
526 814 552 864 ?
585 812 647 864 Et
672 811 731 863 in
779 811 1020 880 epistola
1051 814 1116 863 95
1144 826 1155 862 :
1190 812 1318 878 Ipsa
1368 814 1540 878 igitur
1593 814 1767 865 oratio

144 908 387 962 clarissima
412 906 485 955 est
514 903 707 968 gratia:
738 901 1061 966 testiﬁcatio.
1112 899 1235 952 Non
1282 914 1548 969 rogamus
1578 903 1768 952 autem

146 1002 187 1049 ut
209 996 328 1049 Deus
354 992 441 1044 det
485 989 637 1059 quod
689 988 985 1053 habemus,
1017 987 1113 1041 sed
1144 988 1305 1057 cujus
1336 988 1581 1041 maxime
1616 987 1769 1041 indi-

145 1096 319 1152 gemus;
349 1077 548 1132 etenim
601 1092 668 1129 ex
721 1076 885 1145 epist.
949 1076 1069 1137 l05,
1126 1078 1176 1129 si
1213 1078 1271 1129 in
1296 1081 1560 1145 potestate
1602 1075 1772 1128 habe-

142 1180 267 1235 retur,
292 1184 387 1221 nou
412 1170 593 1235 utique
619 1170 948 1233 posceretur.
986 1164 1191 1230 Quare,
1215 1181 1344 1218 cum
1372 1170 1609 1236 urgente
1633 1180 1773 1235 quo-

142 1260 242 1313 libet
264 1259 528 1327 praecepto
561 1254 737 1323 possit
775 1253 947 1306 homo
996 1269 1157 1306 orare
1200 1255 1380 1307 Deum
1420 1259 1485 1307 ut
1529 1254 1773 1324 gratiam

141 1349 188 1402 ad
212 1347 336 1399 iilius
365 1343 629 1415 praecepti
661 1341 1062 1411 impletionem
1094 1342 1390 1410 largiatur,
1428 1341 1657 1412 signum
1689 1346 1773 1395 est

140 1436 330 1506 gratiam
362 1435 513 1486 illam
545 1448 657 1485 non
707 1432 902 1483 adesse
926 1446 1153 1500 semper
1180 1431 1239 1485 in
1268 1430 1535 1484 omnibus
1565 1437 1622 1485 et
1652 1431 1775 1485 sin-

139 1526 250 1595 gulis
275 1520 841 1576 occasionibustlinc
870 1520 1079 1573 factum
1112 1524 1196 1573 est
1240 1524 1303 1573 ut
1352 1536 1483 1573 cum
1526 1521 1775 1574 Adamus

140 1614 329 1681 gratiam
382 1611 536 1663 illam
569 1610 835 1663 habuerit
863 1626 965 1679 pro
1005 1609 1269 1662 omnibus
1300 1613 1354 1662 et
1382 1610 1622 1679 singulis
1652 1625 1775 1662 mo-

1870 472 2124 510 SINGULOS
2154 460 2423 509 ‘iNnicsxr
2477 457 2576 509 DEI
2619 471 2827 522 unum,
2861 472 2932 509 ne
2973 456 3286 521 vincantur,
3344 456 3573 526 qualem

1871 546 2192 599 libertatem
2220 544 2531 598 voluntatis
2563 545 2771 598 habere
2807 550 3063 614 possunt,
3088 545 3186 615 qui
3220 544 3475 597 nondum
3501 544 3572 598 de

1873 641 2146 705 potestate
2178 634 2325 687 eruti
2355 634 2742 700 tenebrarum,
2770 635 3103 687 dominante
3129 634 3434 704 iniquitate
3466 650 3570 686 nec

1875 730 2089 778 certare
2120 728 2435 793 cmperunt,
2470 729 2584 787 aut,
2620 724 2663 776 si
2694 730 2909 777 certare
2952 724 3279 791 voluerunt,
3318 723 3573 776 nondum

1873 813 2131 867 liberatas
2163 812 2469 865 voluntatis
2522 812 2789 865 servitute
2844 812 3170 865 vincuntur.
3205 832 3231 862 »
3280 812 3385 865 Ubi
3417 812 3574 866 afﬁr-

1878 908 1995 956 mat
2024 902 2266 972 gratiam
2300 902 2371 954 ad
2399 900 2654 971 singulos
2684 906 2840 953 actus
2870 900 3091 954 virtutis
3116 900 3260 964 dari,
3289 917 3476 971 neque
3501 905 3579 955 ta-

1878 1008 2011 1045 men
2042 992 2309 1044 omnibus
2359 989 2689 1043 ministrari.
2734 988 2965 1042 Brevius
2996 990 3149 1043 idem
3180 990 3355 1043 tradit
3408 990 3571 1060 epist.

1883 1083 2002 1143 107,
2036 1081 2105 1133 ad
2160 1080 2437 1132 Vitalem:
2500 1078 2778 1132 «Scimus
2831 1078 3107 1147 (gratiam)
3165 1078 3475 1148 majoribus
3506 1078 3577 1132 ad

1880 1170 2137 1239 singulos
2168 1174 2324 1221 actus
2354 1167 2497 1221 dari.
2526 1166 2743 1220 Scimus
2800 1183 2917 1219 non
2956 1166 3221 1220 omnibus
3250 1167 3579 1222 hominibus

1882 1258 2027 1312 dari.
2060 1277 2088 1306 δ
2123 1258 2186 1310 Et
2228 1256 2333 1310 lib.
2389 1272 2439 1307 iv
2491 1254 2693 1324 Operis
2742 1254 2966 1324 imperf.
3028 1270 3151 1323 cap.
3192 1257 3315 1321 128,
3349 1256 3577 1309 scribit:

1887 1368 1909 1396 ι
1939 1345 2180 1400 Proinde
2202 1344 2533 1398 hominibus
2564 1349 2767 1397 natura
2794 1343 2923 1397 tiliis
2952 1343 3051 1396 irae
3070 1344 3281 1397 dantur
3304 1350 3585 1415 praecepta

1882 1434 2132 1502 vivendi,
2164 1434 2299 1503 quia
2331 1433 2498 1486 datur
2527 1439 2583 1485 et
2605 1431 2807 1502 gratia,
2860 1438 2921 1486 ut
2953 1433 3049 1502 qui
3076 1432 3259 1501 jubet,
3303 1433 3480 1503 juvet,
3525 1451 3587 1488 ac

1885 1524 1963 1578 sic
1990 1524 2137 1577 mala
2152 1522 2466 1576 nonsolum
2488 1537 2615 1591 quae
2637 1522 2927 1574 voluntate
2957 1520 3382 1585 addita,verum
3414 1521 3586 1576 etiam

1886 1601 2014 1684 quae
2046 1618 2175 1665 sunt
2224 1615 2602 1680 congenerata
2636 1610 2948 1664 vincantur.
2998 1609 3158 1673 Quod
3199 1610 3352 1663 enim
3389 1611 3587 1664 homi—

76 1714 77 1717 ‘
141 1702 298 1755 mentis
324 1700 423 1754 sibi
452 1701 854 1763 inhaerentem,
901 1715 1015 1752 non
1058 1698 1373 1768 indiguerit
1410 1699 1665 1752 oratione
1707 1698 1774 1752 ad
1808 1673 1847 1727 Β
1886 1703 2056 1756 nibus
2085 1700 2433 1772 impossibile
2460 1704 2561 1763 est,
2603 1700 2715 1752 Deo
2774 1699 2937 1751 facile
2988 1703 3091 1751 est.
3151 1698 3363 1761 Quibus
3395 1705 3587 1754 autem

140 1790 496 1844 observandum
532 1789 713 1842 ullum
746 1793 1116 1858 praeceptum.
1141 1788 1265 1841 Scio
1303 1787 1646 1842 recentiores
1672 1788 1777 1841 hoc

140 1881 352 1932 ultimum
381 1879 458 1931 uti
484 1894 773 1947 nuperum
798 1878 1151 1947 paradoxum
1172 1893 1291 1930 non
1317 1878 1654 1947 approbare,
1678 1877 1777 1930 sed

138 1969 265 2037 plane
317 1973 394 2021 est
448 1966 812 2037 apertissima
880 1966 1160 2019 sententia
1213 1966 1516 2037 Augustini
1572 1966 1669 2019 lib.
1724 1982 1777 2019 v1

139 2056 293 2125 Operis
337 2056 586 2125 impert,
636 2071 760 2125 cap,
800 2058 889 2108 15.
933 2075 959 2102 α
999 2054 1314 2122 Dominica,
1368 2055 1575 2125 inquit,
1610 2058 1778 2109 testa-

137 2150 205 2198 tur
224 2145 399 2211 oratio,
430 2145 535 2197 ubi
584 2160 702 2197 non
733 2146 916 2197 solum
950 2144 1209 2209 dicimus,
1249 2146 1478 2198 Dimitte
1504 2143 1657 2198 nobis
1688 2145 1781 2198 de-

139 2234 239 2297 bita,
261 2242 473 2304 propter
495 2234 648 2287 mala
672 2249 801 2303 quas
832 2233 1089 2299 fecimus,
1120 2250 1319 2287 verum
1345 2234 1540 2302 etiam,
1573 2235 1648 2290 Ne
1686 2249 1781 2288 nos

138 2325 301 2387 inferas
346 2326 402 2375 in
447 2325 821 2388 tmttutionem,
870 2328 1108 2392 propter
1146 2323 1254 2377 hoc
1284 2323 1481 2393 utique
1530 2339 1601 2376 ne
1632 2324 1783 2376 mala

139 2410 392 2477 faciamus;
430 2412 592 2465 unde
639 2416 693 2463 et
744 2412 1047 2480 Apostolus
1096 2410 1266 2465 dicit:
1327 2412 1556 2466 Oramus
1605 2417 1783 2465 autem

138 2500 191 2551 ad
213 2502 483 2567 Dominum,
525 2516 587 2553 ne
620 2500 755 2568 quid
794 2502 1017 2565 faciatis
1046 2502 1203 2555 mali.
1241 2501 1398 2564 Quod
1452 2502 1499 2554 si
1529 2501 1609 2555 ita
1638 2506 1785 2555 esset

138 2588 179 2640 in
203 2596 464 2657 potestate,
496 2589 791 2659 quomodo
812 2588 1066 2641 fuitante
1096 2595 1413 2657 peccatum,
1447 2590 1784 2660 priusquam

137 2682 245 2730 esset
270 2685 455 2732 natura
510 2680 765 2731 humana
794 2677 1009 2742 vitiata,
1052 2692 1164 2733 NON
1198 2678 1397 2747 utique
1450 2694 1785 2733 poscaaewn

136 2781 313 2820 οωςυο
341 2768 429 2821 sed
460 2768 691 2837 agendo
721 2766 912 2836 potius
959 2771 1272 2819 teneretur.
1301 2788 1322 2814 ι

188 2854 362 2922 Quare,
410 2872 547 2910 cum
600 2872 668 2909 ex
701 2856 1016 2908 inhaerente
1048 2855 1259 2917 divino,
1320 2872 1503 2926 eoque
1535 2853 1671 2926 jugi
1693 2857 1787 2910 ad-

1886 1808 1994 1847 NON
2035 1807 2205 1845 parua
2264 1788 2469 1859 gratia,
2529 1794 2766 1858 propter
2805 1804 2980 1857 quam
3036 1786 3253 1840 dictum
3298 1793 3405 1852 est,
3458 1788 3588 1853 Quis

1883 1885 2024 1936 enim
2056 1887 2104 1934 te
2147 1880 2408 1933 discernit
2435 1880 2461 1930 7
2493 1877 2637 1943 Quid
2684 1884 2861 1930 autem
2917 1876 3077 1929 habes
3110 1875 3254 1943 quod
3294 1891 3400 1929 non
3427 1892 3588 1929 acce-

1880 1973 2020 2040 pisti
2048 1970 2309 2040 (IComv)
2344 1970 2373 2019 ?
2418 1966 2881 2036 praevaricatores
2922 1966 3065 2019 ﬁunt
3110 1965 3409 2019 accedente
3440 1966 3587 2035 lege,

1885 2078 2002 2116 non
2030 2061 2187 2131 justi.
2230 2059 2338 2113 Sed
2360 2058 2405 2111 si
2439 2074 2611 2128 quam
2643 2058 2712 2111 ad
2752 2056 3060 2110 utilitatem
3106 2056 3304 2110 vivunt
3338 2056 3591 2111 filiorum

1888 2148 2315 2213 misericordiae,
2353 2153 2415 2200 ut.
2440 2163 2534 2200 eos
2564 2146 2839 2213 videntes,
2874 2151 2930 2198 et
2959 2145 3098 2215 quid
3153 2145 3263 2198 sibi
3304 2162 3420 2199 non
3470 2162 3591 2199 me-

1887 2238 2018 2303 rito,
2046 2238 2141 2291 sed
2173 2237 2354 2306 gratia
2394 2236 2659 2303 donetur,
2710 2234 3098 2304 intelligentes
3156 2250 3270 2288 non
3317 2235 3589 2289 extollen-

1892 2328 2004 2389 tur,
2036 2325 2132 2378 sed
2164 2325 2262 2394 qui
2310 2324 2589 2394 gloriatur
2639 2324 2698 2376 in
2758 2324 2997 2376 Domino
3051 2323 3348 2393 glorietur.
3395 2343 3422 2375 »
3454 2324 3593 2388 Qua:

1891 2413 2188 2467 sententia:
2221 2412 2430 2483 passim
2463 2413 2524 2465 in
2554 2413 2872 2482 Augustino
2915 2417 3240 2467 occurrunt.

1964 2504 2129 2566 Quod
2160 2510 2351 2555 autem
2387 2504 2497 2567 lex,
2534 2503 2603 2555 ad
2668 2502 2775 2554 hoc
2827 2505 2888 2553 ut
2938 2502 3173 2571 obliget,
3228 2517 3340 2555 non
3393 2501 3597 2556 debeat

1892 2606 2213 2659 supponere
2271 2590 2330 2643 in
2379 2595 2650 2660 operante
2681 2588 2996 2660 potentiam
3056 2589 3374 2659 proximam
3406 2591 3475 2643 ad
3518 2590 3596 2643 fa-

1893 2681 2158 2732 ciendum
2185 2696 2327 2749 opus
2363 2680 2515 2749 quod
2564 2679 2902 2748 imperatur,
2934 2683 3018 2731 est
3046 2683 3312 2731 constans
3342 2679 3595 2748 ejusdem

1895 2768 2074 2821 sancti
2108 2768 2285 2821 Patris
2324 2768 2578 2820 doctrina
2608 2772 2803 2819 contra
2831 2767 3186 2835 Pelagianos,
3220 2765 3341 2836 qui,
3393 2766 3473 2819 uti
3512 2766 3595 2819 vi-

1896 2858 2092 2923 timus,
2126 2873 2192 2910 ex
2235 2863 2657 2927 praeceptorum
2684 2854 3053 2924 impositione
3090 2855 3359 2910 humanae
3391 2855 3593 2909 volun-

132 2946 301 3012 jutorio
329 2947 501 3000 Adam
544 2945 604 2999 in
632 2945 885 3015 quolibet
904 2950 1195 2998 momento
1218 2945 1491 3014 temporis
1511 2946 1789 3015 potuisset
1817 2972 1855 3025 ο
1895 2948 2025 3001 tatis
2050 2946 2362 3016 potentiam
2386 2946 2453 2999 ad
2479 2944 2747 2997 mandata
2764 2943 3017 2997 facienda
3032 2959 3163 2996 cum
3184 2944 3593 3016 cujuscumque

138 3031 282 3103 legem
312 3036 570 3105 implere,
605 3036 817 3087 frustra
846 3038 1065 3087 orasset
1092 3035 1272 3088 Deum
1302 3038 1368 3087 ut
1400 3034 1543 3087 vires
1583 3034 1693 3087 sibi
1718 3035 1790 3089 ad

137 3125 353 3177 mandata
382 3124 643 3178 facienda
664 3124 1032 3176 ministraret.
1076 3123 1229 3177 Vidit
1268 3123 1375 3177 ista
1394 3122 1791 3193 theologorum

138 3208 271 3279 hujus
284 3216 449 3267 nostri
466 3214 665 3268 saeculi
688 3213 1045 3266 acutissimus
1068 3212 1303 3267 Basilius
1329 3212 1590 3276 Poncius,
1618 3214 1715 3283 qui
1732 3213 1792 3266 in

140 3294 513 3357 Relectionibus
551 3303 619 3356 de
650 3304 854 3372 gratia,
886 3307 1034 3372 part.
1068 3318 1107 3367 1,
1156 3318 1277 3372 cap.
1328 3304 1455 3370 ult,,
1497 3318 1628 3372 pag.
1665 3306 1787 3368 213,

142 3391 322 3444 scribit:
357 3414 379 3441 ι
412 3398 610 3463 Atque
641 3393 747 3445 hoc
778 3398 860 3445 est
887 3391 1257 3461 adjutorium,
1291 3392 1447 3460 quod
1476 3407 1627 3461 saepe
1679 3394 1792 3444 Au-

139 3477 353 3543 gustinus
383 3480 528 3534 dicit
578 3480 859 3533 Adamum
907 3478 1189 3540 habuisse,
1245 3478 1400 3548 quod
1453 3494 1556 3531 nos
1598 3478 1659 3531 in
1689 3479 1795 3531 hoc

140 3568 253 3617 statu
272 3584 377 3621 non
423 3569 730 3632 habemus,
764 3567 897 3638 quia
927 3582 1041 3620 non
1094 3566 1371 3619 habemus
1418 3582 1521 3635 pro
1554 3566 1795 3636 singulis

120 3656 947 3728 .occasionibusxperseverantes
980 3654 1356 3724 cogitationes
1388 3661 1440 3709 et
1471 3654 1794 3708 affectiones

138 3735 261 3805 boni,
290 3748 346 3796 ut
377 3750 583 3797 notum
625 3749 729 3797 est.
766 3743 923 3797 Unde
953 3742 1205 3795 Adamus
1246 3756 1362 3794 non
1411 3741 1615 3810 egebat
1666 3758 1795 3794 ora-

142 3826 259 3883 tione
295 3838 349 3885 ut
376 3832 737 3904 adjutorium
768 3832 907 3885 illud
938 3837 1313 3901 compararet,
1345 3830 1480 3900 quia
1526 3830 1645 3900 jam
1697 3829 1794 3883 Dei

139 3929 331 3974 munere
360 3938 489 3975 cum
528 3921 654 3990 ipsa
692 3925 897 3973 natura
935 3918 1257 3986 ingenitum
1291 3923 1433 3980 erat,
1464 3919 1561 3971 sed
1594 3917 1799 3988 gratia-

139 4017 237 4059 rum
265 4010 470 4063 actione
500 4026 610 4080 pro
632 4014 786 4062 tanto
812 4006 1108 4073 benelicio,
1143 4007 1295 4077 quod
1318 4023 1351 4059 a
1382 4008 1493 4059 Deo
1521 4007 1579 4059 in
1612 4008 1798 4077 prima

138 4094 202 4145 sui
227 4098 428 4169 origine
459 4104 781 4167 acceperat.
823 4119 844 4145 ι
900 4098 1091 4167 Neque
1120 4101 1268 4149 recte
1299 4096 1585 4150 diceretur
1615 4096 1797 4149 Adam

141 4178 464 4241 intensiorem
496 4186 745 4259 gratiam
790 4185 1038 4256 potuisse
1087 4189 1299 4256 petere,
1359 4188 1424 4238 ut
1468 4184 1688 4239 facilius
1729 4186 1799 4237 le-

1902 3036 2081 3090 divini
2112 3034 2381 3105 adjutorii
2429 3034 2754 3088 exclusione
2798 3032 3199 3102 praedicabant.
3230 3031 3445 3095 Quibus
3481 3036 3597 3087 Au-

1902 3125 2165 3195 gustinus
2192 3140 2318 3177 cum
2356 3123 2586 3193 collegis
2611 3121 2890 3176 Africanis
2934 3120 3243 3190 respondet
3291 3121 3456 3190 epist.
3508 3124 3597 3191 95,

1904 3214 1975 3268 ad
2022 3212 2423 3266 Innocentium
2469 3227 2710 3281 papam:
2762 3230 2789 3261 (ι
2822 3208 3232 3280 Distinguenda
3287 3214 3372 3261 est
3425 3209 3513 3262 lex
3544 3213 3602 3262 et

1903 3301 2104 3373 gratia.
2141 3302 2247 3355 Lex
2272 3302 2473 3371 jubere
2502 3301 2677 3365 novit,
2711 3298 3134 3369 gratiajuvare.
3170 3298 3281 3353 Nec
3322 3297 3411 3351 lex
3442 3298 3601 3368 jube-

1903 3396 2008 3457 ret,
2042 3390 2152 3444 nisi
2192 3397 2339 3444 esset
2359 3390 2640 3454 voluntas,
2676 3403 2777 3441 nec
2807 3387 3253 3458 gratiajuvaret,
3286 3386 3333 3439 si
3359 3392 3443 3441 sat
3459 3390 3604 3441 esset

1906 3481 2184 3535 voluntas.
2221 3499 2247 3531 »
2281 3480 2483 3533 Postea
2530 3478 2825 3531 inculcatis
2884 3478 3055 3529 sacris
3115 3477 3481 3541 testimoniis,
3544 3475 3601 3529 in

1905 3570 2111 3641 quibus
2134 3570 2223 3622 lex
2250 3575 2306 3622 et
2327 3567 2509 3621 oratio
2537 3572 2892 3632 asseruntur,
2910 3566 3224 3619 concludit:
3244 3585 3270 3616 α
3294 3566 3447 3620 Sicut
3464 3582 3602 3637 ergo

1904 3657 2267 3727 agnoscimus
2305 3659 2677 3721 voluntatem,
2727 3671 2856 3708 cum
2890 3655 3009 3708 haec
3050 3656 3479 3725 praecipiuntur,
3528 3655 3604 3708 sic

1905 3752 1960 3800 et
1990 3747 2108 3815 ipse
2138 3755 2407 3816 agnoscat
2432 3744 2676 3815 gratiam
2709 3760 2838 3798 cum
2872 3750 3164 3813 petuntur.
3198 3763 3225 3795 »
3262 3745 3444 3808 Quare
3474 3761 3603 3799 cum

1905 3834 2150 3887 instante
2184 3834 2440 3904 quolibet
2470 3840 2757 3903 praecepto
2787 3834 2947 3901 legis,
2976 3833 3147 3886 homo
3186 3848 3297 3885 non
3326 3833 3604 3901 irrisorie,

1906 3922 2002 3975 sed
2032 3924 2306 3975 veraciter
2338 3923 2517 3975 Deum
2550 3923 2755 3975 debeat
2775 3937 2959 3986 orare,
2986 3926 3050 3973 ut
3080 3920 3185 3973 sibi
3218 3921 3460 3989 gratiam
3512 3923 3606 3975 do—

1905 4017 2004 4065 net
2036 4011 2105 4065 ad
2156 4011 2479 4064 faciendum
2531 4010 2889 4073 mandatum,
2933 4008 3163 4078 signum
3211 4013 3295 4061 est
3352 4009 3603 4063 divinam

1907 4100 2149 4171 gratiam
2181 4098 2559 4153 necessariam
2588 4098 2654 4151 ad
2703 4096 3133 4168 exsequendum
3182 4114 3325 4167 opus
3357 4097 3603 4167 impera-

1905 4194 2027 4243 tum
2060 4205 2175 4243 non
2227 4188 2419 4241 adesse
2475 4186 2537 4241 in
2585 4186 2851 4240 omnibus
2880 4192 2936 4240 et
2979 4186 3219 4255 singulis
3258 4187 3607 4254 momentis;

140 4286 239 4340 gem
276 4276 562 4348 impleret.
616 4277 833 4330 Etenim
890 4291 1101 4328 vanum
1150 4274 1365 4336 fuisset,
1423 4291 1596 4327 novas
1649 4273 1795 4327 vires
1829 4272 1869 4327 D
1907 4295 2040 4335 nam
2097 4282 2161 4331 ut
2218 4279 2426 4332 clamat
2480 4277 2696 4348 ubique
2747 4291 2988 4346 magnus
3039 4276 3256 4342 doctor,
3318 4299 3338 4325 α
3373 4277 3418 4329 si
3449 4277 3610 4331 adest

141 4370 293 4427 petere
321 4370 375 4420 in
400 4373 563 4420 tanta
605 4381 707 4420 non
735 4365 992 4435 peccandi
1014 4363 1302 4431 facilitate,
1326 4368 1386 4417 ut
1416 4363 1802 4434 loquitursan-

140 4454 233 4504 ctus
260 4455 413 4510 Pater
442 4473 574 4526 cap.
612 4457 693 4508 12.
733 4457 955 4508 Poterat
981 4460 1171 4507 tamen
1202 4454 1377 4506 Deum
1402 4468 1563 4505 orare
1593 4458 1659 4506 ut
1674 4458 1796 4505 ten-

140 4541 339 4598 tatorem
398 4546 602 4617 procul
635 4549 871 4607 arceret,
904 4560 974 4597 ne
1027 4544 1093 4596 ad
1153 4544 1366 4595 malum
1416 4543 1796 4612 pelliceretur,

143 4630 206 4682 Vel
229 4635 450 4689 cadendi
486 4634 746 4705 periculo
774 4633 991 4685 vicinus
1022 4632 1202 4685 fieret.
1263 4636 1332 4685 At
1388 4632 1570 4702 posita
1623 4637 1801 4685 tenta-

142 4717 261 4773 tione
288 4725 648 4794 neutiquam,
700 4722 804 4774 nisi
861 4721 1125 4785 inaniter,
1161 4738 1193 4775 a
1227 4724 1339 4775 Deo
1371 4721 1625 4791 petiisset
1657 4720 1801 4773 vires

139 4806 289 4865 eidem
316 4814 633 4867 resistendi.
670 4814 733 4865 In
763 4817 915 4864 statu
963 4817 1151 4864 autem
1192 4816 1409 4864 natura:
1450 4812 1621 4880 lapsae
1661 4809 1803 4863 illud

138 4898 452 4967 adjutorium
504 4919 610 4971 pro
640 4900 905 4954 omnibus
937 4906 992 4953 et
1019 4900 1261 4979 singulis
1314 4898 1622 4952 momentis
1675 4915 1805 4968 pro-

138 4985 260 5042 xime
290 4992 577 5045 sufficiens
628 5006 745 5043 non
806 5005 1030 5058 semper
1060 4994 1269 5059 praesto
1319 4993 1400 5041 est
1451 4987 1801 5053 hominibus,

135 5078 259 5130 unde
287 5082 591 5134 necessitas
624 5079 895 5133 orationis
926 5079 1127 5143 elucet,
1182 5094 1296 5148 qua
1329 5093 1593 5147 rogamus
1628 5078 1805 5129 Deum

137 5169 183 5215 ut
206 5170 461 5223 mandata
494 5170 673 5239 ipsius
699 5170 935 5238 implere
966 5167 1270 5237 possimus.
1309 5167 1446 5219 Hinc
1477 5166 1671 5219 scribit
1699 5165 1805 5219 ibi-

136 5251 238 5307 dem
287 5259 675 5327 Augustinus:
732 5258 923 5311 «Ideo
970 5257 1027 5309 in
1083 5258 1191 5309 hoc
1239 5272 1415 5327 agone
1474 5256 1654 5325 magis
1703 5271 1808 5307 nos

139 5339 259 5396 Deus
286 5349 459 5400 voluit
520 5347 872 5400 orationibus
928 5351 1144 5399 certare
1185 5362 1355 5416 quam
1389 5344 1623 5409 viribus,
1674 5343 1809 5414 quia

138 5434 337 5502 etipsas
366 5439 547 5501 vires,
580 5444 817 5505 quantas
850 5437 940 5490 hic
970 5437 1179 5489 habere
1226 5452 1331 5489 nos
1363 5434 1653 5504 competit,
1686 5434 1807 5503 ipse

141 5521 520 5579 subministrat
560 5527 924 5592 certantibus,
971 5541 1143 5596 quem
1173 5541 1464 5596 rogamus.
1497 5523 1553 5578 Si
1583 5540 1718 5594 ergo
1748 5523 1810 5577 hi

1908 4366 2270 4440 possibilitas,
2304 4365 2510 4438 utquid
2541 4365 2746 4420 orant?
2775 4388 2795 4413 ι
2828 4365 2947 4419 Lib.
2984 4366 3052 4418 de
3076 4365 3288 4420 Natura
3319 4369 3374 4419 et
3403 4366 3608 4436 gratia,

1908 4474 2031 4527 cap.
2063 4459 2148 4511 53.
2186 4458 2313 4510 Haec
2344 4456 2624 4521 doctrina,
2658 4471 2785 4526 quae
2817 4456 2986 4525 plane
3019 4454 3312 4509 verissima
3341 4460 3445 4524 est,
3480 4472 3607 4526 pro-

1909 4547 2076 4601 batur
2106 4562 2172 4599 ex
2204 4547 2421 4617 synodo
2451 4545 2802 4610 Tridentina,
2832 4560 2967 4597 sess.
2999 4545 3029 4596 6
3077 4543 3145 4597 de
3170 4542 3604 4610 Justiﬁcatione,

1909 4653 2038 4705 cap.
2082 4640 2166 4701 ll,
2203 4635 2300 4688 ubi
2330 4634 2441 4688 ait:
2479 4654 2504 4684 ‹‹
2547 4635 2691 4686 Deus
2734 4633 3115 4703 impossibilia
3146 4648 3260 4685 non
3295 4634 3478 4703 jubet,
3512 4633 3607 4687 sed

1906 4723 2161 4795 jubendo
2194 4728 2389 4775 monet
2420 4727 2473 4774 et
2512 4721 2694 4774 facere
2723 4723 2876 4792 quod
2902 4722 3102 4791 possis,
3136 4727 3192 4775 et
3228 4729 3424 4791 petere
3454 4721 3608 4792 quod

1910 4829 2024 4867 non
2056 4810 2257 4881 possis,
2291 4817 2348 4863 et
2391 4810 2622 4879 adjuvat
2652 4816 2713 4863 ut
2747 4810 2945 4879 possis.
2984 4829 3010 4863 ››
3058 4812 3150 4864 Est
3190 4809 3474 4863 sententia
3511 4824 3606 4862 ex-

1912 4901 2123 4972 scripta
2152 4916 2216 4953 ex
2249 4899 2394 4953 libro
2415 4898 2592 4951 sancti
2620 4898 2925 4965 Augustini
2966 4900 3034 4952 de
3067 4900 3277 4952 Natura
3307 4902 3361 4950 et
3402 4896 3601 4965 gratia,

1913 5006 2031 5061 cap
2066 4991 2155 5053 43,
2185 4995 2240 5041 et
2271 4988 2403 5041 licet
2430 4987 2524 5040 illa
2555 4992 2842 5057 postrema
2868 4988 3059 5052 verba,
3085 4991 3135 5039 et
3154 4986 3384 5053 adjuvat
3404 4990 3463 5038 ut
3484 5000 3609 5053 pos-

1913 5083 1989 5134 sis
2016 5096 2129 5132 non
2161 5082 2484 5131 asseruntur
2532 5075 2793 5146 explicite
2825 5075 2894 5129 ab
2948 5075 3288 5145 Augustino,
3339 5074 3612 5127 subintel-

1914 5169 2173 5239 liguntur
2198 5184 2212 5234 ;
2240 5184 2370 5221 nam
2400 5167 2445 5220 si
2478 5167 2546 5220 ab
2579 5167 2675 5219 illo
2705 5165 2851 5237 petis
2886 5169 2947 5219 ut
2998 5181 3200 5236 possns,
3255 5163 3485 5233 signum
3530 5168 3612 5217 est

1917 5258 2069 5329 quod
2103 5258 2196 5310 ille
2219 5262 2303 5310 est
2333 5256 2431 5327 qui
2463 5255 2692 5326 adjuvat
2720 5261 2780 5307 ut
2811 5254 3007 5325 possis.
3042 5253 3150 5308 Sed
3199 5255 3427 5323 plenam
3466 5269 3614 5307 eam-

1916 5348 2046 5402 dem
2094 5346 2434 5401 sentcntiam
2498 5350 2755 5399 extract.
2808 5347 2873 5397 53
2906 5343 2963 5396 in
3009 5345 3285 5397 Joannem
3338 5342 3610 5397 exhibeo:

1920 5456 1949 5489 α
1975 5436 2080 5491 Sed
2110 5436 2427 5502 audiamus,
2476 5434 2683 5506 inquit,
2733 5433 3039 5487 Dominum
3072 5439 3129 5486 et
3161 5431 3611 5502 praecipientem,

1917 5530 1973 5580 et
2011 5526 2415 5596 opitulantem,
2473 5531 2529 5579 et
2568 5524 2869 5594 jubentem
2901 5524 3039 5595 quid
3067 5525 3251 5579 facere
3281 5519 3615 5593 debeamus,
