3894 6184
293 250 396 301 675

1301 241 1852 300 SUPPLEMENTUM
1892 245 1983 299 AD
2019 243 2248 301 OPERA
2291 245 2345 300 S.
2388 245 2782 303 AUGUSTINI.

3692 251 3797 302 6'76

292 372 348 422 et
377 366 763 438 adjuvantem,
795 370 859 422 ut
885 367 1126 437 implere
1155 365 1468 438 possimus.
1504 365 1696 420 Primo
1725 365 1820 419 illa

2267 384 2467 440 ianum
2489 385 2724 440 verbum
2749 388 3092 459 supponitis,
3105 394 3162 444 et
3181 388 3576 460 querentibus
3591 403 3625 442 a
3643 388 3805 443 vobis

293 461 399 511 ciae
442 456 642 528 synodi
689 472 758 510 ex
787 455 1104 527 Augustino
1135 455 1326 522 verba,
1380 459 1430 508 et
1467 459 1644 524 petere
1689 455 1834 525 quod
1885 471 1990 510 non

294 546 508 614 possis;
537 559 673 614 ergo
703 544 840 597 dum
881 541 1046 612 petis,
1081 543 1168 596 vel
1222 541 1393 596 etiam
1443 549 1753 614 antequam
1807 551 1986 614 petas,

298 639 413 687 stas
433 633 538 686 sub
569 634 692 702 lege
739 630 1129 702 praecipiente,
1163 637 1221 684 et
1246 631 1505 686 nondum
1543 632 1718 686 habes
1747 633 1990 704 gratiam

295 722 684 792 adjuvantem,
717 725 852 774 tunc
909 719 1062 774 enim
1115 735 1230 773 non
1260 725 1424 790 potes
1478 720 1662 774 facere
1710 723 1866 792 quod
1901 723 1989 776 lex

290 810 476 881 jubet.
531 809 715 873 Quare
746 814 1012 862 errarunt
1067 809 1374 877 Pelagiani,
1406 809 1506 880 qui
1539 826 1607 863 ex
1639 811 1762 879 lege
1793 811 1884 864 hic
1933 816 1991 865 et

295 915 447 953 nunc
476 897 764 968 obligante
794 897 1191 951 existimarunt
1221 897 1510 952 hominem
1561 914 1726 969 posse
1753 899 1992 954 suismet

291 987 504 1042 viribus
523 987 755 1058 exsequi
784 987 1080 1057 imperata.
1117 987 1252 1040 lude
1291 987 1465 1041 etiam
1503 988 1839 1058 rejiciuntur
1866 990 1992 1060 plu-

291 1093 382 1131 res
406 1077 675 1146 theologi,
708 1076 805 1146 qui
839 1081 1043 1146 putant
1072 1076 1257 1146 legem
1289 1092 1405 1130 non
1432 1092 1597 1146 posse
1628 1076 1719 1130 hic
1749 1081 1806 1130 et
1839 1092 1991 1130 nunc

294 1163 569 1234 obligare,
619 1163 726 1217 nisi
770 1163 916 1217 adsit
944 1163 1125 1234 gratia
1155 1164 1460 1234 adjuvans;
1494 1181 1627 1218 nam
1675 1165 1811 1219 dum
1847 1169 1989 1234 petis

291 1257 352 1306 ut
378 1254 572 1320 possis.
604 1252 855 1322 profecto
907 1252 1082 1304 sentis
1113 1258 1167 1305 te
1223 1252 1415 1322 urgeri
1468 1258 1773 1324 praecepto,
1807 1259 1863 1307 et.
1911 1254 1987 1307 si-

291 1343 408 1393 mul
441 1339 736 1410 cognoscis
765 1345 819 1392 te
851 1339 1181 1393 destitutum
1222 1342 1406 1410 gratia
1435 1342 1693 1412 proxime
1741 1359 1990 1396 necessa-

293 1429 377 1480 ria
406 1428 477 1482 ad
534 1444 679 1497 opus
709 1428 1090 1498 implendum,
1130 1430 1278 1483 unde
1303 1446 1431 1484 oras
1492 1437 1558 1484 ut
1595 1432 1853 1484 eamdem
1887 1431 1990 1486 tibi

293 1515 442 1570 Deus
472 1517 768 1586 largiatur.
809 1517 903 1570 llic
933 1534 1067 1571 vero
1095 1518 1404 1587 rejicienda
1443 1525 1523 1572 est
1555 1519 1836 1573 sententia
1868 1519 1990 1573 illo-

289 1620 417 1658 rum
446 1605 544 1676 qui
573 1605 768 1658 dicunt
793 1606 1032 1675 gratiam
1065 1622 1321 1676 proxime
1350 1607 1727 1660 sufﬁcientem
1762 1624 1989 1678 semper

288 1692 508 1759 adesse,
543 1709 646 1747 nec
674 1710 929 1764 unquam
963 1697 1143 1764 legem
1185 1695 1438 1764 obligare
1487 1695 1595 1748 nisi
1627 1697 1774 1750 adsit
1806 1697 1987 1766 gratia

289 1782 578 1850 adjuvans,
634 1781 772 1835 alias
822 1783 994 1835 homo
1041 1782 1111 1836 ob
1166 1782 1564 1854 impotentiam
1623 1791 1988 1840 excusaretur

286 1869 356 1924 ab
387 1869 781 1923 observatione
828 1870 989 1939 legis.

361 1959 501 2012 Nam
535 1958 580 2011 si
612 1959 721 2023 lex,
754 1958 1070 2029 utobliget,
1104 1974 1333 2029 semper
1380 1959 1553 2020 infert
1607 1959 1986 2014 assistentiam

289 2047 490 2118 gratim
530 2047 882 2112 sufﬁcientis,
931 2058 1266 2118 sequeretur
1314 2047 1556 2118 gratiam
1611 2047 1985 2102 sufﬁcientem

291 2137 358 2191 ad
389 2135 844 2190 observationem
879 2136 1018 2206 legis
1047 2137 1419 2190 necessariam
1452 2153 1567 2190 non
1623 2137 1794 2190 fuisse
1823 2137 1986 2190 amis-

289 2241 408 2278 sam
441 2240 503 2278 ex
550 2229 780 2294 pecvato
810 2225 968 2287 Adin,
1000 2226 1150 2294 quod
1181 2225 1310 2277 licet
1338 2240 1370 2276 a
1432 2225 1689 2293 pluribus
1718 2226 1988 2279 conceda-

283 2317 397 2376 tur,
447 2319 585 2382 puto
635 2328 756 2366 esse
807 2312 1170 2365 falsissimum
1238 2312 1516 2366 Probatur
1545 2315 1805 2382 sequela:
1855 2329 1986 2366 nam

283 2400 464 2455 Adam
497 2417 597 2470 per
627 2406 918 2470 peccatum
954 2417 1064 2453 non
1091 2401 1290 2454 exemi.
1321 2400 1581 2453 homines
1605 2420 1634 2453 a
1667 2403 1792 2471 lege
1824 2407 1988 2454 natu-

285 2490 413 2555 rali,
447 2489 566 2542 haec
592 2490 745 2543 enim
781 2490 865 2542 lex
900 2489 1132 2558 perinde
1164 2491 1399 2559 obligat,
1443 2489 1662 2542 Adamo
1718 2495 1986 2560 peccante

284 2579 371 2632 vel
406 2594 518 2631 non
549 2584 854 2647 peccante:
907 2595 1044 2648 ergo
1077 2578 1124 2630 si
1177 2585 1241 2631 ut
1274 2580 1357 2631 lex
1407 2577 1621 2648 obliget
1660 2577 1829 2630 habet
1855 2593 1986 2630 con-

288 2681 494 2720 nexam
541 2666 922 2719 assistentiam
981 2667 1178 2735 gratiae
1229 2667 1587 2730 sutlictentis,
1636 2665 1758 2720 haec
1800 2666 1985 2736 gratia

284 2753 592 2818 sufﬁciens,
645 2753 760 2806 sive
809 2759 992 2807 stante
1028 2755 1244 2807 Adamo
1281 2754 1396 2807 sive
1435 2756 1695 2822 cadente,
1726 2770 1984 2809 connexa

283 2851 406 2897 erat
431 2859 560 2897 cum
596 2844 716 2913 lege
747 2850 919 2910 prout
948 2843 1276 2912 obligante;
1313 2859 1449 2914 ergo
1501 2860 1614 2896 non
1645 2844 1753 2897 fuit
1778 2844 1985 2898 amissa

283 2948 348 2987 ex
375 2940 601 3002 peccato
629 2931 800 3002 primi
831 2934 1098 3002 parentis.
1131 2931 1318 2986 Probo
1351 2932 1522 2985 modo
1546 2932 1702 2985 illam
1737 2939 1981 3002 gratiam
2011 2963 2049 3017 ρ

284 3020 656 3075 sufﬁcientem
715 3036 835 3074 esse
897 3021 1163 3074 amissam
1223 3026 1562 3091 argumento
1591 3021 1818 3087 eodem,
1866 3037 1981 3092 quo

281 3112 491 3166 Paulus
546 3111 616 3164 ad
657 3110 831 3165 Galat.
877 3127 912 3163 ii
965 3126 1100 3163 usus
1153 3116 1237 3164 ost
1276 3110 1346 3164 ad
1390 3111 1854 3164 contundendam
1887 3127 1980 3164 su-

281 3199 537 3272 perbiam
567 3215 765 3252 eorum
799 3198 895 3270 qui
927 3197 1188 3253 dicebant
1219 3199 1402 3268 legem
1433 3215 1596 3268 posse
1628 3200 1939 3269 justiticare
1965 3216 1978 3265 ;

281 3285 474 3356 arguit
506 3286 769 3352 breviter,
827 3287 921 3340 sed
967 3287 1347 3341 solidissime:
1403 3287 1465 3343 Si
1493 3289 1632 3341 enim
1671 3303 1768 3356 per
1815 3289 1980 3356 legem

271 3375 518 3445 justitia.
551 3391 678 3444 ergo
701 3378 878 3442 gratis
910 3377 1156 3432 Christus
1186 3381 1426 3430 mortuus
1469 3382 1562 3430 est.
1600 3376 1774 3446 Cujus
1805 3392 1977 3446 argu-

281 3464 464 3518 menti
492 3465 576 3518 vis
605 3469 722 3518 tota
775 3463 835 3518 in
889 3465 997 3518 hoc
1041 3464 1296 3518 consistit
1327 3465 1478 3535 quod
1509 3465 1555 3518 si
1589 3464 1674 3518 lex
1707 3465 1825 3518 sola
1855 3465 1979 3518 suf-

280 3551 507 3607 ﬁciebat
533 3554 601 3606 ad
634 3554 742 3606 hoc
773 3557 836 3606 ut
890 3553 1152 3606 homines
1198 3552 1551 3607 observando
1604 3559 1887 3623 pra'cepta
1919 3569 1976 3608 se

279 3639 611 3694 innocentes
635 3647 1060 3707 conservarent,
1094 3641 1348 3697 Christus
1375 3642 1554 3712 gratis
1594 3658 1790 3713 passus
1833 3641 1978 3695 dice-

279 3735 462 3785 retur.
502 3729 616 3784 Cur
638 3730 793 3783 enim
839 3729 992 3784 venit
1031 3731 1090 3784 in
1143 3731 1445 3795 mundum,
1491 3746 1555 3785 ac
1585 3735 1666 3784 tot
1696 3736 1981 3784 tormenta

279 3816 478 3884 subiit,
509 3815 557 3869 si
579 3815 819 3888 aliunde
849 3833 913 3870 ex
955 3818 1093 3887 legis
1120 3817 1378 3871 doctrina
1412 3817 1671 3871 homines
1714 3821 1980 3888 poterant

278 3921 337 3958 se
361 3907 550 3975 jiistos
575 3887 799 3960 servare
823 3907 852 3959 ?
874 3907 997 3959 Jam
1030 3922 1163 3959 vero
1194 3907 1452 3960 eamdem
1502 3907 1616 3960 vim
1649 3907 1818 3960 habet
1846 3922 1979 3975 apo-

277 3994 404 4048 stoli
438 3993 794 4048 ratiocinatio
823 4001 1017 4048 contra
1049 3996 1287 4066 gratiam
1330 3995 1744 4050 suflicientem:
1777 3995 1832 4050 Si
1878 4012 1979 4066 per

278 4082 460 4153 legem
494 4088 550 4136 et
577 4084 821 4154 gratiam
851 4084 1226 4138 sufﬁcientem
1261 4089 1486 4155 poterat
1521 4085 1694 4138 homo
1739 4083 1977 4155 implere

278 4173 455 4224 totam
486 4172 693 4242 legem,
747 4187 885 4242 ergo
917 4172 1171 4226 Christus
1199 4172 1376 4243 gratis
1405 4179 1668 4226 mortuus
1699 4177 1795 4225 est.
1839 4173 1976 4226 Res-

2099 487 2276 542 quare
2307 477 2567 528 mortuus
2593 475 2664 528 sit
2694 475 2972 543 Christus,
3023 476 3068 531 si
3111 485 3315 531 natura
3363 477 3449 530 vel
3497 478 3585 530 lex
3628 476 3810 530 efficit

2094 559 2298 630 justos,
2359 561 2733 631 respondetis,
2787 569 2852 618 ut
2898 565 3085 636 ipsum
3136 566 3358 632 facilius
3398 563 3580 628 fieret,
3638 561 3810 634 quasi

2098 654 2307 718 posset,
2339 650 2598 719 quamvis
2628 650 2936 722 difﬁcilius,
2975 653 3098 706 fieri
3129 658 3320 707 tamen
3363 652 3479 706 sive
3510 667 3611 723 per
3643 657 3814 705 natu-

2097 751 2240 796 ram.
2275 736 2508 806 siveper
2539 738 2741 807 legem.
2773 739 3016 809 (Poteris
3038 738 3395 805 addere,sive
3426 755 3529 809 per
3558 738 3811 809 gratiam

2098 824 2476 878 sufficientem
2495 841 2810 879 counexam
2833 827 3158 881 necessario
3172 843 3300 882 cum
3326 827 3448 898 lege
3469 826 3811 898 obligante.)

2097 912 2337 980 Christe,
2371 915 2672 985 responde,
2700 916 2861 970 vince
2901 921 3071 987 atque
3097 916 3389 982 convince,
3437 915 3656 969 clama:
3709 914 3812 969 Si-

2096 1017 2163 1055 ne
2189 1018 2272 1056 me
2304 1003 2447 1057 nihil
2458 1009 2684 1073 potestis
2708 1006 2888 1071 facere
2919 1005 3106 1076 (Joan.
3135 1022 3224 1072 xv,
3257 1007 3336 1073 5),
3386 1009 3445 1058 ut
3486 1007 3708 1059 taceant
3747 1003 3813 1057 hi

2097 1090 2196 1162 qui
2227 1091 2517 1146 clamant:
2557 1092 2666 1146 Etsi
2701 1094 3014 1164 difﬁcilius,
3045 1100 3239 1149 tamen
3271 1110 3576 1166 possumus
3605 1097 3662 1147 et
3681 1092 3814 1146 sine

2095 1183 2150 1233 te
2192 1179 2416 1246 facere;
2464 1187 2563 1236 aut
2612 1183 2659 1237 si
2716 1189 2903 1239 tacere
2963 1202 3079 1240 non
3130 1189 3391 1256 possunt,
3439 1199 3498 1237 se
3557 1183 3712 1253 ipsos
3746 1181 3811 1236 in

2094 1267 2344 1322 latebras
2400 1271 2620 1342 aliquas
2669 1273 2900 1342 ducant,
2953 1279 3018 1328 ut
3077 1275 3220 1328 alios
3268 1289 3383 1328 non
3442 1272 3735 1327 seducant.
3779 1290 3809 1322 ii

2098 1355 2250 1408 Hanc
2303 1366 2558 1413 nostram
2616 1362 2959 1416 sententiam
3005 1362 3228 1416 erudite
3281 1360 3524 1416 Basilius
3556 1359 3812 1413 Poncius

2096 1442 2347 1498 defendit
2372 1452 2554 1516 parte.
2591 1464 2607 1500 ι
2642 1449 2853 1504 Relect.
2889 1449 2959 1504 de
2990 1455 3117 1520 grat
3145 1491 3159 1516 ,
3212 1467 3334 1521 cap.
3375 1451 3459 1512 lli,
3510 1449 3604 1502 ubi
3627 1464 3809 1518 argu-

2097 1539 2293 1585 menta
2313 1534 2479 1587 solvit
2511 1533 2740 1599 Suarez,
2782 1541 2837 1590 et
2864 1537 3137 1607 Vasqnez,
3170 1536 3266 1607 qui
3301 1537 3548 1606 ingenue
3589 1535 3815 1590 fatetur

2104 1621 2194 1672 l-2
2225 1619 2370 1690 disp.
2406 1624 2529 1687 l39,
2559 1639 2682 1693 cap.
2710 1625 2764 1689 4,
2789 1639 2956 1678 num.
2999 1627 3087 1690 36,
3121 1625 3504 1696 Augustinum
3534 1621 3712 1676 fuisse
3747 1623 3809 1676 in

2097 1706 2344 1777 hacipsa
2375 1711 2657 1763 sententia
2683 1728 2855 1782 quam
2890 1713 3148 1783 exposui.

2171 1796 2276 1849 Lex
2308 1795 2486 1866 igitur
2516 1814 2579 1851 ex
2634 1802 2951 1867 Augustino
3002 1799 3222 1854 homini
3279 1799 3409 1853 data
3439 1802 3543 1866 est,
3589 1813 3707 1850 non
3743 1802 3816 1851 ut

2096 1897 2225 1936 cum
2264 1885 2447 1953 gratia
2486 1885 2798 1941 sutficienti
2827 1904 3016 1941 secum
3050 1890 3368 1942 necessario
3416 1901 3674 1939 connexa
3704 1883 3816 1937 ho-

2096 1970 2281 2023 mines
2303 1973 2661 2042 agendorum
2687 1977 3014 2045 cognitione
3043 1977 3347 2030 instructos
3367 1975 3433 2028 ad
3459 1989 3632 2044 opera
3659 1987 3817 2043 prm-

2095 2065 2259 2129 cepta
2285 2061 2577 2132 implenda
2603 2064 2848 2134 juvaret,
2893 2066 2986 2120 sed
3017 2065 3089 2119 ob
3124 2067 3228 2119 hoc
3253 2066 3383 2118 data
3413 2071 3496 2116 est
3531 2069 3591 2116 ut
3625 2062 3816 2116 homo

2095 2155 2330 2203 conatus
2387 2152 2569 2206 facere
2621 2169 2750 2223 quae
2801 2159 3085 2225 praecepta
3129 2158 3311 2218 erant,
3342 2159 3398 2206 et
3427 2167 3668 2205 cernens
3702 2167 3818 2221 per

2095 2242 2277 2289 semet
2310 2237 2404 2291 illa
2451 2240 2682 2310 exsequi
2732 2257 2845 2294 non
2897 2258 3084 2312 posse,
3138 2243 3336 2312 gratia!
3379 2239 3656 2294 auxilium
3693 2241 3813 2293 im-

2093 2326 2368 2393 ploraret.
2414 2327 2541 2380 Haec
2596 2329 2791 2382 scribit
2821 2329 2891 2383 ad
2943 2331 3304 2383 Anastasinm
3364 2327 3602 2398 epistola
3657 2329 3808 2382 Hie:

2099 2432 2120 2459 ι
2159 2413 2262 2464 Lex
2297 2411 2488 2483 itaque
2518 2415 2772 2469 docendo
2820 2422 2875 2470 et
2932 2417 3188 2488 jubendo
3247 2417 3400 2488 quod
3453 2416 3574 2470 sine
3612 2415 3814 2485 gratia

2093 2497 2322 2568 impleri
2350 2518 2460 2555 non
2515 2508 2719 2573 potest,
2763 2503 2983 2559 homini
3033 2506 3384 2559 demonstrat
3428 2521 3587 2558 suam
3640 2505 3812 2558 infir-

2093 2593 2373 2654 mitatem,
2419 2595 2480 2642 ut
2513 2597 2733 2659 quaerat
2774 2592 3155 2647 demonstrata
3197 2594 3502 2648 infirmitas
3539 2593 3808 2646 Salvato-

2094 2692 2237 2742 rem,
2269 2693 2302 2730 a
2333 2693 2446 2749 quo
2476 2685 2672 2733 sanata
2706 2681 2967 2735 voluntas
2991 2683 3193 2752 possit,
3225 2683 3374 2752 quod
3406 2681 3634 2734 inﬁrma
3676 2696 3808 2734 non

2091 2771 2298 2835 posset.
2341 2787 2362 2814 ι
2407 2767 2558 2820 Idem
2597 2768 2832 2824 tradunt
2874 2769 3176 2840 Augustini
3229 2769 3514 2839 discipuli,
3549 2768 3806 2838 Fulgen-

2091 2853 2358 2918 tius,'|ib.
2391 2871 2426 2908 ιι
2458 2855 2526 2909 de
2559 2857 2732 2911 Verit.
2787 2859 3072 2928 praedest.,
3124 2874 3250 2929 cap.
3282 2859 3315 2912 4
3348 2873 3362 2911 :
3397 2877 3424 2907 ιι
3461 2858 3599 2910 Dum
3633 2872 3807 2922 erit“,

2092 2941 2189 2998 ait.
2228 2942 2562 3013 praecipitur
2591 2943 2754 2997 nobis
2784 2951 2848 2998 ut
2879 2945 3144 3011 velimus,
3171 2945 3493 2999 Ostenditur
3524 2943 3664 3013 quid
3700 2942 3810 2996 ha-

2091 3027 2226 3081 bere
2255 3029 2584 3084 debeamus.
2636 3030 2744 3085 Sed
2800 3033 2936 3102 quia
2994 3032 3051 3086 id
3101 3049 3168 3086 ex
3222 3032 3388 3086 nobis
3435 3031 3648 3086 habere
3679 3046 3809 3084 non

2089 3132 2414 3184 possumus.
2449 3120 2828 3175 admonemur
2859 3127 2924 3175 ut
2979 3138 3010 3176 a
3058 3138 3172 3192 quo
3223 3121 3390 3175 nobis
3431 3120 3598 3174 datur
3646 3135 3809 3188 prm—

2089 3213 2342 3275 ceptum,
2372 3207 2444 3261 ab
2492 3208 2616 3278 ipso
2669 3217 2932 3279 petamus
2961 3209 3256 3263 auxilium.
3294 3229 3322 3260 ii
3357 3210 3423 3263 Et
3452 3210 3695 3278 Prosper
3735 3207 3807 3262 in

2090 3295 2336 3364 epistola
2370 3297 2440 3350 ad
2474 3297 2890 3350 Demetriadem
2921 3312 2936 3350 :
2968 3316 2995 3348 α
3031 3297 3142 3350 Nec
3197 3297 3271 3350 ob
3321 3295 3476 3350 aliud
3531 3310 3805 3364 unquam

2089 3383 2257 3438 datur
2287 3390 2658 3455 praeceptum,
2714 3383 2823 3438 nisi
2851 3389 2912 3438 ut
2938 3391 3231 3456 qiimratur
3285 3384 3667 3456 prmcipientis
3698 3400 3806 3437 au-

2086 3472 2307 3526 xilium.
2348 3495 2367 3518 n
2402 3472 2580 3541 Igitur
2623 3473 2711 3526 lex
2769 3489 2888 3526 non
2918 3473 3092 3526 infert
3120 3473 3436 3543 potentiam
3471 3471 3800 3543 proximam

2086 3559 2394 3612 voluntatis
2442 3559 2685 3613 faciendi
2731 3560 2888 3631 quod
2936 3561 3190 3630 jubetur,
3224 3567 3280 3616 et
3325 3578 3388 3615 ex
3419 3561 3804 3631 consequenti

2087 3662 2200 3700 non
2231 3646 2400 3701 habet
2424 3662 2704 3701 annexam
2739 3649 2980 3718 gratiam
3024 3649 3282 3719 proxime.
3309 3649 3684 3703 sufﬁcientem
3719 3650 3801 3703 ad

2086 3737 2410 3792 faciendum
2444 3753 2587 3808 Opus
2616 3737 2981 3808 imperatum.
3018 3739 3372 3809 Augustinus
3404 3755 3466 3793 ex
3499 3740 3802 3808 Apostolo,

2087 3825 2266 3880 Galat.
2298 3841 2379 3892 ιιι,
2407 3831 2568 3878 vocat
2596 3826 2780 3895 legem
2807 3827 3187 3894 pedagogum,
3227 3826 3364 3897 quia
3395 3826 3481 3880 lex
3512 3825 3669 3880 ducit
3719 3828 3800 3879 ad

2087 3914 2357 3983 gratiam.
2401 3915 2646 3984 Legatur
2664 3929 2853 3968 sermo
2886 3918 2948 3968 13
2981 3915 3050 3968 de
3082 3915 3277 3968 Verbis
3307 3914 3580 3984 Apostoli.
3615 3913 3800 3984 Egre-

2088 4001 2180 4072 gie
2210 4002 2272 4054 in
2303 4000 2399 4055 lib.
2435 4001 2504 4056 de
2537 4001 2752 4071 Spiritu
2778 4006 2835 4055 et
2864 4003 3070 4065 littera,
3106 4017 3208 4071 cap
3281 4003 3343 4055 19
3374 4018 3387 4055 :
3423 4022 3449 4049 α
3488 4001 3595 4054 Lex
3650 4016 3804 4070 ergo

2087 4089 2216 4144 data
2263 4095 2365 4153 est,
2400 4095 2464 4144 ut
2518 4089 2704 4160 gratia
2751 4100 3141 4160 quaereretur:
3172 4090 3356 4160 gratia
3399 4089 3529 4144 data
3580 4092 3685 4150 est,
3729 4094 3802 4140 ut

2087 4176 2175 4230 lex
2208 4176 2565 4247 impleretur.
2592 4177 2785 4246 Neque
2814 4175 2970 4230 enim
3001 4192 3103 4230 suo
3135 4177 3270 4230 vitio
3303 4192 3415 4229 non
3443 4175 3802 4245 implebatur

279 4261 617 4332 pondebiint
665 4261 955 4317 Christum
997 4263 1216 4317 venisse
1267 4269 1328 4317 ut
1356 4261 1765 4317 abundantiori
1796 4263 1980 4332 gratia
2008 4259 2050 4312 D
2091 4263 2196 4328 lex,
2219 4265 2314 4317 sed
2341 4263 2476 4316 vitio
2507 4263 2832 4332 prudentia.
2878 4263 3086 4317 carnis.
3122 4263 3284 4328 Quod
3324 4263 3526 4318 vitium
3581 4278 3683 4332 per
3716 4263 3799 4315 le—

275 4349 530 4404 huniaiia
569 4355 773 4403 natura
804 4350 1117 4405 fulciretiir.
1165 4351 1479 4404 instamus:
1516 4349 1697 4420 igitur
1725 4350 1980 4404 Christus

282 4446 544 4492 mortuus
593 4443 678 4490 est
721 4443 784 4491 ut
815 4439 1037 4492 facilius
1075 4455 1368 4508 possemus
1401 4437 1641 4507 implere
1697 4438 1880 4507 legem
1912 4454 1981 4493 ex

283 4523 451 4580 donis
478 4524 660 4595 ipsius
689 4527 911 4596 gratim,
937 4542 1108 4596 quam
1133 4533 1346 4590 tamen,
1377 4527 1506 4579 licet
1534 4526 1844 4587 difﬁcilius.
1877 4528 1980 4581 im-

277 4614 436 4687 plere
501 4618 828 4684 poteramus
883 4631 986 4684 per
1038 4615 1282 4684 gratiam
1366 4614 1742 4668 sufficientem
1807 4615 1979 4670 etiam

276 4703 491 4773 absque
520 4701 696 4772 ipsius
730 4702 1123 4772 Redemptoris
1147 4709 1345 4757 morte.
1379 4704 1459 4758 Ad
1489 4704 1594 4758 hoc
1623 4704 1857 4758 verbum
1886 4707 1978 4771 fa-

276 4793 435 4848 cilius
465 4789 638 4844 veliiti
668 4791 734 4844 ad
770 4807 986 4845 sacram
1035 4792 1341 4846 anchoram
1383 4792 1442 4846 in
1491 4799 1822 4863 tempestate
1849 4809 1981 4846 con-

275 4881 578 4953 fugiebant
609 4881 922 4951 Pelagiani,
954 4896 1099 4950 quos
1130 4881 1216 4934 his
1259 4883 1613 4951 Augustinus
1661 4886 1980 4934 exsecratus

276 4977 361 5027 est
383 4969 461 5024 lib
508 4983 544 5021 ii
568 4966 767 5038 Operis
789 4967 1042 5037 imperf,
1064 4985 1187 5036 cap.
1217 4969 1338 5036 l98,
1363 4967 1480 5032 ubi,
1506 4966 1755 5021 recitatis
1776 4967 1977 5020 iisdem

273 5057 460 5114 verbis
506 5056 687 5123 Pauli,
720 5055 798 5110 ait
830 5071 844 5109 :
880 5075 906 5106 α
939 5055 1194 5126 Apostoli
1229 5061 1313 5110 est
1343 5071 1445 5110 vox
1479 5055 1607 5121 ista,
1663 5071 1775 5108 non
1812 5071 1975 5122 mea;

271 5149 387 5218 jam
410 5146 692 5215 erumpite
722 5145 778 5199 in
803 5151 1088 5216 apertum,
1122 5145 1338 5199 inimici
1368 5145 1550 5198 crucis
1577 5143 1806 5209 Christi,
1839 5143 1977 5212 quid

274 5235 487 5290 timetis
510 5251 782 5305 magnum
815 5235 1092 5305 populum
1126 5233 1434 5298 Cliristi,’et
1463 5233 1670 5289 Christi
1701 5248 1976 5302 magnum

267 5320 551 5392 judicium
578 5337 690 5374 non
725 5321 980 5375 timetis?
1003 5327 1209 5390 Aperte
1241 5321 1444 5375 dicite:
1478 5322 1783 5376 Justilicari
1819 5325 1978 5375 natu-

275 5423 358 5474 ra,
378 5407 678 5478 justilicari
711 5410 832 5480 lege
863 5425 1186 5480 possumus,
1215 5411 1392 5479 gratis
1424 5416 1682 5464 mortuus
1710 5415 1794 5463 est
1825 5409 1978 5464 Chri-

277 5499 414 5550 stus.
463 5494 592 5562 Sed,
659 5496 1034 5553 formidantes
1093 5496 1520 5554 multitudinem
1571 5497 1974 5565 Christianam,

2089 4367 2219 4422 gem
2249 4351 2895 4421 demonstrandum,per
2926 4351 3170 4421 gratiam
3223 4352 3538 4404 sanandum
3595 4348 3723 4404 fuit.
3760 4368 3794 4399 ι)

2089 4439 2281 4509 Pergit
2311 4438 2548 4492 ulterius
2573 4445 2798 4492 sanctus
2823 4439 3042 4505 doctor,
3075 4439 3324 4493 scribens
3356 4441 3538 4508 legem
3583 4437 3798 4506 jubere

2087 4527 2364 4590 facienda,
2399 4525 2570 4579 fidem
2603 4541 2736 4578 vero
2790 4525 3098 4596 impetrare
3129 4526 3478 4595 adjutorium
3510 4525 3578 4578 ad
3613 4524 3800 4594 impe-

2087 4621 2208 4668 rata
2239 4613 2592 4682 exequenda.
2645 4613 2787 4665 Hinc
2829 4614 3048 4668 celebre
3099 4616 3279 4669 evasit
3331 4615 3474 4668 illud
3526 4612 3794 4682 ejusdem

2088 4700 2339 4755 dictum:
2370 4700 2524 4754 Fides
2556 4703 2812 4770 impetrat
2865 4702 3010 4770 quod
3057 4703 3144 4757 lea:
3188 4706 3442 4771 imperat.
3492 4703 3661 4772 Epist.
3698 4703 3795 4768 89,

2086 4805 2140 4860 q.
2177 4792 2230 4854 2,
2266 4789 2340 4842 lib
2397 4789 2466 4841 de
2504 4788 2716 4859 Spiritu
2771 4794 2827 4843 et
2854 4792 3059 4853 littera,
3091 4809 3209 4862 cap.
3247 4794 3338 4857 29,
3391 4796 3446 4845 et
3476 4789 3629 4844 alibi.
3673 4793 3793 4843 Au-

2087 4875 2330 4930 diendus
2361 4881 2448 4928 est
2475 4891 2604 4945 cap.
2647 4878 2709 4930 l3
2747 4876 2879 4930 libri
2923 4879 3181 4947 proxime
3212 4879 3428 4932 laudati
3463 4893 3478 4932 :
3515 4899 3541 4925 α
3570 4879 3649 4930 Ac
3689 4891 3798 4946 per

2085 4967 2217 5034 hoc,
2248 4966 2458 5036 inquit,
2496 4967 2617 5037 lege
2669 4983 2908 5038 operum
2967 4967 3105 5022 dicit
3135 4969 3314 5022 Deus:
3378 4967 3483 5020 Fac
3527 4965 3676 5036 quod
3702 4966 3797 5035 ju-

2084 5055 2226 5110 beo:
2286 5057 2410 5126 lege
2469 5056 2602 5110 ﬁdei
2652 5057 2860 5112 dicitur
2899 5059 3052 5111 Deo:
3088 5058 3167 5112 Da
3220 5057 3372 5128 quod
3410 5055 3595 5125 jiibes.
3655 5055 3793 5109 ldeo

2086 5144 2242 5198 enim
2268 5145 2435 5215 jubet
2466 5146 2551 5199 lex
2585 5151 2648 5198 ut
2678 5144 2981 5200 admoneat
3009 5145 3146 5217 quid
3180 5147 3344 5200 faciat
3376 5146 3536 5209 lides,
3579 5143 3634 5197 id
3687 5148 3792 5209 est,

2088 5239 2150 5287 ut
2180 5233 2270 5285 cui
2308 5231 2546 5301 jubetur
2574 5233 2622 5285 si
2665 5233 2923 5286 nondum
2979 5238 3186 5302 potest,
3237 5231 3373 5285 sciat
3426 5231 3564 5302 quid
3600 5235 3789 5300 petat;

2083 5320 2130 5375 si
2160 5327 2352 5375 autem
2381 5320 2656 5374 continuo
2706 5326 2916 5391 potest,
2965 5324 3020 5374 et
3073 5320 3406 5375 obedienter
3438 5320 3589 5383 facit,
3623 5319 3794 5373 debet

2085 5411 2259 5464 etiam
2310 5409 2452 5463 scire
2507 5425 2624 5479 quo
2675 5410 2923 5464 donante
2979 5409 3133 5464 facit.
3170 5429 3198 5460 ii
3255 5410 3329 5463 Ex
3361 5409 3567 5478 quibus
3633 5411 3792 5479 patet

2085 5499 2431 5571 quandoque
2463 5497 2739 5554 auxilium
2769 5498 3028 5570 proxime
3054 5497 3342 5552 sufficiens
3369 5501 3576 5568 praesto
3625 5513 3792 5564 esse;
