3946 6176
106 235 213 285 6T7

1441 234 1771 292 VINDICUE
1809 235 1942 293 AUC
1952 236 2357 292 USTINIANIE.

3535 248 3638 301 678

103 354 313 426 inquit
340 355 518 420 enim,
547 358 598 410 si
625 361 802 411 autem
827 373 1097 413 commeo
1139 362 1333 429 potest.
1384 359 1530 414 Illud
1577 375 1707 414 vero
1757 376 1822 415 ex
1854 366 1896 419 A
1936 375 2068 414 cum
2115 365 2309 414 tamen
2355 361 2444 414 lex
2501 360 2755 414 subditos
2783 376 2816 413 a
2860 359 3198 416 criminibus
3241 370 3446 419 arceat.
3486 367 3636 425 Dixit

102 446 443 517 Augustino
489 453 708 500 certum
767 455 873 513 est,
924 463 1108 519 neque
1156 449 1326 502 fidem
1379 465 1544 519 posse
1595 466 1823 505 movere

102 533 417 589 hominem
450 535 518 588 ad
554 536 868 606 petendum
902 537 1163 591 divinum
1197 538 1499 602 auxilium,
1530 539 1598 594 ad
1630 540 1732 594 hoc
1765 543 1826 594 ut

101 624 560 694 pOssitimplere
595 634 896 696 praecepta,
947 627 1053 679 nisi
1097 628 1240 680 Deus
1289 628 1554 682 infundat
1577 630 1824 698 gratiam

104 717 420 778 actualem,
453 729 568 784 qua
605 713 777 768 homo
829 723 1127 769 moveatur
1177 716 1246 769 ad
1281 717 1582 772 orandum.
1639 717 1824 773 Semi-

105 802 564 871 Pelagianornm
599 819 761 856 error
796 804 902 858 fuit
947 820 1110 875 posse
1168 805 1462 860 hominem
1519 812 1714 876 petere
1771 809 1827 860 et

105 890 445 945 desiderare
475 891 592 945 suis
637 893 850 946 viribus
891 893 1154 963 gratiam,
1189 910 1362 964 quem
1421 895 1712 949 damnavit
1759 912 1827 950 ex

100 980 433 1048 Augustino
490 981 740 1050 synodus
792 983 1158 1048 Arausicana,
1215 988 1534 1050 canoneb‘;
1600 985 1818 1038 etenim

103 1069 243 1123 licet
276 1070 407 1140 quis
434 1069 506 1124 sit
536 1071 742 1140 fidelis,
779 1088 897 1125 non
932 1073 1106 1127 habet
1133 1073 1191 1126 in
1244 1073 1486 1144 singulis
1518 1074 1826 1128 momentis

104 1174 366 1228 praesens
422 1158 680 1214 divinum
754 1161 1031 1214 auxilium
1090 1161 1343 1232 proxime
1398 1162 1692 1216 sufficiens
1749 1162 1822 1216 ad

107 1246 422 1300 orandum.
450 1247 558 1300 Hoc
598 1248 808 1318 passim
840 1247 896 1301 in
929 1251 1248 1318 Augustino
1283 1249 1542 1304 habetur.
1604 1250 1720 1304 Lib.
1755 1250 1825 1305 de

111 1333 283 1388 Dono
313 1350 552 1405 persev.,
585 1352 706 1406 cap.
740 1340 828 1405 32,
854 1336 946 1390 de
978 1337 1479 1407 Serui-Pelagianis
1508 1337 1620 1391 ait:
1661 1360 1682 1386 ε
1714 1339 1825 1392 Nec

108 1423 321 1476 volunt
359 1423 698 1492 intelligere,
727 1424 900 1478 etiam
933 1425 1037 1478 hoc
1066 1424 1246 1478 divini
1282 1426 1536 1478 muneris
1585 1443 1728 1492 esse,
1764 1430 1827 1480 ut

113 1524 375 1572 Oremus,
406 1510 509 1564 huc
545 1520 647 1576 est,
709 1518 986 1580 petamus,
1051 1528 1379 1583 quaeramus
1425 1520 1594 1584 atque
1628 1516 1819 1585 pulse-

113 1614 254 1652 mus
289 1615 304 1652 :
335 1602 652 1668 Accipimus
679 1603 819 1654 enim
846 1603 1105 1670 spiritum
1155 1602 1467 1671 adeptionis
1493 1605 1549 1657 in
1581 1619 1684 1672 quo
1706 1605 1820 1657 cla-

112 1703 334 1743 mamus
363 1689 520 1742 Abba
548 1691 708 1743 Pater
740 1692 909 1759 (Rom.
944 1693 1078 1758 vm),
1112 1697 1217 1744 etc.
1254 1712 1280 1742 ››
1316 1692 1467 1746 ldem
1501 1692 1671 1746 habet
1700 1693 1823 1763 epi-

115 1778 273 1832 stola
311 1780 424 1842 105,
486 1779 584 1832 lib.
629 1779 698 1832 de
752 1783 1007 1848 Corrept.
1066 1785 1122 1833 et
1168 1785 1337 1850 grat.,
1368 1796 1490 1850 cap.
1534 1785 1598 1846 l;
1653 1782 1819 1850 epist.

119 1870 252 1927 ii‘l,
301 1883 420 1936 cap.
484 1871 568 1921 15.
629 1868 688 1922 1n
749 1868 938 1922 lihror
993 1874 1192 1938 quaest.
1248 1869 1317 1922 ad
1365 1869 1821 1940 Simplicianum,

115 1971 182 2026 q.
215 1957 267 2020 '2,
304 1955 434 2009 inde
464 1955 668 2025 probat
711 1956 1029 2010 orationem
1079 1957 1378 2023 fervidam,
1412 1975 1524 2028 qua
1557 1958 1826 2028 impetra-

115 2060 275 2110 mus,
307 2061 425 2098 esse
455 2062 487 2098 a
523 2048 674 2099 Deo:
741 2066 768 2096 α
806 2048 1001 2100 Nonne
1058 2047 1388 2118 aliquando,
1430 2049 1640 2118 inquit,
1697 2047 1826 2119 ipsa

118 2141 323 2186 nostra
353 2135 533 2187 oratio
563 2134 641 2188 sic
672 2134 868 2203 tepida
891 2140 992 2197 est,
1012 2137 1096 2188 vel
1126 2136 1313 2204 potius
1336 2136 1561 2206 frigida,
1595 2141 1651 2190 et
1682 2153 1825 2208 pene

116 2221 306 2280 nulla,
343 2220 458 2274 imo
490 2223 724 2276 omnino
759 2223 1046 2278 interdum
1079 2223 1157 2278 ita
1190 2227 1365 2289 nulla,
1409 2231 1470 2278 ut
1501 2241 1684 2296 neque
1720 2227 1827 2280 hoc

117 2307 184 2361 in
246 2308 407 2362 nobis
457 2327 585 2363 cum
637 2314 832 2365 dolore
893 2311 1272 2377 advertamus,
1327 2312 1462 2383 quia
1516 2314 1562 2367 si
1603 2315 1686 2367 vel
1720 2317 1826 2367 hoc

117 2394 406 2458 dolemus,
435 2399 556 2468 jam
589 2401 866 2453 oramus?
900 2419 924 2451 ν
963 2402 1034 2454 Ex
1069 2401 1156 2454 his
1204 2403 1492 2472 colligitur
1539 2403 1826 2472 quomodo

119 2483 387 2538 inlideles
431 2493 659 2556 peccent
711 2504 830 2540 non
887 2489 1242 2541 observando
1302 2490 1507 2560 legem,
1563 2491 1824 2561 quando-

121 2573 362 2643 quidem
392 2576 513 2628 sine
546 2577 656 2629 tide
714 2583 949 2630 manent
1001 2582 1224 2630 tantum
1281 2579 1384 2632 sub
1441 2579 1568 2649 lege
1621 2578 1826 2650 praeci-

124 2665 341 2732 piente,
398 2681 514 2718 non
570 2666 674 2718 sub
722 2666 907 2736 gratia
965 2666 1228 2735 proxime
1279 2667 1619 2736 adjuvante;
1679 2668 1826 2721 unde

122 2768 303 2820 Opera
332 2770 458 2824 quae
491 2754 594 2823 ipsi
629 2755 842 2808 faciunt
864 2771 1090 2825 semper
1118 2761 1252 2808 sunt
1280 2763 1529 2824 peccata,
1564 2755 1674 2809 nisi
1722 2756 1823 2810 ubi

119 2841 435 2911 aliquando
470 2846 616 2897 Deus
646 2845 923 2914 quosdam
957 2846 1136 2898 honos
1172 2851 1329 2897 actus
1376 2845 1516 2914 ipsis
1568 2845 1826 2898 nescien-

1856 1664 1894 1717 Β

1936 449 1957 503 Ι
1990 451 2117 504 Cor.
2149 465 2255 504 xv:
2306 450 2492 504 Virtus
2534 465 2657 503 vero
2685 451 2892 519 peccati
2924 449 3031 515 tem,
3081 466 3210 504 cum
3267 451 3348 505 lex
3403 450 3630 524 peccata

1935 538 2258 610 prohibeat.
2317 539 2424 592 Has
2457 544 2644 593 tamen
2678 538 2947 610 loquendi
2977 539 3252 594 formulas
3281 545 3633 613 Augustinus

1935 628 2069 681 locis
2100 626 2361 697 superius
2405 627 2646 681 laudatis
2675 627 2963 698 explicuit,
2997 628 3210 682 nihilve
3237 629 3466 685 absurdi
3495 650 3631 687 con-

1934 715 2118 770 tinere
2174 715 2524 769 monstravit.
2580 717 2643 769 In
2701 732 2768 769 eo
2824 723 3013 770 autem
3046 723 3271 770 sanctus
3315 719 3511 773 doctor
3543 737 3631 775 re-

1934 804 2308 877 prehenditur
2357 804 2508 876 quod
2558 803 2710 857 visus
2763 805 2835 857 sit
2862 821 3114 858 asserere
3167 806 3353 877 legem
3385 817 3632 865 veterem

1936 909 2058 947 reos
2087 892 2284 946 fecisse
2320 891 2580 945 homines
2607 892 2882 961 jubendo,
2929 909 3045 946 non
3095 894 3442 964 adjuVando;
3477 899 3632 969 quod

1934 997 2000 1035 ve
2027 997 2202 1053 opera
2251 981 2394 1034 facta
2452 980 2513 1034 in
2545 980 2668 1049 lege
2716 979 2888 1034 veteri
2921 987 3152 1050 peccata
3182 983 3343 1051 dixit,
3376 1001 3504 1040 cum
3532 988 3632 1042 Ju-

1933 1071 2038 1124 daei
2070 1069 2166 1122 illa
2199 1069 2436 1122 fecerint
2476 1068 2682 1122 timore
2715 1084 2919 1138 preme,
2954 1085 3070 1123 non
3120 1086 3313 1126 amore
3359 1074 3624 1144 justitiaa.

1930 1157 2112 1212 Judaei
2145 1157 2340 1212 habita
2371 1156 2494 1227 lege
2551 1173 2619 1210 eo
2671 1157 2954 1227 superbiae
3002 1158 3218 1229 delapsi
3250 1170 3403 1229 sunt,
3435 1177 3497 1218 ut
3524 1181 3628 1235 pu-

1933 1247 2110 1300 tarint
2140 1248 2317 1300 solam
2365 1247 2544 1316 legem
2577 1247 2645 1300 ad
2680 1246 2973 1301 hominem
2997 1247 3426 1317 justiticandum
3475 1255 3632 1309 suffi-

1933 1351 2079 1402 cere,
2113 1351 2299 1406 neque
2330 1334 2709 1388 necessariam
2743 1351 2864 1389 esse
2896 1336 2995 1390 Dei
3043 1337 3309 1406 gratiam,
3375 1340 3471 1393 sed
3508 1348 3634 1394 tan-

1932 1428 2054 1476 tum
2086 1423 2331 1477 liberum
2373 1421 2696 1476 arbitrium.
2761 1424 2857 1477 Hic
2898 1431 3092 1478 autem
3145 1442 3306 1479 error
3351 1433 3466 1480 tam
3523 1429 3632 1483 alte

1933 1528 2132 1566 eorum
2167 1512 2447 1566 mentibus
2470 1512 2776 1574 insidebat,
2813 1513 3149 1584 utplerique
3167 1513 3337 1568 etiam
3370 1517 3434 1569 ad
3461 1516 3631 1571 fidem

1933 1617 2001 1656 ex
2056 1602 2350 1656 Judaismo
2405 1601 2663 1655 conversi
2718 1601 2778 1655 in
2837 1602 3012 1656 veteri
3068 1619 3262 1656 errore
3292 1605 3634 1660 obstinatius

1932 1697 2314 1757 versarentur,
2348 1691 2498 1745 unde
2532 1692 2656 1744 illos
2691 1693 2998 1760 Apostolus
3048 1691 3237 1762 arguit
3281 1692 3340 1746 in
3386 1693 3635 1762 Epistola

1931 1781 2000 1833 ad
2029 1781 2272 1846 Galatas,
2306 1796 2427 1850 cap.
2462 1781 2514 1847 2,
2559 1788 2895 1849 argumento
2952 1784 3216 1849 superius
3268 1780 3539 1835 recitato:
3572 1783 3636 1838 Si

1931 1884 1998 1923 ea:
2025 1870 2134 1936 tege
2172 1869 2415 1938 justitia,
2460 1884 2583 1936 ergo
2614 1869 2859 1924 Christus
2909 1871 3083 1936 gratis
3131 1875 3372 1923 mortuus
3401 1875 3498 1924 est.
3534 1871 3631 1925 Te-

1932 1964 2113 2011 statur
2142 1957 2491 2028 Augustinus
2545 1958 2666 2010 hzec
2698 1959 2818 2027 ipsa
2845 1959 3052 2028 smpius
3080 1961 3417 2028 Apostolum
3450 1959 3630 2015 incul-

1931 2062 2084 2100 casse
2142 2051 2204 2100 ut
2258 2047 2595 2099 eorumdem
2651 2045 2976 2115 superbiam
3023 2047 3423 2100 contunderet.
3493 2048 3631 2102 «Ad

1933 2135 2037 2190 hic
2067 2135 2242 2199 ducit,
2295 2134 2488 2204 inquit
2540 2150 2710 2187 serm.
2768 2137 2830 2187 t3
2889 2133 2958 2188 de
3001 2133 3192 2188 Verbis
3242 2135 3519 2205 Apostoli.
3580 2140 3637 2191 et

1931 2224 2298 2278 commendat
2346 2223 2453 2276 ista
2506 2222 2811 2291 Apostolus
2876 2229 3109 2292 propter
3155 2223 3402 2288 Judeeos,
3435 2224 3534 2295 qui
3564 2225 3634 2278 de

1933 2313 2057 2383 legi
2081 2311 2496 2382 gloriabantur,
2528 2317 2582 2364 et
2610 2310 2788 2364 libero
2842 2328 2946 2364 suo
2978 2311 3211 2364 arbitrio
3245 2311 3427 2382 legem
3485 2313 3639 2368 sulti-

1934 2417 2060 2456 cere
2087 2400 2546 2465 arbitrabantur;
2579 2415 2642 2452 ac
2675 2416 2775 2470 per
2803 2399 2911 2453 hoc
2963 2399 3097 2470 quia
3128 2400 3306 2453 iibul'U
3337 2418 3439 2454 suo
3485 2402 3636 2456 arbi-

1934 2490 2043 2542 trio
2097 2491 2281 2558 legem
2334 2489 2592 2543 sufﬁcere
2654 2488 3097 2555 arbitrabantur,
3152 2487 3484 2558 ignorantes
3533 2491 3633 2545 Dei

1927 2576 2188 2646 justiam,
2223 2579 2275 2630 id
2309 2584 2412 2637 est,
2465 2593 2530 2630 ex
2585 2576 2698 2630 fide
2723 2577 3004 2647 justitiam
3038 2578 3227 2630 datam
3283 2595 3313 2630 a
3369 2579 3632 2649 Domino,

1935 2674 1991 2720 et
2019 2681 2182 2718 suam
2212 2666 2466 2718 Volentes
2509 2670 2775 2730 statuere,
2827 2663 2990 2735 quasi
3023 2664 3140 2716 suis
3173 2663 3387 2718 viribus
3429 2667 3633 2735 imple-

1933 2757 2074 2813 tam,
2109 2771 2220 2807 non
2273 2755 2442 2807 dante
2475 2754 2583 2806 fide
2636 2751 3023 2822 impetratam,
3048 2753 3283 2820 justitize
3317 2755 3436 2818 Dei,
3490 2755 3636 2810 sicut

1935 2842 2089 2908 dicit,
2122 2858 2227 2896 non
2257 2848 2383 2895 sunt
2410 2842 2652 2910 subjecti.
2683 2863 2705 2888 ι»
2743 2841 2806 2894 Et
2836 2841 2893 2893 in
2955 2841 3049 2894 lib.
3110 2842 3179 2894 de
3212 2842 3426 2910 Spiritu
3458 2849 3515 2896 et
3545 2844 3634 2898 lit-

119 2931 282 2983 tihns
331 2931 389 2986 in
441 2935 774 2986 eorumdem
834 2934 1220 2987 voluntatibus
1273 2939 1559 3003 Operatur.
1617 2933 1894 3019 Srribitc
1934 2935 2075 2998 tera,
2113 2947 2238 3001 cap.
2291 2933 2380 2988 29.
2415 2930 2530 2982 ait:
2592 2931 2820 2982 «Israel
2873 2946 3005 2983 vero
3063 2945 3410 3000 persequens
3448 2931 3632 3001 legem

119 3022 480 3090 Augustinus
513 3023 570 3075 in
601 3024 765 3091 epist.
823 3025 920 3077 lii
947 3039 960 3076 :
990 3044 1016 3071 ‹‹
1052 3026 1160 3077 Lex
1195 3023 1368 3093 igitur
1405 3023 1727 3076 adducit’ad
1759 3025 1824 3076 fi-

124 3107 284 3174 dem,
329 3112 466 3164 lides
518 3111 786 3182 impetrat
845 3112 1111 3182 spiritum
1172 3113 1497 3182 largiorem,
1556 3111 1828 3166 diffundit

123 3197 371 3269 Spiritus
400 3201 759 3267 charitatem,
793 3202 994 3271 implet
1039 3203 1286 3256 charitas
1318 3202 1521 3272 legem.
1577 3202 1708 3255 Ideo
1742 3202 1825 3254 lex

124 3290 474 3359 pthagogus
515 3299 767 3353 vocatur,
800 3292 902 3344 sub
957 3291 1117 3360 cujus
1177 3289 1561 3344 minacissima
1610 3290 1823 3344 severi-

123 3381 262 3444 tate,
295 3382 392 3448 qui
443 3381 770 3434 invocaverit
823 3395 1009 3434 nomen
1065 3381 1274 3433 Domini
1296 3379 1479 3433 sulcus
1509 3382 1632 3433 erit.
1691 3378 1826 3444 Quo-

129 3467 284 3522 modo
339 3474 515 3522 autem
563 3471 905 3536 invocabant,
985 3474 1042 3522 in
1104 3483 1262 3538 quem
1319 3484 1422 3522 non
1479 3467 1827 3522 crediderunt

132 3558 278 3625 (Rom
335 3559 447 3625 x)?
489 3558 702 3628 Itaque,
765 3574 892 3611 cum
944 3557 1204 3611 inlideles
1251 3557 1309 3611 in
1361 3559 1650 3612 Christum
1711 3573 1826 3612 non

131 3647 382 3712 credant,
444 3647 542 3701 Dei
600 3647 839 3718 gratiam
869 3648 937 3701 ad
983 3647 1332 3716 implendam
1384 3649 1564 3718 legem
1593 3652 1826 3700 natura-

128 3734 240 3789 lem
274 3752 389 3788 non
421 3743 660 3805 petunt;
692 3737 842 3789 unde
877 3752 978 3789 nec
1017 3737 1278 3790 eamdem
1327 3736 1647 3797 observant,
1692 3741 1750 3789 et
1779 3735 1826 3789 si

124 3841 259 3896 qum
289 3824 434 3878 bona
467 3825 650 3879 facere
702 3827 987 3887 videntur,
1022 3825 1116 3879 illa
1145 3842 1257 3880 non
1303 3825 1518 3879 faciunt
1567 3825 1734 3892 bene,
1766 3829 1828 3878 ut

122 3915 152 3982 §
186 3916 222 3968 4
254 3914 555 3983 probatum
585 3920 684 3970 est.
736 3915 849 3970 Cur
890 3931 1022 3968 vero
1075 3931 1194 3968 non
1239 3919 1601 3978 excusentur,
1657 3912 1827 3967 tradit

117 4002 482 4074 Augustinus
539 4003 595 4057 in
641 4003 734 4058 lib.
772 4004 839 4058 de
869 4003 1083 4074 Spiritu
1115 4009 1170 4058 et
1221 4003 1431 4068 littera,
1491 4018 1594 4072 cap
1650 4005 1739 4067 33,
1769 4007 1827 4056 et

120 4094 298 4161 epist.
337 4095 452 4156 l05,
484 4093 554 4147 ad
584 4093 823 4148 Sixtum.
874 4092 1140 4156 chmViS
1190 4091 1346 4146 enim
1377 4095 1608 4145 careant
1664 4089 1823 4143 auxi-

120 4180 203 4234 lio
237 4184 496 4250 proxime
547 4181 873 4248 sufficienti,
921 4181 1134 4236 habent
1189 4185 1382 4235 tamen
1428 4178 1636 4233 auxilia
1665 4194 1823 4250 quas-

1929 3019 2186 3090 justiliae,
2219 3019 2272 3072 in
2307 3021 2488 3088 legem
2513 3017 2749 3088 justitiaa
2783 3033 2895 3071 non
2929 3017 3201 3087 pervenit.
3237 3017 3469 3082 Quare?
3501 3019 3635 3080 quia

1935 3125 2041 3163 non
2069 3125 2136 3163 ea:
2165 3107 2294 3178 ﬁde,
2325 3107 2418 3162 sed
2442 3118 2703 3176 tanquam
2753 3123 2821 3160 ea:
2858 3106 3190 3176 operibus.id
3223 3114 3324 3172 est,
3359 3114 3634 3179 tanquam

1937 3214 2058 3253 eam
2093 3215 2194 3269 per
2218 3197 2556 3267 semetipsos
2587 3201 2911 3265 operantes,
2946 3211 3062 3248 non
3119 3193 3176 3248 in
3226 3212 3284 3248 se
3338 3196 3633 3250 credentes

1936 3287 2161 3357 Operari
2212 3288 2468 3346 Deum,»
2520 3286 2693 3339 Ρυιϊυ
2723 3300 2854 3338 cum
2911 3285 3062 3337 hunc
3092 3299 3344 3337 errorem
3398 3287 3633 3338 sorbue-

1935 3377 2053 3430 rint
2105 3383 2296 3447 postea
2355 3373 2664 3444 Pelagiani.
2699 3380 3015 3427 asserentes
3044 3372 3285 3443 gratiam
3321 3372 3418 3427 Dei
3452 3373 3508 3427 in
3542 3375 3636 3428 Ve-

1934 3465 2041 3520 teri
2074 3467 2432 3519 Testameuto
2465 3481 2576 3516 non
2609 3479 2730 3516 esse
2762 3462 2867 3516 nisi
2894 3464 3074 3533 legem
3137 3461 3310 3532 Maysi
3343 3463 3630 3532 traditam,

1935 3554 2178 3624 gratiam
2233 3569 2363 3606 vero
2423 3551 2560 3606 Novi
2609 3551 2959 3605 Testamemi
3008 3567 3129 3604 esse
3183 3551 3547 3623 Evangelinm
3579 3558 3635 3607 et

1935 3645 2257 3710 exemplum
2305 3640 2538 3707 Christi,
2587 3640 2959 3710 Augustinus,
2993 3646 3056 3693 ut
3087 3639 3320 3694 illorum
3379 3657 3632 3696 errorem

1934 3731 2274 3795 confutaret,
2307 3735 2468 3783 acute
2510 3729 2765 3798 probavit
2817 3729 2999 3799 legem
3032 3744 3064 3780 a
3097 3728 3282 3797 gratia
3310 3735 3630 3799 separatam

1936 3836 2065 3874 reos
2097 3821 2278 3874 facere
2312 3818 2570 3872 homines
2596 3817 2873 3887 jubendo.
2912 3833 3023 3869 non
3056 3817 3399 3885 adjuvando,
3446 3825 3510 3872 ut
3565 3835 3631 3873 ex

1931 3907 2530 3964 testimoniisaddnctis
2560 3911 2798 3959 constat.
2839 3905 3030 3976 Neque
3060 3904 3300 3972 iniurius
3332 3906 3439 3959 fuit
3471 3907 3582 3975 legi
3612 3924 3626 3974 ;

1934 4013 2051 4052 non
2081 3996 2232 4050 enim
2269 3997 2388 4048 haec
2437 3992 2697 4064 imposita
2730 3992 2837 4046 fuit
2883 4000 2948 4046 ut
2994 3991 3256 4046 homines
3302 4008 3360 4046 se
3393 3996 3513 4047 sola
3540 3998 3630 4065 ju-

1935 4091 2052 4140 stos
2084 4085 2311 4148 faceret,
2338 4083 2434 4137 sed
2478 4087 2537 4135 ut
2568 4081 2888 4134 ostenderet
2914 4080 3047 4150 quid
3087 4079 3405 4136 faciendum
3463 4090 3630 4152 esset,

1934 4180 1991 4231 et
2021 4190 2148 4229 cum
2206 4173 2379 4227 homo
2429 4189 2486 4226 se
2517 4169 2815 4240 przeceptis
2865 4169 3139 4223 faciendis
3179 4170 3456 4240 imparem
3512 4189 3632 4228 esse

123 4269 262 4325 dam
300 4279 535 4336 remota,
567 4273 718 4325 unde
751 4287 867 4352 non
916 4271 1215 4342 patiuntur
1269 4269 1697 4324 antecedentem
1731 4284 1830 4322 ne-
1855 4273 1896 4328 ι)
1934 4267 2321 4334 cognosceret,
2353 4260 2422 4316 ad
2455 4258 2736 4352 auxilium
2760 4260 2959 4352 gratias
2997 4258 3350 4352 confugeret,
3383 4262 3535 4332 quod
3564 4278 3630 4318 ex

119 4360 445 4414 cessitatem
480 4361 768 4431 peccandi,
806 4377 978 4431 quam
1037 4359 1166 4414 li:et
1197 4359 1512 4413 humanum
1544 4373 1725 4428 genus
1764 4375 1828 4414 ex

121 4452 362 4518 peccato
395 4448 564 4517 primi
597 4454 848 4519 parentis
895 4447 1215 4512 incurrerit,
1252 4444 1458 4502 Christi
1490 4453 1680 4500 tamen
1716 4447 1826 4500 Re-

122 4536 445 4604 demptoris
475 4538 751 4592 beneficio
784 4538 1004 4592 sublata
1052 4542 1157 4596 est,
1190 4541 1251 4590 ut
1278 4541 1437 4590 acute
1492 4535 1695 4606 probat
1725 4551 1828 4589 no-

124 4629 245 4678 ster
280 4624 519 4678 Poncius
550 4632 694 4696 part.
730 4642 746 4678 ι
779 4625 989 4679 Relect.
1024 4623 1094 4678 de
1127 4629 1295 4694 grat.,
1345 4639 1468 4692 cap.
1534 4625 1614 4676 l5.
1676 4621 1828 4676 Nihil

122 4713 310 4784 igitur
338 4719 688 4784 Augustinus
717 4713 911 4768 durius
941 4713 1034 4782 (de
1095 4713 1238 4784 lege)
1288 4714 1493 4780 impetu
1544 4713 1719 4764 animi
1747 4712 1830 4766 vel

119 4808 261 4858 aestu
294 4803 683 4873 disputationis
716 4803 974 4864 asseruit,
1011 4806 1076 4856 ut
1114 4800 1493 4855 contendebat
1527 4799 1823 4854 Moraines.

119 4892 236 4946 Sed
271 4893 423 4962 quod
456 4911 557 4947 nec
584 4893 654 4946 de
709 4893 831 4962 lege
880 4890 1058 4946 veteri
1107 4889 1307 4945 durius
1361 4888 1656 4961 quidpiam
1691 4904 1826 4960 pro-

118 4983 413 5040 nuntiarit
440 4983 697 5037 ostendo.

198 5072 262 5127 In
294 5072 514 5142 primis,
547 5073 594 5125 si
625 5071 797 5125 verba
825 5074 890 5124 ut
919 5068 1052 5124 foris
1080 5072 1286 5122 sonant
1320 5071 1540 5122 tantum
1572 5066 1824 5121 conside-

118 5168 350 5227 rentur,
385 5161 637 5231 profecto
695 5178 809 5215 non
842 5158 1219 5229 Augustinus,
1280 5157 1374 5211 sed
1436 5157 1642 5210 Paulus
1691 5171 1824 5208 cen-

117 5251 339 5304 sendus
374 5253 513 5303 foret
561 5249 760 5303 durius
811 5248 1028 5301 locutus
1083 5247 1153 5299 de
1203 5244 1378 5297 veteri
1429 5244 1552 5312 lege
1599 5242 1821 5311 Moysis.

121 5339 281 5393 Dixit
311 5340 474 5394 Rom.
509 5355 580 5393 v:
619 5340 726 5393 Lex
775 5345 953 5390 autem
1017 5335 1367 5398 subintravit,
1426 5339 1488 5386 ut
1520 5331 1827 5384 abundaret

117 5429 401 5495 delictum,
425 5445 553 5482 cum
586 5434 776 5481 tamen
807 5429 890 5480 lex
923 5426 1048 5479 ideo
1082 5424 1498 5494 promulgelur,
1529 5426 1591 5475 ut
1622 5420 1827 5474 delicta

119 5521 422 5586 tollantur,
455 5526 513 5574 et
534 5522 773 5573 cessent.
811 5517 960 5572 Dixit
988 5516 1035 5570 ll
1067 5515 1176 5570 Cor
1221 5531 1280 5568 ιιι
1314 5530 1328 5568 :
1359 5515 1570 5569 Littera
1606 5509 1823 5577 occidit,

1940 4360 2134 4409 sancto
2157 4353 2388 4407 doctore
2419 4352 2652 4420 ejusque
2683 4346 2976 4416 discipulis
3023 4348 3408 4417 probavimus,
3441 4357 3631 4407 υςιεη-

1941 4444 2139 4499 dentes
2182 4458 2293 4497 non
2342 4440 2536 4494 durius
2592 4436 2770 4508 loqui,
2819 4435 2918 4507 qui
2971 4443 3183 4490 asserat
3221 4437 3278 4492 in
3332 4439 3632 4510 bypotliesi

1938 4532 2088 4604 quod
2146 4531 2263 4584 sola
2312 4529 2397 4582 lex
2441 4527 2660 4599 jubeat,
2694 4542 2796 4579 nec
2830 4523 3012 4595 gratia
3044 4526 3299 4595 proxime
3342 4529 3630 4587 sufficiens

1938 4621 2104 4686 adsit,
2163 4621 2346 4690 legem
2402 4614 2663 4670 eamdem
2716 4612 2990 4683 obligare,
3044 4618 3100 4667 et
3155 4621 3628 4687 transgressorem

1937 4725 2097 4764 reum
2130 4723 2250 4762 esse
2283 4703 2512 4776 peccati.
2548 4705 2722 4757 Porro
2753 4701 2917 4756 sicuti
2952 4702 3170 4757 Hebraei
3202 4721 3312 4758 non
3344 4723 3406 4760 ex
3437 4725 3631 4765 amore

1931 4797 2166 4868 justitiae
2199 4795 2346 4848 bona
2386 4807 2555 4862 opera
2593 4791 2888 4858 faciebant,
2947 4789 3024 4844 ita
3076 4793 3224 4846 mala
3265 4793 3519 4848 vitabant
3558 4797 3629 4850 ti-

1939 4901 2094 4939 more
2154 4887 2377 4936 tantum
2430 4894 2636 4950 paenae.
2688 4879 2827 4933 Hinc
2883 4881 3237 4945 Augustinus
3291 4881 3430 4935 dixit
3457 4899 3632 4952 opera

1935 4974 2259 5030 Judmorum
2294 4971 2350 5024 in
2394 4969 2568 5022 veteri
2601 4969 2725 5038 lege
2756 4968 2928 5021 fuisse
2961 4975 3206 5039 peccata,
3265 4976 3320 5022 et
3352 4971 3530 5041 legem
3564 4973 3632 5028 il-

1937 5065 2049 5117 lam
2077 5061 2248 5115 fnisse
2282 5061 2464 5130 legem
2495 5056 2775 5119 servilem,
2802 5057 2954 5127 quod
2988 5057 3068 5110 illi
3099 5057 3194 5127 qui
3230 5058 3488 5112 eamdem
3524 5060 3631 5116 im-

1937 5152 2193 5222 plebant,
2227 5148 2423 5203 timori
2464 5146 2802 5201 inservirent
2875 5144 3080 5198 Scribit
3129 5147 3356 5196 sanctus
3412 5145 3629 5215 doctor,

1939 5240 2034 5294 lib.
2073 5255 2122 5293 1v
2156 5239 2222 5292 ad
2258 5236 2626 5297 Bonifacium,
2657 5251 2780 5303 cap.
2813 5237 2882 5287 5:
2917 5251 2944 5282 α
2979 5231 3137 5294 Quod
3194 5247 3259 5284 ex
3324 5233 3447 5304 lege
3478 5237 3632 5290 testi-

1939 5328 2197 5383 monium
2229 5329 2738 5380 commemoratum
2769 5322 2839 5375 ab
2892 5320 3165 5390 Apostolo
3198 5327 3430 5392 propter
3459 5323 3633 5381 vitam

1937 5419 2310 5488 temporalem
2337 5414 2695 5485 intelligitur,
2745 5415 2974 5481 propter
3007 5411 3166 5478 cujus
3204 5412 3533 5468 amittendae
3565 5416 3632 5469 ti-

1938 5523 2179 5573 morem,
2213 5505 2496 5562 facnebant
2544 5501 2804 5557 homines
2850 5498 2993 5570 legis
3025 5515 3198 5571 Opera
3233 5517 3349 5556 non
3403 5518 3469 5558 ex
3496 5503 3630 5572 fide,
