3906 6182
374 269 444 320 τε
1333 257 1895 315 SUPPLEMENTUM
1933 258 2023 313 AD
2061 255 2293 313 OPERA
2332 258 2388 313 s.
2428 258 2818 316 AUGUSTINI.
3691 273 3768 326 sso

339 410 470 468 quas
521 397 970 464 transgressores
1026 385 1170 458 legis
1199 384 1397 440 eadem
1426 384 1552 456 lege
1583 401 1616 438 a
1641 384 1855 455 populo
1879 384 2042 455 jube-
2073 384 2118 439 A
2155 382 2447 438 verissime
2490 382 2758 449 afﬁrmat,
2818 397 2962 454 quos
3013 382 3213 437 modos
3266 385 3431 439 satius
3483 391 3559 440 est
3609 388 3774 446 humili

338 484 438 540 bat
468 481 668 537 occidi.
703 499 730 532 ι)
765 479 922 534 Idem
951 476 1009 530 in
1039 475 1139 530 lib.
1182 473 1250 528 de
1281 472 1500 545 Spiritu
1531 477 1586 527 et
1641 473 1854 541 littera,
1911 489 2035 544 cap.
2149 471 2374 526 silentio
2429 472 2709 539 venerari,
2775 487 2951 543 quam
3007 471 3226 526 curiosa
3278 473 3627 543 disputatione
3673 495 3774 549 per-

341 575 430 639 32,
463 589 527 628 ex
560 570 648 626 his
678 567 936 640 Apostoli
979 566 1144 620 Rom.
1203 579 1318 630 vm,
1369 566 1454 631 15,
1503 577 1663 616 suam
1695 560 2040 615 sententiam
2149 559 2402 630 quirere.
2464 560 2540 614 De
2590 560 2679 614 his
2727 559 2955 613 auxiliis
3007 559 3238 614 remotis
3289 560 3526 616 locutum
3578 565 3778 623 arbitror

339 662 581 734 probat:
613 661 733 714 Non
757 658 896 710 enim
932 654 1212 722 accepistis
1240 653 1513 720 Spiritum
1542 651 1818 705 servitutis
1845 654 2041 703 iterum
2152 649 2418 703 eumdem
2446 655 2705 702 sanctum
2732 649 3020 704 doctorem
3055 649 3114 703 in
3162 649 3259 704 lib.
3294 650 3359 704 de
3391 652 3538 706 Dono
3574 669 3776 723 persev.,

341 753 397 806 in
422 753 682 814 timorem,
715 745 808 800 sed
838 744 1118 814 accepistis
1160 744 1416 811 spiritum
1445 740 1751 808 adoptionis
1779 740 2039 809 ﬁliorum,
2151 755 2273 808 cap.
2309 741 2362 804 9,
2395 737 2497 791 ubi
2523 738 2602 792 ait
2635 765 2645 791 ε
2687 761 2707 785 α
2753 739 2828 792 Ex
2886 738 3110 792 duobus
3164 743 3324 793 φίλιε
3370 740 3483 810 jam
3515 743 3780 811 grandibm

340 843 396 894 in
427 854 529 909 quo
574 836 892 898 clamamus,
955 833 1115 889 Abba
1167 833 1350 886 Pater.
1410 831 1538 883 Emt
1589 845 1725 899 ergo
1759 828 1847 882 lex
1882 833 2041 881 vetus
2147 826 2340 898 impiis
2370 842 2472 881 cur
2523 825 2630 881 iste
2683 825 2763 880 ita
2815 832 3066 894 vocetur,
3097 831 3163 881 ut
3191 832 3470 881 vocantem
3523 837 3778 902 sequatur;

337 928 427 983 lex
449 926 692 988 timoris,
729 923 883 995 quod
915 921 1158 976 carnalis
1199 920 1292 973 ille
1317 918 1565 990 populus
1595 934 1652 971 se
1697 933 1761 970 ac
1789 933 1891 971 sua
1919 921 2042 970 tan-
2148 913 2243 968 ille
2265 920 2457 968 autem
2489 920 2588 968 aut
2613 930 2729 968 non
2779 920 3029 983 vocetur,
3085 921 3152 968 ut
3207 921 3490 970 vocantem
3535 926 3782 989 sequatur,

339 1020 460 1071 tum
518 1031 740 1080 amans,
787 1011 1064 1085 quidquid
1096 1008 1231 1064 boni
1255 1011 1416 1080 juxta
1464 1007 1606 1078 legis
1653 1007 1922 1059 mandata
1958 1005 2040 1060 fa-
2147 1008 2247 1058 aut
2275 1020 2383 1058 non
2417 1021 2501 1058 lTA
2546 1008 2799 1071 vocetur,
2851 1008 2913 1058 ut
2959 1009 3254 1059 vocantem
3296 1011 3571 1076 sequatur,
3610 1010 3779 1063 inseru-

337 1105 538 1172 ciebat,
571 1119 765 1158 amore
797 1102 883 1155 sui
913 1100 1170 1164 faciebat,
1199 1098 1394 1151 volens
1422 1096 1530 1150 sibi
1563 1096 1711 1150 bona
1740 1111 1804 1148 ac
1833 1094 2041 1148 timens
2149 1093 2342 1147 tabiliu
2368 1097 2494 1147 sunt
2515 1093 2733 1162 judicia
2777 1095 2891 1147 Dei.
2935 1114 2963 1143 »
3001 1094 3227 1148 Vocatio
3277 1094 3425 1149 illius
3463 1095 3553 1167 qui
3582 1113 3682 1151 non
3713 1114 3780 1152 se-

341 1197 511 1249 mala.
543 1195 655 1248 Lex
690 1207 826 1261 ergo
858 1195 1132 1259 tanquam
1167 1186 1340 1240 servis
1364 1184 1566 1239 incutit
1594 1185 1881 1250 timorem,
1911 1199 2039 1253 gra-
2149 1181 2344 1254 quitur
2375 1187 2460 1235 est
2488 1198 2591 1252 per
2622 1182 2898 1236 auxilium
2929 1182 3116 1237 debile
3175 1188 3231 1238 et
3259 1188 3552 1254 remotum,
3581 1202 3680 1255 quo
3712 1185 3781 1240 iu-

337 1283 437 1349 tia,
469 1298 597 1353 qum
627 1297 730 1351 per
760 1280 932 1334 ﬁdem
980 1276 1188 1332 Christi
1219 1276 1576 1346 impetratur,
1611 1273 1854 1343 inspirat
1881 1288 2039 1326 amo-
2147 1272 2406 1325 tellectus
2436 1275 2799 1325 transeunter
2847 1277 3069 1325 tantum
3103 1273 3379 1343 quasdam
3407 1273 3572 1327 bonas
3607 1274 3782 1344 cogita-

341 1387 485 1425 rem.
530 1370 715 1434 Quare
773 1374 1000 1422 sanctus
1052 1368 1220 1421 Pater
1276 1365 1372 1418 lib.
1406 1363 1608 1418 eodem
1642 1362 1710 1416 de
1739 1361 1954 1431 Spiritu
1986 1365 2041 1415 et
2149 1357 2333 1411 tiones
2380 1358 2548 1420 elicit,
2609 1358 2705 1412 sed
2757 1359 2896 1413 adeo
2946 1359 3161 1414 debiles
3218 1364 3284 1414 ut
3339 1375 3441 1414 nec
3487 1361 3783 1414 voluntatem

336 1461 545 1526 littera,
603 1475 727 1529 cap.
795 1461 884 1525 ‘29,
960 1456 1070 1510 ait:
1137 1473 1164 1506 ‹‹
1205 1455 1280 1508 Ex
1338 1453 1464 1523 lege
1536 1458 1725 1504 autem
1771 1451 2040 1504 timemus
2149 1447 2378 1500 trahant
2431 1447 2501 1500 ad
2529 1446 2771 1516 bonum,
2826 1448 2923 1502 sed
2974 1448 3173 1502 leviter
3220 1451 3442 1502 tantum
3491 1449 3719 1515 excitent,
3745 1455 3785 1505 et

342 1551 547 1615 Deum,
595 1563 661 1601 ex
718 1546 829 1600 ﬁde
874 1560 1171 1615 speramus
1225 1543 1285 1596 in
1343 1543 1540 1604 Deum,
1574 1541 1667 1593 sed
1707 1539 2041 1593 timentibus
2151 1535 2261 1588 cito
2290 1535 2451 1589 citius
2478 1535 2796 1590 intellectus
2829 1537 2938 1591 alio
2973 1537 3181 1603 evolet,
3217 1541 3273 1590 et
3302 1537 3360 1590 in
3394 1537 3592 1592 malum
3620 1539 3780 1593 volun-

336 1652 563 1710 paenam
605 1633 974 1688 absconditur
1011 1631 1212 1702 gratia.
1251 1652 1273 1680 ι
1332 1631 1443 1684 Cur
1472 1635 1665 1682 autem
1696 1628 1764 1680 iis
1814 1628 1914 1699 qui
1973 1644 2040 1681 ex
2065 1680 2105 1710 Ὠ
2149 1629 2235 1677 tas
2264 1625 2438 1693 longo
2469 1625 2747 1680 scelerum
2779 1642 2886 1679 usu
2914 1626 3193 1679 obdurata
3215 1625 3446 1680 feratur.
3499 1695 3506 1702 ο

951 1680 2033 1792 legem-impleritgratia—abscon‘datur,
2065 1680 2107 1734 Β
2146 1712 2178 1783 §
2209 1714 2322 1767 Vll.
2471 1713 2757 1768 sententia
2792 1714 2984 1769 sancti
3012 1713 3328 1787 Augustini
3367 1714 3435 1768 de
3464 1695 3783 1786 praedestina-

336 1811 512 1866 tradit
542 1810 755 1864 ibidem
814 1825 938 1879 cap.
977 1811 1060 1875 l9,
1106 1813 1161 1861 et
1189 1823 1360 1861 serm.
1417 1809 1480 1860 t3
1512 1805 1582 1859 de
1639 1805 1835 1859 Verbis
1890 1808 2038 1874 Apo-
2220 1801 2370 1857 tione
2389 1802 2465 1856 ad
2481 1802 2732 1874 gloriam
2758 1805 2892 1857 ante
2921 1819 3147 1858 omnem
3187 1803 3519 1859 meritorum
3540 1804 3782 1876 prasino-

337 1900 485 1967 stoli,
518 1899 686 1970 epist.
724 1900 844 1963 144,
872 1897 970 1951 ubi
1020 1897 1141 1950 hac
1190 1896 1402 1950 habet:
1439 1914 1466 1945 (ι
1495 1895 1630 1959 Quis
1679 1910 1868 1948 coram
1921 1895 2036 1948 Deo
2215 1907 2347 1945 nem
2382 1890 2463 1945 sit
2495 1909 2599 1963 per
2634 1908 2922 1947 excessum
2943 1893 3195 1964 prolata.

335 1988 608 2042 innocens
649 1986 956 2054 invenitur,
1017 1984 1116 2056 qui
1164 1986 1286 2038 vult
1337 1983 1463 2038 ﬁeri
1494 1983 1648 2054 quod
1707 1988 1946 2050 vetetur,
1991 1983 2037 2036 si
2216 1980 2466 2035 Joannes
2517 1982 2772 2035 Adamus
2827 1988 2884 2036 et
2911 1982 3241 2037 Antoninus
3271 1982 3540 2037 Moraines
3589 1982 3641 2036 in
3667 1997 3786 2052 quae-

334 2076 630 2132 subtrabat
660 2076 812 2147 quod
860 2075 1135 2128 timetur?
1164 2076 1242 2127 Ac
1274 2089 1377 2144 per
1413 2073 1522 2126 hoc
1552 2071 1612 2125 in
1661 2071 1785 2142 ipsa
1843 2072 2038 2125 volun-
2150 2077 2336 2131 stione
2367 2077 2539 2132 etiam
2576 2079 2645 2133 de
2695 2079 3228 2150 praedestinatione,
3263 2084 3316 2134 et
3350 2096 3414 2134 ea
3444 2079 3655 2152 quidem
3677 2096 3787 2150 prte-

336 2170 451 2220 tate
509 2182 642 2219 reus
675 2170 778 2231 est,
837 2163 935 2234 qui
963 2164 1083 2216 vult
1113 2162 1298 2216 facere
1353 2161 1500 2233 quod
1538 2176 1658 2216 non
1709 2161 1842 2214 licet
1889 2159 2035 2227 ﬁeri,
2148 2167 2319 2238 cipua
2344 2169 2910 2238 gravemAugustino
2935 2185 3234 2224 excessum
3257 2169 3547 2239 objiciunt.
3570 2169 3787 2235 Adamus,

338 2253 435 2308 sed
488 2253 618 2308 ideo
676 2269 791 2306 non
847 2251 982 2305 facit
1029 2250 1166 2321 quia
1207 2251 1445 2320 impune
1481 2265 1600 2303 non
1655 2254 1844 2320 potest
1887 2249 2034 2304 ﬁeri.
2145 2254 2244 2309 lib.
2277 2272 2335 2310 ιιι
2357 2256 2444 2310 sui
2475 2256 2692 2311 Calvini
2723 2257 3016 2322 destructi,
3050 2258 3154 2312 hac
3175 2257 3248 2312 de
3264 2258 3462 2311 eodem
3492 2255 3666 2309 scribit
3695 2269 3786 2323 cap.

338 2341 502 2410 Nam,
534 2345 812 2412 quantum
846 2338 905 2392 in
935 2339 1059 2409 ipso
1091 2343 1194 2404 est,
1240 2340 1433 2392 mallet
1459 2355 1574 2391 non
1605 2354 1724 2392 esse
1755 2337 2036 2409 justitiam
2150 2346 2202 2409 8,
2235 2360 2367 2415 pag,
2421 2348 2525 2401 639
2556 2359 2568 2400 ;
2605 2364 2634 2397 α
2689 2346 2947 2400 profecto
2987 2347 3226 2418 quando
3288 2350 3501 2400 εοηειδι
3549 2345 3710 2414 ipsum
3746 2343 3787 2394 in

335 2434 566 2501 peccata
603 2428 1007 2499 prohibentem
1038 2433 1210 2498 atque
1256 2427 1608 2497 punientem.
1648 2429 1719 2484 Et
1755 2427 1952 2497 utique
1992 2425 2038 2480 si
2149 2432 2390 2488 materia
2419 2433 2488 2488 de
2528 2434 2711 2505 gratia
2765 2439 2822 2489 et
2874 2435 3385 2506 przedestinatione
3441 2449 3563 2487 cum
3609 2446 3787 2486 excessu

336 2518 533 2572 mallet
564 2534 678 2571 non
693 2515 1278 2587 essejustitiam,quis
1300 2515 1806 2586 dubitaveritquod
1830 2531 1974 2583 eam,
1991 2515 2037 2568 si
2144 2521 2400 2576 locutum
2431 2539 2571 2588 esse,
2605 2539 2669 2577 ac
2697 2524 2869 2578 verba
2899 2523 3078 2595 ipsius
3131 2541 3260 2579 esse
3290 2522 3614 2594 mitiganda,
3657 2537 3714 2574 ne
3737 2520 3787 2572 ab

337 2612 548 2678 Posset,
598 2605 886 2660 aure-"et?
937 2608 1015 2658 ΑΟ
1070 2621 1173 2676 per
1225 2604 1332 2658 1100
1385 2604 1673 2675 quomodo
1713 2605 1901 2674 justus
1954 2607 2039 2658 est
2147 2610 2379 2665 illorum
2408 2611 2723 2666 acrimonia
2752 2612 2812 2666 in
2843 2629 3095 2668 errorem
3147 2615 3504 2668 contrarium
3535 2610 3786 2683 prOpellar,

335 2695 576 2766 justitia‘:
625 2695 758 2749 talis
810 2693 1097 2761 inimicus,
1152 2697 1216 2746 ut
1261 2709 1408 2758 eam,
1461 2693 1507 2747 si
1552 2697 1800 2763 potestas
1848 2693 2035 2760 detur,
2148 2699 2367 2754 licitum
2397 2701 2541 2755 mihi
2571 2718 2691 2755 esse
2722 2702 2892 2757 debet
2930 2702 3159 2773 aliquod
3197 2702 3537 2757 catholicum
3565 2707 3788 2770 tempera-

338 2783 772 2855 praecipiemem
807 2782 1046 2847 auferat.
1081 2799 1153 2836 ne
1177 2783 1625 2836 comminantem
1653 2783 1736 2836 vel
1771 2782 2040 2852 judican-
2148 2795 2409 2844 mentum
2437 2790 2751 2861 inquirere.
2787 2812 2809 2840 ι
2860 2791 3024 2846 Subit
3053 2797 3314 2846 mentem
3356 2791 3494 2845 illud
3541 2785 3788 2859 Augustini

339 2877 456 2927 tem
487 2873 668 2928 ferat?
700 2895 721 2922 ι
762 2873 908 2943 Lege
937 2871 1018 2926 ibi
1067 2872 1252 2942 plura.
1305 2870 1499 2926 Timor
1536 2871 1769 2942 quidem
1818 2871 1865 2925 si
1895 2871 2039 2925 desi-
2149 2878 2365 2933 dictum
2405 2879 2503 2934 lib.
2548 2896 2606 2933 Ill
2639 2879 2836 2950 Operis
2880 2880 3134 2951 imperf.,
3195 2898 3323 2952 cap.
3360 2884 3423 2935 57
3459 2896 3526 2934 zu
3565 2879 3651 2932 Dic
3674 2872 3790 2946 quod

337 2965 444 3015 nat
473 2976 594 3014 8550
645 2976 788 3031 Pure
819 2959 1056 3027 δεννίιίε,
1103 2964 1160 3012 et
1188 2975 1291 3030 P9P
1329 2959 1581 3030 aliquem
1627 2959 1728 3013 DBi
1784 2975 2036 3013 amorem
2067 2981 2106 3036 ρ
2147 2967 2402 3022 dicturus
2459 2984 2539 3033 es,
2569 2969 2798 3039 egregie
2851 2974 3157 3024 corrector.
3227 2969 3521 3034 Moraines,
3573 2981 3686 3020 cum
3727 2963 3790 3016 di-

334 3049 571 3120 incipiat
619 3065 742 3102 esse
778 3054 982 3115 castus,
1026 3053 1110 3102 est
1149 3047 1354 3114 bonus,
1403 3063 1507 3102 nec
1550 3047 1713 3101 vitiat
1747 3065 1920 3119 opera
1970 3065 2036 3103 ex
2143 3054 2320 3108 xisset
2349 3054 2622 3109 Didacum
2657 3055 2920 3110 Ruizium
2955 3072 3021 3110 ex
3049 3060 3248 3111 sancto
3279 3054 3589 3127 Augustino
3627 3048 3791 3123 gratui-

335 3137 540 3192 eodem
574 3137 854 3204 derivata;
889 3155 1002 3208 qua
1043 3137 1111 3191 de
1156 3153 1217 3191 re
1261 3143 1317 3191 et
1353 3136 1639 3191 fusissime
1670 3142 1727 3192 et
1779 3137 2037 3192 eruditis-
2145 3147 2263 3197 tam
2293 3143 2856 3215 praedestinationem
2915 3144 3136 3211 docere,
3192 3146 3323 3200 haec
3371 3143 3594 3215 inquit:
3631 3161 3654 3192 ιο
3685 3137 3789 3192 Ruiz

334 3225 476 3280 sime
506 3226 872 3297 disputarunt
911 3226 1024 3280 duo
1056 3224 1311 3297 insignes
1339 3225 1700 3280 Lovaniensis
1730 3227 2034 3281 academim
2143 3230 2346 3286 falsum
2379 3231 2669 3303 supponit,
2721 3237 2779 3287 et
2832 3232 2880 3286 si
2932 3233 3298 3303 Augustinus
3355 3233 3411 3288 id
3462 3233 3670 3294 faceret,
3705 3240 3791 3281 non

334 3315 592 3371 doctores
641 3315 995 3370 Christianus
1041 3315 1230 3385 Lupus
1301 3320 1357 3369 et
1407 3314 1736 3369 Franciscus
1802 3317 2034 3370 Fervac-
2146 3319 2417 3375 doctrinm
2444 3321 2713 3390 afﬁnitas,
2745 3325 2843 3375 aut
2872 3322 3174 3387 connexio,
3232 3339 3363 3393 quae
3415 3321 3562 3376 nulla
3605 3324 3692 3382 est,
3721 3313 3791 3368 sed

332 3421 492 3476 ques,
533 3403 960 3474 Augustiniani,
1004 3403 1172 3458 editis
1216 3419 1250 3457 a
1279 3404 1549 3458 sexennio
1601 3405 1910 3476 quotannis
1965 3405 2035 3460 de
2144 3413 2314 3463 aestus
2340 3410 2742 3479 disputationis
2774 3411 2843 3465 ad
2884 3411 2993 3465 hoc
3039 3411 3207 3465 illum
3267 3411 3600 3482 impelleret,
3629 3427 3652 3460 η
3680 3405 3790 3474 disp.

333 3494 532 3548 eodem
565 3498 902 3565 argumento
939 3493 1101 3547 libris
1129 3497 1186 3546 et
1232 3493 1530 3564 apologiis.
1565 3493 1805 3547 Plurimi
1843 3497 2034 3547 autem
2143 3500 2196 3566 9,
2228 3514 2394 3553 num.
2463 3503 2550 3554 50.
2605 3501 2814 3554 Verum
2867 3502 3214 3556 sententiam
3279 3502 3440 3556 illam
3490 3502 3556 3556 de
3591 3496 3793 3569 gratuita

332 3583 549 3636 Veteris
601 3581 949 3636 Testamenti
1005 3583 1200 3636 Patres
1267 3599 1385 3636 non
1458 3581 1561 3636 sub
1620 3582 1744 3653 lege
1808 3585 2034 3636 tantum
2140 3588 2647 3658 praedestinatione
2680 3590 2750 3643 ad
2783 3589 3024 3660 gloriam
3057 3595 3188 3644 ante
3226 3591 3466 3662 praevisa
3517 3587 3695 3642 merita
3718 3584 3790 3638 do-

333 3670 512 3737 fuere,
543 3670 641 3724 sed
667 3671 770 3725 sub
801 3671 986 3740 gratia
1011 3670 1339 3740 adjuvante,
1371 3672 1508 3741 quia
1556 3671 1807 3741 propriae
1865 3670 2033 3724 intir-
2145 3693 2313 3731 cuere
2355 3683 2584 3732 sanctus
2631 3679 2891 3749 Prosper,
2950 3685 3176 3732 sanctus
3244 3678 3592 3750 Fulgentius,
3646 3677 3793 3729 Patres

333 3760 542 3814 mitatis
593 3759 805 3814 conscii
861 3759 932 3813 ad
975 3759 1240 3814 sectanda
1291 3760 1566 3814 virtutum
1627 3777 1800 3830 opera
1855 3759 2033 3814 divini
2141 3765 2394 3820 Africani
2430 3766 2488 3820 in
2520 3767 2756 3838 epistola
2789 3767 3081 3839 synodica,
3138 3769 3361 3840 aliique
3420 3773 3569 3822 tanta
3610 3763 3790 3818 certitu-

331 3847 528 3902 auxilii
575 3864 744 3920 opem
791 3847 1191 3917 implorarunt.
1245 3849 1523 3903 Caeterum
1555 3847 1821 3902 omnibus
1849 3847 2033 3901 h.;mi-
2140 3856 2293 3918 dine,
2324 3862 2387 3910 ιη
2413 3857 2532 3911 haec
2578 3857 2787 3912 dixerit
2843 3863 3069 3912 sanctus
3131 3859 3487 3929 Fulgentius,
3544 3857 3650 3911 imo
3697 3864 3794 3905 cum

330 3936 498 3991 nibus
531 3938 725 3992 adesse
757 3936 1032 3991 “Milium
1079 3938 1277 3991 saltem
1309 3942 1595 3991 Γθωυὶυω
1649 3937 1792 3990 mihi
1837 3936 2033 3991 Videor
2141 3945 2442 4016 Fulgentio
2479 3948 2668 4000 Patres
2696 3947 2901 4016 synodi
2929 3947 3315 4003 Sardiniensis
3362 3948 3423 4001 in
3466 3947 3574 4000 tiae
3607 3941 3717 3996 libri
3743 3938 3793 3991 de

329 4025 597 4097 colligere
644 4043 708 4080 ex
739 4025 1059 4096 Augustino
1105 4026 1202 4081 lib.
1236 4027 1305 4081 de
1339 4027 1549 4081 Natura
1605 4031 1662 4080 et
1690 4030 1858 4097 grat.,
1909 4041 2030 4096 cap.
2139 4033 2532 4088 Incarnatione
2590 4039 2647 4089 et
2676 4035 2896 4103 gratia:
2933 4055 2961 4086 ‹‹
2993 4037 3140 4090 Deus
3171 4036 3356 4102 enim,
3413 4035 3509 4106 qui
3550 4030 3794 4088 hominem

329 4118 418 4194 6_7,
448 4115 548 4170 ubi
594 4131 656 4169 ex
691 4114 793 4169 lib.
828 4131 887 4168 ιιι
927 4115 996 4169 de
1030 4115 1232 4169 Libero
1289 4115 1547 4184 arbitrio,
1583 4132 1706 4186 cap.
1753 4117 1838 4183 10,
1885 4115 2031 4170 hanc
2139 4122 2413 4188 condidit,
2441 4122 2560 4194 ipse
2590 4124 3098 4194 prazdestinatione
3125 4141 3253 4192 sua,
3287 4131 3344 4179 et
3369 4125 3578 4179 donum
3617 4115 3791 4174 illumi-

332 4190 671 4258 sententiam
732 4203 929 4257 recitat
993 4205 1387 4275 approbatque
1443 4205 1712 4258 adversus
1777 4220 1873 4257 eos
1932 4201 2031 4274 qui
2061 4280 2090 4284 _
2140 4211 2390 4265 nationis
2417 4190 2485 4266 ad
2518 4190 2888 4280 credendum,
2919 4217 2976 4267 et
3017 4190 3247 4268 donum?
3294 4208 3706 4284 perseverantiae
3745 4203 3794 4258 ad

333 4292 537 4347 Adami
587 4297 818 4362 peccato
871 4293 1066 4346 omnia
1123 4293 1365 4346 crimina
1419 4291 1796 4362 imputabant,
1854 4296 1911 4346 et
1974 4280 2102 4347 seD
2143 4300 2560 4371 proficiendum
2592 4306 2761 4373 atque
2792 4280 3367 4373 permanendum,-et
3392 4302 3598 4357 donum
3623 4293 3794 4367 gloriﬁ-

331 4379 484 4450 ipsos
532 4382 866 4435 innocentes
897 4381 1263 4434 asserebant:
1313 4398 1340 4430 ‹‹
1400 4381 1569 4433 Recte
1600 4381 1753 4434 enim
1798 4381 2033 4436 fortasse
2143 4389 2380 4443 cationis
2406 4391 2473 4444 ad
2508 4391 2888 4462 regnandum,
2920 4391 3127 4462 quibus
3157 4391 3296 4445 dare
3328 4390 3506 4445 voluit
3550 4397 3794 4458 praepara-

336 4475 750 4539 quaererentur,
783 4469 829 4522 si
865 4469 1075 4523 erroris
1109 4475 1165 4521 et
1194 4467 1448 4522 libidinis
1492 4470 1682 4522 nullus
1732 4470 2032 4525 hominum
2141 4479 2242 4544 vit,
2289 4478 2503 4549 quique
2549 4495 2664 4534 non
2697 4481 2863 4534 aliter
2902 4480 3128 4550 perﬁcit
3156 4479 3215 4533 in
3248 4497 3423 4550 opere
3454 4493 3616 4548 quam
3644 4475 3693 4527 in
3719 4484 3796 4523 sua

333 4557 518 4611 victor
549 4559 837 4611 existeret.
888 4559 1028 4613 Cum
1070 4573 1203 4610 vero
1237 4557 1450 4628 ubique
1502 4558 1574 4612 sit
1611 4575 1883 4628 praesens,
1931 4559 2032 4630 qui
2146 4567 2498 4636 sempiterna
2531 4574 2700 4639 atque
2729 4568 3184 4624 incommutabili
3217 4571 3394 4623 habet
3425 4569 3688 4622 voluntate
3715 4558 3797 4613 dis-

334 4661 523 4700 MULTIS
580 4662 742 4700 nonis
798 4661 898 4700 run
951 4663 1265 4700 caurus“
1325 4647 1434 4700 sibi
1489 4647 1732 4701 Domino
1787 4652 2032 4703 servien-
2149 4656 2418 4726 positum.
2450 4657 2622 4728 Cujus
2651 4658 3170 4728 prmdestinationis
3215 4659 3538 4721 veritatem,
3585 4669 3681 4724 qua
3715 4661 3796 4701 nos

331 4739 473 4802 tem,
521 4751 782 4789 aversum
839 4741 1018 4800 vocet,
1071 4736 1274 4790 doceat
1319 4736 1666 4806 credentem,
1707 4739 2032 4792 consoletur
2144 4753 2278 4800 ante
2311 4747 2512 4800 mundi
2543 4749 3007 4804 constitutionem
3057 4749 3496 4820 praedestinatos
3525 4748 3581 4800 in
3608 4740 3788 4798 Christo

330 4831 679 4896 sperantem,
741 4825 1072 4896 diligentem
1131 4825 1483 4886 adhortetur,
1515 4833 1818 4881 conantem
1867 4828 2029 4898 adju-
2139 4839 2382 4890 testatur
2409 4838 2734 4907 Apostolus,
2782 4838 2831 4892 si
2877 4839 3003 4910 quis
3037 4840 3317 4894 detrectat
3363 4838 3544 4892 cordis
3595 4825 3795 4888 creduli-

327 4920 439 4979 vet,
487 4915 749 4968 exaudiat
784 4915 1209 4986 deprecantem,
1265 4931 1381 4968 non
1434 4915 1538 4968 tibi
1596 4917 1904 4986 deputatur
1958 4917 2029 4971 ad
2148 4928 2262 4978 tate
2297 4925 2571 4995 recipere,
2603 4927 2688 4979 vel
2721 4926 2836 4980 oris
2890 4927 3243 4982 confessione
3303 4928 3578 4998 proferre,
3629 4920 3669 4974 si
3691 4920 3795 4970 ante

328 5005 553 5076 culpam
587 5004 739 5075 quod
789 5004 998 5058 invitus
1032 5005 1280 5074 ignoras,
1315 5005 1412 5058 sed
1444 5006 1593 5076 quod
1627 5005 1877 5075 negligis-
1915 5022 2032 5060 cre-
2140 5011 2422 5068 ultimum
2454 5014 2604 5068 diem
2636 5015 2764 5069 vitae.
2791 5016 3090 5086 praesentis
3129 5015 3446 5087 impietatis
3500 5028 3609 5068 sua:
3633 5011 3794 5062 contu-

327 5093 460 5147 dere
488 5095 638 5164 quod
658 5095 904 5164 ignoras.
946 5094 1141 5164 Neque
1168 5094 1332 5158 illud,
1357 5095 1510 5164 quod
1532 5094 1823 5148 vulnerata
1853 5111 2030 5148 mem-
2141 5101 2406 5170 maciam,
2443 5120 2556 5174 qua
2583 5105 2696 5158 Deo
2726 5104 2852 5158 νίνο
2881 5109 2937 5159 et
2992 5121 3126 5159 νει-ο
3185 5105 3420 5158 rebellis
3451 5099 3675 5163 obsistit,
3704 5105 3795 5148 non

324 5180 429 5234 bra
460 5197 574 5234 non
614 5183 854 5253 colligis,
909 5183 1006 5237 sed
1040 5183 1196 5253 quod
1230 5183 1512 5236 volentem
1548 5200 1745 5236 sanare
1777 5189 2030 5238 contem-
2140 5189 2429 5260 abjecerit,
2488 5192 2857 5246 manifestum
2927 5197 3012 5248 est
3069 5210 3199 5248 eum
3255 5210 3372 5248 non
3429 5191 3692 5262 pertinere
3738 5178 3794 5234 ad

327 5269 436 5324 nis.
474 5291 494 5316 ι
529 5271 589 5323 In
623 5287 736 5340 quo
764 5279 957 5327 autem
984 5273 1296 5326 consistant
1326 5273 1652 5342 hujusmodi
1684 5273 1892 5327 auxilia
1938 5290 2028 5329 re-
2140 5294 2336 5332 eorum
2371 5296 2673 5334 numerum
2708 5297 2850 5353 quos
2905 5282 3051 5336 Deus
3106 5282 3165 5336 in
3211 5283 3433 5336 Christo
3464 5286 3585 5333 ante
3628 5266 3792 5328 mundi

326 5363 501 5424 mota,
556 5374 666 5411 non
699 5360 775 5414 ita
805 5361 968 5415 facile
1019 5362 1362 5431 explicatur:
1398 5361 1606 5415 etenim
1656 5365 1812 5417 miris
1857 5363 2027 5418 modis
2137 5369 2601 5425 constitutionem
2627 5371 2803 5442 gratis
2845 5371 3019 5442 elegit
3072 5377 3130 5426 et
3175 5367 3595 5442 praedestinavit
3633 5361 3696 5416 ad
3719 5373 3791 5412 re-

324 5449 501 5502 Deum
533 5447 812 5503 humanas
843 5451 1156 5505 voluntates
1185 5451 1257 5506 ad
1307 5451 1521 5506 bonum
1553 5452 1876 5508 faciendum
1911 5469 2028 5508 mo-
2137 5468 2338 5524 gnum.
2377 5478 2398 5505 υ

324 5553 450 5591 vere
483 5536 640 5593 idem
665 5539 1024 5609 Augustinus
1064 5541 1163 5596 lib.
1196 5558 1211 5593 ι
1245 5541 1312 5596 ad
1347 5541 1722 5608 Bonifacium,
1765 5557 1887 5613 cap.
1940 5546 2023 5611 19,
2208 5544 2356 5600 Sane
2386 5545 3000 5618 Semi-Pelagianijam
3035 5549 3171 5604 olim
3203 5547 3466 5603 dixerant
3511 5542 3703 5612 absque
3737 5548 3789 5589 ea
