3946 6176
102 264 216 316 681

1419 276 1738 332 VlNDICl/E
1778 279 2324 342 AUGUSTINIANA'I.

3534 315 3636 366 682

95 385 383 442 doctrina
440 387 511 442 de
576 390 1090 459 prmdestinatione
1125 395 1384 450 Ecclesia:
1443 414 1672 453 causam
1735 400 1835 454 ad-
1865 421 1908 475 Α
1948 405 2367 478 Theologorum
2420 415 2674 471 nomina.
2733 419 2798 472 Et
2846 421 3080 490 quidem
3115 427 3293 480 sancti
3333 431 3640 500 Augustini

93 490 321 530 versus
360 477 695 547 Pelagianos
735 496 836 550 per
866 482 1058 549 plures
1101 500 1278 537 annos
1306 485 1482 539 fuisse
1515 487 1832 553 defensam,

97 571 184 618 ut
216 567 392 619 refert
423 567 669 620 Hilarius
699 567 760 620 in
790 569 1032 638 epistola
1061 571 1135 624 ad
1164 573 1569 642 Augustinum,
1619 577 1834 646 quibus

99 659 349 708 sanctus
395 654 592 708 doctor
635 657 987 725 respondens
1028 659 1129 712 lib.
1171 659 1242 714 de
1275 662 1433 715 Dono
1460 679 1830 732 perseveran-

101 739 236 802 tiae,
294 757 419 810 cap.
457 744 547 806 20,
581 741 704 796 ait:
771 762 799 794 ‹‹
865 746 992 799 Haec
1041 751 1124 800 est
1161 749 1592 816 praedestinatio
1651 752 1833 806 mani-

101 827 264 881 festa
294 833 352 882 et
380 835 536 883 certa
566 835 916 899 sanctorum,
949 851 1122 904 quam
1154 842 1350 906 postea
1399 838 1732 910 diligentius
1775 845 1832 895 et

98 918 446 985 operosius,
481 935 611 973 cum
634 920 756 990 jam
787 929 985 976 contra
1021 925 1354 995 Pelagianos
1384 927 1828 998 disputaremus,

103 1013 440 1060 DEFENDERH
514 1025 828 1063 xecassrms
902 1027 1181 1067 couPUer.
1285 1015 1595 1071 Didicimus
1672 1019 1829 1073 enim

103 1090 381 1161 singulas
413 1110 671 1166 quasque
699 1097 1237 1154 haereses-intulisse
1279 1103 1536 1157 Ecclesiae
1565 1105 1828 1175 proprias

96 1180 490 1250 quaestiones,
561 1189 758 1238 contra
829 1203 970 1256 quas
1027 1188 1359 1258 diligentius
1424 1191 1828 1246 defenderetur

93 1267 414 1338 Scriptura
450 1271 664 1334 divina,
696 1289 869 1343 quam
901 1275 948 1328 si
978 1276 1136 1330 nulla
1166 1278 1293 1332 talis
1327 1280 1635 1333 necessitas
1663 1298 1826 1352 coge-

95 1361 219 1410 ret.
267 1379 297 1405 »
343 1359 519 1412 Porro
565 1360 794 1416 cuinam
837 1363 1022 1436 major
1067 1364 1209 1418 ﬁdes
1259 1367 1525 1421 habenda
1567 1372 1670 1434 est,
1700 1371 1823 1422 Au-

93 1445 451 1516 gustinone,
497 1448 595 1519 qui
647 1449 720 1503 ad
764 1449 903 1505 illud
943 1452 1011 1506 de
1055 1453 1560 1522 przedestinatione
1611 1456 1823 1526 dogma

95 1535 489 1589 asserendum
569 1555 626 1590 se
683 1542 997 1593 necessitate
1045 1545 1377 1610 compulsum
1430 1548 1690 1610 testatur,
1751 1546 1821 1599 ad

93 1623 454 1694 Pelagianos
504 1625 821 1693 diligentius
871 1645 935 1682 ex
979 1629 1282 1700 Scripturis
1312 1633 1716 1699 confutandos;
1745 1650 1820 1686 an

1946 497 2287 552 sententiam
2339 500 2407 553 de
2449 505 2697 571 gratiosa
2732 510 3230 576 praedestinatione
3277 517 3348 571 ad
3394 497 3638 585 gloriam

1944 587 2075 636 ante
2106 586 2440 643 meritorum
2479 593 2878 660 praevisionem
2907 600 3307 669 defendebant,
3330 613 3638 678 antequam

1943 672 2345 740 Augustiniani
2397 694 2652 735 excessus
2682 683 3058 754 ﬁngerentur.
3106 691 3219 744 Hoc
3248 693 3400 748 idem
3450 713 3637 750 asser-

1943 763 2067 812 tum
2093 767 2319 816 sanctus
2358 767 2621 834 Thomas,
2659 772 2893 843 ejusque
2939 778 3294 834 nobilissima
3333 784 3542 851 schola,
3573 802 3639 840 ac

1943 847 2144 901 melior
2166 850 2539 908 Scotistarum
2578 873 2732 926 pars,
2764 860 3016 932 itemque
3044 883 3073 918 e
3103 868 3369 924 societate
3400 872 3636 941 plurimi

1941 937 2262 1004 gravissimi
2337 957 2402 994 ac
2473 944 2788 1002 doctissimi
2862 951 3165 1022 scriptores
3245 969 3632 1031 propugnant,

1941 1040 2191 1095 quorum
2242 1028 2460 1098 judicia
2523 1040 2720 1090 contra
2787 1042 3170 1097 recentiorum
3225 1028 3491 1104 censuras
3542 1069 3637 1122 ap-

1937 1114 2113 1182 pello.

1939 1199 1966 1268 ξ
1999 1202 2139 1296 l.
2163 1210 2259 1296 η
2271 1212 2511 1296 sancitur
2533 1214 2887 1296 Augustinus
2903 1220 3230 1296 excesserit,
3250 1224 3454 1277 docens
3468 1243 3636 1296 copu-

2007 1272 2127 1396 gam
2155 1278 2517 1396 coniugalem
2537 1272 2717 1338 solius
2741 1288 3054 1359 voluptatis
3073 1272 3270 1362 gratia.
3290 1311 3410 1348 esse
3439 1272 3636 1366 pede-a-

2034 1361 2129 1396 um
2153 1362 2318 1396 venm
2346 1368 2395 1396 ρ-

2034 1361 2129 1399 um
2153 1361 2395 1403 vemale.

2009 1433 2213 1489 Docuit
2272 1442 2627 1511 Augustinus
2687 1449 2955 1517 copulam
3006 1467 3135 1504 cum
3195 1469 3368 1506 uxore
3422 1455 3634 1526 absque

1933 1521 2110 1590 prolis
2140 1529 2486 1594 generandae
2513 1533 2801 1588 voluntate
2828 1544 3065 1608 propter
3095 1542 3275 1595 solam
3304 1521 3634 1598 delectatio-

1933 1624 2065 1663 nem
2097 1628 2216 1667 esse
2245 1623 2541 1684 peccatum
2592 1623 2828 1678 veniale.
2873 1627 2996 1680 Non
3027 1629 3212 1696 placet
3265 1633 3371 1684 hoc
3421 1633 3631 1686 dictum

93 1713 380 1777 Morinio’
440 1713 538 1785 qui
591 1714 646 1768 id
705 1717 862 1769 nulla
916 1718 1005 1771 vel
1052 1698 1327 1773 déctrinw
1385 1720 1662 1774 afﬁnitate
1706 1698 1892 1775 ’seuB
1929 1698 2233 1768 Augustini
2285 1705 2577 1774 Moraiuio,
2613 1710 2710 1764 sed
2764 1711 2844 1765 ait
2878 1713 3022 1783 disp.
3079 1720 3160 1782 l7,
3216 1735 3377 1772 num.
3420 1722 3507 1786 2'2,
3537 1738 3634 1774 c.12—

89 1803 472 1857 connexione
503 1805 576 1858 ab
605 1807 922 1876 Augustino
955 1808 1274 1863 factitatum
1325 1811 1828 1864 comminiscitur?

97 1892 288 1955 Quod
318 1909 453 1946 vero
482 1893 628 1947 hanc
659 1895 1078 1951 connexionem
1109 1898 1281 1952 etiam
1327 1901 1587 1952 Annatus
1634 1903 1825 1969 negat,

104 1978 284 2032 illam
336 1995 458 2049 cap.
485 1983 516 2033 8
549 1986 747 2034 contra
778 1983 1009 2037 eosdem
1045 1985 1434 2054 probabimus.
1465 1986 1700 2056 Magnus
1730 1986 1828 2040 ille

102 2067 634 2121 ecclesiasticorum
675 2070 985 2124 Annalium
1046 2073 1288 2142 scriptor
1346 2072 1620 2126 Baronius
1669 2073 1823 2143 ipsos

93 2155 470 2209 recentiores
499 2173 760 2210 excessus
798 2158 1005 2213 merito
1040 2165 1282 2230 accusat,
1322 2161 1423 2231 qui
1451 2161 1669 2215 Calvini
1700 2163 1824 2216 hae-

93 2243 292 2297 resim
343 2245 628 2314 fugientes
672 2245 733 2299 in
776 2247 1021 2301 alterum
1066 2254 1387 2304 extremum
1431 2266 1464 2304 a
1505 2251 1685 2304 sancti
1717 2255 1827 2305 Au-

92 2330 332 2401 gustini
363 2331 621 2385 doctrina
651 2332 1022 2401 discedentes,
1056 2335 1364 2403 declinant,
1392 2343 1447 2391 et
1495 2338 1730 2408 quidem
1761 2340 1821 2394 in

99 2421 223 2473 hac
282 2420 522 2474 materia
549 2420 616 2474 de
673 2421 1174 2490 praedestinatione
1209 2441 1222 2478 :
1259 2444 1286 2475 ι(
1320 2427 1460 2480 Cum
1506 2426 1702 2496 igitur,
1734 2427 1823 2481 in-

95 2507 263 2577 quit,
313 2507 501 2560 Fausti
531 2508 827 2562 sententiae
859 2509 1070 2579 ubique
1101 2511 1171 2564 ab
1211 2512 1452 2565 Ecclesia
1486 2512 1661 2568 fuerit
1687 2531 1826 2568 con-

93 2594 443 2656 tradictum,
488 2595 716 2648 videant
768 2603 982 2666 quanto
1022 2599 1276 2668 periculo
1327 2601 1563 2672 quidam
1612 2619 1681 2656 ex
1734 2620 1820 2657 re-

96 2680 489 2748 centioribus,
520 2682 655 2736 dum
685 2683 743 2735 in
774 2690 1070 2738 novatores
1101 2693 1431 2756 exsurgunt,
1467 2693 1530 2741 ut
1559 2704 1655 2742 eos
1686 2705 1820 2743 con-

95 2771 325 2830 futent,
375 2786 408 2822 a
455 2770 633 2823 sancti
684 2771 992 2841 Augustini
1039 2773 1108 2826 de
1148 2773 1651 2842 prwdestinatione
1690 2793 1820 2830 sen-

95 2857 296 2911 tentia
326 2858 618 2921 recedunt,
651 2875 781 2912 cum
812 2859 1027 2930 alioqui
1059 2878 1214 2914 arma
1247 2878 1362 2914 non
1394 2863 1582 2916 desint
1611 2864 1820 2934 quibus

108 2948 434 3002 adversarii
460 2948 858 3020 profligentur.
894 2968 922 3001 ››
954 2950 1123 3004 Anno
1156 2951 1281 3016 490,
1312 2967 1440 3020 pag.
1476 2953 1602 3005 449.

179 3035 292 3089 Sed
349 3036 518 3088 audio
550 3037 842 3090 Petavium
891 3037 1296 3092 inclamautem
1331 3056 1344 3093 :
1395 3060 1422 3087 ‹‹
1463 3040 1815 3111 Iampridem

93 3123 394 3193 disputari
422 3123 480 3176 in
511 3129 816 3196 utramque
858 3131 1080 3195 partem
1114 3127 1285 3196 ccepit
1330 3127 1390 3180 in
1420 3129 1626 3182 scholis
1653 3146 1812 3201 quae-

91 3212 217 3266 stio
265 3212 333 3266 de
370 3212 890 3282 praedestinatione,
933 3231 1122 3285 neque
1164 3232 1268 3285 pro
1320 3217 1514 3287 aliquo
1547 3218 1816 3287 praajudi-

91 3301 195 3355 cio
245 3301 432 3354 valere
462 3301 532 3354 ad
584 3302 729 3356 hanc
759 3304 1204 3358 controversiam
1261 3305 1474 3358 credita
1504 3310 1590 3360 est
1628 3310 1817 3360 aucto-

91 3388 249 3443 ritas
290 3388 612 3459 Augustini.
669 3409 694 3441 »
724 3391 884 3444 Tom.
916 3395 935 3445 l
983 3393 1188 3462 Dogm.
1221 3393 1420 3457 theol.,
1456 3393 1554 3446 lib.
1595 3410 1654 3461 x,
1687 3411 1811 3464 cap.

99 3482 165 3530 ί.
229 3475 340 3529 Sed
393 3475 566 3546 hujus
609 3477 938 3531 recentioris
983 3496 1149 3533 voces
1209 3480 1566 3550 gravissimo,
1631 3497 1814 3553 eoque

93 3563 425 3617 domestico
486 3563 816 3618 testimonio
888 3567 1284 3636 comprimam.
1342 3570 1508 3622 Anno
1563 3571 1716 3637 1584,
1780 3585 1814 3622 a

96 3653 344 3709 Claudio
376 3654 684 3724 Aquaviva,
729 3671 938 3726 magno
979 3657 1074 3710 illo
1123 3663 1180 3712 et
1213 3658 1653 3729 incomparabili
1685 3659 1814 3713 uni-

97 3757 287 3795 versa:
346 3740 638 3794 Societatis
697 3743 1083 3812 moderatore,
1139 3745 1354 3815 praevio
1413 3762 1508 3799 sex
1560 3745 1814 3800 doctissi-

100 3843 341 3881 morum
383 3828 785 3898 theologorum
828 3831 1082 3900 ejusdem
1122 3832 1370 3886 sodalitii
1408 3834 1689 3899 examine,
1722 3850 1814 3888 se-

98 3917 273 3968 lectae
323 3921 456 3968 sunt
486 3916 754 3986 quasdam
799 3920 1096 3973 sententiae
1143 3921 1411 3974 omnibus
1457 3919 1573 3973 suis
1620 3920 1813 3974 defen-

100 4001 338 4070 dendas,
369 4019 439 4056 ne
481 4004 738 4074 quolibet
783 4012 951 4061 vento
983 4008 1256 4062 doctrinae
1294 4008 1811 4064 circumferrentur.

102 4092 291 4145 Porro
321 4109 452 4164 pag.
487 4097 575 4160 37,
603 4093 703 4147 ubi
734 4095 803 4149 de
831 4096 1170 4166 opinionum
1203 4097 1423 4150 delectu
1447 4096 1659 4166 agitur,
1691 4096 1815 4150 haec

103 4180 382 4248 leguntur
413 4196 427 4232 :
483 4199 510 4229 α
547 4181 692 4234 Item
714 4182 1017 4237 deﬁnitum
1049 4188 1134 4237 est
1153 4182 1678 4254 praedestinationis
1708 4199 1814 4237 nec

1936 1791 2156 1841 cessisse
2204 1793 2476 1848 interdum
2524 1802 2660 1851 aestu
2720 1800 3114 1869 disputationis
3162 1807 3462 1875 abreptum,
3497 1815 3545 1861 et
3576 1813 3634 1862 in

1934 1875 2118 1929 odium
2146 1878 2365 1935 haeresis
2393 1900 2555 1951 quam
2578 1888 2958 1958 impugnabat,
2984 1892 3058 1945 ad
3087 1899 3418 1949 contrarium
3450 1903 3633 1952 ea'tre—

1935 1979 2079 2018 mum
2122 1965 2438 2024 declinasse.
2484 1974 2561 2026 Ne
2614 1975 2671 2028 id
2701 1976 2824 2031 vitii
2847 1981 3167 2050 Augustino
3214 1984 3486 2053 objiciens
3516 1988 3632 2040 lec-

1934 2055 2126 2106 torum
2192 2059 2386 2112 oculos
2464 2061 2733 2134 otl‘endat,
2810 2069 3185 2124 accusationis
3266 2074 3631 2128 acerbitatem

1933 2140 2200 2196 adverbio
2227 2148 2497 2203 interdum
2529 2151 2774 2223 mitigat,
2807 2172 2936 2209 cum
2967 2162 3179 2224 tamen,
3214 2161 3296 2213 uti
3351 2162 3630 2229 dicebam,

1931 2230 2144 2298 passim
2176 2237 2231 2286 et
2272 2235 2484 2307 ubique
2513 2240 2574 2292 in
2621 2241 2790 2296 hosce
2839 2261 3096 2300 excessus
3133 2250 3489 2319 praicipitem
3518 2256 3632 2305 Au-

1933 2321 2226 2390 gustinum
2263 2325 2455 2380 faciat.
2524 2330 2803 2386 Caeterum
2852 2336 3028 2388 sancti
3075 2337 3321 2392 doctoris
3353 2343 3635 2395 sententia

1931 2413 2223 2464 communi
2251 2420 2575 2471 sanctorum
2618 2421 2850 2475 Patrum
2879 2429 2934 2476 et
2961 2431 3218 2479 veterum
3272 2429 3633 2483 scholastico-

1932 2500 2274 2570 rumjudico
2299 2504 2594 2560 verissima
2621 2513 2724 2563 est.
2757 2511 2949 2581 Inquit
2974 2517 3326 2583 Augustinus
3358 2523 3512 2571 tonio
3543 2520 3634 2586 VI,

1932 2586 2028 2640 lib.
2089 2588 2156 2642 de
2209 2591 2366 2645 Bono
2419 2595 2728 2665 conjugali,
2787 2615 2906 2670 cap.
2972 2606 3040 2654 6:
3098 2604 3424 2673 Conjugalis
3477 2607 3631 2659 enim

1929 2677 2260 2730 concubitus
2290 2683 2604 2750 generandi
2633 2686 2816 2754 gratia
2845 2704 2962 2742 non
3009 2690 3181 2742 habet
3209 2694 3456 2760 culpam,
3495 2711 3628 2747 con-

1929 2763 2294 2832 cupiscentiae
2324 2785 2456 2822 vero
2496 2771 2788 2838 satiandae,
2822 2776 2917 2828 sed
2964 2781 3155 2830 tamen
3196 2796 3324 2832 cum
3366 2783 3626 2851 conjuge,

1927 2857 2165 2922 prOpter
2218 2854 2391 2935 ﬁdem
2449 2859 2562 2912 tori
2610 2861 2902 2916 venialem"
2948 2865 3120 2918 habet
3165 2870 3410 2937 culpam.
3445 2891 3465 2917 ι
3513 2872 3626 2924 Hoc

1928 2946 2206 2995 assertum
2261 2933 2531 3000 docuerat
2579 2948 2840 3003 Clemens
2883 2952 3192 3019 Romanus,
3253 2957 3357 3011 lib.
3390 2974 3442 3010 v1
3487 2959 3630 3012 Con-

1925 3030 2105 3084 stitut.
2145 3037 2351 3100 apost.,
2409 3039 2470 3087 ut
2512 3035 2708 3090 dicunt
2737 3056 2859 3107 cap.
2894 3045 2924 3092 '7
2952 3068 2962 3094 ε
2993 3061 3017 3090 ‹‹
3048 3042 3178 3095 Sola
3217 3043 3370 3098 enim
3420 3047 3624 3117 volup-

1923 3123 2029 3186 tas,
2071 3119 2117 3172 si
2148 3119 2276 3190 quis
2317 3137 2384 3174 ea
2439 3122 2612 3177 etiam
2660 3128 2936 3180 utaturin
2969 3131 3255 3200 conjugio,
3308 3137 3390 3187 est
3415 3141 3624 3204 praeter

1927 3207 2100 3276 leges,
2150 3212 2205 3262 et
2260 3208 2493 3280 injuste,
2552 3216 2669 3267 eta
2725 3215 2943 3269 ratione
3001 3218 3206 3273 aliena.
3245 3244 3270 3270 »
3303 3223 3367 3274 In
3424 3225 3622 3278 eadem

1925 3297 2205 3350 sententia
2233 3303 2319 3352 est
2367 3304 2594 3354 sanctus
2643 3305 2944 3358 Anselmus
2996 3306 3052 3359 in
3088 3310 3108 3362 Ι
3143 3311 3264 3363 Cor.
3300 3327 3396 3378 vu,
3427 3313 3497 3365 ad
3526 3313 3628 3367 illa

1922 3385 2129 3439 verba:
2158 3389 2266 3441 Hoc
2322 3393 2504 3443 autem
2555 3392 2847 3447 secundum
2889 3396 3302 3466 indulgentiam,
3356 3401 3456 3454 ubi
3501 3401 3622 3455 ait:

1925 3492 1952 3524 «
1988 3475 2146 3528 Tunc
2189 3476 2343 3532 enim
2395 3480 2583 3533 solum
2616 3482 2891 3553 conjuges
2923 3485 3045 3539 sine
3076 3489 3243 3557 culpa
3272 3495 3402 3542 sunt
3432 3489 3493 3542 in
3525 3492 3625 3545 ad-

1923 3563 2218 3629 mixtione,
2268 3582 2398 3620 cum
2458 3585 2576 3624 non
2618 3587 2722 3640 pro
2784 3575 3063 3643 explenda
3092 3576 3344 3643 libidine,
3378 3579 3475 3632 sed
3517 3595 3624 3648 pro

1923 3652 2282 3723 suscipienda
2312 3658 2469 3726 prole
2501 3659 2831 3714 miscentur.
2866 3663 2971 3716 Sed
3001 3667 3191 3718 tamen
3227 3671 3282 3719 et
3310 3667 3422 3720 alia
3465 3683 3623 3721 com-

1924 3741 2123 3796 mixtio
2153 3760 2281 3814 qua:
2327 3746 2392 3799 ﬁt
2447 3763 2554 3817 pro
2607 3749 2728 3802 sola
2757 3751 3065 3821 voluptate.
3128 3755 3354 3808 veniam
3405 3758 3626 3827 accepit

1922 3836 2158 3902 propter
2200 3833 2447 3902 nuptias.
2483 3857 2510 3884 ››
2539 3835 2774 3891 Sanctus
2830 3841 3183 3910 Fulgentius,
3231 3843 3292 3896 in
3341 3844 3506 3913 epist.
3554 3846 3623 3898 de

1927 3919 2124 3972 Debito
2161 3921 2471 3992 conjugali,
2505 3939 2630 3992 cap.
2683 3928 2734 3991 3,
2777 3928 3008 3982 scribit:
3041 3948 3068 3978 ‹‹
3111 3930 3455 4000 Conjugatus
3489 3948 3624 4001 ergo

1923 4006 1971 4058 si
2000 4007 2335 4078 fornicetur,
2367 4010 2770 4066 damnabiliter
2797 4020 2993 4084 peccat
3025 4033 3038 4080 ;
3071 4017 3118 4070 si
3146 4034 3277 4070 vero
3310 4019 3420 4071 tori
3451 4019 3621 4072 tidem

1922 4111 2038 4148 non
2065 4096 2306 4158 deserat,
2338 4097 2434 4151 sed
2463 4098 2522 4152 in
2553 4115 2731 4154 uxore
2780 4119 2881 4154 sua
2913 4103 3157 4157 naturali
3187 4105 3461 4158 duntaxat
3516 4123 3624 4160 usu

1923 4183 2344 4254 aliquantulum
2388 4184 2805 4257 intemperatus
2848 4192 3099 4253 excedat,
3152 4209 3268 4246 non
3303 4195 3490 4248 solum
3520 4196 3624 4249 sci-

103 4268 400 4322 rationem
455 4284 559 4322 nec
611 4271 1000 4324 conditionem
1058 4288 1177 4324 esse
1223 4287 1289 4325 ex
1322 4275 1482 4341 parte
1512 4274 1726 4324 nostra.
1751 4271 1814 4325 Id
1844 4297 1887 4351 Ι)
1925 4273 2057 4326 licet
2103 4275 2530 4344 generationem
2574 4293 2859 4348 quaerens,
2912 4281 3007 4334 sed
3041 4281 3351 4352 aliquando
3400 4284 3625 4338 libidini

103 4355 181 4409 ad
239 4355 514 4425 pietatem
562 4373 768 4426 parum
797 4358 1087 4429 pertinere
1118 4359 1266 4413 dicet
1297 4356 1504 4428 aliquis
1532 4374 1546 4423 ;
1583 4361 1638 4410 at
1667 4357 1816 4412 hanc

103 4443 414 4514 Augustini
466 4444 782 4500 doctrinam
833 4462 950 4500 non
993 4447 1164 4502 modo
1223 4445 1605 4500 communiter
1633 4445 1815 4499 Theo-

103 4533 380 4603 Iogorum
420 4533 614 4586 schola
651 4534 775 4603 jam
820 4535 1054 4606 recepit,
1108 4535 1202 4590 sed
1236 4540 1292 4590 et
1321 4533 1579 4588 Ecclesiae.
1623 4535 1816 4588 Patres

107 4637 216 4691 per
261 4620 416 4674 mille
465 4625 522 4674 et
569 4621 838 4676 ducentos
867 4623 1092 4678 circiter
1121 4640 1322 4690 annos,
1357 4622 1457 4693 qui
1486 4621 1548 4674 id
1577 4626 1812 4675 conten-

108 4709 260 4762 dunt
312 4707 557 4778 probare
611 4724 677 4762 ex
707 4709 1014 4781 Scripturis
1069 4714 1125 4764 et
1145 4708 1435 4780 responsis
1475 4707 1819 4779 pontiﬁcum

111 4798 531 4864 Romanorum,
591 4813 800 4868 nempe
857 4797 1082 4861 Zosimi,
1141 4796 1303 4865 Sixti,
1337 4794 1642 4861 C(elestini,
1678 4798 1817 4851 Leo-

107 4883 225 4948 nis,
310 4884 536 4950 Gelasii,
596 4888 745 4955 apud
813 4901 955 4955 quos
1029 4885 1424 4950 Massilienses,
1493 4883 1816 4953 Cassianus,

110 4973 354 5026 Faustus
409 4973 622 5044 aliique
669 4974 841 5044 hujus
897 4973 1420 5044 praedestinationis
1453 4979 1819 5043 oppugnato-

110 5076 204 5112 res
250 5060 400 5113 male
450 5077 679 5131 semper
719 5061 1040 5117 audierunt.
1083 5081 1112 5114 ››
1146 5062 1478 5116 Examinata
1517 5061 1642 5115 haec
1689 5079 1821 5118 cum

111 5145 238 5199 aliis
291 5147 574 5201 sententia
624 5147 732 5202 fuit
787 5166 821 5202 a
872 5151 1088 5203 Joanne
1139 5150 1342 5205 Azorio
1377 5149 1649 5217 Hispano,
1691 5152 1822 5206 Gas-

107 5252 247 5306 pare
296 5237 572 5290 Gonzalez
633 5238 919 5308 Lusitano,
967 5239 1176 5293 Jacobo
1224 5238 1375 5293 Tirio
1426 5237 1608 5307 Gallo,
1654 5242 1822 5294 Petro

113 5322 308 5376 Bufan
369 5323 685 5389 Austriaco,
749 5325 998 5380 Antonio
1083 5326 1330 5382 Guisano
1395 5345 1460 5384 ex
1538 5328 1822 5400 superiori

114 5409 442 5477 Germania,
494 5415 548 5465 et
589 5410 879 5482 Stephano
926 5415 1156 5486 Tuccio,
1196 5415 1297 5487 qui
1336 5417 1537 5472 Romae
1567 5417 1824 5473 moraba-

113 5501 227 5561 tur,
276 5503 346 5552 ut
385 5497 446 5552 in
475 5498 812 5569 praefatione
850 5499 1006 5556 illius
1053 5501 1186 5559 libri
1226 5504 1518 5560 asseritur.
1567 5508 1823 5575 Augusta

439 5651 451 5666 -
480 5615 754 5684 PATROL.
803 5618 1055 5687 XLVII.

1927 4361 2112 4416 carnis
2142 4362 2430 4432 obediens,
2464 4365 2574 4420 hoc
2596 4366 2862 4436 equidem
2895 4369 3016 4422 sine
3059 4372 3224 4440 culpa
3254 4388 3371 4425 non
3413 4373 3566 4426 facit.
3597 4394 3624 4425 »

1929 4452 1996 4505 Et
2023 4468 2145 4524 cap.
2175 4454 2246 4507 4:
2279 4472 2306 4504 α
2340 4455 2577 4509 Retenta
2609 4455 2878 4526 ergotori
2907 4455 3048 4511 ﬁdes
3103 4461 3387 4514 maculam
3435 4462 3621 4516 diluit.

1927 4557 2100 4611 quam
2157 4542 2442 4596 contrahit
2503 4544 2808 4598 inﬁrmitas
2863 4546 3071 4612 carnis,
3129 4547 3177 4600 si
3231 4551 3461 4604 mulieri
3508 4568 3626 4606 non

1927 4629 2230 4683 misceatur
2256 4631 2442 4699 alteri,
2484 4633 2744 4703 quisquis
2775 4650 2890 4688 non
2933 4652 3036 4706 pro
3067 4637 3189 4692 sola
3233 4640 3624 4710 generatione,

1927 4718 2026 4772 sed
2072 4717 2244 4771 etiam
2273 4725 2508 4789 propter
2554 4720 2924 4792 fragilitatem
2959 4725 3145 4779 carnis
3181 4743 3299 4780 sna:
3359 4729 3629 4782 miscetur

1926 4805 2110 4860 uxori.
2149 4825 2178 4856 ι)
2211 4807 2320 4861 Sed
2378 4824 2446 4861 ex
2489 4815 2682 4864 sancto
2729 4811 3005 4881 Gregorio
3052 4831 3202 4885 papa
3244 4817 3624 4886 pulcherrime

1927 4895 2036 4949 hoc
2078 4896 2371 4965 probatur.
2416 4897 2558 4951 Cum
2609 4904 2834 4954 sanctus
2883 4904 3236 4971 Augustinus
3291 4904 3623 4968 monachus,

1929 4998 2102 5053 quem
2132 4983 2201 5037 ad
2239 4985 2452 5055 Anglos
2499 4987 2568 5040 ad
2623 4986 2795 5041 ﬁdem
2851 4991 3266 5045 convertendos
3307 4993 3366 5045 in
3398 4992 3628 5044 Britan-

1928 5069 2085 5122 niam
2114 5070 2370 5137 miserat,
2423 5072 2688 5141 quazdam
2741 5075 2916 5129 dubia
2975 5077 3159 5130 eidem
3213 5079 3621 5147 proposuisset.

1928 5157 2079 5212 inter
2107 5174 2237 5228 quae
2263 5175 2403 5213 num
2435 5159 2518 5213 vir
2539 5177 2654 5215 suae
2687 5163 2918 5234 conjugi
2958 5164 3268 5234 permixtus
3316 5172 3624 5237 antequam

1931 5265 2079 5319 aqua
2109 5250 2417 5312 lavaretur,
2466 5250 2760 5305 ecclesiam
2798 5252 3023 5322 ingredi
3069 5257 3278 5322 posset,
3311 5256 3398 5309 vel
3441 5256 3512 5310 ad
3543 5272 3629 5310 sa-

1931 5355 2085 5394 cram
2153 5339 2624 5394 communionem
2686 5342 2972 5407 accedere,
3039 5344 3346 5412 respondet
3401 5351 3627 5402 sanctus

1930 5427 2187 5499 pontifex
2215 5427 2314 5482 lib.
2365 5443 2441 5482 xu
2471 5429 2669 5500 Epist.,
2718 5445 2840 5500 cap.
2898 5432 2983 5495 l0,
3019 5430 3091 5485 ad
3145 5429 3478 5506 interrogat.
3511 5439 3627 5489 Au-

1932 5521 2082 5588 gust.
2119 5533 2131 5571 :
2161 5535 2188 5567 «
2222 5518 2617 5572 Romanorum
2646 5521 2841 5572 tamen
2861 5533 3088 5590 semper
3117 5520 3187 5575 ab
3207 5523 3629 5594 antiquioribus

3192 5636 3272 5693 22
