3906 6182
410 278 511 331 683

1420 266 1976 323 SUPPLEMENTUM
2019 268 2108 321 AD
2147 266 2381 322 OPERA
2422 267 2478 320 8.
2519 266 2905 321 AUGUSTINI-
3734 280 3812 331 684

409 413 546 452 usus
569 394 695 462 fuit,
724 397 853 466 post
881 390 1292 446 admixtioncm
1334 387 1580 458 propriae
1627 387 1889 458 conjugis
1937 391 1992 441 et
2022 388 2096 440 la-
2134 390 2180 443 A
2211 387 2257 440 si
2300 403 2444 443 uxor
2472 389 2605 458 Lnon
2645 392 2810 455 esset,
2843 392 2980 441 tunc
3007 401 3124 440 non
3149 391 3233 440 est
3259 389 3564 445 omnimoda
3592 392 3820 450 inordina.

409 484 562 538 vacri
589 480 1053 554 puriﬁcationem
1081 491 1362 548 quaerere,
1422 480 1479 530 et
1509 477 1578 530 ab
1624 477 1884 546 ingressu
1928 476 2100 529 eccle-

413 573 513 627 sias
537 572 835 642 paululum
866 571 1190 622 reverenter
1211 565 1518 619 abstinere.
1559 566 1669 619 Nec
1702 566 1821 618 haec
1853 565 2105 619 dicentes

413 661 756 731 deputamus
786 657 1012 726 culpam
1068 671 1192 709 esse
1247 655 1606 726 conjugium,
1650 655 1748 709 sed
1807 655 1940 725 quia
1983 656 2109 725 ipsa

414 751 568 804 licita
597 746 868 802 admixtio
916 744 1226 815 conjugum
1272 745 1391 798 sine
1433 745 1720 814 voluptate
1767 745 1952 797 carnis
1981 742 2109 796 ﬁeri

415 855 530 892 non
562 840 766 908 potest,
826 852 859 888 a
909 833 1054 888 sacri
1083 832 1193 887 loci
1239 833 1502 903 ingressu
1551 832 1956 886 abstinendum
2001 835 2103 896 est,

415 926 549 997 quia
577 925 840 994 voluptas
862 922 986 993 ipsa
1015 939 1136 976 esse
1167 922 1288 976 sine
1309 923 1474 992 culpa
1496 923 1821 975 nullatenus
1845 917 2050 990 petest.
2079 937 2105 971 ι)

415 1017 481 1069 Et
523 1018 718 1084 postea
750 1029 762 1066 :
801 1033 822 1062 ι
859 1013 914 1067 Si
942 1011 1070 1082 quis
1102 1027 1237 1082 ergo
1289 1027 1446 1064 suam
1489 1011 1812 1081 conjugem,
1862 1025 1980 1063 non
2011 1025 2107 1062 cu-

413 1102 606 1174 pidine
632 1100 939 1170 voluptatis
969 1104 1190 1169 captus,
1233 1099 1330 1153 sed
1378 1099 1736 1153 solummodo
1795 1098 2110 1151 liberorum

415 1190 786 1245 creandorum
821 1188 1002 1259 gratia
1049 1188 1245 1256 utitur,
1297 1187 1402 1240 iste
1450 1188 1702 1257 profecto
1743 1187 1812 1241 de
1851 1187 2112 1257 ingressu

415 1279 687 1346 ecclesias,
730 1294 831 1332 seu
861 1278 931 1331 de
962 1279 1238 1331 sumendo
1286 1277 1540 1348 corporis
1579 1276 1860 1331 Dominici
1886 1275 2113 1346 sangui-

415 1369 621 1440 nisque
651 1367 920 1438 mysterio
951 1382 1053 1421 suo
1085 1371 1168 1420 est
1200 1366 1609 1438 relinquendus
1647 1364 1885 1436 judicio,
1920 1365 2055 1436 quia
2080 1381 2113 1418 a

418 1458 580 1512 nobis
609 1455 904 1525 prohiberi
932 1470 1045 1508 non
1077 1455 1243 1509 debet
1272 1456 1546 1526 accipere,
1579 1455 1678 1526 qui
1724 1455 1785 1508 in
1827 1454 1957 1525 igne
2009 1469 2110 1523 po-

419 1547 558 1600 situs
585 1544 764 1598 nescit
795 1543 1014 1597 ardere.
1049 1544 1188 1597 Cum
1212 1560 1345 1597 vero
1383 1560 1500 1597 non
1533 1559 1692 1597 amor
1744 1542 2112 1613 procreandae

420 1634 654 1700 sobolis,
711 1633 805 1686 sed
838 1633 1097 1701 voluptas
1127 1632 1456 1686 dominatur
1519 1634 1578 1685 in
1627 1648 1798 1702 opere
1840 1631 2113 1685 commix-

419 1723 606 1788 tionis,
657 1721 871 1775 habent
911 1721 1182 1791 conjuges
1216 1721 1387 1774 etiam
1433 1721 1500 1775 de
1546 1737 1646 1774 sua
1685 1721 2109 1785 commixtione,

420 1811 570 1882 quod
604 1810 870 1864 delleant.
909 1828 931 1856 ι
975 1810 1154 1876 Idem,
1200 1809 1460 1863 adductis
1499 1809 1612 1864 illis
1656 1810 1841 1863 verbis
1885 1810 2043 1863 Pauli
2092 1811 2113 1862 l

420 1901 546 1954 Cor.
579 1916 653 1952 vn
688 1916 699 1952 :
733 1901 839 1952 Hoc
873 1903 1050 1952 autem
1083 1899 1202 1952 dico
1223 1898 1512 1953 secundum
1543 1899 1959 1965 indulgentiam,
1985 1899 2065 1952 ait
2096 1914 2110 1953 :

423 2011 444 2036 ο
483 1991 608 2042 Non
664 1987 817 2040 enim
849 1987 1183 2056 indulgetur
1233 1988 1385 2058 quod
1441 1987 1570 2040 licet
1627 1992 1682 2040 et
1726 1987 1947 2057 justum
2007 1991 2109 2041 est.

419 2077 578 2142 Quod
605 2077 758 2130 enim
787 2073 1078 2146 indulgeri
1109 2077 1267 2143 dixit,
1302 2077 1527 2146 culpam
1555 2092 1673 2128 esse
1705 2075 2057 2128 monstravit.
2084 2095 2111 2127 »

421 2167 501 2220 En
531 2182 647 2220 non
697 2166 880 2219 solum
904 2165 1208 2234 Augustini
1245 2165 1587 2218 sententiam
1617 2169 1887 2217 assertam
1919 2181 1950 2218 a
1983 2165 2116 2219 Gre-

421 2254 582 2324 gorio
610 2255 810 2324 Magno
866 2269 933 2306 ex
982 2254 1290 2323 apostolica
1319 2253 1449 2307 sede
1505 2253 1576 2307 ad
1604 2252 1863 2306 ﬁdelium
1894 2251 2112 2308 instru-

421 2343 665 2396 ctionem
714 2343 1002 2412 loquente,
1053 2358 1250 2395 verum
1297 2341 1468 2396 etiam
1519 2357 1582 2396 ex
1621 2342 1890 2411 Apostolo
1943 2346 1998 2396 et
2050 2360 2113 2396 cx

422 2431 658 2501 antiquo
681 2432 953 2484 Romanae
977 2430 1233 2483 Ecclesiae
1263 2429 1375 2483 ritu
1407 2429 1667 2483 eamdem
1698 2430 2111 2485 conﬁrmatam.

421 2520 568 2584 Quid
621 2521 690 2573 ad
737 2520 859 2573 haec
907 2536 1167 2589 repones,
1213 2518 1493 2574 Moraini?
1529 2519 1594 2572 Et
1651 2519 2010 2589 Gregorium,
2060 2523 2116 2573 et

423 2607 807 2678 Fulgentium,
842 2613 897 2662 et
926 2609 1281 2674 Ansclmum,
1316 2613 1370 2660 et
1401 2608 1753 2662 Clementem
1790 2609 1860 2661 ad
1902 2608 2112 2678 praeci-

420 2697 561 2768 pitia
590 2697 884 2750 deﬂexisse
937 2697 1089 2750 dices
1108 2696 1135 2750 ?
1163 2699 1235 2750 At
1261 2695 1352 2749 isti
1382 2697 1539 2749 nullo
1560 2702 1700 2750 testu
1721 2696 2115 2767 disputationis

418 2785 640 2854 abrepti
660 2785 757 2838 illa
793 2785 1006 2854 dixere,
1040 2785 1189 2839 unde
1222 2785 1449 2855 gravius
1481 2801 1696 2838 errasse
1721 2802 1856 2839 sane
1892 2785 2115 2841 dicendi

417 2878 573 2940 sunt,
605 2890 734 2927 cum
765 2874 1151 2944 Augustinum
1199 2876 1354 2927 zelus
1409 2873 1659 2928 hostium
1701 2876 2113 2945 expugnando-

417 2979 548 3018 rum
580 2967 827 3019 excuset.

486 3053 592 3106 Sed
626 3054 756 3107 volo
793 3053 1091 3108 ostendere
1140 3053 1444 3123 theologia:
1501 3051 1851 3106 scholasticae
1911 3069 2111 3123 proce-

417 3159 504 3196 res
533 3142 592 3195 in
624 3143 822 3196 eadem
836 3142 1119 3197 sententia
1149 3158 1278 3196 cum
1295 3141 1616 3211 Augustino
1635 3141 1972 3196 concinere.
1995 3144 2112 3196 Pri-

417 3246 546 3284 mus
580 3229 669 3296 sit,
703 3246 876 3301 quem
909 3245 1108 3283 omnes
1159 3229 1337 3282 secuti
1385 3233 1535 3293 sunt,
1567 3229 1830 3298 Magister
1873 3230 2113 3284 Senten-

414 3320 647 3386 tiarum,
684 3319 784 3389 qui
814 3318 873 3372 in
904 3320 958 3386 4,
1001 3319 1128 3373 dist.
1163 3322 1250 3385 3t,
1285 3318 1363 3371 ita
1421 3316 1614 3370 scribit
1647 3332 1659 3369 :
1705 3334 1731 3368 α
1767 3318 1880 3369 Hoc
1921 3323 2111 3371 autem

414 3425 485 3462 ne
515 3407 802 3478 praedictis
828 3406 1034 3468 obviet,
1069 3405 1507 3475 intelligendum
1540 3410 1624 3457 est
1653 3404 1712 3458 in
1744 3404 1855 3457 illis
1877 3405 1976 3475 qui
2001 3422 2111 3459 non

412 3496 597 3565 gratia
644 3495 822 3565 prolis
852 3493 1214 3558 conveniunt,
1281 3508 1528 3562 quorum
1578 3493 1842 3562 voluptas
1883 3509 1997 3546 non
2029 3500 2115 3548 est

415 3585 536 3638 sine
589 3589 840 3654 peccato.
878 3602 906 3632 »
955 3584 1021 3636 Et
1066 3581 1318 3650 loquitur
1359 3581 1427 3634 de
1480 3582 1820 3651 conjugatis.
1871 3583 2115 3637 Accedat

412 3673 677 3726 Albertus
720 3673 973 3743 Magnus,
1019 3675 1174 3724 tomo
1223 3671 1356 3738 XVI,
1407 3672 1439 3724 4
1481 3669 1928 3739 Sententiarum,
1982 3672 2108 3727 dist.

417 3765 504 3825 3i,
538 3765 643 3814 art.
696 3763 785 3826 2t,
838 3760 1196 3830 §Responsio
1232 3803 1244 3828 ,
1278 3760 1378 3813 ubi
1428 3760 1542 3814 ait:
1596 3783 1617 3808 ι
1655 3761 1763 3815 Sed
1820 3778 1950 3815 cum
1996 3763 2115 3816 sola

413 3851 591 3905 libido
628 3854 836 3916 movet,
869 3855 996 3915 etc.,
1033 3854 1130 3903 aut
1182 3849 1360 3902 fervet
1397 3849 1548 3903 intra
1585 3854 1763 3903 metas
1801 3850 2114 3904 honestatis

413 3945 468 3994 et
497 3938 873 3994 concessionis
902 3936 1276 4002 matrimonii,
1307 3943 1364 3991 et
1390 3941 1528 3991 tunc
1556 3936 1778 3992 veniale
1809 3938 2113 3994 dicendum

412 4033 514 4094 est,
549 4032 610 4081 ut
642 4032 797 4098 patet
834 4041 901 4080 ex
938 4025 1125 4079 verbis
1168 4025 1476 4096 Augustini
1505 4025 1564 4078 in
1597 4025 1786 4079 littera
1829 4027 2045 4097 positis.
2085 4050 2109 4076 »

412 4119 566 4175 Dabo
615 4118 746 4172 huic
777 4132 1085 4186 supparem
1141 4115 1529 4170 Alexandrum
1576 4116 1865 4182 Alensem,
1898 4121 2044 4186 part.
2075 4134 2112 4172 ιι

408 4208 680 4273 Summae,
715 4211 915 4276 quiest.
967 4207 1086 4268 147,
1137 4204 1350 4258 memb.
1393 4205 1463 4256 2:
1514 4221 1539 4254 α
1575 4203 1632 4257 Si
1679 4205 1854 4271 enim,
1897 4205 2104 4278 inquit,

2214 474 2313 544 tio,
2369 481 2426 530 et
2474 482 2612 530 tunc
2659 479 2746 531 est
2789 481 3084 546 peccatum
3122 475 3352 544 veniale,
3385 483 3438 533 et
3463 487 3727 535 excusatur
3748 501 3818 555 per

2215 567 2430 621 bonum
2458 565 2832 631 matrimonii,
2865 569 2930 620 ut
2959 581 3075 619 non
3107 564 3180 619 sit
3203 568 3443 622 mortale.
3476 587 3501 619 1)
3541 571 3736 625 Possem
3757 574 3817 628 in-

2217 671 2489 710 numeros
2538 656 2796 710 doctores
2851 654 3080 719 addere,
3140 653 3238 724 qui
3265 655 3436 724 plenis
3463 658 3716 730 suffragiis
3744 665 3818 715 Au-

2219 745 2434 815 gustini
2487 743 2830 799 sententiam
2887 742 3280 813 comprobant.
3339 745 3558 814 Appello
3610 747 3819 814 Sancliez,

2217 833 2368 886 inter
2391 833 2732 886 recentiores
2759 831 3172 898 doctissimum,
3208 831 3305 902 qui
3335 836 3486 886 torno
3511 835 3578 886 Ill
3599 835 3658 889 de
3685 838 3820 891 Matri-

2219 922 2412 975 monio
2442 922 2538 975 lib.
2573 937 2645 987 1x,
2687 920 2834 990 disp.
2870 923 2954 987 11,
2989 937 3150 975 num.
3182 922 3232 986 4,
3277 921 3416 976 hanc
3442 923 3628 977 thesim
3665 942 3820 997 propo-

2219 1010 2304 1063 nit
2343 1026 2356 1063 :
2403 1029 2425 1058 α
2468 1009 2724 1064 Secunda
2775 1009 3060 1063 conclusio
3102 1026 3115 1065 :
3161 1013 3329 1064 Actus
3374 1012 3659 1082 coniugalis
3698 1017 3824 1069 solius

2218 1099 2522 1170 voluptatis
2578 1099 2759 1170 gratia
2813 1099 3090 1154 exercitus
3122 1141 3135 1166 ,
3193 1117 3296 1155 nec
3351 1100 3484 1155 ﬁnes
3544 1103 3823 1157 matrimonii

2220 1186 2665 1258 transgrediens,
2696 1191 2779 1241 est
2805 1188 2973 1258 culpa
3011 1189 3271 1242 venialis.
3316 1208 3343 1241 »
3372 1188 3524 1252 Quod
3552 1205 3668 1243 sane
3696 1208 3826 1243 asser-

2219 1281 2342 1330 tum
2374 1276 2793 1347 quinquaginta
2818 1277 3117 1331 doctorum
3143 1283 3267 1332 tum
3295 1283 3540 1332 veterum
3566 1282 3673 1333 tum
3690 1296 3828 1334 recen-

2221 1364 2436 1418 tiorum
2466 1366 2808 1420 testimoniis
2843 1368 3178 1423 communit.
3215 1370 3368 1423 Hanc
3403 1368 3569 1423 sancti
3595 1371 3829 1441 Augustini

2223 1453 2563 1509 sententiam
2593 1471 2780 1526 nuper
2809 1457 3063 1511 defendit
3101 1462 3299 1512 noster
3328 1459 3386 1512 P.
3417 1457 3620 1528 Alipius
3662 1458 3828 1528 Reylof,

2224 1542 2414 1613 Belga,
2461 1543 2561 1599 lib.
2602 1561 2656 1598 1v
2687 1545 2756 1599 de
2786 1546 3010 1615 Anima,
3042 1563 3088 1600 c.
3122 1550 3229 1615 2,§
3263 1550 3313 1601 4.
3348 1548 3367 1600 l
3398 1564 3558 1612 nunc,
3599 1548 3830 1608 Moraines,

2228 1637 2285 1685 et
2312 1633 2632 1702 Augustino
2663 1633 2916 1688 furorem
2947 1635 3310 1705 nimiumque
3344 1635 3402 1688 in
3429 1635 3728 1704 disputando
3753 1637 3830 1687 im-

2226 1726 2424 1791 petum
2455 1737 2697 1792 oppone.
2726 1723 2807 1776 Ita
2829 1727 2933 1788 est,
2967 1740 2998 1777 a
3028 1724 3189 1794 regia
3214 1724 3305 1777 via
3335 1723 3394 1777 in
3423 1729 3651 1778 extrema
3674 1723 3748 1777 ille
3771 1725 3832 1777 de-

2222 1808 2473 1878 clinavit,
2527 1811 2621 1865 sed
2653 1827 2843 1866 secum
2898 1817 2953 1864 et
3009 1814 3203 1866 Patres
3256 1816 3312 1866 et
3341 1816 3560 1866 cunctos
3604 1812 3830 1881 theologia

2224 1915 2484 1969 proceres
2497 1900 2685 1966 traxit,
2718 1905 2782 1953 ut
2805 1901 2925 1971 jam
2940 1905 3025 1954 tot
3049 1900 3480 1971 sapientissimis
3503 1900 3625 1954 viris
3639 1916 3830 1971 praeua-

2223 1988 2374 2040 tibus
2403 1988 2581 2057 possit
2608 1987 2847 2058 quilibet
2878 1989 3160 2044 inoffenso
3183 1990 3331 2061 pede
3367 1991 3491 2044 illac
3518 1991 3617 2043 iter
3647 2005 3829 2059 carpere,

2222 2074 2353 2129 licet
2379 2076 2654 2129 Moraincs
2685 2076 2796 2131 alia
2823 2076 2914 2130 via
2943 2079 3368 2148 progrediatur,
3407 2077 3502 2149 qui
3530 2077 3572 2130 si
3598 2077 3718 2131 forte
3741 2082 3829 2129 tan—

2221 2167 2412 2217 torum
2443 2164 2695 2217 virorum
2724 2164 2966 2235 vestigia
3008 2171 3287 2235 notasset,
3335 2167 3551 2221 eosdem
3576 2171 3624 2220 et
3657 2165 3750 2235 ipse
3773 2180 3829 2217 se-

2221 2257 2405 2318 cutus,
2436 2253 2567 2308 licet
2596 2255 2769 2326 longo
2799 2252 3020 2326 pesitus
3048 2255 3370 2324 intervallo,
3405 2256 3508 2310 sibi
3546 2254 3719 2310 melius
3738 2268 3829 2306 con.

2223 2342 2509 2398 suluisset.

2296 2432 2422 2485 Haec
2452 2429 2686 2501 quidem
2721 2431 2789 2484 de
2817 2430 3052 2502 objectis
3083 2431 3152 2486 ab
3183 2448 3306 2487 uno
3337 2431 3591 2488 Morainio
3624 2427 3830 2501 Augusti-

2223 2519 2410 2574 nianae
2471 2519 2746 2573 doctrinas
2802 2520 3121 2574 excessibus
3178 2521 3336 2576 dicta
3373 2522 3654 2588 sufﬁciant,
3689 2515 3830 2591 quaesi

2223 2608 2452 2678 ipsimet
2480 2607 2825 2661 recentiores
2856 2607 3129 2664 attentius
3161 2611 3540 2677 considerent,
3569 2609 3715 2665 dubio
3739 2623 3827 2676 pro-

2225 2698 2314 2750 cul
2345 2697 2674 2750 fatebuntur
2702 2713 2816 2750 non
2845 2698 3259 2768 Augustinum,
3285 2701 3383 2755 sed
3411 2704 3580 2754 semet
3604 2699 3657 2753 in
3675 2699 3831 2768 pericu-

2227 2788 2362 2840 losos
2406 2802 2649 2840 excessus
2687 2785 3024 2852 declinasse;
3071 2801 3202 2841 cum
3253 2790 3407 2843 enim
3436 2787 3832 2843 audirentalan-

2225 2873 2382 2927 senio
2441 2873 2661 2942 lprensi
2720 2873 2986 2944 episcopo
3040 2891 3226 2930 unum
3276 2877 3485 2948 ubique
3537 2875 3833 2947 Augustinum

2149 2975 2188 3031 ο
2228 2961 2472 3026 laudari,
2503 2960 2671 3014 unius
2698 2962 3000 3030 Augustini
3018 2964 3357 3032 sententias,
3396 2966 3563 3020 veluti
3590 2981 3648 3017 ex
3674 2959 3837 3015 oraculo

2223 3065 2493 3120 responsa
2522 3049 2785 3118 proferri,
2818 3050 3200 3121 eumdemque
3239 3053 3298 3106 in
3334 3052 3633 3123 theologica
3657 3051 3837 3120 palestra

2224 3157 2395 3210 supra
2442 3145 2676 3193 caeteros
2715 3141 2973 3194 Ecclesiae
3015 3143 3207 3196 Patres
3259 3145 3458 3206 attolli,
3494 3143 3594 3214 ipsi
3633 3156 3725 3212 quo
3754 3151 3838 3206 pre

2223 3230 2310 3282 cul
2356 3245 2388 3281 a
2425 3228 2690 3282 Jansenio
2731 3229 3101 3294 declinarent,
3143 3248 3209 3284 eo
3247 3248 3426 3302 usque
3454 3229 3734 3302 praecipites
3765 3224 3837 3275 dis-

2217 3319 2521 3386 putationis
2548 3321 2682 3370 azstu
2719 3317 2933 3385 abrepti
2969 3322 3121 3381 sunt,
3165 3322 3230 3372 ut
3269 3320 3579 3391 Augustino
3613 3318 3710 3371 fere
3743 3327 3838 3365 nun-

2221 3408 2366 3460 tium
2397 3407 2743 3468 remiserint,
2781 3407 3090 3461 clamantes
3138 3425 3275 3462 cum
3315 3409 3579 3463 Morainio
3608 3407 3660 3460 in
3692 3400 3833 3474 prata-

2222 3497 2376 3550 tionc
2409 3495 2825 3549 Anti-Jansenii
2859 3512 2871 3549 :
2907 3515 2933 3546 α
2962 3497 3068 3560 Qui
3098 3497 3265 3567 prius
3288 3499 3652 3569 Augustinum
3678 3495 3724 3546 in
3749 3506 3835 3544 om-

2222 3584 2390 3637 nibus
2422 3583 2802 3652 deposcebant
2825 3584 3098 3653 judicem,
3134 3602 3291 3640 nunc
3317 3587 3396 3641 ibi
3434 3587 3653 3640 liberum
3695 3580 3837 3652 putant-

2223 3689 2295 3726 ne
2347 3672 2579 3743 quidem
2638 3672 2918 3726 arbitrum
2972 3673 3352 3729 honorarium
3384 3674 3444 3729 in
3473 3675 3594 3728 aliis
3623 3671 3753 3725 illum
3778 3664 3838 3718 ad-

2223 3761 2467 3814 mittere.
2532 3782 2552 3807 n
2619 3761 2762 3827 Imo,
2795 3776 2910 3831 quo
2947 3759 3168 3815 facilius
3226 3769 3456 3818 caeteros
3500 3763 3564 3817 ad
3607 3753 3838 3829 Augustini

2223 3851 2372 3906 dicta
2423 3849 2802 3904 examinanda
2855 3850 3198 3917 animarent,
3267 3853 3518 3908 divinum
3556 3851 3658 3906 illis
3682 3847 3738 3902 ad
3761 3849 3839 3897 tam

2224 3943 2482 3993 sanctum
2522 3955 2664 4010 Opus
2697 3938 2976 3992 auxilium
3018 3939 3355 3995 adfuturum
3388 3939 3612 4011 polliciti
3639 3938 3746 3990 sunt
3765 3929 3841 3984 illis

2223 4027 2435 4082 Annati
2471 4028 2702 4082 vocibus
2739 4027 2839 4082 lib.
2870 4045 2966 4082 vui
3002 4028 3089 4082 sui
3137 4030 3446 4101 Augustini
3475 4024 3730 4089 vindicati,
3755 4034 3839 4087 cap-

2224 4118 2274 4184 5,
2310 4133 2438 4186 pag.
2473 4118 2572 4170 897
2613 4131 2627 4168 :
2673 4135 2700 4166 ‹‹
2735 4115 2930 4185 Neque
2959 4115 3098 4170 adeo
3128 4133 3464 4187 perversum
3502 4122 3580 4172 est
3624 4115 3712 4168 hoc
3747 4123 3840 4162 con-

2223 4204 2437 4271 silium,
2468 4208 2531 4257 ut
2563 4202 2771 4257 habere
2800 4220 2917 4257 non
2947 4205 3126 4275 possit
3155 4206 3481 4277 adjutorem
3511 4207 3688 4260 Deum.
3717 4221 3736 4248 υ
3763 4201 3841 4250 Au-

411 4297 508 4349 illa
540 4269 840 4350 delectatio
869 4294 939 4347 sit
967 4294 1072 4346 sub
1101 4295 1236 4361 Deo,
1277 4291 1499 4345 veniale
1526 4269 1848 4360 peccatum?
1873 4269 2105 4361 est,-ex;
2146 4269 2190 4324 Β
2222 4269 2483 4360 gustintls
2524 4291 2594 4344 ad
2645 4269 3051 4346 Adrumetiuos
3099 4269 3427 4362 monachos,
3458 4292 3612 4348 initio
3655 4286 3758 4343 libri
3797 4281 3843 4333 de

411 4387 641 4436 cusatur
684 4381 838 4434 enim
885 4384 1123 4449 propter
1154 4383 1578 4432 sacramentum
1628 4380 1923 4450 conjugii;
1960 4383 2109 4437 unde

410 4468 785 4538 Augustinus,
830 4468 898 4522 de
932 4469 1083 4520 Bono
1112 4464 1416 4537 conjugali,
1450 4470 1560 4519 etc.
1605 4487 1631 4514 ››
1666 4467 1747 4520 Ita
1777 4467 1837 4520 hi
1868 4468 1980 4522 duo
2029 4471 2111 4523 lu-

411 4557 569 4610 mina
614 4557 950 4628 theologicze
1016 4556 1222 4610 scholae
1280 4570 1408 4608 eam
1456 4554 1800 4608 sententiam
1853 4557 2106 4625 tradunt,

410 4643 715 4714 Augustini
743 4644 1141 4698 auctoritatem
1191 4642 1387 4696 secuti.
1437 4643 1561 4696 Non
1604 4642 1869 4697 dissentit
1887 4647 2110 4716 Angeli-

409 4747 509 4785 cus
560 4731 832 4802 magister
873 4734 1098 4784 sanctus
1138 4731 1402 4797 Thomas,
1461 4731 1592 4785 dist.
1643 4732 1847 4795 3l,cit.
1903 4739 2104 4803 quaest.

406 4824 462 4890 2,
494 4823 600 4875 art.
642 4823 695 4886 3,
752 4818 853 4873 ubi
911 4820 1119 4890 quierit
1177 4825 1372 4874 utrum
1429 4825 1624 4890 peccet
1654 4822 1974 4877 mortaliter
2014 4842 2106 4879 co-

406 4925 684 4983 gnoscens
734 4924 973 4964 uxorem
1019 4908 1370 4964 intendendo
1419 4910 1596 4964 solam
1646 4910 2104 4982 delectationem,

402 4998 496 5054 cui
526 4998 830 5071 quaestioni
861 4999 920 5052 in
951 4997 1064 5052 ﬁne
1088 4998 1344 5068 corporis
1390 4999 1698 5069 respondet
1724 5015 1736 5053 :
1765 5022 1786 5049 α
1823 5000 1880 5055 Si
1911 5007 2103 5058 autem

404 5094 699 5160 quaeratur
718 5086 1016 5142 delectatio
1045 5086 1193 5140 infra
1225 5086 1431 5140 limites
1476 5087 1853 5159 matrimonii,
1903 5095 1966 5144 ut
2001 5091 2105 5144 sci-

404 5176 538 5230 licet
566 5177 696 5230 talis
724 5174 1022 5230 delectatio
1045 5174 1105 5227 in
1139 5174 1251 5228 alia
1277 5190 1391 5228 non
1441 5182 1798 5246 quaereretur
1840 5193 2013 5248 quam
2047 5179 2106 5234 in

406 5264 669 5334 conjuge,
702 5265 779 5318 sic
809 5267 894 5318 est
923 5261 1142 5317 veniale
1175 5267 1491 5333 peccatum.
1533 5287 1559 5314 υ
1605 5266 1886 5336 Jungatur
1921 5270 2105 5339 Ange-

405 5351 513 5403 lico
540 5351 876 5420 Serapbicus
905 5351 1103 5405 doctor
1131 5351 1548 5418 Bonaventura,
1603 5353 1702 5424 qui
1738 5354 1866 5409 dist.
1903 5358 2103 5412 eadem

405 5441 607 5506 quaest.
643 5439 694 5502 3,
725 5437 784 5490 in
812 5439 943 5504 ﬁne,
988 5437 1347 5507 itajudicat:
1386 5459 1414 5487 ‹‹
1443 5438 1499 5492 Si
1544 5445 1734 5494 autem
1781 5442 1840 5495 in
1884 5459 1950 5496 ea
1982 5445 2104 5500 vult

403 5523 688 5592 delectari,
723 5525 858 5594 quia
887 5541 1047 5593 uxor,
1071 5531 1127 5579 et
1154 5527 1311 5581 nullo
1341 5527 1510 5581 modo
1538 5544 1663 5582 eam
1710 5539 2098 5604 cognosceret,

2219 4380 2409 4435 Gratia
2465 4384 2520 4434 et
2574 4380 2753 4434 libero
2824 4381 3082 4445 arbitrio,
3143 4384 3386 4454 scripsit,
3435 4382 3518 4449 ad
3579 4396 3668 4434 sua
3714 4371 3842 4446 ἱρείας

2220 4471 2428 4540 scripta
2458 4470 2846 4541 intelligenda,
2882 4470 3134 4526 divinam
3165 4489 3338 4544 Opem
3369 4468 3750 4543 implorandam
3777 4479 3787 4514 :
3811 4460 3840 4511 Α

2217 4563 2438 4615 Domino
2467 4565 2526 4615 ut
2553 4562 2876 4629 intelligatis
2905 4565 3071 4615 orate.
3112 4564 3371 4615 Annatus
3411 4578 3555 4621 vero,
3587 4558 3655 4623 ad
3694 4553 3841 4608 eadem

2219 4650 2396 4703 sancti
2491 4650 2738 4704 doctoris
2826 4649 3037 4720 scripta
3123 4650 3416 4704 censuris'
3455 4640 3841 4721 perstringenda.

2219 4737 2444 4791 etiamsi
2498 4755 2608 4791 non
2657 4742 2913 4808 rogetur,
2964 4740 3141 4792 Deum
3173 4739 3407 4793 obvium
3436 4739 3724 4809 adjutorem
3756 4743 3844 4797 spo‘

2215 4829 2435 4899 pondit,
2462 4846 2590 4883 cum
2617 4829 2954 4884 temeritatis
2977 4831 3218 4886 ultorem
3246 4833 3438 4903 potius
3479 4832 3658 4886 timere
3680 4819 3847 4903 debui?

2217 4921 2318 4970 set.
2378 4917 2652 4983 Adamus,
2712 4934 2842 4988 pag.
2904 4921 3028 4983 632,
3094 4919 3155 4972 in
3184 4902 3321 4986 ﬁne,
3373 4902 3846 4990 cap.”,Augustiﬂi

2215 5020 2474 5058 excessus
2551 5008 2879 5061 innocentem
2943 5009 3252 5077 passionem
3335 5014 3519 5062 contra
3595 4999 3846 5066 Pelagianos

2214 5092 2587 5162 nuncupavit,
2621 5094 2719 5148 sed
2748 5094 2938 5165 lepido
2968 5097 3246 5151 vocabulo
3294 5093 3652 5150 accusationis
3676 5081 3846 5142 acerbi-

2213 5183 2388 5234 tatem
2420 5199 2536 5236 non
2566 5183 2868 5254 mitigavit.
2899 5187 2986 5239 An
3016 5202 3149 5240 vero
3181 5186 3560 5241 recentiorum
3585 5182 3639 5235 in
3674 5179 3845 5244 Augus'

2212 5269 2332 5322 tino
2386 5271 2858 5340 reprehendendo
2905 5289 3163 5330 excessus
3199 5278 3449 5330 innocens
3491 5271 3657 5341 passio
3699 5264 3847 5316 contra

2212 5358 2599 5428 Augustinum
2658 5359 2772 5415 dici
2801 5362 3002 5431 possit,
3035 5362 3292 5433 ipsorum
3351 5357 3722 5416 conscientiam
3771 5359 3843 5413 al"

2212 5449 2362 5517 pello
2398 5465 2411 5516 ;
2441 5453 2592 5504 certe
2623 5449 2745 5521 ipse
2775 5450 2854 5505 ita
2876 5451 3093 5522 judico.
