3946 6176
91 274 173 327 685

684 383 911 439 CAPUT
987 384 1075 437 IV.

84 479 371 536 Recentiores
422 474 602 527 sancto
666 472 976 538 Augustino
1036 468 1221 540 plures
1276 487 1479 528 errores
1525 488 1728 543 perpe-

671 577 791 615 ram
828 561 1092 629 objiciunt

146 655 328 711 lnvitus
376 651 603 721 quidem
656 651 716 704 in
764 651 911 704 hanc
967 665 1198 703 arenam
1239 666 1270 703 a
1313 649 1726 705 recentioribus

82 746 264 807 trahor,
290 740 488 811 quippe
512 739 610 809 qui
633 738 809 793 invito
830 737 1150 808 Augustino
1174 738 1480 809 Augustini
1496 754 1726 793 causam

80 828 449 885 defendendam
480 826 749 896 suscipio,
781 842 1090 896 vereorque
1118 843 1189 880 ne
1217 826 1362 881 mihi
1392 827 1529 881 vitio
1560 827 1728 881 detur

78 917 291 973 Parentis
333 913 566 985 imperio
608 913 902 984 refragari.
948 915 1169 969 Etenim
1203 931 1334 969 cum
1375 916 1461 969 vir
1490 916 1727 970 clarissi-

78 1022 180 1059 mus
220 1007 429 1057 sanctus
478 1001 860 1071 Marcellinus,
906 1018 1131 1056 summa
1176 1020 1307 1057 cum
1351 1009 1629 1074 potestate
1656 1005 1725 1059 ab

79 1092 286 1147 Honorio
330 1091 386 1144 in
425 1089 672 1143 Africam
712 1094 907 1144 contra
938 1091 1261 1146 Donatistae
1293 1092 1605 1163 delegatus,
1639 1110 1727 1147 ac-

74 1181 275 1251 cepisset
322 1178 505 1233 nescio
555 1194 727 1249 quem
773 1180 1094 1250 Augustino
1135 1197 1388 1235 errorem
1435 1181 1625 1252 objici,
1666 1172 1726 1236 id

74 1268 374 1322 amicissimo
422 1266 663 1322 antistiti
706 1283 809 1338 per
846 1268 1063 1321 litteras
1093 1268 1454 1339 significavit,
1488 1285 1600 1339 quo
1630 1270 1726 1323 ob-

73 1358 391 1412 trectantium
432 1355 731 1410 calumniis
779 1356 1004 1410 obviam
1045 1356 1171 1411 iret.
1222 1359 1428 1411 Verum
1456 1357 1724 1428 Augusti-

74 1463 155 1500 nus
192 1448 301 1500 htec
345 1444 673 1515 rescripsit:
730 1467 751 1493 ι
784 1446 895 1499 Vos
925 1450 1137 1512 autem,
1190 1445 1290 1517 qui
1337 1461 1429 1499 me
1474 1446 1723 1499 multum

72 1535 289 1605 diligitis,
333 1535 379 1587 si
406 1535 577 1588 talem
612 1551 702 1588 me
751 1536 998 1589 asseritis
1048 1536 1315 1589 adversus
1345 1552 1443 1589 eos
1477 1550 1723 1605 quorum

71 1623 268 1687 malitia,
298 1624 383 1675 vel
428 1622 739 1693 imperitia,
771 1625 859 1677 vel
897 1622 1280 1693 intelligentia
1309 1621 1719 1692 reprehendor,

71 1716 119 1763 ut
138 1726 213 1763 me
239 1726 516 1780 nusquam
557 1710 904 1780 scriptorum
958 1726 1224 1764 meorum
1255 1725 1470 1763 errasse
1499 1708 1718 1775 dicatis,
1755 1698 1793 1751 Β

70 1799 241 1851 frustra
282 1797 562 1860 laboratis,
609 1815 727 1853 non
768 1800 979 1854 bonam
1025 1815 1255 1853 causam
1305 1797 1611 1868 suscipitis,
1640 1796 1721 1850 fa-

69 1885 149 1937 cile
177 1886 228 1938 in
255 1901 313 1938 ea
344 1902 431 1939 me
463 1886 592 1956 ipso
619 1886 811 1956 judice
851 1886 1225 1956 superamini.
1260 1905 1287 1937 ι)
1322 1886 1496 1955 Epist.
1526 1889 1575 1938 7.
1613 1884 1723 1938 Sed

68 1972 190 2025 haud
230 1972 526 2027 difficulter
571 1990 601 2026 a
631 1990 840 2044 magno
884 1976 1045 2028 Patre
1076 1990 1167 2027 me
1197 1972 1423 2026 veniam
1454 1972 1722 2041 impetra-

70 2064 228 2113 turum
256 2077 432 2130 spero,
468 2061 517 2113 si
561 2062 821 2131 ejusdem
846 2062 1060 2115 factum
1093 2061 1304 2125 imiter,
1339 2061 1439 2130 qui
1466 2076 1593 2114 cum
1639 2075 1723 2113 er-

68 2164 238 2215 rorem,
268 2150 420 2219 cujus
459 2150 627 2220 argui
667 2166 725 2203 se
765 2167 832 2204 ex
872 2149 1181 2203 Marcellini
1219 2148 1461 2218 epistola
1496 2148 1719 2202 intelle-

66 2242 211 2303 serat,
240 2239 427 2307 procul
460 2255 499 2291 a
520 2239 635 2292 suis
666 2238 890 2309 scriptis
920 2254 1039 2293 esse
1069 2242 1455 2310 cognosceret,
1486 2254 1721 2307 pravam

65 2323 118 2376 de
154 2341 241 2378 sua
284 2326 567 2380 sententia
613 2331 948 2397 conceptam
1006 2326 1338 2396 opinionem
1386 2324 1719 2393 confutavit,

66 2414 322 2468 ostendens
363 2432 495 2470 eam
542 2416 960 2470 accusationem
1002 2432 1117 2469 non
1146 2418 1529 2469 correctorum
1563 2414 1724 2467 intel-

64 2502 298 2573 ligentiae,
342 2505 439 2559 sed
489 2505 725 2559 malitiae
774 2509 943 2575 atque
992 2504 1295 2574 imperitiae
1334 2503 1720 2557 tribuendam.

65 2590 216 2653 Quare
247 2609 368 2646 cum
406 2594 802 2649 recentiorum
852 2594 1024 2648 etiam
1074 2609 1191 2647 non
1221 2592 1452 2663 quidem
1484 2591 1719 2657 malitia,

64 2678 159 2747 sed,
204 2686 262 2736 ut
297 2682 494 2737 mitius
540 2685 764 2755 loquar,
809 2680 1119 2752 imperitia,
1166 2680 1422 2751 plurium
1462 2695 1722 2733 errorum

63 2766 187 2820 idem
214 2785 334 2823 reus
383 2775 704 2837 accusetur,
738 2775 999 2825 nostrum
1042 2772 1128 2823 est
1158 2766 1457 2821 innoxium
1496 2768 1721 2820 Patrem

62 2854 119 2907 ad
167 2856 609 2913 adversariorum
661 2858 898 2929 objectis
927 2856 1233 2912 vindicare.
1281 2856 1459 2925 Hujus
1490 2872 1721 2925 quoque

61 2942 360 3001 defensionis
404 2948 811 3002 necessitatem
856 2947 1081 3001 subiere
1112 2945 1290 3000 sancti
1340 2945 1425 2999 illi
1464 2945 1722 2999 doctores

61 3034 137 3101 qui
163 3035 408 3091 adversus
450 3038 895 3107 Pelagianorum
940 3036 1213 3107 reliquias
1254 3051 1357 3107 pro
1390 3033 1646 3089 Ecclesiae
1672 3037 1729 3086 et

60 3123 324 3191 Augustini
352 3125 617 3179 doctrina
645 3128 955 3179 certarunt.
990 3125 1129 3178 Nam
1154 3139 1219 3176 eo
1249 3138 1433 3193 usque
1474 3120 1726 3176 audaciae

60 3212 260 3279 quidam
295 3214 597 3280 devenere,
644 3220 707 3268 ut
735 3231 849 3268 non
878 3214 1008 3268 illos
1050 3212 1322 3285 puduerit
1352 3211 1600 3267 indicem
1638 3228 1726 3265 er-

60 3316 223 3355 rorum
274 3304 450 3357 sancti
502 3302 808 3374 Augustini
856 3306 1157 3357 contexere
1212 3300 1417 3371 (sancti
1465 3299 1727 3371 Prosperi

59 3388 211 3442 verbis
239 3392 404 3461 utor),
460 3409 490 3441 «
521 3396 584 3444 ut
621 3407 749 3461 quae
780 3389 841 3444 in
868 3389 1029 3444 libris
1064 3387 1323 3459 prmdicti
1353 3386 1459 3441 viri
1491 3387 1727 3441 damna-

57 3475 171 3531 bilia
206 3481 487 3549 reperisse
513 3481 822 3551 jactabant,
858 3478 1121 3533 brevium
1149 3476 1533 3548 capitulorum
1571 3474 1729 3529 indi-

57 3566 173 3619 culis
198 3570 573 3639 publicarent,
608 3568 823 3639 talique
853 3570 1176 3621 commento
1206 3569 1263 3619 et
1300 3563 1729 3619 detestationem

56 3654 158 3723 ejus
182 3672 339 3727 quem
380 3658 732 3728 impeterent
762 3654 1109 3723 obtinerent,
1144 3658 1199 3708 et
1241 3652 1309 3707 ab
1347 3653 1435 3707 his
1477 3669 1606 3723 quae
1639 3651 1728 3704 in-

57 3742 327 3799 famassent
356 3762 561 3800 curam
610 3743 866 3799 exterriti
916 3742 1140 3797 lectoris
1186 3745 1528 3796 averterent.
1585 3759 1614 3793 io
1667 3742 1731 3793 In

56 3830 245 3897 praefat.
279 3833 344 3888 ad
374 3832 553 3903 capit.
586 3833 905 3888 Gallorum.
937 3833 1153 3885 Herum
1181 3830 1437 3900 vestigiis
1465 3829 1730 3883 nonnulli

56 3926 279 3975 recentes
326 3922 639 3992 scriptores
694 3920 1062 3989 inhaerentes,
1114 3919 1369 3990 plurium
1423 3916 1731 3988 Augustini

56 4020 285 4065 errorum
346 4010 602 4065 indicem
645 4009 1031 4079 publicarunt,
1081 4024 1195 4079 quo
1250 4006 1431 4061 sancti
1487 4004 1731 4060 doctoris
1772 4053 1781 4056 -

52 4096 183 4152 fama
205 4106 369 4171 atque
407 4099 723 4155 auctoritas
752 4098 812 4152 in
851 4098 1110 4152 ordinem
1140 4096 1517 4167 redigeretur.
1554 4096 1731 4148 Hosce

55 4188 307 4259 catalogus
356 4204 479 4244 non
504 4204 653 4241 unus
683 4186 879 4241 edidit.
924 4187 1175 4241 Adamus
1210 4190 1423 4251 tamen,
1463 4188 1614 4255 part.
1647 4200 1727 4247 ιιι,

1338 264 1660 319 νΙΝΒΙΟΙᾹΞ
1700 265 2243 321 ΑυϐυδΤΙΝΙΑΝΑΞ.

1753 385 1803 440 Α

3439 270 3541 322 686

1903 386 2055 439 Inter
2119 389 2322 440 caetera
2384 385 2695 451 volumina,
2754 401 2882 457 quae
2949 386 3254 441 innumera
3308 388 3542 458 quidem

1834 478 2193 544 posterorum
2235 474 2525 527 memoriae
2569 473 2922 542 Augustinus
2952 474 3327 544 consignavit,
3356 476 3541 545 primo

1834 562 1958 616 loco
1988 562 2297 616 laudantur
2320 562 2449 615 libri
2489 562 2745 629 ejusdem
2788 562 3279 616 Retractationum
3313 568 3367 616 et
3398 564 3541 618 Gon-

1834 649 2176 717 fessionum;
2210 650 2269 702 in
2292 649 2414 702 istis
2453 650 2757 703 voluntatis
2785 692 2798 718 ,
2828 650 2888 703 in
2944 650 3057 704 illis
3097 650 3422 704 intellectus
3453 667 3542 705 er-

1834 752 2012 804 rores,
2054 754 2197 808 quos
2228 737 2417 791 cznteri
2448 742 2606 791 tanta
2637 743 2755 791 arte
2783 755 2845 791 ac
2872 744 3080 792 conatu
3123 740 3303 792 celare
3336 740 3539 807 solent,

1836 824 1961 878 orbi
2004 824 2270 877 universo
2336 823 2600 892 patefecit
2646 840 2658 876 :
2704 824 2764 876 in
2820 831 2946 879 utro
2994 826 3175 895 magis
3225 826 3542 880 laudandus

1833 911 2132 965 incertum.
2184 913 2248 964 Et
2287 912 2523 981 quidem
2567 929 2679 981 quo
2730 912 2879 965 edita
2909 913 3007 966 abs
3059 930 3116 967 se
3146 914 3437 967 volumina
3463 919 3542 968 at-

1836 1000 2062 1054 tentiori
2083 1016 2218 1053 cura
2266 1002 2642 1065 examinaret,
2692 1002 2959 1055 Eradium
2990 1002 3046 1056 in
3072 1002 3399 1073 episcopatu
3432 1002 3543 1056 sibi

1832 1089 2013 1143 adhuc
2042 1088 2253 1142 viventi
2286 1104 2669 1145 successorem
2713 1088 3064 1159 impetravit.
3096 1091 3178 1143 lta
3209 1092 3279 1144 ab
3320 1091 3539 1161 ingenti

1832 1176 2198 1245 negotiorum
2230 1178 2483 1229 tumultu
2510 1180 2914 1246 sequestratus,
2961 1177 3057 1231 diu
3084 1182 3372 1248 noctuque
3406 1180 3539 1233 dos-

1830 1264 2010 1319 tinato
2043 1266 2201 1336 operi
2235 1266 2593 1331 incumbens,
2639 1266 2911 1337 quaelibet
2949 1284 2977 1319 a
3007 1284 3065 1319 se
3096 1266 3245 1320 dicta
3283 1268 3540 1321 censoria

1832 1354 2163 1408 auctoritate
2192 1355 2470 1421 discussit,
2503 1359 2568 1407 ut
2591 1356 2783 1408 nullus
2810 1355 2868 1407 in
2894 1355 3201 1425 Augustini
3226 1355 3382 1408 libris
3408 1373 3537 1410 exa-

1831 1443 2118 1497 minandis
2160 1444 2407 1497 severior
2446 1444 2764 1514 Augustino
2791 1444 2969 1513 judex
3002 1460 3121 1497 esse
3162 1444 3429 1513 potuerit.
3466 1446 3540 1498 Ea

1830 1549 1961 1586 vero
2009 1533 2308 1603 diligentia
2339 1550 2401 1586 ac
2425 1537 2539 1586 tam
2570 1533 2832 1602 rigorosa
2862 1548 3101 1586 censura
3124 1532 3540 1586 recentioribus

1831 1636 1944 1674 non
1990 1620 2229 1688 suffecit,
2277 1621 2375 1674 sed
2404 1637 2579 1673 novas
2626 1620 2684 1672 in
2730 1620 3082 1691 Hipponensi
3127 1623 3243 1674 sole
3291 1624 3541 1675 maculas

1832 1708 2104 1774 notaturi,
2138 1707 2437 1777 Augustini
2488 1710 2697 1761 iterum
2721 1709 2895 1762 libros
2942 1709 3002 1762 in
3024 1710 3403 1780 quaestionem
3433 1728 3537 1763 vo-

1832 1803 2055 1864 carunt,
2085 1797 2456 1851 vociferantes
2499 1814 2676 1851 novos
2728 1798 2866 1851 sein
2912 1799 3347 1868 Augustinianis
3376 1799 3537 1852 libris

1831 1900 2043 1950 naevos,
2102 1900 2164 1938 ac
2218 1886 2467 1938 maculas
2525 1886 2992 1955 deprehendisse,
3052 1904 3165 1957 quo
3216 1888 3535 1957 Augustino

1831 1973 2171 2027 oculatiores
2218 1974 2583 2029 haberentur.
2627 1975 2736 2029 Sed
2776 1992 2901 2046 age,
2936 1992 3110 2030 novos
3139 1978 3307 2031 hosce
3337 1993 3538 2032 censo-

1830 2079 1921 2116 res
1943 2061 2265 2116 audiamus.

1832 2148 1859 2217 ξ
1899 2150 1940 2202 Ι.
1978 2151 2067 2203 An
2106 2154 2324 2204 sanctus
2370 2153 2716 2217 Augustinus
2753 2155 3039 2220 erraverit,
3080 2157 3283 2221 putans
3325 2157 3539 2208 animas

2142 2239 2437 2291 rationales
2463 2244 2512 2292 et
2545 2241 2759 2305 angelos
2788 2256 2897 2295 esse
2927 2256 3221 2309 corporeus.

1903 2325 2109 2396 Objicit
2150 2328 2337 2397 primo
2373 2329 2495 2382 loco
2520 2330 2771 2383 Adamus
2797 2330 3057 2384 docuisse
3099 2329 3479 2400 Augustinum
3526 2348 3537 2382 :

1832 2412 2060 2466 Animas
2105 2418 2153 2467 et
2191 2414 2406 2480 angelos
2442 2430 2550 2469 esse
2584 2431 2879 2484 corporeos,
2914 2433 2976 2471 ac
3014 2418 3186 2471 solum
3222 2418 3395 2471 Deum
3435 2432 3543 2471 esse

1831 2504 2263 2567 immaterialem,
2310 2518 2443 2572 pag.
2479 2506 2600 2558 585.
2662 2507 2734 2557 At
2772 2506 3048 2559 Moraiues
3094 2504 3328 2559 scribit:
3371 2506 3544 2560 Sentit

1831 2593 1992 2644 etiam
2024 2593 2243 2660 angelos
2274 2598 2323 2646 et
2350 2593 2610 2646 daemones
2641 2608 2751 2646 esse
2782 2609 3075 2662 corporeos.
3111 2595 3362 2649 Adamus
3384 2594 3541 2664 prius

1830 2679 2178 2733 refellendus
2226 2684 2330 2749 est,
2356 2680 2455 2751 qui
2503 2679 3118 2750 Semi-Pelagianrrum
3163 2698 3416 2735 errorem
3456 2682 3543 2751 ip-

1834 2786 2028 2823 sorum
2058 2769 2209 2823 hosti
2235 2770 2554 2839 Augustino
2586 2770 2851 2841 imponit.
2890 2772 3171 2824 Docuerat
3212 2771 3534 2833 Cassianus,

1834 2858 2023 2911 collat.
2072 2862 2127 2923 ’7,
2159 2874 2281 2928 cap.
2346 2860 2429 2922 l3,
2487 2858 2674 2911 solum
2728 2859 2910 2911 Deum
2976 2874 3093 2911 esse
3160 2858 3536 2929 spiritualem,

1836 2946 2051 3001 animas
2086 2961 2220 2999 vero
2258 2945 2561 2999 hominum
2618 2962 2740 2999 esse
2766 2961 3096 3016 corporeas;
3134 2947 3419 3014 eumdem,
3454 2945 3537 3001 uti

1836 3036 1897 3090 in
1944 3034 2180 3089 materia
2231 3034 2300 3088 de
2349 3032 2554 3103 gratia,
2615 3033 2695 3086 ita
2721 3050 2787 3087 ea
2816 3033 2875 3087 in
2899 3033 3173 3104 opinione
3202 3034 3381 3088 secuti
3405 3039 3538 3088 sunt

1836 3126 2074 3179 Faustus
2122 3122 2184 3176 in
2227 3122 2391 3193 epist.
2443 3121 2514 3175 ad
2554 3121 2880 3189 Paulinum,
2909 3127 2965 3177 et
2994 3124 3321 3178 Gennadius
3351 3123 3407 3176 in
3435 3123 3531 3177 lib.

1837 3212 2041 3267 Eccles.
2090 3212 2315 3281 Dogm.,
2363 3226 2485 3280 cap.
2532 3214 2615 3263 ll.
2649 3212 2721 3264 At
2758 3215 2985 3264 sanctus
3028 3213 3383 3283 Augustinus
3412 3212 3535 3266 ani-

1834 3317 1989 3355 mam
2028 3299 2367 3354 rationalem
2412 3316 2529 3354 non
2560 3299 2749 3354 solum
2792 3301 3145 3371 spiritualem
3175 3302 3388 3373 absque
3422 3303 3537 3355 ulla

1835 3405 2123 3460 corporeae
2170 3388 2326 3442 fascis
2375 3388 2756 3459 permixtione
2806 3389 3065 3455 asseruit,
3127 3406 3323 3443 verum
3366 3389 3537 3443 etiam

1834 3476 1896 3533 id
1960 3478 2137 3533 solide
2204 3476 2629 3533 demonstravit.
2700 3477 2763 3530 In
2795 3477 3033 3547 epistola
3100 3480 3167 3531 28
3222 3478 3288 3531 ad
3346 3477 3539 3531 Hiero-

1836 3582 2075 3637 nymum
2106 3565 2185 3620 ait
2219 3583 2231 3620 :
2270 3584 2297 3616 «
2325 3567 2726 3638 lncorpoream
2760 3581 2990 3636 quoque
3015 3580 3135 3618 esse
3167 3564 3437 3630 animam,
3460 3568 3542 3618 et-

1837 3655 1883 3708 si
1916 3655 2147 3710 difficile
2178 3654 2529 3709 tardioribus
2568 3652 2905 3724 persuaderi
2934 3657 3143 3723 potest,
3174 3651 3319 3707 mihi
3351 3656 3542 3705 tamen

1837 3744 2018 3797 fateor
2047 3758 2167 3797 esse
2197 3757 2555 3813 persuasum.
2594 3761 2621 3793 »
2640 3742 2740 3795 Illo
2771 3758 2906 3795 sane
2935 3741 3155 3811 optimo
3180 3744 3535 3809 argumento,

1839 3833 1994 3903 quod
2043 3832 2102 3884 in
2149 3831 2415 3885 omnibus
2455 3830 2601 3885 etin
2652 3831 2894 3901 singulis
2943 3830 3239 3900 particulis
3289 3829 3543 3898 corporis

1838 3925 1959 3974 tota
2001 3920 2169 3974 simul
2228 3936 2345 3973 esse
2392 3934 2511 3971 non
2539 3921 2752 3987 posset,
2795 3916 2840 3969 si
2872 3932 2975 3987 per
3002 3917 3129 3970 illas
3158 3916 3235 3969 ita
3264 3916 3542 3970 dilfunde-

1839 4012 2016 4075 retur,
2046 4012 2110 4061 ut
2136 4006 2395 4060 videmus
2432 4026 2453 4054 σι
2502 4021 2741 4075 corpora
2796 4005 2997 4059 diffusa
3051 4020 3154 4075 per
3180 4004 3360 4074 spatia
3389 4005 3539 4057 loco-

1840 4112 1969 4150 rum
2030 4094 2348 4149 minoribus
2396 4093 2514 4147 suis
2560 4092 2819 4164 partibus
2874 4092 3099 4147 minora
3144 4108 3440 4163 occupare,
3488 4096 3545 4145 et

1840 4185 2218 4257 amplioribus
2269 4183 2603 4252 ampliora;
2660 4202 2688 4234 »
2744 4198 2915 4253 quam
2962 4181 3301 4236 sententiam
3352 4183 3545 4250 ﬁrmis-

54 4288 158 4344 cap.
190 4279 237 4343 3,
266 4294 396 4350 pag.
435 4280 562 4343 584,
597 4293 660 4330 ac
692 4276 971 4330 Moraines
1005 4276 1149 4346 disq.
1188 4278 1251 4329 12
1290 4272 1729 4339 Anti-Jansenii,
1764 4288 1805 4343 ι)
1845 4278 1977 4331 sime
2015 4275 2079 4329 de
2102 4275 2289 4328 anima
2329 4278 2500 4327 tenere
2549 4289 2606 4326 se
2653 4270 2808 4326 dicit.
2866 4272 2931 4325 Et
2959 4270 3056 4325 lib.
3094 4287 3169 4324 xu
3194 4270 3263 4324 de
3299 4270 3435 4324 Gen.
3472 4269 3542 4323 ad

55 4375 81 4411 ει
107 4379 251 4419 ιιιιω.
284 4370 372 4433 32,
431 4365 655 4420 cseteris
706 4364 809 4418 hac
838 4364 898 4417 in
928 4381 989 4417 re
1015 4363 1455 4435 .diligentiorem
1496 4378 1730 4433 operam

53 4464 291 4519 posuere.
334 4456 549 4510 Contra
580 4454 751 4507 hosce
800 4451 1232 4523 Augustinianae
1287 4451 1557 4506 doctrinae
1606 4466 1733 4505 cen-

49 4555 187 4594 sores
215 4543 446 4615 egregie
477 4542 687 4612 stylum
735 4540 885 4594 acuit
918 4538 1371 4610 sapientissimus
1416 4540 1583 4592 Pater
1630 4538 1731 4592 Ca-

49 4631 185 4685 rolus
228 4635 461 4689 Moreau
517 4631 991 4704 Augustiniamus
1035 4631 1260 4701 integro
1316 4629 1608 4684 volumine
1645 4628 1732 4682 in-

49 4720 240 4789 scripto
268 4724 541 4778 Vindicis
561 4723 821 4791 paciﬁca,
860 4720 1013 4791 quod
1039 4720 1228 4790 primo
1252 4718 1737 4773 tomosuiTertul-

46 4805 173 4860 liani
212 4809 543 4881 appendicis
584 4810 705 4863 loco
750 4806 1035 4880 apposuit,
1086 4807 1185 4862 ubi
1223 4806 1589 4861 diffusissime
1636 4806 1738 4859 ob-

43 4896 206 4964 jectos
257 4898 580 4971 Augustino
632 4914 854 4953 errores
900 4897 1102 4969 procul
1149 4912 1270 4950 esse
1312 4912 1343 4949 a
1372 4895 1517 4949 tanti
1558 4893 1739 4949 Patris

47 4984 290 5042 doctrina
326 4989 700 5043 demonstrat.
753 4988 863 5041 Nos
912 5003 1012 5041 eos
1060 4990 1282 5040 tantum
1340 4983 1737 5053 refutabimus,

44 5090 174 5143 quos
203 5078 463 5131 Adamus
489 5093 553 5131 ac
582 5076 893 5132 Morainius
917 5076 1357 5144 concinnarunt,
1385 5078 1441 5128 et
1468 5089 1612 5144 quos
1640 5089 1739 5126 ve-

44 5160 139 5215 luti
166 5164 443 5234 capitales
472 5166 541 5219 ad
562 5164 867 5236 Augustini
896 5165 1109 5219 famam
1152 5163 1241 5217 vel
1272 5162 1475 5215 saltem
1503 5160 1743 5215 auctori-

44 5257 205 5308 tatem
267 5254 606 5309 elevandam
664 5253 967 5324 objectant,
1021 5252 1082 5307 in
1116 5267 1232 5323 qua
1274 5249 1510 5322 quidem
1548 5264 1607 5302 re
1665 5248 1745 5303 ita

44 5342 302 5411 procedo,
356 5346 421 5396 ut
471 5358 599 5415 qum
650 5342 713 5397 in
757 5341 988 5397 Moreau
1036 5338 1349 5395 desiderari
1395 5338 1465 5392 ab
1505 5336 1746 5391 eruditis

43 5431 315 5497 poterant,
360 5430 453 5484 hic
498 5435 725 5487 tantum
766 5431 1030 5498 efferens,
1077 5429 1223 5485 nihil
1265 5429 1497 5485 interim
1538 5444 1607 5483 ex
1648 5427 1746 5482 illo

43 5514 307 5585 scriptore
328 5521 592 5574 mutuare
619 5518 814 5574 velim.

1843 4365 1974 4431 litt.,
2006 4381 2052 4418 c.
2086 4367 2174 4429 33,
2201 4362 2283 4417 ait
2313 4379 2325 4416 :
2364 4382 2391 4410 «
2423 4360 2691 4415 Animam
2733 4376 2866 4414 vero
2900 4377 3015 4413 non
3047 4376 3167 4414 esse
3208 4372 3543 4429 corpoream

1842 4469 1956 4508 non
1988 4468 2078 4505 me
2122 4454 2347 4521 putare,
2382 4449 2482 4503 sed
2526 4449 2697 4519 plane
2728 4448 2869 4503 scire
2897 4449 3079 4502 audeo
3109 4446 3384 4519 profiteri.
3421 4464 3447 4494 »
3482 4446 3546 4498 In

1841 4540 1988 4595 libro
2019 4539 2088 4593 de
2113 4537 2438 4602 Quantitate
2487 4537 2713 4599 animae,
2742 4555 2771 4587 (ί
2822 4536 3262 4607 Diligentissima
3308 4551 3371 4588 ac
3412 4533 3546 4587 sub-

1842 4628 2104 4683 tilissime
2134 4627 2483 4697 disputatum
2516 4629 2622 4692 est,
2657 4624 2867 4695 inquit,
2901 4630 2962 4679 ut
2994 4641 3121 4679 eam
3149 4624 3195 4678 si
3225 4639 3543 4695 possemus,

1845 4716 2275 4772 ostenderemus
2306 4712 2613 4783 corporalis
2640 4713 2977 4783 quantitatis
3000 4730 3118 4767 non
3143 4730 3285 4766 esse.
3323 4735 3343 4761 ιο
3382 4711 3500 4766 Lib.
3530 4728 3543 4761 ι

1844 4802 2117 4862 Retract.,
2150 4816 2271 4871 cap.
2319 4802 2371 4854 8.
2423 4801 2670 4853 Prastera
2700 4799 2799 4854 lib.
2848 4817 2899 4853 IV
2930 4802 2999 4855 de
3031 4800 3263 4871 Origine
3312 4800 3542 4862 animas,

1847 4908 1881 4945 a
1913 4890 2097 4962 capite
2134 4894 2198 4945 12
2252 4906 2432 4959 usque
2463 4890 2531 4943 ad
2574 4905 2695 4959 cap.
2729 4890 2817 4955 22,
2850 4889 3206 4944 evidentibus
3236 4901 3542 4956 argumen-

1846 4982 1917 5036 tis
1964 4981 2169 5052 probat
2214 4980 2467 5035 animam
2511 4995 2633 5033 esse
2689 4978 3105 5049 incorpoream.
3158 4975 3301 5039 Quid
3339 4973 3546 5028 clarius

1849 5071 1920 5125 ab
1974 5070 2288 5140 Augustino
2347 5069 2455 5123 dici
2499 5084 2755 5139 unquam
2812 5068 3053 5140 potuit?
3087 5070 3142 5119 et
3182 5069 3373 5117 tamen
3420 5077 3548 5115 eam

1851 5163 2046 5214 sancto
2099 5158 2320 5213 doctori
2358 5157 2768 5213 absurditatem
2797 5158 3048 5212 Adamus
3076 5152 3312 5207 affricat.
3345 5151 3551 5206 Scribit

1851 5246 1952 5301 lib.
1980 5262 2017 5300 χ
2046 5246 2115 5301 de
2148 5246 2282 5301 Gen.
2313 5246 2382 5301 ad
2408 5246 2542 5315 litt.,
2587 5264 2711 5318 cap.
2758 5249 2825 5301 24
2868 5263 2881 5299 :
2917 5264 2943 5295 (ι
2968 5244 3119 5299 Nihil
3158 5241 3420 5310 vicinius,
3454 5244 3555 5295 aut

1854 5336 2090 5391 fortasse
2122 5335 2264 5389 nihil
2295 5338 2414 5389 tam
2444 5350 2820 5406 consequens,
2862 5349 3035 5404 quam
3060 5335 3126 5386 ut
3153 5331 3367 5387 credito
3397 5331 3553 5403 quod

1837 5414 2049 5481 “anima
2078 5440 2281 5497 corpus
2310 5424 2402 5493 sit,
2425 5426 2600 5481 etiam
2632 5427 2778 5481 Deus
2808 5438 3016 5493 corpus
3047 5438 3167 5476 esse
3196 5421 3489 5487 credatur;
3523 5441 3550 5470 ››

1858 5514 2009 5585 quod
2052 5513 2405 5568 Tertulliano
2464 5512 2729 5568 accidisse
2769 5510 2929 5567 addit
2974 5526 3099 5581 cap.
3140 5511 3209 5565 25
3239 5510 3403 5582 epist.
3434 5513 3553 5574 t57,
