3894 6184
341 354 352 364 .
396 276 495 328 687

1408 269 1968 324 SUPPLEMENTUM
2010 269 2098 322 AD
2136 267 2372 321 OPERA
2409 267 2463 320 S.
2507 266 2894 321 AUGUSTINI.

3753 265 3858 318 688

396 399 464 451 ad
503 399 770 466 Optatum
802 411 815 449 :
865 419 886 442 ι
923 395 1012 448 Illi
1041 393 1140 464 qui
1167 392 1386 446 animas
1417 409 1485 447 ex
1525 409 1637 446 una
1656 392 1962 463 propagari
1992 409 2078 446 as-
2118 393 2162 447 A
2193 395 2386 444 autem
2417 391 2720 462 quisquam
2766 391 2926 444 nulla
2955 389 3163 443 habere
3200 405 3442 458 corpora
3482 388 3746 442 daemones
3777 404 3872 441 as-

393 494 607 551 serunt,
648 501 820 556 quam
868 485 1016 537 Deus
1056 482 1242 552 primo
1277 481 1500 535 homini
1549 481 1724 547 dedit,
1782 487 1956 552 atque
2013 481 2094 534 ita

394 593 487 629 eas
525 591 586 628 ex
635 571 967 643 parentibus
995 570 1145 624 trahi
1169 570 1382 639 dicunt,
1418 571 1466 624 si
1503 570 1837 625 Tertulliani
1869 570 2092 640 opinio-

390 680 523 717 nem
565 665 901 730 sequuntur,
951 659 1204 729 profecto
1251 674 1343 711 eas
1385 675 1502 713 non
1547 659 1800 730 spiritus,
1849 658 1947 712 sed
1975 674 2095 711 cor-

387 767 527 821 pora
556 765 673 802 esse
704 747 1077 813 contendunt,
1137 751 1195 800 et
1222 748 1574 818 corpulentis
1617 747 1931 802 seminibus
1963 763 2090 800 exo-

389 839 509 892 riri.
567 838 688 900 Quo
732 837 1051 907 perversius
1090 837 1228 908 quid
1279 836 1391 890 dici
1438 837 1678 907 potest?
1738 838 1932 906 Neque
1984 835 2094 887 hoc

387 926 796 980 Tertullianum
855 925 1166 978 somniasse
1224 924 1552 978 mirandum
1615 929 1720 989 est,
1775 923 1873 994 qui
1920 921 2093 976 etiam

386 1013 575 1082 ipsum
609 1013 932 1066 Creatorem
965 1013 1148 1064 Deum
1178 1027 1295 1064 non
1344 1027 1463 1063 esse
1503 1011 1614 1064 nisi
1657 1026 1863 1080 corpus
1893 1009 2092 1080 Opina-

389 1108 500 1154 tnr.
553 1104 672 1164 Qua
721 1100 1010 1154 dementia
1037 1100 1284 1170 repulsa,
1329 1106 1436 1157 etc.
1480 1122 1501 1147 ιι
1539 1103 1696 1154 Itane
1736 1100 2094 1171 Augustinus

389 1191 583 1243 docuit
631 1189 884 1241 animam
933 1203 1268 1257 corpoream
1315 1204 1458 1255 esse,
1503 1204 1634 1241 cum
1690 1189 1798 1242 hoc
1855 1186 2091 1240 eil‘atum

387 1279 674 1330 somnium
733 1274 1197 1346 dementiamque
1265 1275 1746 1344 pronuntiaverit,
1828 1274 2090 1344 nihilque

387 1367 690 1432 };+.'/'4‘(?rSiUS
736 1362 845 1416 diei
892 1378 1058 1432 posse
1111 1363 1418 1416 asseruerit
1461 1363 1488 1417 ?
1539 1363 1792 1417 Adamus
1824 1364 2092 1416 haeresim

385 1454 540 1505 ιΗΑιιι
599 1451 918 1522 Augustino
959 1452 1217 1521 apponit,
1259 1468 1362 1505 nec
1392 1452 1629 1506 unicum
1672 1454 1873 1506 saltem
1905 1452 2094 1505 locum

386 1539 687 1608 Augustini
717 1540 1041 1609 designans,
1076 1540 1176 1594 ubi
1207 1540 1460 1593 animam
1501 1557 1835 1611 corpoream
1866 1540 1961 1593 ille
1991 1556 2094 1609 pu-

387 1630 536 1692 tarit,
572 1629 732 1698 quasi
778 1633 894 1680 tam
954 1627 1193 1681 celebris
1232 1627 1405 1681 fuerit
1445 1644 1511 1681 ea
1539 1628 2096 1698 Augustinisenten-

384 1716 480 1774 tia,
510 1692 787 1785 tit-neque
809 1714 981 1767 ullius
1012 1719 1199 1767 textus
1238 1714 1506 1768 citatione
1544 1692 1844 1786 indigeret.
1880 1715 2085 1770 Audiat
2124 1692 2164 1745 Β

383 1805 614 1857 interim
655 1803 1031 1858 Claudianum
1070 1804 1437 1869 Mamercum,
1483 1803 1584 1874 qui
1624 1805 1829 1858 eodem
1878 1804 2082 1857 saeculo

384 1895 554 1962 paulo
613 1897 740 1961 post
791 1891 1176 1961 Augustinum
1222 1891 1380 1954 vixit,
1408 1892 1487 1945 ita
1532 1893 1601 1946 de
1633 1898 1827 1946 sancto
1855 1893 2086 1946 doctore

383 1983 713 2051 loquentem
747 1999 762 2032 :
792 1999 819 2029 «
852 1980 1116 2033 Aurelius
1146 1979 1500 2050 Augustinus
1545 1985 1602 2034 et
1626 1982 1889 2033 acumine
1922 1980 2085 2050 inge-

385 2069 485 2133 nii,
520 2075 574 2121 et
613 2085 804 2121 rerum
838 2068 1230 2132 multitudine,
1254 2074 1311 2120 et
1338 2068 1528 2137 operis
1561 2069 1712 2121 mole
1749 2069 1927 2121 veluti
1958 2067 2086 2138 qui-

383 2157 511 2210 dam
546 2157 890 2226 Chrysippus
922 2156 1361 2225 argumentandi
1390 2156 1619 2222 virtute,
1663 2161 1763 2210 aut
1786 2158 1932 2209 Zeno
1964 2173 2089 2209 sen-

383 2262 550 2297 suum
581 2246 911 2311 subtilitate,
941 2245 1228 2297 autVarro
1256 2251 1447 2298 noster
1477 2245 1836 2299 voluminum
1865 2245 2086 2315 magni-

384 2333 600 2396 tudine,
631 2339 686 2384 et
707 2331 805 2401 qui
840 2332 1089 2401 profecto
1122 2332 1254 2384 talis
1283 2338 1507 2399 natura,
1539 2333 1870 2395 attentione,
1912 2333 2082 2388 disci-

383 2421 556 2489 plinis
602 2421 900 2480 exstiterit,
934 2427 997 2473 ut
1051 2437 1169 2472 non
1199 2420 1489 2474 immerito
1525 2421 1594 2474 ab
1629 2421 1748 2474 istis
1775 2423 2087 2492 corporali-

385 2511 489 2564 bus
521 2511 700 2562 nostri
747 2509 939 2561 saeculi
981 2509 1268 2579 Epicureis
1310 2516 1410 2562 aut
1440 2509 1660 2580 Cynicis
1693 2509 1964 2580 spiritalis
1997 2527 2085 2563 so-

383 2600 569 2668 phista
601 2598 951 2660 dissenserit,
986 2598 1131 2651 libro
1184 2599 1253 2651 ad
1299 2598 1703 2668 Hieronymum
1735 2599 1804 2652 de
1855 2598 2085 2666 Origine

384 2687 588 2740 animae
645 2687 723 2739 sic
779 2686 1118 2755 pronuntiat
1171 2703 1182 2740 :
1235 2689 1610 2756 Iacer-peream
1665 2703 1776 2741 esse
1822 2690 2081 2754 animam,

381 2779 482 2829 etsi
520 2776 746 2842 difﬁcile
791 2774 1128 2827 tardioribus
1175 2775 1497 2842 persuaderi
1521 2780 1718 2843 potest,
1746 2776 1884 2828 mihi
1911 2780 2085 2827 tamen

380 2867 557 2928 fateor
608 2879 718 2916 esse
765 2879 1103 2931 persuasum.
1146 2865 1402 2933 Cumque
1428 2863 1483 2916 id
1515 2863 1593 2915 ita
1619 2863 1738 2916 fore
1769 2863 2085 2916 rationibus

382 2952 605 3022 magnis
679 2959 850 3022 atque
918 2952 1212 3005 insolubili
1291 2951 1788 3021 argumentatione
1857 2952 2085 3005 convin-

382 3048 490 3099 cat,
543 3047 645 3095 etc.
683 3060 710 3092 ι)
747 3042 861 3094 Lib.
889 3058 926 3093 ιι
963 3041 1031 3094 de
1071 3041 1232 3094 Statu
1273 3040 1500 3106 animae,
1555 3057 1678 3110 cap.
1714 3044 1764 3094 6.
1814 3042 2080 3105 Putasne,

380 3130 579 3194 lector,
611 3130 894 3182 Adamum
917 3131 1119 3182 harum
1146 3145 1322 3182 unam
1353 3129 1633 3183 rationem
1665 3130 1750 3182 vel
1774 3145 2081 3198 argumen-

383 3218 656 3271 tationem
691 3219 895 3288 lcgisse
925 3218 952 3271 ?

451 3308 559 3360 Sed
597 3307 717 3376 jam
775 3308 870 3360 illo
921 3307 1193 3377 scriptore
1224 3306 1634 3378 patentissimae
1662 3306 1924 3360 falsitatis
1947 3323 2080 3360 con-

380 3396 547 3464 victo,
580 3396 718 3466 quid
750 3396 816 3449 de
844 3397 1182 3462 angelorum
1211 3396 1546 3465 corporibus
1582 3395 1936 3465 Augustinus
1967 3411 2085 3449 sen-

380 3486 514 3537 serit
545 3486 852 3538 videamus.
900 3484 1148 3538 Celebris
1196 3485 1480 3537 sententia
1503 3483 1930 3536 Platonicorum
1953 3484 2082 3552 fuit,

379 3575 615 3643 angelos
660 3574 935 3626 conﬂatos
984 3589 1103 3626 esse
1145 3589 1209 3626 ex
1250 3571 1456 3641 spiritu
1483 3577 1537 3625 et
1568 3589 1803 3642 corpore
1833 3573 2082 3642 quodam

378 3662 750 3715 subtilissime
791 3661 1127 3714 elementari
1166 3661 1425 3732 quolibet
1467 3662 1638 3730 longe
1685 3660 1974 3726 nobiliori,
2019 3666 2084 3714 ut

379 3767 446 3803 ex
489 3750 726 3819 Apuleio
753 3750 1015 3818 pluribus
1046 3749 1219 3802 tradit
1248 3749 1600 3818 Augustinus
1632 3749 1731 3802 lib.
1765 3765 1857 3801 vni
1890 3749 1958 3802 de
2001 3749 2084 3801 Ci-

389 3841 471 3892 :it.
509 3838 628 3904 Dei,
677 3853 801 3908 cap.
847 3842 878 3893 8
919 3843 975 3892 et
1021 3842 1102 3892 16.
1143 3839 1294 3891 Hanc
1333 3838 1672 3891 sententiam
1709 3854 1772 3890 ex
1821 3836 2083 3891 Patribus

378 3929 554 3982 secuti
597 3933 729 3981 sunt
767 3927 1060 3997 Origenes,
1104 3927 1510 3995 Tertullianus,
1552 3928 1811 3981 Clemens
1841 3928 2082 3981 Alexan-

378 4017 594 4077 tlrinns,
626 4015 882 4070 Justinus
953 4016 1183 4085 Martyr,
1225 4015 1567 4080 Lactantius,
1615 4021 1672 4068 et
1725 4031 1830 4084 pro
1878 4015 2079 4068 eadem

377 4106 622 4159 ritantur
677 4104 1038 4168 Athanasius,
1091 4104 1329 4157 Basilius
1376 4109 1432 4156 et
1454 4103 1827 4157 Methodiusa
1862 4105 2080 4157 Joanne

377 4195 640 4264 epiaeopo
705 4193 1077 4257 Autioclieno,
1145 4194 1307 4263 cujus
1367 4193 1539 4245 verba
1608 4193 1781 4245 etiam
1837 4197 1969 4245 sunt
2020 4190 2079 4244 in

2199 485 2436 545 severat,
2475 496 2590 532 non
2629 483 2713 532 est
2739 479 2807 532 de
2839 480 2944 533 hac
2973 495 3033 532 re
3063 495 3300 549 operosa
3331 477 3687 548 inquisitione
3723 477 3874 529 labo-

2199 568 2463 632 randum,
2525 573 2622 622 aut
2679 567 3029 621 contentiosa
3086 567 3470 638 disputatione
3537 566 3872 620 certandum.

2201 657 2314 711 Cur
2351 657 2503 710 enim
2545 673 2661 709 non
2704 655 2978 721 dicamus,
3021 656 3281 726 quamvis
3310 655 3490 717 miris,
3524 659 3702 708 tamen
3729 652 3874 706 veris

2201 745 2386 799 modis
2417 746 2584 799 etiam
2616 744 2848 814 spiritus
2874 744 3239 814 incorporeas
3275 759 3443 814 posse
3482 759 3641 812 poena
3685 758 3874 811 corpo-

2199 835 2335 889 ralis
2379 834 2527 900 ignis
2586 834 2785 904 affligi,
2842 833 2888 886 si
2933 833 3167 903 spiritus
3217 833 3521 886 hominum
3563 832 3716 885 etiam
3767 831 3878 900 ipsi

2200 923 2452 994 profecto
2488 922 2828 993 incorporei,
2883 927 2939 976 et
2966 938 3118 976 nunc
3155 925 3470 991 potuerunt
3518 919 3716 973 includi
3743 936 3880 972 eor-

2199 1013 2489 1083 poralibus
2540 1012 2831 1077 membris,
2873 1015 2978 1065 etc.
3018 1013 3044 1064 ?
3087 1009 3480 1064 Adhaerebunt
3519 1024 3665 1078 ergo,
3710 1009 3753 1061 si
3797 1009 3881 1061 eis

2200 1104 2358 1156 nulla
2387 1107 2518 1157 sunt
2556 1117 2813 1172 corpora,
2863 1099 3097 1170 spiritus
3139 1094 3490 1163 daemonum,
3523 1098 3633 1150 imo
3658 1097 3885 1167 spiritus

2200 1191 2510 1254 daemones,
2571 1190 2701 1244 licet
2734 1188 3074 1259 incorporei,
3134 1187 3421 1258 corporeis
3480 1187 3696 1257 ignibus
3747 1203 3880 1239 cru-

2200 1279 2404 1333 ciandi.
2435 1299 2461 1328 »
2511 1280 2588 1332 Ex
2631 1278 2839 1348 quibus
2883 1275 3125 1331 dubium
3157 1293 3216 1329 se
3247 1276 3317 1330 de
3382 1276 3705 1345 angelorum
3753 1290 3876 1326 cor-

2198 1383 2337 1438 pore
2380 1366 2554 1421 fuisse
2619 1365 2922 1434 signiﬁcat,
2988 1369 3046 1418 at
3081 1379 3199 1417 non
3231 1363 3300 1417 de
3344 1362 3538 1415 anima
3584 1361 3876 1424 dubitasse,

2201 1472 2375 1527 quam
2421 1457 2662 1524 profecto
2704 1457 3074 1521 incorporeum
3112 1451 3273 1505 dixit.
3317 1451 3474 1504 Unde
3511 1450 3746 1504 Adamus
3771 1450 3873 1503 hoc

2201 1544 2323 1612 ipso
2354 1543 2677 1598 testimonio
2709 1558 2903 1594 rursus
2931 1540 3209 1609 arguitur,
3242 1555 3306 1592 ac
3336 1537 3592 1593 Morainii
3621 1539 3880 1591 allucina-

2199 1633 2300 1700 tio,
2351 1631 2448 1702 qui
2496 1648 2622 1686 eam
2672 1630 3014 1684 sententiam
3057 1630 3140 1682 uti
3182 1633 3395 1683 certam
3451 1629 3522 1681 ab
3577 1629 3880 1697 Augustino

2196 1725 2467 1773 assertam
2527 1719 2684 1783 dicit,
2733 1733 2861 1789 quae
2918 1717 3092 1770 dubia
3147 1732 3374 1786 semper
3417 1717 3567 1787 apud
3621 1716 3877 1770 eumdem

2194 1808 2321 1875 fuit,
2353 1808 2483 1860 licet
2520 1806 2866 1878 quandoque
2895 1821 3196 1874 corporeos
3241 1821 3363 1858 esse
3403 1806 3629 1876 angelos
3679 1822 3882 1874 suppo-

2195 1901 2311 1959 nat,
2346 1911 2417 1947 ne
2448 1910 2592 1947 nova
2622 1893 2778 1946 illata
2805 1893 3120 1964 quaestione
3148 1894 3218 1948 ab
3250 1898 3591 1964 argumento
3621 1894 3886 1948 distraha-

2194 1987 2306 2035 tur.
2340 1982 2465 2035 Non
2497 1981 2726 2034 defuere
2757 1986 2948 2034 tamen
2979 1981 3079 2051 qui
3108 1981 3494 2051 Augustinum
3543 1981 3885 2034 dubitantem

2196 2075 2598 2140 sequerentur;
2649 2084 2797 2122 unus
2832 2085 2937 2140 pro
2985 2069 3142 2122 mille
3182 2069 3254 2122 sit
3300 2073 3526 2122 sanctus
3556 2069 3886 2135 Bernardus,

2195 2159 2295 2228 qui
2341 2159 2438 2213 lib.
2493 2175 2525 2210 v
2549 2159 2618 2212 de
2656 2157 3029 2223 Considerat.,
3077 2173 3200 2228 cap.
3233 2158 3288 2225 4,
3324 2157 3404 2210 ait
3439 2174 3450 2210 :
3492 2177 3520 2204 α
3556 2157 3886 2228 Quanquam

2194 2248 2263 2302 de
2306 2246 2639 2318 corporibus
2685 2247 2893 2299 horum
2934 2247 3158 2316 {nempe
3197 2245 3572 2316 angelorum),
3621 2261 3733 2298 non
3771 2262 3886 2298 mo-

2195 2337 2267 2390 do
2296 2336 2450 2389 unde
2490 2335 2624 2399 sint,
2666 2334 2763 2388 sed
2795 2349 2864 2387 an
2898 2334 3258 2403 aliquatenus
3286 2334 3418 2399 sint,
3452 2334 3630 2386 haeret
3666 2339 3886 2387 senten-

2194 2425 2275 2479 tia
2304 2424 2652 2494 aliquorum.
2691 2423 2846 2477 Unde
2870 2422 2917 2475 si
2936 2422 3065 2492 quis
3109 2422 3262 2475 inter
3282 2421 3595 2491 opinabilia
3623 2422 3804 2491 magis
3837 2423 3886 2475 id

2194 2513 2529 2585 ponendum
2559 2511 2867 2576 censuerit,
2918 2527 3036 2564 non
3080 2510 3382 2564 contendo.
3413 2531 3440 2558 »
3479 2511 3542 2564 Et
3567 2527 3738 2564 serm.
3774 2516 3803 2563 5
3834 2511 3886 2564 in

2195 2604 2352 2657 Cant.
2391 2619 2404 2655 :
2440 2622 2466 2651 (ε
2509 2602 2811 2662 Caeterum,
2863 2597 3072 2668 inquit,
3112 2599 3366 2668 angelica
3407 2613 3648 2667 corpora
3677 2604 3886 2650 utrum

2192 2691 2496 2761 nam.ipsis
2527 2689 2822 2760 spiritibus
2869 2687 3154 2740 naturalia
3209 2687 3339 2745 sint.
3369 2685 3516 2738 sicut
3568 2685 3886 2738 hominibin

2195 2797 2316 2844 sua,
2362 2784 2417 2832 et
2454 2778 2568 2831 sint
2615 2775 2885 2830 animalia
2937 2774 3084 2828 sicut
3119 2773 3401 2834 homines,
3440 2779 3575 2842 etc.,
3633 2773 3886 2828 videntur

2195 2871 2390 2922 Patres
2420 2867 2488 2921 de
2538 2865 2867 2937 hujusmodi
2914 2865 3133 2919 diversa
3182 2863 3552 2928 sensisse,nec
3591 2864 3737 2916 mihi
3773 2881 3886 2934 per

2193 2955 2456 3025 spicuum
2489 2958 2573 3006 est
2600 2953 2752 3006 unde
2784 2952 3124 3006 alterutrum
3165 2951 3424 3018 doceam,
3455 2955 3512 3004 et
3555 2950 3778 3004 nescire
3811 2969 3886 3007 me

2141 3021 2160 3039 Δ
2192 3045 2412 3107 fateor;
2475 3041 2572 3094 sed
2605 3049 2661 3094 et
2705 3039 2905 3093 vestris
2946 3039 3298 3108 profectibus
3325 3055 3438 3092 non
3477 3041 3723 3093 multum
3757 3057 3886 3093 con-

2191 3133 2339 3187 ferre
2370 3132 2616 3184 arbitror
2643 3130 2848 3183 harum
2878 3144 3071 3182 rerum
3124 3128 3408 3182 notitiam.
3435 3150 3463 3177 »
3500 3129 3628 3181 Haec
3659 3130 3886 3182 sanctis

2191 3221 2370 3273 simus
2398 3219 2667 3288 idemque
2696 3217 3053 3271 doctissimus
3081 3217 3268 3270 Pater.

2192 3307 2219 3377 ἓ
2271 3311 2337 3362 ll.
2387 3310 2478 3363 An
2544 3311 2762 3362 sanctus
2823 3306 3008 3359 doctor
3069 3305 3364 3359 asseruerit
3435 3306 3594 3359 solem
3651 3311 3702 3359 et
3747 3313 3885 3360 astri

2839 3408 2950 3446 esse
2987 3395 3254 3447 animata.

2264 3488 2477 3540 Rursus
2508 3482 2746 3554 opponit
2790 3487 2981 3535 sancto
3015 3481 3167 3534 Patri
3212 3479 3516 3535 Morainius
3576 3482 3759 3534 :Item
3803 3483 3882 3533 du

2192 3574 2387 3627 bitavit
2431 3589 2560 3626 num
2602 3572 2681 3625 sol
2726 3575 2775 3624 et
2821 3571 2970 3632 luna,
3025 3570 3242 3637 aliaque
3296 3568 3500 3633 sidera,
3562 3583 3684 3635 quae
3732 3568 3886 3620 omin

2189 3664 2566 3731 conspicimus,
2615 3662 2727 3714 sint
2762 3661 3026 3712 animata.
3079 3657 3317 3710 Ibidem.
3353 3656 3460 3710 Sed
3518 3656 3611 3709 hic
3662 3672 3886 3727 quoqni

2192 3751 2498 3806 adversarii
2539 3748 2786 3804 eruditio
2837 3749 2923 3801 vel
2973 3746 3331 3800 desideratur
3379 3745 3468 3799 vel
3514 3746 3856 3815 appellatur

2192 3841 2404 3894 etenim
2455 3839 2608 3910 apud
2647 3843 2866 3891 veteres
2907 3854 3023 3890 non
3056 3836 3224 3889 modo
3266 3835 3664 3906 philosophos,
3697 3851 3886 3888 vernn

2191 3928 2363 3981 etiam
2420 3929 2610 3980 Patres
2646 3931 3072 3980 controversum
3131 3930 3253 3978 erat
3297 3929 3562 3978 essentne
3609 3923 3746 3977 caali
3784 3925 3885 3976 ani

2191 4016 2347 4069 mati.
2399 4013 2677 4069 Platonici
2719 4029 2783 4066 ac
2811 4012 2985 4067 Stoici
3037 4011 3324 4065 animatos
3377 4013 3551 4064 caelos
3604 4011 3886 4065 dicebant

2189 4102 2246 4155 in
2279 4118 2529 4172 quorum
2557 4101 2889 4171 opinionem
2939 4101 3091 4153 ivere
3143 4101 3336 4154 Cicero
3366 4099 3466 4152 lib.
3502 4117 3538 4152 II
3583 4100 3655 4153 de
3688 4100 3885 4152 Natur

2192 4191 2460 4255 Deorum,
2493 4195 2550 4243 et
2580 4189 2797 4242 Plinius
2826 4189 2927 4242 lib.
2963 4205 3018 4240 II.
3068 4187 3328 4240 Historiae
3357 4192 3502 4252 nat.,
3543 4203 3673 4258 cap.
3710 4189 3768 4240 9.
3808 4187 3886 4239 Pe

375 4282 589 4352 synodo
618 4281 844 4334 Nicmna
872 4297 932 4347 xi,
982 4284 1089 4333 act.
1123 4283 1153 4332 5
1189 4295 1201 4332 :
1235 4302 1256 4327 ι
1283 4280 1657 4333 Solummodo
1696 4284 1890 4333 autem
1931 4281 2078 4332 Deus
2116 4281 2160 4335 D
2192 4279 2470 4349 ripatetici
2491 4279 2660 4333 etiam
2693 4279 2952 4349 plerique
2983 4278 3135 4331 idem
3185 4278 3608 4343 existimarunt,
3658 4282 3725 4330 ut
3751 4283 3886 4346 pate

376 4369 748 4438 incorporeus
823 4372 880 4420 et
941 4367 1339 4420 informabilis.
1422 4367 1818 4436 Intelligibiles
1884 4373 2079 4423 autem

375 4463 649 4508 creaturae
704 4470 1072 4524 nequaquam
1130 4471 1197 4506 ex
1240 4459 1362 4508 toto
1406 4461 1540 4508 sunt
1592 4455 1965 4525 incorporea,
2024 4463 2079 4511 et

373 4542 684 4596 imitabiles
719 4541 1253 4612 pictura‘existunt.
1279 4563 1306 4594 ι)
1360 4543 1554 4597 Eidem
1603 4543 1860 4614 Opinioni
1890 4543 2078 4598 adhae-

375 4646 497 4683 sere
547 4630 866 4694 Cassianus,
915 4632 1171 4699 Faustus,
1224 4632 1547 4686 Gennadius
1589 4632 1822 4702 aliique.
1865 4633 2074 4687 Verum

372 4720 565 4790 plures
613 4719 1018 4790 sapientissimi
1051 4723 1242 4775 Patres
1297 4722 1632 4792 oppositum
1665 4721 2074 4790 opinabantur,

371 4825 602 4862 omnem
632 4808 702 4861 ab
742 4807 961 4877 angelis
993 4809 1412 4879 corpulentiam
1440 4813 1816 4863 removentes.
1844 4811 2070 4880 Augus-

369 4897 546 4961 tinus,
597 4897 749 4967 quod
794 4913 920 4949 eam
965 4899 1344 4967 quaestionem
1405 4903 1646 4952 tractare
1696 4915 1763 4952 ex
1819 4899 2073 4968 professo

369 4987 563 5048 nollet,
647 4985 978 5056 videretque
1028 4991 1334 5057 utramque
1399 4992 1622 5056 partem
1686 4988 2074 5058 plurimorum

371 5072 701 5127 auctoritate
761 5072 1065 5139 iirmatam,
1098 5074 1156 5126 in
1199 5090 1258 5126 re
1288 5073 1508 5128 difficili
1537 5089 1601 5127 ac
1645 5073 1818 5128 dubia
1849 5080 2074 5129 senten-

370 5161 505 5214 tiam
557 5159 872 5229 suspendit.
925 5160 985 5213 Id
1017 5161 1328 5227 ambiguum
1375 5176 1485 5214 esse
1533 5161 1729 5215 scribit
1759 5161 1855 5214 lib.
1907 5178 1971 5214 xv
2001 5163 2070 5216 de

367 5247 528 5301 Civit.
571 5250 688 5311 Dei,
748 5265 871 5319 cap.
927 5251 1015 5303 23.
1051 5253 1122 5302 At
1174 5248 1252 5302 lib
1314 5265 1424 5314 XXI,
1457 5265 1579 5319 cap.
1615 5250 1700 5314 10,
1735 5247 1836 5301 ubi
1865 5249 2072 5318 quaerit

368 5352 438 5388 an
474 5336 621 5404 ignis
667 5353 976 5406 corporeus
1028 5335 1206 5407 possit
1257 5336 1547 5390 daemones
1598 5340 1888 5406 torquere,
1952 5336 2065 5389 ait:

369 5441 397 5472 α
428 5423 570 5476 Sunt
598 5425 858 5492 quaedam
889 5441 992 5478 sua
1020 5426 1193 5478 etiam
1223 5423 1586 5479 daemonibus
1616 5440 1871 5496 corpora,
1925 5424 2070 5477 sicut

365 5509 544 5564 doctis
589 5509 919 5565 hominibus
967 5511 1151 5566 visum
1181 5517 1283 5579 est,
1329 5534 1357 5560 »
1393 5517 1496 5566 etc.
1554 5513 1616 5566 Et
1661 5517 1904 5583 postea:
1949 5531 1976 5563 α
2005 5512 2063 5567 Si

2185 4385 2251 4421 ex
2291 4369 2570 4439 Raguseo,
2604 4373 2745 4421 tom.
2773 4369 2793 4420 Ι
2827 4366 3230 4435 ΡΙιὶΙυδορὴὶω,
3264 4366 3408 4437 disp.
3451 4369 3532 4432 14,
3567 4371 3626 4420 et
3656 4367 3886 4420 Alexan

2184 4457 2285 4511 dro
2332 4456 2635 4521 Achillino,
2685 4456 2782 4509 lib.
2819 4472 2887 4508 In
2918 4456 2985 4508 de
3029 4456 3297 4520 Orbibus,
3332 4472 3454 4526 cap.
3496 4459 3546 4521 1,
3588 4455 3695 4526 qui
3730 4456 3886 4508 etian

2185 4559 2252 4597 ex
2286 4544 2585 4598 Aristotele
2629 4544 2888 4597 eamdem
2935 4544 3276 4597 sententiam
3335 4543 3540 4597 deduci
3577 4543 3728 4596 satis
3781 4559 3886 4613 pro

2183 4630 2292 4684 lixe
2339 4630 2644 4685 contendit.
2713 4631 3085 4685 Communior
3137 4637 3332 4684 tamen
3376 4631 3886 4700 Peripateticorum

2183 4719 2380 4788 opinio
2423 4736 2489 4772 ex
2527 4719 2871 4787 Philosophe
2904 4719 3312 4789 intelligentias
3344 4718 3683 4772 assistentes
3727 4718 3886 4771 cmlis

2180 4823 2296 4860 non
2353 4824 2484 4862 vero
2543 4808 2772 4862 eosdem
2831 4808 3204 4861 informantes
3256 4807 3534 4862 concedit.
3599 4809 3740 4861 Non
3799 4823 3885 4858 un

2181 4894 2355 4948 etiam
2401 4893 2511 4947 fuit
2557 4897 2789 4948 Patrum
2828 4895 2897 4949 de
2937 4898 3209 4950 caslorum
3238 4897 3430 4951 anima
3459 4897 3665 4966 opinio
3704 4913 3719 4950 :
3755 4895 3885 4948 und:

2180 4999 2311 5036 cum
2363 4989 2589 5037 sanctus
2627 4983 2826 5037 doctor
2865 4985 3036 5036 tantis
3061 4984 3256 5054 litigiis
3287 5001 3410 5038 sese
3432 4985 3778 5038 immiscere
3811 4998 3886 5034 no

2178 5070 2372 5136 luerit,
2394 5071 2680 5141 judicium
2715 5071 3031 5140 suspendit,
3069 5089 3276 5140 nempe
3309 5090 3382 5127 an
3410 5075 3606 5144 angeli
3631 5090 3778 5127 vere
3811 5088 3886 5124 or

2177 5157 2277 5211 bes
2328 5157 2722 5224 informarent,
2781 5159 2868 5211 vel
2897 5175 2994 5211 eos
3037 5161 3403 5214 solummodo
3435 5161 3494 5215 in
3517 5177 3746 5231 gyrum
3779 5174 3886 5234 pro

2176 5249 2472 5318 pellerent.
2524 5248 2678 5302 Unde
2729 5248 2790 5301 in
2837 5248 2951 5301 ﬁne
3003 5249 3102 5302 lib.
3148 5250 3284 5303 nde
3319 5251 3456 5304 Gen.
3491 5251 3565 5304 ad
3596 5251 3752 5314 litt.,
3787 5247 3879 5298 ait

2181 5357 2210 5384 ‹‹
2233 5337 2387 5391 Solet
2441 5337 2613 5390 etiam
2647 5337 2828 5407 quteri
2871 5342 3064 5391 utrum
3118 5339 3243 5394 caeli
3273 5339 3588 5392 luminaria
3631 5341 3758 5393 ista
3783 5349 3886 5388 cor

2175 5423 2372 5493 spicua
2417 5439 2656 5494 corpora
2703 5425 2822 5478 sola
2869 5425 3001 5491 sint,
3056 5441 3130 5478 an
3166 5426 3415 5481 habeant
3445 5433 3715 5482 rectores
3752 5437 3886 5498 quc

2175 5512 2308 5566 dam
2356 5512 2592 5583 spiritus
2625 5528 2778 5579 suos,
2813 5517 2886 5580 et,
2917 5512 2964 5567 si
2991 5513 3225 5581 habent,
3263 5520 3459 5570 utrum
3494 5516 3568 5570 ab
3607 5517 3704 5571 eis
3739 5510 3886 5570 alia
