3946 6176
16 274 59 319 οἱ
77 275 176 323 89

1386 273 1709 330 VINDICUE
1746 273 2290 330 AUGUSTINIAN/E.

3480 283 3583 335 690

16 395 326 450 vitaliter
354 395 726 466 inspirentur;
752 394 896 449 sicut
926 394 1257 449 animantur
1293 410 1489 448 carnes
1525 412 1626 465 per
1654 396 1777 449 ani-
1816 398 1859 451 A
1883 396 2163 451 animatas
2189 401 2244 450 et
2272 398 2596 451 materiales
2644 413 2766 452 esse
2810 398 3085 468 quasdam
3128 398 3387 466 virtutes,
3445 417 3581 455 ana-

16 500 198 539 rnas
232 484 602 551 animalium;
640 500 712 537 an
738 484 855 536 sola
885 484 1005 537 sine
1058 484 1175 537 ulla
1222 484 1597 555 permixtione
1629 501 1773 555 pra:-

14 574 283 628 sentia.
318 594 344 624 ››
382 574 531 638 Quas
580 572 926 643 quaestiones
962 572 1236 625 insolutas
1291 572 1625 642 relinquens
1673 573 1770 638 ait,

13 664 291 717 easdem
328 678 429 715 non
474 664 641 728 facile
684 677 843 731 posse
897 662 1290 729 comprehendi.
1326 662 1510 725 Quare
1549 667 1773 716 sanctus

14 750 320 804 Thomas
343 755 490 820 part.
526 768 563 816 ι,
605 767 662 820 q.
707 752 798 815 70,
832 755 936 803 art.
976 753 1025 815 3,
1068 750 1166 802 ubi
1209 749 1415 819 quaérit
1460 754 1652 803 utrum
1683 750 1773 803 lu—

14 840 319 893 minaria
366 839 491 893 cceli
539 844 671 893 sunt
716 840 985 901 animata,
1040 840 1164 892 ait:
1214 839 1551 893 «Similiter
1602 840 1773 893 etiam

12 929 221 997 apud
271 928 535 981 doctores
584 928 720 982 ﬁdei
765 928 874 981 fuit
920 928 1066 981 circa
1118 928 1222 980 hoc
1282 928 1505 981 diversa
1555 928 1769 998 opinio.

18 1017 347 1086 Origenes
396 1018 550 1071 enim
613 1017 809 1087 posuit
872 1033 1112 1085 corpora
1170 1016 1417 1069 coelestia
1483 1016 1771 1083 animata;

20 1105 458 1174 Hieronymus
491 1106 663 1158 etiam
712 1105 861 1158 idem
903 1106 1114 1158 sentire
1147 1105 1386 1168 videtur,
1420 1109 1525 1159 etc.
1562 1123 1575 1171 ;
1612 1105 1768 1158 Basi-

20 1194 170 1246 lius
206 1211 361 1258 vero,
424 1198 479 1247 et
520 1195 898 1247 Damascenus
947 1198 1207 1247 asserunt
1252 1208 1490 1262 corpora
1528 1194 1771 1247 caelestia

20 1298 179 1335 non
219 1298 342 1336 esse
376 1282 670 1348 animata;
700 1282 1055 1352 Augustinus
1084 1299 1217 1336 vero
1254 1284 1358 1336 sub
1404 1282 1577 1337 dubio
1608 1283 1768 1337 dere-

24 1370 252 1439 liquit,
286 1370 349 1424 in
382 1376 646 1424 neutram
677 1376 897 1440 partem
946 1370 1253 1424 declinans.
1290 1390 1317 1421 »
1342 1371 1497 1424 Idem
1536 1369 1768 1439 Angeli-

22 1474 153 1509 cus
188 1458 416 1525 doctor,
448 1460 655 1512 Contra
687 1460 913 1527 Gentes,
948 1477 982 1511 ιι
1029 1476 1149 1528 cap.
1184 1462 1272 1523 70,
1300 1458 1548 1529 ingenue
1596 1463 1768 1511 testa-

22 1551 148 1599 tur
184 1547 341 1600 nihil
371 1548 442 1601 ab
497 1546 742 1600 Ecclesia
770 1547 840 1600 de
883 1546 1075 1599 anima
1113 1546 1238 1600 creti
1276 1547 1575 1601 deﬁnitum
1606 1562 1763 1600 esse:

27 1654 63 1683 α
112 1637 241 1688 Hoc
272 1640 488 1701 autem,
522 1636 728 1706 inquit,
772 1636 922 1706 quod
944 1636 1158 1689 dictum
1198 1641 1283 1690 est
1320 1636 1387 1690 de
1418 1636 1766 1691 animatione

24 1724 209 1789 caeli,
256 1741 377 1778 non
417 1725 669 1779 diximus
708 1724 871 1796 quasi
922 1725 1226 1777 asserendo
1274 1725 1585 1779 secundum
1632 1725 1767 1779 ﬁdei

23 1811 405 1879 doctrinam,
438 1813 509 1866 ad
564 1829 735 1882 quam
767 1812 910 1865 nihil
970 1815 1220 1883 pertinet
1265 1813 1379 1866 sive
1412 1814 1488 1867 sic
1511 1814 1626 1868 sive
1657 1815 1768 1868 ali-

24 1907 133 1954 ter
167 1902 419 1955 dicatur.
462 1922 490 1953 »
522 1902 719 1955 Scotus
767 1918 919 1969 vero,
952 1905 1004 1968 2,
1048 1903 1176 1956 dist.
1216 1905 1298 1967 14,
1330 1918 1385 1972 q.
1446 1906 1493 1968 1,
1524 1903 1582 1956 in
1629 1904 1763 1970 ﬁne,

27 1988 260 2042 scribit
296 2004 309 2041 :
341 2007 370 2038 α
407 1988 465 2042 Si
513 1988 639 2041 coeli
673 2005 786 2041 non
836 1994 970 2042 sunt
1013 1990 1271 2058 animati,
1308 1992 1417 2044 hoc
1460 1994 1541 2044 est
1581 1992 1765 2061 magis

26 2077 342 2130 creditum
372 2092 547 2147 quam
585 2077 804 2131 ratione
854 2079 1177 2147 probatum.
1224 2098 1250 2128 »
1303 2080 1460 2142 Quod
1505 2078 1765 2150 sineque

32 2165 402 2218 auctoritate
447 2165 727 2229 Ecclesiae,
761 2170 823 2217 ut
871 2166 949 2218 ait
976 2165 1302 2235 Angelicus,
1336 2182 1520 2237 neque
1552 2165 1767 2220 efﬁcaci

36 2254 311 2318 ratione,
358 2257 421 2307 ut
460 2252 648 2305 subdit
695 2254 947 2321 Subtilis,
1001 2254 1315 2324 quidquam
1369 2254 1436 2307 de
1494 2255 1763 2308 caelorum

34 2341 261 2395 anima
293 2339 431 2394 certi
464 2339 777 2393 stabilitum
809 2348 911 2407 est,
961 2358 1153 2395 nonne
1192 2343 1322 2411 jure
1354 2359 1601 2412 magnus
1628 2360 1763 2397 nos-

32 2435 137 2482 ter
174 2428 379 2481 doctor
407 2442 473 2479 ea
503 2426 571 2479 de
603 2442 666 2479 re
710 2432 933 2496 poterat
982 2428 1293 2481 dubitate?
1338 2431 1478 2483 Cum
1526 2431 1624 2484 lib.
1669 2447 1766 2483 xm

32 2518 119 2569 de
153 2516 397 2569 Civitate
438 2516 558 2580 Dei,
591 2531 716 2585 cap.
762 2520 844 2579 16,
880 2516 1167 2569 retulisset
1198 2510 1537 2571 Sententiam
1578 2521 1765 2572 Plato—

35 2605 167 2669 nis,
204 2605 294 2657 ait
325 2621 338 2656 :
372 2624 397 2653 ‹‹
425 2604 488 2657 Et
516 2604 622 2671 hoc
658 2604 888 2673 quidem
917 2609 1113 2657 utrum
1143 2604 1301 2656 Plato
1346 2621 1543 2657 verum
1590 2607 1659 2658 de
1690 2606 1764 2657 si-

36 2692 300 2745 deribus
328 2692 498 2756 dicat,
532 2691 640 2744 alia
671 2691 911 2760 quaestio
943 2695 1046 2744 est.
1080 2691 1275 2760 Neque
1306 2690 1457 2743 enim
1492 2692 1763 2745 continuo

37 2780 495 2833 concedendum
527 2784 610 2833 est
634 2780 835 2848 globos
886 2778 1025 2832 istos
1054 2779 1363 2840 luminum,
1398 2780 1511 2832 sive
1542 2780 1764 2833 orbicu-

37 2871 132 2921 los
188 2870 317 2921 luce
379 2884 652 2937 corporea
701 2883 873 2936 super
927 2874 1106 2921 terras
1155 2884 1249 2920 seu
1300 2867 1412 2932 die,
1458 2884 1557 2921 seu
1602 2874 1764 2921 nocte

36 2959 369 3027 fulgentes,
424 2957 539 3009 suis
590 2956 931 3026 quibusdam
986 2956 1232 3027 propriis
1292 2956 1497 3009 animis
1553 2956 1759 3023 vivere,

36 3047 257 3116 eisque
309 3045 793 3099 intellectualibus
823 3050 879 3099 et
929 3045 1128 3111 beatis,
1184 3048 1287 3097 etc.
1354 3066 1375 3092 ι
1430 3046 1505 3098 Ex
1552 3045 1759 3114 quibus

38 3140 219 3206 patet
242 3134 563 3205 Augustino
594 3134 754 3187 illam
784 3134 852 3187 de
883 3133 1155 3187 C(elorum
1188 3132 1483 3187 animabus
1532 3139 1761 3187 senten-

42 3227 201 3279 tiam
231 3240 348 3276 non
382 3224 628 3276 multum
659 3222 960 3292 placuisse,
1010 3238 1135 3275 eam
1166 3227 1359 3275 tamen
1411 3222 1481 3275 ob
1516 3222 1762 3276 Platoni-

39 3328 262 3367 corum
296 3328 361 3366 ac
392 3314 620 3365 Patrum
654 3311 975 3382 prmsertim
1029 3310 1427 3365 auctoritatem
1458 3310 1522 3364 in
1572 3311 1759 3365 medio

48 3400 383 3471 reliquisse.

127 3492 420 3544 Caeterum
447 3489 613 3541 caelos
643 3486 764 3541 sine
813 3486 1005 3541 anima
1053 3487 1259 3541 melius
1313 3489 1643 3542 statuendos
1694 3506 1761 3542 ex

46 3578 295 3649 propria
327 3577 606 3631 sententia
634 3594 751 3631 non
804 3577 978 3630 semel
1028 3576 1241 3631 docuit.
1288 3578 1351 3630 In
1397 3578 1539 3631 libro
1570 3584 1759 3648 poste-

47 3668 197 3721 riori
256 3669 525 3732 Retract,
566 3682 691 3735 cap.
756 3670 812 3733 7,
880 3664 981 3719 ubi
1046 3666 1281 3735 corrigit
1335 3666 1507 3720 libros
1564 3673 1762 3721 contra

50 3758 355 3819 Faustum,
390 3755 502 3809 ait:
540 3776 569 3803 «
621 3756 685 3809 In
716 3753 936 3808 decimo
985 3758 1189 3824 quarto
1233 3754 1301 3807 de
1351 3754 1467 3806 sole
1519 3760 1576 3807 et
1622 3756 1762 3808 luna

49 3845 195 3897 talia
240 3844 390 3898 dicta
420 3849 571 3910 sunt,
602 3848 878 3914 tanquam
926 3841 1193 3909 sentiant,
1237 3846 1293 3895 et
1346 3842 1473 3895 ideo
1518 3844 1761 3895 tolerent

49 3950 239 3986 vanos
295 3934 621 3986 adoratores
693 3948 843 3985 suos.
892 3932 1159 3995 Quamvis
1213 3916 1413 3984 verba.
1448 3931 1526 3984 ibi
1581 3932 1761 4000 accipi

50 4022 287 4091 possint
315 4022 383 4075 ab
412 4020 646 4075 animali
686 4021 757 4074 ad
787 4020 1096 4073 inanimale
1154 4019 1443 4084 translata,
1480 4018 1645 4072 modo
1675 4020 1759 4073 lo-

49 4110 311 4162 cutionis
343 4110 442 4180 qui
474 4114 707 4163 vocatur
738 4111 925 4164 Greece
956 4108 1314 4176 metaphora.
1350 4128 1376 4157 »
1414 4108 1578 4161 Vides
1630 4124 1759 4161 san-

51 4203 219 4250 ctum
251 4200 478 4251 Patrem
518 4201 825 4250 retractare
870 4196 1215 4249 sententiam
1246 4212 1359 4265 qua
1382 4194 1550 4259 ,visus
1578 4196 1763 4249 fuerat

1879 485 2074 538 thema
2117 485 2207 539 sit.
2253 486 2342 539 Uti
2407 486 2727 556 praecipuus
2779 487 3043 557 Origenis
3090 505 3251 541 error
3305 490 3399 543 ille
3449 507 3580 560 pro-

1882 573 2124 644 scriptus
2154 574 2285 628 fuit.
2345 577 2518 629 Porro
2560 577 2865 629 Justiniani
2916 578 3126 631 litteras
3152 580 3389 648 Vigilius
3434 595 3582 649 papa

1881 678 2011 716 cum
2044 662 2307 715 universa
2357 663 2597 717 Ecclesia
2644 666 2922 718 catholica
2969 666 3326 735 approbavit,
3376 668 3458 720 uti
3504 675 3581 721 te-

1880 755 2060 804 statur
2084 750 2326 820 insignis
2383 764 2506 805 tum
2560 753 2833 822 temporis
2874 754 3336 825 Carthaginensis
3392 756 3580 811 diaco-

1880 856 1987 893 nus
2021 839 2332 906 Liberatus,
2364 855 2487 909 cap.
2520 844 2586 895 23
2623 841 2891 894 Breviarii
2918 858 2933 910 ;
2968 860 3080 912 qua
3129 844 3197 896 de
3227 860 3287 897 re
3318 844 3579 914 pluribus

1879 929 2104 999 egimus
2132 929 2192 982 in
2225 929 2507 983 dissertet.
2553 930 2620 982 de
2670 931 2897 1000 Synodo
2944 947 2994 983 v.
3050 933 3208 985 Hunc
3261 939 3451 986 autem
3484 950 3575 986 ca-

1878 1032 2088 1070 nonem
2120 1016 2179 1070 in
2207 1018 2405 1070 eadem
2438 1018 2655 1087 synodo
2699 1035 2730 1067 v
2769 1020 3137 1082 (eciimenica,
3170 1037 3322 1073 anno
3355 1026 3453 1075 553
3487 1038 3577 1075 ce-

1879 1107 2114 1174 lebrata,
2208 1108 2587 1178 approbatum
2671 1106 2843 1160 fuisse
2949 1108 3141 1161 scribit
3224 1110 3575 1179 Nicephorus

1878 1197 1977 1250 lib.
2009 1214 2141 1263 xvii,
2194 1214 2313 1267 cap.
2364 1201 2452 1251 27.
2497 1198 2654 1251 Unde
2696 1199 2751 1251 P.
2812 1199 3003 1267 Lupus
3045 1201 3311 1253 eumdem
3370 1202 3454 1254 uti
3505 1202 3573 1255 ab

1879 1286 2077 1339 eadem
2110 1287 2323 1356 synodo
2354 1290 2629 1340 statutum
2668 1302 2829 1340 more
2876 1286 3064 1353 solito,
3096 1304 3302 1357 nempe
3334 1290 3573 1356 erudite,

1877 1375 2025 1427 notis
2055 1390 2118 1426 ac
2177 1374 2403 1427 scholiis
2461 1374 2731 1428 illustrat.
2795 1378 2881 1428 An
2937 1391 3071 1428 vero
3128 1376 3297 1428 modo
3348 1376 3573 1429 defendi

1876 1461 2053 1532 possit
2083 1462 2273 1514 anima
2310 1463 2583 1515 caelorum
2636 1471 2765 1531 post
2794 1464 3123 1516 damnatam
3177 1463 3332 1516 illam
3379 1465 3573 1532 Orige~

1876 1549 1961 1603 nis
2007 1548 2363 1618 opinionem,
2427 1551 2558 1602 nolo
2614 1550 2944 1619 disputare;
3007 1554 3199 1620 posset
3242 1550 3395 1603 enim
3448 1551 3571 1619 quis

1874 1652 2153 1707 reponere
2210 1638 2535 1690 damnatam
2594 1638 2954 1690 solummodo
3020 1637 3177 1690 illam
3234 1638 3575 1691 sententiam

1870 1725 2034 1794 juxta
2063 1729 2312 1778 mentem
2345 1724 2605 1793 Origenis
2636 1724 3004 1788 intellectam,
3048 1725 3117 1778 de
3148 1741 3261 1794 quo
3294 1726 3413 1777 haec
3443 1725 3575 1777 scri-

1874 1813 1961 1867 bit
1988 1817 2212 1865 sanctus
2270 1813 2655 1882 Hieronymus
2714 1813 2878 1883 epist.
2939 1816 2998 1866 61
3053 1823 3247 1866 contra
3294 1814 3571 1866 Joannem

1876 1900 2496 1970 Hierosolymitanum:
2535 1921 2561 1948 κ
2597 1900 2870 1970 Origenes
2922 1901 3085 1954 docet
3137 1901 3312 1953 solem
3358 1900 3568 1969 ipsum,

1876 1994 1931 2043 et
1960 1990 2176 2052 lunam,
2210 1992 2265 2041 et
2294 1988 2554 2041 omnium
2598 1994 2877 2042 astrorum
2919 1989 3153 2042 chorum
3189 2004 3308 2041 esse
3349 1989 3569 2043 animas

1876 2076 2248 2131 rationalium
2302 2078 2593 2146 quondam
2660 2081 2718 2130 et
2780 2078 3222 2147 incorporalium
3281 2084 3570 2130 creatura-

1874 2181 2021 2251 ru’m,
2054 2182 2183 2234 qua:
2232 2181 2385 2218 nunc
2425 2165 2662 2219 vanitati
2710 2166 3001 2236 subjectae,
3062 2165 3257 2235 ignitis
3311 2166 3573 2218 videlicet

1874 2254 2228 2325 corporibus,
2286 2270 2414 2323 quae
2472 2270 2577 2307 nos
2632 2254 2885 2325 imperiti
2947 2260 3003 2308 et
3048 2253 3217 2307 rudes
3266 2253 3573 2307 luminaria

1874 2344 2075 2398 mundi
2127 2343 2463 2413 apellamus,
2524 2342 2917 2397 liberabuntur
2972 2360 3004 2395 a
3060 2344 3327 2395 servitute
3378 2358 3571 2395 corru-

1874 2432 2088 2504 ptionis
2135 2432 2195 2485 in
2253 2432 2574 2485 libertatem
2624 2432 2875 2485 ﬁliorum
2908 2432 3026 2485 Dei.
3066 2452 3092 2482 ι)
3128 2433 3202 2485 De
3232 2448 3343 2501 qua
3374 2432 3573 2501 Orige-

1873 2522 1963 2576 nis
1994 2520 2260 2591 opinione
2296 2521 2418 2573 hazc
2449 2520 2621 2573 tradit
2652 2525 2876 2573 sanctus
2929 2520 3282 2590 Augustinus
3314 2526 3470 2573 tomo
3498 2537 3570 2586 vi,

1872 2610 1935 2663 in
1988 2610 2083 2662 lib.
2134 2613 2333 2662 contra
2391 2624 2613 2661 errores
2676 2608 3251 2673 Priscillianistarum,
3305 2624 3432 2676 cap.
3487 2611 3568 2660 8:

1878 2719 1903 2749 ‹‹
1939 2700 2015 2751 De
2046 2697 2162 2750 sole
2210 2701 2263 2749 et
2304 2698 2460 2761 luna,
2516 2696 2850 2765 cazterisque
2904 2696 3203 2757 sideribus,
3265 2695 3415 2764 quod
3465 2712 3571 2747 cce—

1875 2786 2037 2839 lestia
2067 2785 2179 2837 sint
2210 2800 2451 2853 corpora
2484 2784 2760 2849 videmus,
2811 2784 2965 2853 quod
3006 2783 3255 2835 animata
3287 2782 3415 2844 sint,
3454 2799 3569 2834 non

1874 2874 2154 2927 videmus.
2190 2874 2268 2925 De
2299 2871 2507 2925 divinis
2535 2872 2643 2924 hoc
2670 2871 2829 2923 libris
2856 2871 3097 2941 legatur,
3124 2877 3179 2923 et
3210 2870 3512 2923 credimus.
3542 2891 3567 2919 »

1803 2978 1841 3031 ο
1876 2964 2003 3016 Haec
2052 2960 2150 3014 ibi.
2208 2961 2271 3013 Et
2328 2959 2562 3029 quidem
2624 2960 2996 3019 Fromondus.
3050 2960 3141 3012 lib.
3182 2959 3293 3012 ide
3339 2958 3565 3022 Anima,

1870 3068 1991 3121 cap.
2033 3054 2081 3115 t,
2115 3054 2218 3102 art.
2249 3052 2302 3111 8,
2348 3050 2556 3102 fatetur
2586 3064 2718 3101 eum
2778 3048 2876 3118 qui
2908 3048 3158 3101 animam
3192 3047 3566 3117 vegetativam

1871 3144 1969 3193 aut
2025 3138 2196 3192 etiam
2253 3137 2583 3191 sensitivam
2640 3137 2806 3190 astris
2867 3137 3220 3201 concederet,
3279 3136 3339 3189 in
3397 3153 3567 3205 syno-

1868 3231 2206 3285 dumvnon
2235 3242 2490 3296 peccare,
2542 3242 2670 3296 quas
2724 3226 2944 3279 animas
2999 3230 3221 3279 tantum
3276 3224 3569 3277 intellecti-

1869 3334 1965 3370 vas
1990 3333 2023 3369 a
2052 3315 2375 3369 caelestibus
2413 3314 2748 3385 corporibus
2787 3313 3044 3367 exclusit.
3104 3314 3301 3365 Petrus
3350 3317 3570 3365 Aureo-

1871 3408 1978 3471 lus,
2038 3403 2369 3459 Parisiensis
2428 3403 2634 3455 scholae
2701 3401 3199 3472 praeclarissimum
3255 3402 3446 3464 decus,
3515 3406 3569 3453 et

1870 3492 2089 3547 ordinis
2118 3491 2401 3545 Minorum
2435 3489 2724 3559 singulare
2755 3495 3180 3556 ornamentum,
3212 3504 3381 3559 quem
3416 3504 3568 3540 nun—

1870 3595 2045 3649 quam
2072 3578 2191 3632 sine
2243 3576 2622 3631 admiratione
2673 3594 2729 3630 se
2782 3577 2983 3647 legisse
3037 3583 3279 3629 testatur
3331 3576 3569 3628 Basilius

1870 3666 2109 3720 Poncius
2138 3666 2197 3719 in
2230 3664 2579 3735 quodlibetis
2626 3670 2826 3734 quaest.
2874 3669 2923 3729 8,
2957 3683 3003 3719 c.
3058 3670 3087 3720 3
3140 3666 3248 3733 (est
3296 3665 3450 3717 enim
3495 3663 3567 3715 ob

1868 3753 2084 3824 ingenii
2113 3768 2376 3817 acumen,
2423 3757 2480 3805 et
2533 3758 3005 3822 argumentorum
3038 3754 3152 3805 sive
3202 3753 3421 3822 copiam
3454 3751 3567 3803 sive

1870 3843 1983 3895 vim
2008 3845 2247 3913 spectes,
2307 3840 2469 3910 queis
2508 3856 2655 3893 nova
2707 3842 3049 3910 plerumque
3082 3842 3180 3893 abs
3226 3858 3283 3893 se
3342 3841 3568 3893 inventa

1872 3936 2085 3984 asserta
2150 3928 2486 3991 communit,
2560 3928 2778 3981 nemini
2842 3929 3303 3982 scholasticorum
3366 3944 3566 3979 secun-

1872 4019 2023 4087 dus),
2056 4017 2166 4079 hic,
2197 4017 2455 4087 inquam,
2492 4032 2621 4068 cum
2656 4016 2713 4069 in
2745 4020 2776 4069 2
2808 4016 3254 4082 Sententiarum,
3297 4015 3424 4068 dist.
3484 4017 3568 4082 l-i,

1872 4124 1933 4177 q.
1974 4110 2157 4175 2,art.
2186 4109 2240 4170 2,
2275 4105 2532 4175 pluribus
2571 4105 2964 4175 investigasset
3011 4120 3151 4157 num
3191 4103 3569 4171 intelligentia

1872 4211 2107 4249 movens
2137 4193 2343 4247 caelum
2374 4193 2633 4246 uniretur
2661 4196 2933 4262 tanquam
2965 4196 3170 4251 motor,
3218 4208 3291 4244 an
3345 4207 3476 4242 vero
3509 4197 3569 4243 ut

51 4285 231 4339 astris
263 4285 480 4338 animas
509 4285 665 4350 dare,
698 4284 871 4354 idque
896 4284 1284 4353 mctaphorice
1316 4289 1537 4337 tantum
1590 4283 1758 4337 intel-
1799 4267 1843 4321 Ῑ)
1874 4285 2079 4348 forma,
2111 4286 2166 4335 et
2196 4281 2515 4353 probabiles
2564 4280 2813 4333 rationes
2866 4281 2937 4333 ad
2990 4280 3243 4333 animam
3296 4278 3566 4333 caelorum

54 4372 362 4443 ligendum
407 4389 526 4427 esse
571 4376 761 4441 aperte
794 4372 1144 4441 protestari?
1192 4374 1255 4424 In
1302 4372 1389 4424 his
1441 4389 1573 4426 vero
1605 4372 1763 4425 libris

52 4461 415 4517 deﬁnitivam
448 4461 623 4515 veluti
656 4459 998 4514 sententiam
1031 4460 1182 4526 tulit,
1238 4476 1351 4530 qua
1397 4460 1535 4530 quid
1570 4461 1638 4514 de
1668 4477 1763 4513 as-

56 4558 289 4603 trorum
347 4550 646 4604 animabus
704 4550 825 4619 ipse
882 4550 1119 4603 sentiret
1180 4549 1486 4614 intimavit,
1540 4549 1621 4601 ita
1680 4554 1760 4615 ut,

55 4638 286 4692 etiamsi
331 4639 467 4692 alibi
524 4639 846 4709 Oppositum
894 4638 1142 4703 dixisset,
1199 4654 1262 4691 ex
1322 4636 1623 4708 posteriori
1675 4654 1762 4691 as-

54 4733 216 4781 serto
248 4729 648 4798 corrigeretur.
682 4728 836 4781 Idem
889 4726 1059 4780 habet
1084 4731 1245 4780 tract.
1283 4732 1299 4780 l
1348 4727 1406 4779 in
1462 4728 1760 4792 Joannem,

54 4817 129 4869 ad
162 4816 263 4869 illa
291 4817 461 4870 verba
494 4834 505 4870 :
543 4817 705 4882 Quod
728 4818 936 4882 factum
960 4821 1035 4869 est
1064 4818 1123 4869 in
1153 4818 1243 4870 illo
1272 4820 1388 4869 vita
1416 4820 1549 4869 erat.
1589 4817 1764 4885 Lega-

56 4911 157 4959 tur
183 4904 442 4958 eruditus
468 4906 529 4959 P.
567 4904 787 4975 Alipius
831 4904 1045 4975 Reylof,
1092 4904 1560 4975 Augustinianus,
1613 4904 1713 4959 lib.
1750 4922 1764 4958 ι

56 4996 129 5049 de
161 4994 391 5057 Anima,
427 5011 549 5065 cap.
579 4996 633 5061 4,
669 4993 767 5048 ubi
806 4994 873 5048 de
906 4995 1086 5049 sancti
1139 4995 1445 5065 Augustini
1484 4995 1766 5049 sententia

60 5082 389 5136 doctissime
439 5083 706 5154 disputat.
771 5083 979 5153 Opinio
1030 5099 1163 5137 vero
1217 5083 1315 5135 illa
1368 5083 1437 5135 de
1494 5081 1765 5135 cmlorum

65 5171 260 5224 anima
309 5171 577 5224 damnata
639 5172 871 5225 demum
926 5171 1137 5240 legitur
1167 5170 1224 5223 in
1258 5169 1460 5223 litteris
1505 5186 1537 5222 a
1593 5168 1766 5223 Justi-

62 5260 240 5314 niano
296 5261 644 5330 imperatore
674 5260 895 5330 scriptis
942 5260 1013 5313 ad
1070 5260 1331 5314 Mennam
1383 5258 1764 5327 patriarcham

66 5349 787 5419 Constantinopolitanum,
833 5349 930 5403 ubi
960 5349 1109 5402 inter
1153 5348 1401 5418 reliquos
1433 5348 1763 5399 anathema-

68 5437 265 5491 tismos
295 5437 389 5492 hic
419 5438 663 5492 habetur
695 5455 707 5493 :
748 5460 775 5485 ‹‹
806 5438 862 5493 Si
894 5436 1022 5508 quis
1051 5436 1186 5491 dicit
1212 5438 1439 5501 emtum,
1472 5439 1529 5488 et
1562 5435 1761 5500 solem,

70 5532 126 5577 et
156 5526 374 5593 lunam,
408 5531 465 5580 et
486 5525 695 5595 stellas,
728 5530 785 5579 et
814 5542 989 5597 aquas
1029 5541 1156 5604 qua:
1187 5541 1358 5595 super
1399 5523 1567 5577 ccelos
1610 5527 1760 5589 sunt,

1874 4370 2330 4443 persuadendam
2358 4370 2707 4431 adduxisset,
2758 4369 2957 4423 solutis
3013 4368 3183 4422 etiam
3216 4368 3570 4439 argumentis

1874 4478 2003 4531 qua:
2059 4476 2090 4513 a
2143 4458 2427 4529 theologis
2483 4463 2683 4512 contra
2726 4458 2986 4512 eamdem
3048 4458 3378 4529 Opinionem
3446 4457 3571 4510 ilt'l‘i

1874 4548 2256 4603 communiter
2312 4550 2518 4614 solent,
2577 4547 2656 4601 ita
2721 4546 3045 4601 concludit:
3083 4547 3267 4611 «Sed,
3324 4546 3571 4601 dimissis

1872 4638 2228 4709 philosophis
2263 4640 2320 4689 et
2351 4635 2496 4701 aliis,
2531 4635 2968 4705 intelligendum
3009 4641 3093 4688 est
3148 4634 3209 4687 in
3255 4635 3361 4689 hac
3392 4640 3569 4689 mate-

1872 4726 1958 4779 ria
1988 4742 2117 4797 qua:
2146 4726 2237 4778 via
2293 4724 2701 4795 praedictarum
2758 4724 3001 4779 duarum
3055 4730 3140 4778 est
3194 4723 3568 4794 probabilior,

1874 4831 2006 4869 cum
2032 4819 2277 4884 utraque
2320 4813 2455 4866 satis
2512 4812 2823 4881 probabilis
2875 4814 3154 4868 videatur.
3198 4812 3568 4883 Respondeo:

1872 4904 2225 4974 Augustinus
2282 4902 2419 4955 dicit
2480 4901 2735 4971 (recitato
2796 4919 2907 4956 uno
2981 4908 3038 4956 et
3093 4904 3270 4955 altero
3316 4901 3570 4954 testimo-

1873 4994 1985 5061 nio)
2024 5008 2035 5044 :
2069 4992 2173 5047 Sed
2199 5008 2291 5045 nec
2323 4992 2461 5046 illud
2507 4996 2707 5045 certum
2748 4993 2934 5056 habeo,
2982 4996 3164 5044 utrum
3209 4990 3283 5043 ad
3336 4989 3573 5041 eamdem

1875 5084 2181 5135 societatem
2227 5085 2540 5150 pertineant
2594 5082 2691 5148 sol,
2739 5087 2788 5135 et
2834 5084 2983 5147 luna,
3031 5086 3079 5133 ct
3120 5083 3310 5133 cuncta
3366 5077 3569 5143 sidera,

1876 5172 2124 5239 quamvis
2144 5172 2417 5225 nonnullis
2446 5171 2631 5224 lucida
2661 5184 2770 5224 esse
2814 5185 3059 5239 corpora,
3099 5183 3203 5220 non
3233 5182 3351 5219 cum
3392 5180 3566 5231 sensu,

1876 5264 1972 5312 aut
2002 5259 2358 5323 intelligentia
2404 5259 2713 5313 videantur.
2754 5260 2879 5311 Haec
2899 5255 3274 5325 Augustinus.
3326 5254 3384 5308 Si
3434 5271 3569 5324 ergo

1874 5364 2079 5401 nurus
2110 5363 2311 5400 nocron
2350 5346 2409 5401 in
2461 5347 2566 5401 hac
2618 5346 2854 5401 materia
2910 5343 3209 5409 dubitavit,
3270 5360 3377 5415 ego
3430 5342 3571 5395 nihil

1876 5435 2089 5490 deﬁnio
2120 5436 2179 5489 in
2208 5436 2314 5489 hac
2360 5441 2538 5506 parte.
2576 5456 2603 5487 »
2658 5433 2949 5488 Ridendus
3007 5432 3186 5505 igitur
3241 5431 3567 5496 Morainius,

1876 5524 1977 5595 qui
2033 5524 2337 5594 Augustini
2386 5522 2800 5578 dubitationem
2859 5521 3012 5575 inter
3080 5538 3299 5577 errores
3353 5520 3568 5592 rejecit,
