3894 6184
405 294 501 345 691

1414 286 1975 342 SUPPLEMENTUM
2019 287 2108 342 AD
2145 261 2377 343 orans
2407 288 2460 341 s.
2507 285 2896 344 AUGUSTINI.
3756 299 3836 352 692

405 431 581 488 quam
611 402 1016 469 Subtilissimus
1045 408 1531 476 scholasticorum,
1568 410 1690 464 sola
1736 409 1915 465 sancti
1967 411 2100 466 doc-
2139 415 2184 470 Α
2214 409 2523 465 traditione
2587 406 2962 465 ecclesiastica
3012 405 3264 478 antiquis
3327 409 3656 480 temporibus
3706 414 3845 470 fuisse

407 505 548 560 toris
578 503 909 559 auctoritate
939 505 1112 570 atque
1157 499 1419 569 exemplo
1467 503 1680 568 motus,
1739 504 1964 554 secutus
2002 502 2104 564 est,

408 593 524 658 ille,
555 593 816 663 inquam,
873 587 1177 653 Aureolus,
1230 607 1257 638 α
1317 587 1480 658 cujus
1519 585 1777 656 vestigiis
1827 602 1942 640 non
1974 601 2108 639 eru-

409 681 587 738 bescit
615 679 786 734 modo
809 681 927 730 tota
957 675 1315 730 Neutralium
1366 676 1560 730 schola
1588 675 1895 743 inhaerere,
1950 673 2109 744 prin-

411 771 559 840 cipia
604 770 667 822 D.
726 767 959 820 Thomm
1012 769 1068 818 et
1125 763 1274 818 Scoti
1329 763 1661 830 deserendo,
1695 781 1724 814 »
1779 778 1908 832 qum
1937 761 2111 815 verba

412 862 542 912 sunt
607 852 1010 926 sapientissimi
1083 852 1264 907 Patris
1341 852 1552 908 Mastrii
1623 850 1982 907 Meldulensis
2049 851 2110 905 in

411 945 631 1017 prmfat.
666 944 737 997 ad
767 948 906 998 tom.
941 940 1411 1012 IMetaphysices.

413 1055 440 1126 ἓ
475 1053 572 1106 III.
589 1048 942 1126 Augustinus
965 1048 1036 1100 de
1057 1046 1496 1126 urigineoanimm
1517 1043 1786 1126 dubitaris
1806 1060 2112 1126 perperam

482 1113 702 1178 erroris
720 1119 1004 1190 arguitur.
1057 1113 1409 1190 Ostenditur,
1426 1120 1657 1170 sanctos
1706 1113 1925 1190 Patres
1952 1131 2022 1190 ea
2048 1113 2113 1168 in

483 1184 837 1247 dubitatione
866 1189 1185 1261 Augustino
1214 1206 1320 1260 per
1342 1189 1518 1259 plura
1551 1187 1760 1241 saecula
1786 1184 2111 1240 adhaesisse.

484 1297 706 1352 Tertius
735 1295 914 1350 sancti
943 1295 1250 1366 Augustini
1304 1310 1464 1350 error
1511 1291 1784 1365 palmaris
1817 1308 1880 1346 ac
1906 1290 2116 1362 capita-

417 1386 484 1440 lis
583 1385 974 1440 excutiendus.
1071 1384 1290 1438 Clamat
1381 1381 1688 1437 Morainius
1755 1397 1768 1435 :
1834 1381 2116 1434 Dubitavit

417 1478 577 1529 etiam
608 1475 673 1527 de
704 1476 911 1541 origine
943 1476 1273 1541 animarum,
1321 1477 1503 1526 utrum
1558 1476 1803 1524 creentur
1849 1469 1914 1524 de
1960 1486 2115 1538 novo,

417 1563 563 1631 quod
591 1564 946 1617 certissimum
987 1566 1084 1626 est,
1141 1577 1212 1614 an
1244 1576 1309 1614 ea:
1358 1560 1541 1615 Adam
1587 1563 1978 1629 propagentur.
2010 1558 2117 1613 Sed

419 1649 510 1704 hic
554 1648 839 1703 recentior
903 1663 1030 1700 eam
1069 1645 1487 1700 dubitationem
1551 1645 1735 1700 errori
1793 1645 2115 1717 Augustino

2215 503 2520 570 receptam.

2289 591 2355 642 Et
2387 587 2619 659 quidem
2637 589 2768 641 ante
2793 585 3174 657 Augustinum
3201 585 3271 640 de
3292 585 3502 658 origine
3533 588 3722 644 animm
3765 592 3844 646 du-

2215 676 2416 732 bitavit
2447 677 2684 731 Ruﬁnus
2733 676 2792 730 in
2823 675 3065 747 epistola
3111 675 3181 729 ad
3227 679 3478 729 sanctum
3514 677 3841 744 Anastasium,

2216 766 2335 833 ubi,
2393 765 2579 820 tribus
2627 764 2878 819 recitatis
2930 764 3000 818 de
3055 763 3275 835 origine
3329 763 3525 818 animm
3570 768 3843 822 sententiis:

2221 877 2244 905 ι
2278 857 2394 925 Ego
2424 871 2575 920 vero,
2613 853 2819 926 inquit,
2869 869 2998 906 cum
3038 853 3161 907 hmc
3212 851 3431 921 singula
3479 853 3718 924 legerim,
3761 857 3848 910 Deo

2216 949 2359 999 teste
2389 943 2512 998 dico
2541 943 2677 1014 quia
2701 959 2882 1014 usque
2925 942 2996 996 ad
3045 933 3299 1012 prmSens
3349 940 3483 995 certi
3535 942 3618 995 vel
3667 942 3848 998 deﬁniti

2219 1031 2440 1104 aliquid
2467 1033 2536 1086 de
2566 1030 2671 1086 h’ac
2697 1030 3016 1103 qumstione
3048 1045 3168 1084 non
3196 1033 3382 1094 teneo,
3435 1028 3530 1082 sed
3577 1031 3682 1083 Deo
3708 1031 3848 1084 relin-

2220 1137 2334 1192 quo
2365 1120 2507 1174 scire
2542 1119 2681 1190 quid
2708 1119 2780 1173 sit
2805 1118 2864 1172 in
2893 1133 3048 1184 vero,
3090 1122 3148 1170 et
3177 1116 3224 1170 si
3251 1116 3342 1169 cui
3386 1116 3501 1186 ipse
3541 1117 3767 1171 revelare
3792 1119 3848 1172 di-

2221 1208 2506 1279 gnabitur.
2544 1227 2572 1260 io
2603 1208 2748 1272 Quia
2801 1224 2935 1261 vero
2991 1205 3233 1262 Ruﬁnus
3295 1205 3516 1259 tertiam
3566 1207 3848 1262 sententiam

2221 1301 2489 1370 posuerat
2539 1297 2607 1350 de
2641 1296 2960 1358 animabus,
3005 1314 3032 1346 α
3081 1294 3236 1366 quod
3292 1294 3461 1348 factas
3485 1295 3598 1365 jam
3634 1295 3770 1360 olim,
3814 1296 3848 1350 ic'

2223 1392 2307 1441 est
2335 1391 2470 1440 tunc
2516 1402 2646 1440 cum
2699 1387 2846 1440 Deus
2895 1383 3088 1438 omnia
3140 1383 3357 1437 creavit
3411 1399 3479 1437 ex
3507 1383 3697 1451 nihilo,
3739 1399 3848 1436 num

2224 1492 2319 1530 eas
2342 1474 2556 1545 judicio
2613 1490 2714 1528 suo
2749 1473 3037 1544 dispenset
3064 1472 3126 1526 in
3155 1488 3408 1542 corpore,
3449 1491 3475 1522 ι)
3536 1472 3678 1542 quod
3705 1473 3848 1542 Orige

2225 1581 2360 1619 nem
2388 1563 2626 1617 sensisse
2657 1562 2866 1629 subdit,
2927 1562 3131 1616 merito
3181 1562 3415 1632 vapulat
3440 1577 3470 1614 a
3492 1559 3798 1630 Hieronymo
3821 1561 3848 1614 ii

2227 1651 2528 1724 Apologia,
2558 1657 2615 1705 et
2644 1651 2704 1705 in
2725 1651 2967 1722 epistola
2993 1651 3061 1705 ad
3092 1651 3502 1716 Marcellinum,
3537 1652 3604 1704 At
3645 1649 3844 1720 Augusti

420 1741 665 1803 vertens,
699 1736 964 1806 supinam
995 1750 1109 1805 qua
1139 1735 1354 1788 laborat
1374 1733 1554 1788 totius
1583 1734 1937 1806 antiquitatis
1966 1734 2120 1806 igno-
2155 1715 2197 1770 Β
2229 1759 2336 1796 nus
2358 1757 2654 1811 nunquam
2685 1741 2752 1795 de
2783 1757 2850 1794 ea
2903 1740 3164 1811 Origenis
3203 1738 3476 1809 opinione
3530 1737 3777 1792 dubitavit
3800 1753 3847 1791 est

420 1825 666 1880 rantiam
687 1823 971 1895 patefacit.
1006 1824 1129 1877 Non
1156 1839 1271 1877 una
1304 1827 1426 1877 erat
1457 1822 1774 1894 antiquitus
1793 1823 1862 1878 de
1901 1822 2122 1892 origine

420 1912 626 1966 animm
675 1913 826 1966 inter
865 1914 1058 1966 Patres
1091 1911 1394 1978 sententia,
1431 1916 1492 1965 ut
1540 1911 1731 1966 videre
1779 1915 1864 1965 est
1907 1912 1969 1965 in
2001 1912 2122 1982 epi-

421 2002 564 2056 stola
589 2006 833 2073 August.
871 2005 991 2070 157,
1045 2001 1116 2054 ad
1175 2002 1452 2071 Optatum
1510 2001 1865 2072 episcopum,
1917 2006 1972 2054 et
2000 2000 2122 2054 Hie-

421 2107 668 2161 ronym.,
697 2090 758 2144 in
788 2089 1027 2159 epistola
1067 2089 1138 2144 ad
1170 2090 1584 2156 Marcellinum,
1619 2106 1748 2160 quae
1803 2094 1887 2144 est
1930 2093 1994 2144 2'7
2029 2089 2125 2143 in—

424 2185 510 2234 ter
541 2178 1002 2249 Augustinianas.
1032 2181 1103 2232 At
1145 2178 1273 2232 duae
1326 2177 1562 2249 reliquis
1592 2179 1818 2248 rejectis
1863 2178 2127 2233 celebrio-

423 2268 604 2323 resin
665 2267 907 2321 Ecclesia
951 2271 1284 2332 evaserant;
1346 2266 1446 2320 alii
1486 2267 1642 2320 enim
1699 2267 1878 2321 creari
1927 2283 1961 2321 a
2010 2268 2125 2321 Deo

425 2357 643 2411 animas
694 2355 754 2408 in
804 2355 1162 2425 singulorum
1210 2355 1512 2408 hominum
1557 2355 1926 2426 conceptione
1983 2355 2128 2410 dice-

426 2447 582 2513 bant,
615 2444 851 2515 plurimi
881 2460 1013 2497 vero
1073 2460 1187 2498 non
1238 2443 1419 2498 creari
1463 2444 1716 2498 animam
1764 2462 1796 2498 a
1852 2445 1988 2514 Deo,
2029 2444 2126 2499 sed

428 2551 496 2588 ex
535 2533 726 2594 anima
754 2532 1010 2603 parentis
1039 2531 1265 2587 traduci
1294 2532 1733 2586 contendebant.
1776 2533 2128 2603 Augustinus

429 2623 488 2676 in
518 2624 664 2676 hanc
693 2621 1071 2692 qnmstionem
1098 2619 1274 2675 totius
1329 2621 1540 2674 summi
1572 2621 1792 2692 ingenii
1816 2622 1963 2677 vires
2001 2639 2129 2676 con-

429 2711 579 2777 tulit,
610 2710 870 2780 nihilque
897 2709 1124 2780 penitus
1173 2709 1554 2764 indiscussum
1603 2710 1857 2781 reliquit,
1892 2727 2005 2782 quo
2048 2711 2131 2765 rei

429 2799 728 2856 veritatem
758 2803 1159 2869 assequeretur
1187 2815 1200 2864 ;
1235 2799 1333 2852 sed
1385 2813 1516 2852 cum
1545 2804 1806 2853 neutram
1859 2800 2129 2871 qumstio-

431 2888 520 2942 nis
551 2892 773 2959 partem
803 2886 1017 2940 efﬁcaci
1048 2887 1386 2941 auctoritate
1417 2892 1513 2942 aut
1546 2888 1992 2943 demonstrativa
2039 2906 2133 2943 ra-

431 2977 586 3067 tione
630 2975 738 3029 sibi
793 2974 1026 3045 probari
1083 2975 1562 3067 animadverteret
1608 2977 1810 3067 neutri
1866 2978 2126 3046 adhaesit,
2167 3011 2206 3067 Ο

432 3064 554 3119 fuse
586 3069 778 3118 tamen
804 3080 870 3117 ea
899 3079 958 3116 re
1009 3064 1280 3117 ventilata
1306 3064 1364 3118 in
1398 3065 1497 3119 lib.
1528 3082 1560 3119 x
1591 3065 1660 3119 de
1711 3067 1846 3120 Gen.
1882 3067 1953 3120 ad
1991 3067 2126 3134 litt,,

434 3170 558 3223 cap.
589 3156 639 3220 6,
674 3159 730 3206 et
758 3168 896 3223 seq.,
933 3152 990 3205 in
1022 3157 1269 3222 quatuor
1298 3153 1459 3208 libris
1514 3155 1582 3208 de
1614 3155 1848 3226 Origine
1899 3156 2127 3223 animae,

435 3241 602 3312 epist.
632 3243 720 3308 28,
756 3241 824 3295 ad
858 3240 1290 3312 Hieronymum,
1324 3247 1379 3295 et
1431 3243 1492 3296 in
1525 3243 1707 3296 tribus
1764 3244 2017 3314 epistolis
2059 3245 2131 3300 ad

437 3333 727 3403 Optatum,
761 3347 902 3402 quas
933 3331 1128 3385 laudat
1183 3337 1408 3386 sanctus
1456 3333 1784 3403 Fulgentius
1839 3334 1935 3387 lib.
1970 3352 2029 3388 ιιι
2062 3335 2130 3389 de

436 3421 607 3475 Verit.
664 3421 930 3491 prmdest.
988 3425 1044 3473 et
1092 3424 1262 3490 grat.,
1320 3436 1444 3490 cap.
1501 3425 1584 3475 18.
1647 3423 1870 3488 Verum,
1921 3423 2133 3477 exortis

434 3515 633 3581 postea
670 3509 1012 3581 Pelagianis,
1076 3510 1175 3580 qui
1227 3514 1522 3580 peccatum
1580 3510 1858 3581 originale
1915 3511 2131 3566 inticia-

435 3603 662 3667 bantur,
748 3598 891 3653 illud
974 3598 1262 3670 prmcipue
1350 3604 1754 3669 argumentum
1825 3601 2130 3671 jactantes,

437 3688 617 3744 creari
655 3705 686 3742 a
719 3690 832 3742 Deo
864 3687 1102 3749 animas,
1147 3703 1250 3741 nec
1296 3686 1421 3741 illas
1472 3703 1637 3757 posse
1667 3705 1696 3741 a
1726 3689 1840 3742 Deo
1895 3691 2133 3759 produci

437 3791 566 3829 cum
597 3779 850 3847 peccato,
881 3792 949 3829 ea
978 3775 1282 3842 sententia,
1316 3791 1445 3847 qum
1475 3776 1800 3846 animarum
1854 3793 2135 3849 propaga-

434 3864 651 3920 tionem
680 3864 1037 3931 defendebat,
1063 3869 1255 3918 sancto
1279 3864 1498 3918 doctori
1527 3865 1924 3935 probabililior
1957 3867 2134 3922 videri

436 3952 622 4022 coepit.
659 3952 941 4006 Audiatur
969 3952 1322 4022 Augustinus
1349 3951 1446 4006 lib.
1475 3969 1510 4005 x
1563 3953 1631 4008 de
1657 3954 1793 4008 Gen.
1837 3954 1956 4022 cit.,
2007 3972 2129 4027 cap.

436 4045 527 4110 23,
561 4041 657 4096 ubi
685 4045 813 4111 post
859 4041 1256 4112 longissimam
1301 4041 1747 4113 disputationem
1799 4045 2086 4099 concludit
2118 4063 2130 4101 :

439 4150 466 4182 α
502 4130 598 4184 His
625 4129 799 4200 igitur
856 4136 1138 4200 quantum
1190 4147 1294 4201 pro
1353 4135 1613 4201 tempore
1665 4133 1961 4202 potuimus
2002 4151 2132 4205 per-

437 4219 707 4284 tractatis,
743 4217 938 4271 omnia
958 4218 1119 4287 paria
1141 4219 1228 4272 vel
1279 4235 1424 4289 pene
1476 4219 1635 4289 paria
1684 4237 1753 4274 ex
1780 4226 2025 4292 utroque
2052 4223 2133 4276 la-

434 4309 554 4359 tere
585 4305 874 4359 rationum
919 4305 1495 4376 testimoniorumque
1541 4312 1834 4361 momenta
1871 4326 2127 4379 pronun-
2171 4307 2211 4360 D

437 4393 641 4446 tiarem
669 4410 682 4460 ;
715 4392 824 4446 nisi
847 4409 1046 4446 eorum
1077 4393 1358 4446 sententia
1406 4393 1506 4463 qui
1538 4395 1758 4448 animas
1785 4412 1850 4449 ex
1883 4399 2136 4466 parenti-

438 4479 545 4533 bus
574 4479 752 4533 creari
782 4484 1005 4548 putant,
1034 4480 1102 4533 de
1133 4480 1414 4548 baptismo
1462 4483 1830 4549 parvulorum
1869 4501 2134 4556 prmpon-

439 4567 682 4621 deraret.
714 4587 740 4618 ρ
766 4568 961 4636 Itaque
1012 4568 1080 4622 ad
1110 4569 1284 4622 tinem
1316 4584 1498 4640 usque
1531 4569 1658 4623 vitm
1690 4573 2043 4642 Augustinus
2076 4573 2136 4627 in

439 4671 505 4708 eo
533 4654 704 4708 dubio
734 4656 1133 4724 perseveravit.
1196 4657 1476 4712 Cmterum
1534 4662 1758 4713 tantum
1811 4661 1990 4716 valuit
2027 4665 2134 4718 Au-

438 4744 653 4815 gustini
681 4745 1027 4814 exemplum,
1059 4751 1124 4801 ut
1171 4747 1573 4817 sapientissimi
1619 4749 1836 4819 Patres,
1869 4752 2136 4806 eumdem

440 4834 748 4904 subsecuti,
773 4849 875 4904 per
898 4835 1065 4904 plura
1095 4837 1299 4891 smcula
1355 4853 1486 4892 cum
1533 4833 1851 4909 Augustino
1901 4841 1970 4894 de
2017 4841 2136 4895 ani-

439 4939 666 4977 marum
721 4922 940 4994 origine
996 4924 1328 4992 dubitarint,
1409 4927 1610 4994 donec,
1667 4927 2136 4985 scholasticorum

440 5013 708 5084 opinione
737 5014 1100 5084 praevalente,
1160 5014 1483 5069 animarum
1534 5016 1766 5071 traduce
1815 5018 2132 5090 antiquato,

440 5103 773 5157 earumdem
823 5102 1032 5156 creatio
1098 5105 1159 5157 in
1227 5105 1473 5158 Ecclesia
1538 5107 1861 5161 communis
1937 5109 2130 5164 evasit.

439 5194 549 5246 Hoc
579 5192 812 5263 quidem
845 5191 1178 5263 diligentius
1228 5193 1646 5248 ostendendum
1680 5200 1783 5265 est,
1842 5196 1976 5268 quia
2009 5198 2134 5252 Bel-

437 5279 734 5348 larminns,
771 5279 866 5333 lib.
900 5296 953 5332 ιν
999 5280 1068 5334 de
1120 5279 1439 5335 Amissione
1499 5283 1717 5352 gratim,
1753 5300 1876 5354 cap.
1931 5289 2015 5345 11,
2069 5303 2135 5340 ea:

437 5366 730 5420 traditione
760 5371 1117 5425 ecclesiastica
1145 5369 1438 5424 contendit
1485 5376 1697 5426 certam
1743 5389 1863 5427 esse
1906 5378 2133 5429 senten-

437 5454 579 5509 tiam
609 5455 678 5508 de
707 5458 992 5512 creatione
1047 5458 1390 5528 animarum,
1442 5460 1592 5532 quod
1635 5464 1753 5516 tam
1795 5461 2005 5517 falsum
2037 5478 2135 5534 ap-

437 5541 661 5614 parebit
724 5560 899 5615 quam
964 5563 1180 5616 verum,
1243 5548 1661 5605 dubitationem
1707 5551 2020 5623 Augustini
2065 5568 2130 5607 ex

2232 1835 2393 1885 setne
2423 1831 2582 1892 falsa,
2617 1833 2678 1883 ut
2731 1830 2790 1883 in
2829 1829 2991 1899 epist.
3024 1833 3092 1884 28
3124 1830 3190 1883 ad
3223 1829 3631 1898 Hieronymum
3682 1826 3848 1880 fatetur

2231 1919 2514 1974 rationem
2550 1918 2794 1972 reddens
2832 1935 2934 1973 cur
2975 1917 3037 1971 in
3091 1918 3252 1972 libris
3285 1918 3354 1971 de
3385 1917 3559 1970 libero
3587 1914 3792 1969 arbitrio
3817 1930 3848 1966 c:

2233 2008 2387 2063 illius
2435 2007 2824 2078 suppositione
2887 2006 3212 2077 disputarit.
3283 2006 3523 2061 Ruﬁnus
3574 2009 3746 2058 tamen
3791 2018 3848 2055 sua

2232 2103 2512 2168 tempore,
2545 2112 2751 2167 nempe
2807 2095 3103 2150 Anastasio
3155 2111 3385 2149 summo
3435 2094 3703 2165 pontiﬁce,
3747 2107 3844 2162 qua:

2233 2185 2474 2240 stionem
2544 2185 2614 2239 de
2670 2184 2863 2238 anima
2929 2183 3153 2255 magnis
3209 2181 3664 2238 contentionibus
3707 2180 3848 2249 agitat

2234 2279 2476 2345 coeptam
2503 2273 2717 2328 ibidem
2745 2276 3003 2339 testatur,
3059 2277 3114 2326 et
3145 2272 3527 2344 Hieronymus
3577 2269 3633 2323 in
3678 2266 3848 2338 epistol;

2233 2363 2460 2417 laudata
2488 2365 2649 2416 vocat
2669 2361 2929 2416 eamdem
2985 2363 3290 2415 maximam
3334 2360 3726 2414 ecclesiasticam
3761 2370 3848 2423 qua

2233 2453 2474 2507 stionem.
2507 2451 2592 2505 Ad
2619 2454 2879 2520 tempore
2905 2449 3084 2504 sancti
3111 2448 3422 2519 Augustini
3453 2447 3628 2502 enatis
3667 2442 3848 2513 Pelagia

2237 2540 2324 2594 nis
2355 2556 2423 2593 ea
2450 2539 2518 2593 de
2551 2555 2610 2594 re
2636 2539 2764 2592 lites
2793 2539 3152 2592 recruduere.
3186 2537 3330 2591 Hinc
3361 2537 3430 2590 ab
3477 2534 3662 2591 Orosio
3691 2533 3742 2586 in
3766 2529 3848 2584 Afri

2237 2645 2361 2683 cam
2392 2629 2462 2682 ad
2493 2627 2902 2698 Augustinum,
2935 2627 3069 2681 inde
3107 2626 3167 2680 in
3199 2627 3396 2681 Asiam
3430 2625 3499 2679 ad
3530 2624 3848 2690 Hieronymum

2240 2717 2733 2788 peregrinationes
2776 2721 3052 2787 susceptm
3080 2733 3093 2782 ;
3129 2715 3266 2769 hinc
3298 2713 3597 2786 Augustini
3637 2710 3700 2764 ad
3731 2708 3848 2762 Hiert

2239 2823 2502 2878 nymum,
2532 2811 2588 2860 et
2618 2805 2808 2877 Optati
2862 2805 2932 2860 ad
2973 2804 3366 2874 Augustinum
3410 2802 3652 2874 epistolm
3696 2798 3842 2852 missa:

2239 2895 2372 2949 hinc
2413 2896 2482 2950 ab
2510 2895 2712 2950 eodem
2744 2895 2946 2965 Optato
2969 2909 3173 2962 unum,
3216 2899 3470 2965 quatuor
3516 2891 3584 2944 ab
3614 2885 3847 2958 Augustin

2241 2989 2296 3038 et
2327 2985 2438 3038 duo
2467 2999 2501 3037 a
2528 2982 2823 3037 Vincentio
2856 2983 3105 3054 quodam
3127 2983 3195 3037 de
3226 2982 3459 3054 origine
3491 2979 3682 3034 animm
3714 2975 3848 3041 script

2239 3072 2558 3126 volumina.
2600 3073 2708 3126 Hes
2753 3076 2946 3126 tamen
2975 3072 3148 3126 dubia
3201 3070 3541 3142 permansit,
3573 3065 3794 3135 nihilque
3819 3065 3848 3112 ι(

2241 3160 2765 3216 elucubrationibus
2815 3165 3110 3232 peractum
3153 3164 3259 3216 est.
3310 3160 3675 3228 Hieronymus
3697 3156 3848 3206 senten

2237 3250 2378 3305 tiam
2409 3254 2754 3304 asserentem
2787 3249 3043 3321 singulas
3089 3249 3334 3320 singulis
3358 3245 3673 3303 hominibus
3702 3239 3848 3295 anima

2241 3338 2421 3394 creari
2453 3341 2638 3409 potius
2669 3337 2927 3407 credidit,
2956 3337 3207 3393 scribens
3235 3343 3438 3393 tamen
3479 3335 3747 3390 traducem
3786 3327 3848 3379 ani

2241 3444 2465 3482 marum
2513 3427 2902 3483 Occidentalem
2941 3429 3236 3482 Ecclesium
3297 3429 3463 3482 solere
3527 3425 3708 3479 senti-re
3766 3418 3848 3469 test

2240 3516 2558 3589 Augustino
2590 3515 2753 3589 epist.
2791 3520 2908 3571 157.
2963 3519 3035 3572 At
3063 3533 3181 3572 non
3221 3516 3307 3572 ita
3341 3513 3676 3570 creationem
3709 3505 3848 3562 anim:

2241 3623 2370 3660 rum
2400 3606 2650 3676 tenebat,
2683 3609 2892 3660 utrem
2924 3605 3082 3660 illam
3114 3605 3354 3660 dubiam
3391 3620 3509 3659 esse
3540 3604 3761 3671 ingenue
3793 3609 3846 3646 no

2239 3695 2526 3760 fateretur,
2554 3709 2683 3748 cum
2711 3708 2777 3748 ea
2803 3694 2872 3748 de
2919 3710 2979 3748 re
3027 3695 3097 3749 ab
3126 3695 3454 3765 Augustino
3507 3688 3770 3746 consultus
3795 3696 3848 3734 re:

2239 3783 2485 3854 pondit:
2540 3785 2918 3854 Unusquisque
2973 3787 3033 3838 in
3078 3800 3174 3839 suo
3226 3800 3391 3840 sensu
3466 3779 3704 3836 abundet.
3735 3774 3848 3836 Quar

2243 3877 2471 3927 sanctus
2497 3873 2826 3942 Eucherius,
2881 3873 3179 3944 episcopus
3234 3869 3646 3946 Lugdunensis,
3686 3864 3734 3919 in
3781 3872 3848 3926 caI

2244 3979 2304 4016 ιιι
2365 3962 2588 4028 Genes.,
2659 3962 2728 4016 ad
2792 3961 2892 4015 illa
2953 3961 3144 4024 verba,
3216 3964 3293 4018 Et
3343 3959 3628 4030 aediﬁcavit
3667 3950 3848 4007 Domini

2245 4054 2401 4117 Deus,
2431 4049 2547 4104 ait:
2585 4068 2612 4100 ‹‹
2645 4050 2846 4104 Utrum
2878 4049 3024 4105 sicut
3047 4067 3177 4104 caro
3213 4049 3576 4106 nascentium
3627 4059 3690 4097 ex
3728 4049 3848 4092 carm

2245 4139 2322 4192 sic
2353 4138 2560 4193 animm
2581 4154 2648 4193 ex
2697 4139 2996 4194 animabus
3046 4144 3443 4210 procreentur,
3492 4153 3563 4190 an
3599 4147 3741 4188 novm
3765 4138 3848 4179 seu

2243 4244 2347 4299 per
2377 4231 2638 4281 creentur
2669 4244 2700 4281 a
2732 4229 2843 4282 Deo
2871 4245 2939 4282 ex
2967 4227 3147 4282 nihilo
3167 4227 3194 4281 ?
3237 4245 3371 4300 qum
3418 4223 3644 4299 qumstio
3696 4219 3747 4272 in
3771 4215 3848 4269 det

2243 4317 2452 4371 niendo
2504 4315 2749 4371 difﬁcilis
2801 4321 2904 4382 est,
2962 4317 3098 4388 quia
3145 4317 3292 4372 nihil
3324 4335 3359 4372 a
3405 4313 3607 4371 sanctis
3661 4307 3776 4362 viris
3815 4319 3848 4352 vi

2245 4405 2669 4476 Scripturarum
2726 4406 3058 4461 auctoritate
3096 4406 3457 4462 manifestius
3509 4395 3848 4476 pronuntiatu:

2245 4499 2346 4548 est.
2381 4515 2409 4546 »
2452 4494 2749 4549 Pomerius
2805 4496 2977 4550 etiam
3028 4495 3329 4551 Africanus
3385 4496 3471 4550 vir
3524 4483 3848 4547 eruditissimi

2245 4583 2398 4653 apud
2425 4582 2728 4637 Massiliam
2783 4583 3008 4654 scripsit
3067 4589 3192 4639 octo
3249 4585 3430 4639 libros
3475 4583 3544 4638 de
3594 4577 3794 4637 Anima,
3839 4565 3848 4618 ἱ

2245 4686 2487 4741 quorum
2544 4674 2747 4742 quarto
2803 4671 3154 4742 disputavit:
3191 4695 3218 4723 «
3276 4673 3478 4728 Utrum
3533 4667 3731 4731 anima,
3784 4671 3847 4729 qui

2244 4759 2530 4814 nescituro
2598 4760 2822 4830 corpori
2878 4759 3231 4822 infundenda
3283 4766 3387 4825 est,
3449 4775 3591 4814 nova
3651 4754 3740 4809 ﬁat
3788 4747 3848 4800 sin

2242 4851 2496 4917 peccato,
2527 4863 2601 4901 an
2621 4863 2690 4902 ex
2720 4849 3037 4904 substantia
3068 4850 3275 4906 animm
3303 4848 3482 4922 primi
3509 4840 3742 4903 hominis
3764 4834 3848 4888 vel!

2243 4951 2499 5007 Propago
2531 4952 2561 4991 e
2602 4936 2792 4992 radice
2837 4938 3114 5008 producta
3166 4938 3340 4994 etiam
3394 4938 3678 5009 peccatum
3721 4925 3842 4998 prim

2242 5023 2451 5077 animm
2496 5039 2690 5079 secum
2721 5026 3078 5098 originaliter
3121 5027 3420 5082 retrahat?
3451 5045 3478 5077 ιο
3509 5020 3664 5094 Apud
3709 5017 3848 5072 Genu:

2242 5112 2401 5167 dium
2436 5113 2504 5167 de
2551 5113 2696 5168 Viris
2720 5113 2953 5181 illustr.,
3005 5132 3130 5186 cap.
3173 5119 3284 5187 98,".
3319 5119 3378 5170 et
3432 5114 3560 5168 licet
3613 5103 3848 5163 nesciamt

2243 5201 2379 5273 quid
2411 5201 2474 5256 in
2501 5219 2568 5257 ea
2598 5203 2914 5274 quaestione
2965 5205 3224 5272 senserit,
3280 5219 3404 5258 rem
3435 5207 3621 5256 tamen
3648 5209 3738 5250 suo
3765 5194 3848 5280 tau

2241 5306 2380 5361 pore
2429 5290 2665 5346 dubiam
2710 5309 2829 5348 non
2881 5293 3118 5349 obscure
3188 5291 3488 5365 signiﬁcat.
3565 5281 3766 5342 Floruit
3811 5276 3848 5329 hi

2241 5378 2390 5432 circa
2414 5395 2632 5432 annum
2660 5380 2786 5436 480.

2311 5467 2580 5538 Sequitur
2631 5474 2852 5525 sextum
2887 5471 3183 5538 smculum,
3230 5469 3288 5524 in
3347 5484 3461 5540 quo
3520 5469 3574 5518 et
3621 5463 3793 5516 Patres
3839 5465 3848 5502 α

2239 5556 2443 5627 synodi
2468 5557 2538 5614 de
2565 5557 2788 5630 origine
2818 5559 3026 5616 animm
3055 5576 3184 5615 cum
3230 5555 3544 5629 Augustino
3567 5548 3847 5607 dubitarun‘
