3894 6184
74 270 152 319 693

1336 274 1654 330 νΙΝΒΙΕΙιΕ
1694 276 2239 333 ΑΟΟΗΞΤΙΝΙΑΝιίΕ.

3434 283 3536 339 694

73 389 270 445 Obortis
296 390 784 459 Constantinopoli
828 393 897 446 de
943 393 1165 464 origine
1198 394 1405 451 anima:
1456 397 1727 466 dissidiis,
1757 404 1801 456 A
1829 402 2051 466 eccles.,
2084 418 2203 475 cap.
2243 404 2333 467 23,
2377 401 2528 472 quod
2589 401 2834 471 incipit:
2892 406 3013 457 Haec
3062 408 3140 459 est
3190 410 3370 459 autem
3420 412 3541 474 post

70 478 288 532 Africani
342 476 593 547 episcopi
651 478 719 532 de
769 480 969 533 eodem
1015 489 1350 551 argumento
1380 487 1623 541 consulti
1653 487 1729 541 ita

74 566 457 638 responderunt
514 566 569 620 in
622 567 860 637 epistola
896 571 1163 639 synodica
1207 589 1272 627 ex
1320 574 1598 641 Sardinia,
1630 576 1727 629 ubi

72 656 383 721 exsulabant,
444 656 774 726 Byzantium
821 657 1036 711 missa:
1098 661 1534 724 «Quaestionem
1594 681 1726 719 vero

73 747 374 809 animarum,
449 750 548 798 aut
616 746 844 799 tacitam
913 748 1185 803 debemus
1233 752 1578 823 relinquere,
1628 758 1729 808 aut

72 836 170 888 sine
211 833 566 886 contentione
611 838 873 902 tractare,
940 838 1075 908 quia
1117 839 1231 893 sive
1284 856 1351 894 ex
1406 842 1724 911 propagine

75 923 279 989 veniant,
320 921 437 974 sive
489 938 643 977 novae
696 923 935 995 singulis
986 927 1318 996 corporibus
1371 930 1529 995 ﬁant,
1573 931 1726 999 quod

75 1016 346 1065 sanctarum
418 1011 845 1081 Scripturarum
901 1016 1204 1071 auctoritas
1259 1033 1376 1071 non
1428 1019 1726 1072 manifeste

76 1100 386 1171 pronuntiat,
416 1116 550 1153 cum
573 1103 792 1155 cautela
816 1102 984 1157 debet
1013 1104 1249 1174 inquiri,
1280 1106 1528 1161 maxime
1571 1108 1725 1177 quod

74 1190 165 1242 sine
189 1188 311 1243 ﬁdei
362 1189 711 1243 detrimento
764 1196 951 1260 potest
1004 1209 1038 1246 a
1083 1193 1348 1247 ﬁdelibus
1384 1194 1659 1265 ignorari.
1696 1215 1723 1247 »

73 1282 172 1349 Cap.
202 1282 275 1332 10.
312 1279 373 1331 In
414 1279 618 1332 eadem
668 1280 1020 1335 dubitatione
1066 1282 1175 1336 fuit
1222 1289 1448 1338 sanctus
1481 1285 1726 1354 Fulgen-

74 1370 174 1434 tius,
198 1367 288 1420 lib.
322 1384 380 1420 ιιι
440 1367 511 1420 de
563 1368 807 1421 Veritate
837 1371 1354 1439 praedestinationis
1380 1377 1436 1426 et
1466 1372 1664 1443 gratiae
1695 1389 1726 1425 a

73 1472 163 1524 cap.
218 1457 294 1515 18,
336 1455 435 1507 ubi
492 1458 834 1526 Augustino,
883 1461 1039 1529 quod
1097 1476 1163 1514 ea
1216 1461 1283 1515 de
1330 1478 1387 1514 re
1421 1461 1721 1527 dubitavit,

74 1543 252 1599 eximiis
303 1544 575 1599 laudibus
626 1548 1047 1617 commendato,
1091 1565 1215 1620 cap.
1279 1552 1347 1603 20
1405 1550 1720 1604 concludit:

76 1664 95 1681 ις
117 1634 309 1697 Quanto
351 1650 490 1704 ergo
558 1635 764 1689 melius
815 1637 885 1691 ab
949 1638 1120 1709 hujus
1157 1638 1491 1710 quaestionis
1546 1643 1724 1693 certa-

79 1723 197 1775 mine
223 1732 627 1793 temperamus,
666 1724 726 1777 in
758 1741 869 1795 qua
913 1742 1014 1779 nos
1062 1727 1310 1781 inaniter
1339 1728 1597 1781 laborare
1630 1744 1726 1781 co-

78 1811 371 1881 gnoscimus,
408 1812 734 1881 praesertim
767 1813 901 1883 quia
932 1816 1085 1884 quod
1123 1831 1156 1868 a
1196 1816 1401 1869 sanctis
1432 1815 1566 1868 viris
1612 1831 1728 1868 ma-

78 1901 249 1970 joribus
293 1900 501 1955 nostris
542 1901 803 1956 videmus
863 1903 1101 1957 minime
1149 1905 1469 1972 deﬁnitum,
1503 1908 1729 1974 oportet

81 2006 155 2041 nos
210 1994 351 2042 tanto
423 1990 648 2043 cautius
730 1996 898 2062 atque
975 1993 1387 2062 temperantius
1446 2010 1724 2063 quaerere,

82 2082 248 2147 quanto
273 2078 339 2131 ad
382 2078 509 2147 ejus
555 2078 732 2133 ﬁnem
758 2079 884 2134 illos
932 2083 1235 2151 praeclaros
1265 2082 1413 2134 viros
1443 2082 1728 2135 cernimus

82 2166 272 2219 minime
312 2167 657 2237 pervenisse.
697 2189 718 2216 ι
776 2169 1111 2223 Coaetaneus
1162 2170 1444 2240 Fulgentii
1507 2170 1726 2224 Cassio-

83 2254 215 2307 dorus
238 2255 289 2308 in
334 2256 429 2311 lib.
474 2257 549 2310 de
592 2255 820 2324 Anima,
876 2274 1004 2329 cap.
1078 2261 1158 2319 14,
1206 2264 1427 2313 tantum
1469 2260 1624 2312 abest
1668 2262 1731 2312 ut

85 2342 192 2395 illud
222 2343 513 2413 Augustini
554 2344 795 2399 dubium
848 2347 1308 2416 reprehenderit,
1353 2352 1415 2400 ut
1460 2348 1729 2400 eumdem

86 2432 230 2500 potius
271 2433 335 2485 ob
372 2433 429 2487 id
480 2434 834 2489 laudaverit:
887 2454 913 2485 ‹‹
962 2438 1145 2499 Pater,
1204 2435 1409 2505 inquit,
1466 2436 1730 2506 Augusti-

88 2536 165 2573 nus
200 2521 613 2592 religiosissima
666 2523 970 2578 devotione
1034 2525 1375 2591 laudandus,
1452 2525 1594 2578 nihil
1642 2530 1729 2577 te-

85 2624 199 2662 mere
220 2610 342 2664 dicit
369 2628 489 2665 esse
538 2612 975 2679 afﬁrmandum,
1020 2614 1118 2667 sed
1168 2614 1229 2667 in
1270 2614 1451 2683 ipsius
1492 2630 1611 2666 esse
1639 2630 1727 2666 εθ-

86 2703 216 2761 creto,
271 2699 408 2754 sicut
442 2706 499 2754 et
566 2701 679 2755 alia
744 2702 925 2755 multa
958 2718 1087 2773 quae
1129 2707 1323 2755 nostra
1376 2719 1491 2755 non
1540 2707 1729 2772 potest

89 2802 210 2840 nosse
258 2789 633 2844 mediocritas.
667 2812 693 2840 ι)
747 2792 810 2845 Et
847 2792 1075 2846 statim:
1126 2813 1153 2841 ‹(
1199 2791 1397 2846 Melius
1440 2796 1522 2845 est
1572 2792 1727 2844 enim

89 2873 128 2925 iu
160 2880 253 2929 tam
303 2879 532 2932 occultis
589 2880 771 2933 causis
792 2880 1053 2934 conﬁteri
1100 2880 1505 2950 ignorantiam.
1542 2896 1717 2950 quam

90 2960 401 3026 periculosam
447 2980 743 3018 assumere
792 2965 1045 3020 fortassis
1099 2966 1470 3020 audaciam.»
1514 2968 1597 3020 Ita
1638 2968 1722 3020 al-
1757 2990 1795 3044 ρ

92 3058 178 3099 tero
214 3055 323 3119 post
356 3053 743 3122 Augustinum
791 3056 996 3108 saeculo
1053 3055 1332 3109 dubitatio
1378 3056 1447 3109 de
1506 3055 1725 3125 origine

94 3135 248 3192 animae
273 3140 817 3210 sapientissimorum
850 3144 1083 3198 Patrum
1138 3144 1319 3197 menti
1360 3143 1525 3197 altius
1569 3143 1724 3196 inse—

94 3224 225 3280 derat.

142 3316 309 3371 Verum
332 3318 475 3372 circa
522 3320 798 3373 saeculum
853 3336 925 3373 vu
981 3320 1395 3391 Augustiniana
1442 3320 1723 3375 dubitatio

96 3402 221 3473 longe
243 3408 505 3462 celebrior
530 3412 705 3478 atque
728 3407 957 3477 dignior
998 3408 1178 3463 evasit
1211 3425 1223 3462 :
1272 3425 1397 3462 eam
1437 3409 1587 3462 enim
1620 3426 1721 3463 suo

94 3492 251 3557 judicio
277 3497 581 3565 apostolica
602 3496 762 3562 sedes
794 3498 1148 3566 approbavit,
1209 3514 1485 3569 suamque
1517 3498 1722 3568 eﬁ‘ecit,

98 3594 139 3631 ac
155 3581 421 3638 doctissimi
451 3588 651 3639 Patres
688 3586 946 3639 eamdem
977 3586 1127 3640 inter
1160 3586 1295 3641 ﬁdei
1338 3588 1603 3658 dogmata
1632 3604 1721 3641 re-

101 3668 250 3725 tulere.
302 3673 532 3729 Sanctus
577 3675 883 3745 Gregorius
936 3677 1190 3745 Magnus,
1252 3676 1348 3731 lib.
1404 3693 1495 3741 vn,
1558 3676 1721 3746 epist.

102 3758 160 3821 53,
186 3761 241 3812 ad
265 3761 663 3829 Secundinum,
722 3764 995 3817 scribitur
1033 3765 1142 3819 Sed
1199 3765 1303 3819 hac
1361 3766 1429 3819 de
1481 3781 1541 3819 re
1598 3766 1724 3818 dul-

103 3844 269 3902 cissima
301 3852 433 3907 mihi
462 3859 567 3908 tua
600 3853 844 3907 charitas
874 3853 1012 3907 sciat
1060 3853 1195 3924 quia
1231 3855 1299 3908 de
1340 3853 1562 3925 origine
1594 3855 1723 3907 ani-

105 3948 178 3987 me
212 3936 339 3993 inter
387 3947 613 3996 sanctos
651 3944 845 3995 Patres
893 3942 1187 4013 requisitio
1226 3959 1342 3996 non
1387 3959 1559 4013 parva
1600 3960 1723 3997 ver-

106 4029 189 4075 sata
212 4034 298 4093 est,
327 4031 417 4085 sed
466 4037 667 4087 utrum
700 4031 823 4102 ipsa
858 4032 926 4085 ab
984 4032 1165 4085 Adam
1223 4031 1596 4097 descenderit,
1626 4047 1725 4084 an-

107 4116 213 4165 certe
238 4115 452 4189 singulis
488 4121 675 4185 detur,
732 4121 1015 4173 incertum
1048 4120 1341 4185 remansit,
1386 4136 1627 4190 eamque
1668 4119 1726 4172 in

107 4196 179 4251 hac
214 4204 313 4258 vita
362 4209 724 4262 insolubilem
786 4208 921 4262 fassi
970 4213 1103 4261 sunt
1150 4225 1269 4262 esse
1326 4208 1724 4279 quaestionem,

1835 490 2199 558 apostolorum
2256 489 2555 555 symbolum
2608 491 2908 543 certissima
2947 489 3105 559 ﬁdes,
3160 507 3325 559 quam
3355 491 3533 546 docto-

1833 593 1917 630 res
1947 579 2120 630 nostri
2150 576 2518 641 tradiderunt,
2572 576 2721 629 inter
2748 577 2887 630 alias
2941 580 3254 633 sententias
3298 595 3439 650 quas
3468 579 3537 632 de

1836 666 1946 720 tide
1977 665 2253 719 tenendas
2307 664 2596 733 proponit,
2647 665 2793 719 hanc
2850 666 3081 720 inserit:
3134 668 3285 732 Quod
3335 671 3541 722 incerta

1834 754 1911 809 sit
1942 757 2135 809 animae
2187 756 2352 819 origo.
2405 753 2447 807 Ο
2493 753 2763 807 eximiam
2812 755 3199 810 recentiorum
3254 757 3538 810 eruditio-

1833 859 1985 906 nem,
2044 842 2141 913 qui
2189 858 2315 895 eam
2365 842 2683 911 Augustino
2730 842 3144 897 dubitationem
3191 844 3370 897 errori
3411 862 3535 897 ver-

1832 936 1982 1000 tunt,
2018 948 2190 1002 quam
2221 936 2277 985 et
2309 931 2619 1001 apostolica
2653 932 2833 998 sedes,
2874 937 2929 986 et
2973 933 3196 1003 synodi,
3247 938 3303 987 et
3345 935 3537 986 Patres

1834 1022 2019 1093 plenis
2068 1020 2353 1089 suffragiis
2398 1019 2802 1090 subscripsere,
2837 1036 3082 1091 eamque
3133 1038 3284 1075 unus
3336 1038 3537 1075 eorum

1834 1110 2094 1165 doctrina
2126 1126 2189 1162 ac
2218 1106 2429 1179 pietate
2484 1107 2720 1162 illustris
2770 1108 2838 1163 de
2890 1109 3000 1162 ﬁde
3052 1110 3279 1181 pOpulis
3311 1110 3537 1164 creden«

1834 1201 1966 1254 dam
2004 1196 2305 1270 proposuit
2330 1204 2339 1252 !

1904 1291 1977 1342 At
1998 1304 2101 1341 nec
2134 1293 2331 1340 octavo
2365 1302 2550 1356 neque
2572 1302 2726 1340 nono
2757 1287 2967 1340 saeculo
3000 1303 3087 1339 res
3140 1285 3378 1340 deﬁnita
3408 1286 3534 1353 fuit,

1835 1377 1933 1431 sed
1991 1375 2398 1446 sapientissimi
2452 1376 2645 1429 Patres
2697 1391 2827 1427 cum
2882 1375 3222 1443 Augustino,
3260 1374 3375 1427 imo
3409 1392 3538 1428 cum

1834 1464 2145 1536 apostolica
2195 1466 2326 1518 sede
2362 1464 2546 1518 adhuc
2581 1462 2937 1517 dubitabant.
2974 1464 3153 1517 Testis
3197 1462 3270 1515 sit
3313 1469 3539 1516 sanctus

1834 1553 2197 1619 Prudentius,
2241 1551 2541 1623 episcopus
2586 1552 2958 1617 Tricassinus,
3008 1552 3171 1622 cujus
3229 1552 3425 1605 laudes
3455 1568 3539 1605 re-

1834 1643 1967 1696 citat
1995 1641 2288 1696 Saussaius
2317 1640 2379 1694 in
2410 1641 2813 1711 Martyrologio
2846 1640 3135 1695 Gallicano
3169 1643 3283 1705 (Die
3310 1644 3339 1694 6
3374 1642 3540 1709 Apri-

1837 1734 1950 1799 lis),
1982 1730 2079 1801 qui
2116 1730 2176 1783 in
2224 1730 2322 1784 lib.
2374 1730 2442 1783 de
2484 1730 3017 1794 Prmdestinatione,
3062 1730 3330 1782 adversus
3369 1729 3538 1781 Joan-

1836 1837 1971 1875 nem
2026 1820 2351 1889 Erigenam,
2405 1818 2483 1872 ita
2526 1818 2779 1888 loquitur
2843 1818 3028 1887 capite
3081 1821 3178 1871 l6:
3216 1818 3539 1870 «Nascitur

1836 1909 1990 1963 enim
2021 1909 2089 1962 de
2122 1924 2288 1961 carne
2320 1923 2469 1974 caro,
2505 1907 2603 1960 sed
2638 1911 2832 1960 utrum
2874 1911 2932 1961 et
2959 1906 3150 1959 anima
3173 1904 3439 1958 similiter
3468 1905 3538 1958 de

1836 1999 2029 2053 anima
2059 2002 2343 2061 nascatur,
2386 2012 2595 2065 magna
2632 1996 2874 2065 quaestio
2934 1998 3032 2061 est,
3094 1998 3149 2047 et
3191 2011 3224 2046 a
3278 1994 3538 2047 Patribus

1836 2088 1936 2141 diu
1985 2088 2344 2157 multumque
2402 2085 2670 2145 discussa,
2730 2084 2830 2137 sed
2880 2084 3093 2154 absque
3142 2086 3293 2135 certa
3334 2080 3538 2135 deﬁni-

1834 2176 1991 2229 tione
2042 2175 2257 2228 relicta.
2288 2196 2309 2221 υ
2368 2174 2564 2244 Itaque
2618 2189 2802 2242 usque
2848 2172 2920 2226 ad
2969 2187 3186 2225 annum
3244 2173 3368 2237 850,
3425 2186 3539 2239 quo

1835 2268 2095 2333 tempore
2128 2267 2351 2315 sanctus
2388 2262 2729 2315 Prudentius
2758 2261 3000 2327 vivebat,
3061 2276 3127 2312 ex
3164 2258 3540 2312 ecclesiastica

1836 2353 2144 2407 traditione
2190 2352 2364 2406 dubia
2412 2356 2534 2405 erat
2577 2352 2645 2404 de
2694 2350 2914 2418 origine
2977 2348 3184 2403 animm
3238 2346 3537 2401 sententia.

1837 2444 2047 2496 Verum
2101 2458 2205 2495 nec
2243 2446 2374 2510 post
2424 2440 2798 2494 millesimum
2850 2454 3067 2492 annum
3117 2438 3197 2490 ita
3237 2440 3389 2490 certa
3418 2439 3542 2489 erat

1836 2532 2116 2586 sententia
2144 2531 2212 2585 de
2243 2529 2552 2595 creatione,
2586 2534 2649 2583 ut
2679 2530 2873 2598 plures
2910 2528 2978 2581 de
3012 2528 3215 2580 eadem
3262 2540 3380 2579 non
3432 2524 3537 2578 du-

1836 2622 2102 2675 bitarent.
2145 2620 2381 2673 Sanctus
2434 2618 2752 2677 Anselmus,
2810 2614 3235 2669 Cantuariensis
3281 2612 3535 2677 antistes,

1834 2709 2006 2761 morti
2035 2707 2327 2777 proximus
2366 2706 2594 2759 cuidam
2639 2702 2911 2758 familiari
2942 2702 3050 2755 sibi
3101 2700 3348 2755 dicenti:
3382 2720 3408 2747 «
3453 2699 3539 2752 Ad

1835 2795 2161 2849 Paschalem
2202 2793 2427 2847 Domini
2459 2792 2540 2845 tui
2563 2791 2779 2843 curiam
2806 2789 3022 2843 redicto
3055 2788 3263 2842 saeculo
3295 2787 3472 2851 vadis,
3508 2805 3534 2836 »

1835 2885 1956 2937 haec
1988 2881 2275 2951 reposuit:
2313 2900 2339 2931 (ι
2395 2882 2458 2933 Et
2510 2878 2741 2949 quidem
2774 2877 2819 2930 si
2849 2878 3111 2930 voluntas
3169 2876 3293 2945 ejus
3338 2874 3396 2927 in
3428 2873 3538 2927 hoc

1838 2976 1939 3037 est,
1968 2969 2247 3024 voluntati
2274 2970 2395 3038 ejus
2424 2984 2540 3021 non
2582 2966 2908 3020 contradico
2935 2985 2949 3031 ;
3007 2980 3206 3019 verum
3240 2963 3288 3016 si
3341 2962 3537 3016 mallet

1837 3077 1927 3113 me
1966 3060 2149 3113 adhuc
2195 3058 2345 3111 inter
2403 3073 2498 3110 vos
2550 3057 2748 3110 saltem
2797 3055 2994 3109 tandiu
3048 3068 3301 3118 manere,
3358 3052 3537 3104 donec

1835 3154 2207 3220 quaestionem
2242 3163 2414 3218 quam
2449 3146 2518 3199 de
2566 3144 2772 3198 animae
2804 3142 3025 3213 origine
3074 3145 3265 3195 mente
3305 3139 3532 3193 revolvo

1835 3238 2123 3292 absolvere
2146 3252 2393 3306 possem,
2427 3234 2710 3303 gratiosus
2739 3233 3077 3303 acciperem,
3120 3246 3185 3283 eo
3244 3228 3396 3298 quod
3427 3243 3530 3280 ne-

1836 3326 1949 3380 scio
2006 3329 2199 3379 utrum
2260 3322 2465 3393 aliquis
2508 3338 2633 3374 eam
2691 3336 2781 3374 me
2816 3320 3085 3373 defuncto
3139 3318 3210 3371 sit
3240 3317 3533 3370 absolutu-

1836 3431 1951 3469 rus.
1981 3436 2007 3463 »
2045 3416 2172 3467 Haac
2212 3411 2306 3481 ille
2339 3410 2407 3464 ad
2442 3425 2659 3463 annum
2692 3411 2847 3473 1109,
2881 3411 3022 3461 teste
3073 3407 3197 3475 ejus
3254 3404 3531 3474 discipulo

1836 3503 1931 3557 lib.
1970 3519 2008 3555 ιι
2039 3502 2108 3555 de
2156 3502 2278 3554 Vita
2333 3498 2610 3569 ejusdem,
2653 3514 2775 3568 cap.
2826 3500 2913 3563 59,
2970 3496 3123 3566 apud
3182 3494 3414 3549 Surium
3464 3495 3525 3546 21

1836 3591 2065 3662 Aprilis.
2100 3592 2262 3659 Hugo
2294 3606 2325 3641 a
2375 3589 2577 3642 Sancto
2642 3585 2883 3651 Victore,
2940 3584 3090 3637 lib.1
3146 3584 3215 3637 de
3260 3583 3533 3647 Sacram.,

1834 3687 1981 3753 part.
2014 3698 2111 3748 vu,
2142 3697 2267 3750 cap.
2300 3682 2387 3743 30,
2419 3677 2627 3747 probat
2679 3676 2932 3730 animam
2986 3689 3103 3728 non
3149 3690 3271 3727 esse
3324 3688 3391 3727 ex
3422 3676 3533 3725 tra-

1836 3772 1999 3834 duce,
2052 3769 2149 3823 sed
2202 3767 2419 3832 creari;
2450 3766 2529 3819 ait
2571 3771 2803 3820 tamen:
2842 3785 2869 3812 «
2910 3762 3267 3817 Probabilius
3317 3763 3537 3815 constat

1838 3858 2057 3912 animas
2109 3873 2177 3910 ex
2234 3855 2463 3909 traduce
2512 3870 2629 3907 non
2676 3869 2814 3906 esse.
2853 3876 2873 3900 ι»
2938 3853 3005 3907 Et
3060 3849 3335 3903 inferius:
3384 3867 3409 3899 ι
3442 3847 3536 3900 llis

1838 3946 2015 4016 igitur
2053 3950 2109 3999 et
2157 3942 2553 4013 hujuscemodi
2612 3940 2925 3994 rationibus
2972 3936 3265 4009 probabile
3323 3936 3536 3989 factum

1838 4040 1923 4089 est
1952 4034 2168 4087 animas
2218 4050 2281 4085 ex
2316 4031 2549 4085 traduce
2581 4045 2699 4082 non
2730 4044 2875 4095 esse,
2901 4029 2997 4081 sed
3024 4042 3199 4080 novas
3228 4025 3298 4079 de
3355 4022 3536 4076 nihilo

1838 4126 2053 4176 creatas
2084 4120 2241 4174 novis
2269 4118 2523 4189 quotidie
2551 4115 2885 4187 corporibus
2918 4115 2988 4169 de
3033 4118 3272 4185 paterno
3317 4111 3535 4166 semine

1836 4211 1985 4279 ﬁeri,
2031 4215 2087 4264 et
2135 4223 2330 4262 rursus
2359 4206 2419 4259 in
2463 4206 2630 4259 vulva
2686 4204 2945 4258 formatis
2976 4204 3047 4257 ad
3095 4201 3537 4255 viviﬁcationem

108 4290 246 4353 gravis
271 4295 409 4350 enim
440 4298 680 4367 quaestio
711 4302 816 4364 est,
848 4312 952 4350 nec
979 4297 1128 4351 valet
1174 4297 1244 4350 ab
1298 4297 1533 4351 homine
1576 4312 1729 4349 com-
1764 4289 1806 4343 D
1838 4300 2086 4355 infundi.
2117 4300 2182 4353 In
2212 4296 2421 4367 quibus
2445 4299 2637 4348 tamen
2668 4291 2934 4346 omnibus
2958 4292 3116 4345 nulla
3142 4305 3443 4360 nunquam
3457 4305 3540 4342 ra-

112 4376 339 4441 Prehendi.
390 4405 416 4434 ››
462 4388 591 4441 Haec
629 4385 987 4439 doctissimus
1034 4401 1099 4438 ac
1127 4386 1513 4439 sanctissimus
1543 4385 1731 4455 ponti-

113 4458 185 4518 fex.
228 4469 292 4523 Ex
347 4474 549 4543 quibus
592 4489 824 4545 prorsus
866 4472 1149 4528 evanescit
1208 4474 1305 4527 illa
1357 4474 1731 4527 ecclesiastica

112 4553 305 4627 iraditio,
333 4578 394 4615 ex
423 4580 537 4633 qua
565 4563 911 4617 creationem
970 4564 1177 4617 animae
1209 4563 1586 4616 Bellarminus
1631 4563 1729 4617 de-

116 4636 253 4711 ducit;
300 4665 442 4717 nam,
499 4657 642 4707 teste
682 4653 976 4722 Gregorio,
1006 4652 1185 4706 sancti
1228 4653 1419 4705 Patres
1476 4668 1602 4706 eam
1662 4651 1731 4705 de

117 4729 281 4823 urigine
306 4740 500 4794 anima:
528 4742 865 4796 insolubilem
910 4744 1054 4807 fassi
1077 4746 1204 4795 sunt
1231 4755 1340 4794 esse
1370 4743 1729 4808 quastionem.

116 4813 235 4908 Vides
253 4822 409 4893 igitur
438 4846 549 4883 non
580 4846 763 4883 unum
794 4846 824 4882 a
865 4830 1141 4883 Morainio
1170 4829 1551 4899 Augustinum
1580 4846 1733 4883 erro-

116 4916 169 4955 us
191 4914 342 4980 argui,
387 4919 480 4972 sed
531 4918 676 4972 etin
725 4918 996 4988 Gregorio
1044 4918 1409 4987 apostolicam
1442 4917 1634 4971 sedem
1680 4922 1738 4973 et

118 4989 295 5052 Patrum
322 5012 587 5069 senatum,
632 5024 663 5059 a
711 5007 921 5077 quibus
978 5005 1259 5060 dubitatio
1303 5006 1606 5076 Augustini
1632 5024 1734 5077 ap-

119 5082 302 5144 probata
322 5090 433 5146 fuit.
483 5095 589 5149 Sed
633 5095 852 5165 aliquid
900 5095 1086 5166 majus
1121 5094 1448 5150 addendum
1485 5100 1589 5148 est.
1622 5096 1738 5147 Ita-

120 5180 213 5238 que,
231 5189 341 5231 cum
382 5184 755 5237 communiter
800 5181 869 5237 de
910 5182 1132 5254 origine
1184 5183 1393 5238 animae
1446 5182 1734 5237 dubitare-

123 5258 201 5321 tur,
227 5264 421 5323 tantum
447 5288 509 5325 ea
540 5273 817 5329 dubitatio
848 5273 909 5327 in
942 5273 1184 5327 Ecclesia
1211 5271 1474 5338 invaluit,
1515 5276 1579 5325 ut
1610 5288 1739 5326 san-

123 5346 207 5397 ctus
229 5349 463 5425 Isidorus,
497 5362 838 5431 Hispalensis
871 5360 1126 5424 antistes,
1174 5377 1287 5415 non
1318 5360 1489 5413 fuerit
1528 5360 1741 5413 veritus

126 5435 322 5527 tandem
350 5442 487 5501 inter
516 5450 742 5520 regulas
770 5450 906 5504 ﬁdei
938 5449 1110 5504 veluti
1140 5449 1211 5503 ab
1250 5448 1518 5503 omnibus
1547 5449 1740 5503 catho-

126 5514 212 5573 licis
244 5530 549 5592 credendam
584 5514 896 5609 reponere.
956 5537 1201 5605 Etenim,
1258 5536 1355 5589 lib.
1399 5553 1439 5589 ιι
1470 5536 1539 5590 de
1579 5536 1737 5592 Olﬁc.

1839 4392 1918 4443 tio
1971 4389 2086 4441 sive
2137 4386 2440 4441 auctoritas
2492 4384 2553 4438 in
2600 4387 2825 4437 tantum
2880 4382 3186 4451 praevalere
3236 4378 3443 4450 potuit,
3476 4381 3542 4432 ut

1842 4477 2191 4533 dubietatem
2246 4476 2474 4529 tolleret
2532 4471 2901 4543 quaestionis;
2971 4473 3202 4539 excepto
3282 4485 3348 4522 eo
3420 4468 3541 4521 solo

1842 4567 1998 4639 quod
2029 4566 2168 4619 ﬁdes
2198 4564 2473 4617 catholica
2504 4561 2687 4631 magis
2717 4559 3066 4613 credendum
3106 4557 3279 4627 elegit
3320 4556 3544 4611 animas

1844 4654 2101 4726 quotidie
2162 4652 2497 4724 corporibus
2548 4648 2896 4702 viviﬁcandis
2927 4646 3220 4701 sociandas
3250 4646 3318 4700 de
3364 4644 3543 4698 nihilo

1842 4743 1990 4807 ﬁeri,
2050 4758 2224 4812 quam
2264 4740 2576 4793 secundum
2634 4736 2886 4808 corporis
2940 4740 3205 4790 naturam
3266 4739 3323 4789 et
3359 4732 3545 4787 carnis

1843 4831 2113 4885 humanae
2171 4827 2585 4898 proprietatem
2629 4825 2698 4879 de
2741 4823 2975 4878 traduce
3030 4821 3417 4894 propagari.»
3468 4820 3542 4872 Ex

1844 4917 2052 4988 quibus
2107 4918 2264 4986 patet
2319 4914 2389 4968 ad
2446 4930 2664 4967 annum
2721 4930 2902 4984 usque
2970 4914 3123 4976 1130,
3184 4925 3296 4980 quo
3348 4906 3547 4961 ﬂoruit

1845 5007 2033 5075 Hugo,
2064 5006 2221 5058 nulla
2270 5019 2458 5073 neque
2486 5002 2708 5056 ratione
2740 5018 2928 5072 neque
2985 4996 3319 5053 auctoritate
3349 4994 3544 5048 dubie-

1848 5099 2009 5147 tatem
2028 5095 2335 5162 quaestiom's
2367 5092 2435 5145 de
2460 5090 2682 5161 origine
2705 5090 2914 5144 anima:
2937 5087 3216 5141 sublatam
3240 5083 3545 5147 fuisse,sed

1846 5187 1982 5237 tunc
2011 5182 2069 5235 in
2102 5180 2346 5236 Ecclesia
2377 5180 2559 5251 magis
2607 5177 2992 5234 communiter
3024 5172 3375 5227 defensatam
3426 5186 3545 5224 esse

1850 5272 2191 5326 sententiam
2236 5271 2302 5325 de
2361 5269 2649 5323 creatione
2702 5267 3047 5320 animarum.
3108 5260 3249 5315 Hinc
3283 5259 3549 5331 Magister

1850 5360 2297 5424 Sententiarum,
2331 5358 2389 5411 in
2420 5360 2475 5426 2,
2506 5357 2633 5410 dist.
2674 5358 2759 5419 19,
2806 5352 2946 5407 dixit
3002 5349 3307 5405 Ecclesiam
3345 5349 3549 5403 catho-

1848 5449 2015 5503 licam
2050 5449 2252 5502 docere
2307 5447 2530 5500 animas
2586 5460 2702 5498 non
2733 5457 2853 5496 esse
2880 5457 2947 5495 ex
2976 5439 3233 5505 traduce,
3269 5454 3383 5509 qua
3414 5453 3550 5490 sen—

1854 5538 2035 5591 tentia
2062 5537 2132 5591 ab
2184 5535 2533 5591 scholasticis
2566 5534 2815 5601 recepta,
2870 5530 3195 5584 animarum
3224 5526 3433 5582 creatio
3465 5542 3551 5579 as-
