3894 6184
326 260 427 311 695

1323 259 1874 314 SUPPLEMENTUM
1915 261 2005 314 AD
2044 260 2278 315 OPERA
2317 261 2372 313 S.
2415 259 2801 314 AUGUSTINI.

3688 271 3764 320 696

326 386 476 438 serta
504 387 609 450 est,
637 382 718 438 ita
747 386 940 437 tamen
964 385 1046 445 ut,
1076 385 1219 435 teste
1274 382 1640 450 Bellarmino,
1693 383 1790 438 lib.
1843 400 1895 436 iv
1945 383 2014 437 de
2052 387 2096 439 A
2124 382 2368 452 epistola
2398 381 2631 436 laudata
2662 397 2676 435 :
2724 399 2754 432 ιι
2796 379 2902 435 Ubi
2950 395 3040 434 res
3075 381 3406 436 naturaliter
3443 383 3669 438 obscura
3697 403 3772 442 no-

327 472 646 526 Amissione
679 471 877 542 gratias
908 475 963 524 et
992 471 1146 525 Statu
1196 471 1431 539 peccati,
1475 488 1604 541 cap.
1667 475 1751 538 10,
1800 472 1863 526 in
1885 472 2021 536 ﬁne,

329 561 514 615 adhuc
543 577 658 614 non
689 559 891 623 desint,
925 561 1022 628 qui
1049 561 1106 610 in
1135 574 1198 611 ea
1248 562 1425 612 sancti
1471 560 1770 626 Augustini
1796 561 2024 615 dubita—

332 654 472 704 tione
534 649 840 702 hazrendum
917 652 1183 700 censeant.
1244 647 1426 700 Estius
1485 649 1740 718 quidem,
1815 647 2025 704 nobilis

331 739 652 805 theologus,
704 735 900 788 scribit
944 738 977 786 ‘2
1034 735 1476 801 Sententiarum,
1532 737 1667 792 dist.
1719 741 1802 803 l7,
1865 737 1892 806 ἓ
1937 739 2023 798 14,

333 827 477 879 nihil
527 840 648 876 esse
674 824 743 877 de
800 823 1020 893 origine
1082 824 1286 877 animas
1317 825 1385 877 ab
1432 825 1674 879 Ecclesia
1701 825 2025 891 deﬁnitum,

333 931 434 967 nec
452 914 672 966 futuros
699 914 849 966 laasae
879 913 1014 967 lidei
1042 929 1168 966 reos
1216 913 1424 983 qui'ea
1469 914 1537 968 de
1565 930 1626 968 re
1678 915 2024 970 dubitarent.

332 1004 437 1058 Sed
469 1001 718 1057 viderint
746 1002 830 1054 illi
859 1001 959 1072 qui
987 1001 1066 1054 ita
1098 1002 1257 1056 dubii
1291 1002 1475 1056 adhuc
1523 1019 1642 1056 esse
1671 1005 1918 1070 vellent;
1945 1007 2032 1057 sat

334 1091 478 1145 mihi
507 1095 592 1144 est
621 1091 932 1144 ostendisse
962 1091 1090 1160 jure
1142 1090 1527 1160 Augustinum
1557 1091 1626 1145 de
1655 1091 1876 1161 origine
1907 1093 2028 1146 ani-

333 1196 442 1234 mas
475 1180 783 1244 dubitasse,
817 1194 1059 1248 eamque
1114 1178 1532 1232 dubitationem
1570 1195 1675 1249 per
1717 1181 1883 1250 plura
1925 1197 2032 1234 saa-

335 1270 462 1322 cula
491 1267 698 1320 sanctis
728 1266 988 1320 Patribus
1019 1266 1320 1336 placuisse.
1352 1267 1499 1321 Sane
1546 1268 2031 1338 prudentissimus

335 1358 509 1411 fuisse
538 1356 809 1409 dicendus
833 1361 934 1422 est,
969 1356 1068 1426 qui
1095 1356 1158 1408 in
1201 1356 1520 1426 quaestione
1557 1357 1898 1411 difﬁcillima
1928 1358 2030 1427 ju-

337 1445 550 1498 dicium
607 1443 926 1511 suspendit,
983 1442 1126 1495 nihil
1179 1443 1319 1495 certi
1395 1443 1463 1496 ad
1539 1443 1782 1496 Ecclesia
1835 1442 2034 1496 delinio

340 1539 464 1586 tum
496 1548 616 1584 esse
643 1532 807 1585 sciret
840 1547 853 1584 :
887 1552 913 1580 «
949 1531 1053 1584 Ubi
1083 1530 1238 1584 enim
1267 1531 1336 1584 de
1396 1547 1458 1584 re
1489 1531 1890 1585 obscurissima
1920 1532 2031 1585 dis-

339 1625 590 1691 putatur,
632 1636 750 1672 non
797 1619 1194 1688 adjuvantibus
1223 1618 1546 1673 divinarum
1603 1620 2033 1690 Scripturarum

342 1710 510 1763 certis
564 1708 841 1777 clarisque
889 1707 1261 1771 documentis,
1304 1707 1568 1761 cohibere
1611 1725 1670 1762 se
1699 1709 1868 1762 debet
1919 1707 2032 1761 hu-

341 1813 513 1851 mana
541 1795 932 1865 prmsumptio,
990 1795 1135 1847 nihil
1190 1794 1401 1848 faciens
1441 1795 1502 1849 in
1547 1801 1772 1866 partem
1802 1797 2041 1849 alteram

342 1884 700 1938 declinando.
728 1903 753 1934 »
785 1884 865 1936 Ita
911 1900 1073 1937 suam
1103 1884 1250 1937 hanc
1280 1884 1719 1954 perplexitatem
1783 1883 2043 1939 defendit

342 1974 439 2026 lib.
486 1989 522 2025 ιι
574 1973 642 2026 de
687 1977 1050 2041 peccatorum
1114 1973 1346 2041 Meritis,
1395 1989 1519 2043 cap.
1591 1977 1678 2027 36.
1731 1973 1873 2027 Hinc
1911 1989 2042 2026 cum

344 2061 638 2130 Pelagiani
667 2076 735 2112 ex
757 2063 1042 2113 creatione
1073 2059 1421 2128 animarum,
1454 2077 1628 2130 quam
1659 2061 1827 2115 altius
1873 2077 2044 2131 exag-

343 2149 637 2218 gerabant,
673 2147 1018 2200 deducerent
1048 2164 1161 2200 non
1217 2164 1381 2218 posse
1436 2148 1563 2202 illas
1615 2149 1824 2203 habere
1853 2165 2047 2218 pecca-

345 2254 470 2291 tum
499 2237 799 2306 originale,
832 2253 903 2290 ne
952 2237 1090 2290 alias
1133 2237 1191 2290 in
1222 2239 1401 2290 Deum
1433 2242 1723 2291 creantem
1753 2239 1921 2309 culpa
1950 2255 2044 2293 re-

349 2328 516 2392 diret,
576 2326 678 2378 lib.
736 2342 796 2378 ιιι
847 2325 917 2378 ad
975 2324 1348 2392 Bonit‘ucium,
1394 2325 1456 2378 in
1486 2325 1622 2392 line,
1663 2330 1719 2380 et
1748 2344 1812 2380 ex
1845 2327 2049 2382 litteris

350 2415 575 2478 Zosimi,
611 2429 854 2484 quarum
895 2413 1280 2483 fragmentum
1333 2413 1532 2468 recitat
1563 2414 1622 2467 in
1652 2415 1892 2484 epistola
1926 2421 2048 2484 157,

352 2510 577 2557 sanctus
598 2504 793 2557 doctor
812 2503 871 2555 in
903 2508 1144 2573 utraque
1175 2501 1460 2555 sententia
1490 2509 1610 2556 tam
1665 2503 2050 2556 afﬁmantium

349 2593 674 2647 animarum
730 2592 1045 2656 traducem,
1097 2607 1271 2660 quam
1331 2590 1689 2660 negantium,
1753 2596 2046 2659 peccatum

351 2681 630 2750 originale
662 2681 804 2733 bene
835 2696 1002 2749 posse
1030 2679 1300 2747 componi
1355 2678 1785 2744 demonstravit,
1837 2695 1899 2733 ac
1931 2695 2050 2733 rem

351 2770 504 2840 apud
537 2769 840 2822 Ecclesiam
887 2768 1264 2820 certissimam
1289 2767 1455 2836 juxta
1496 2772 1800 2838 utramque
1830 2767 2051 2838 opinio-

347 2874 480 2912 nem
512 2858 792 2928 explicare
822 2863 1055 2910 conatus
1111 2861 1214 2922 est,
1277 2871 1347 2909 ne
1396 2855 1490 2910 cui
1531 2860 1828 2926 peccatum
1872 2856 2052 2927 origi-

352 2949 482 3000 nale
511 2946 842 2999 incredibile
875 2945 1184 3008 videretur,

428 3034 801 3088 Bellarminus
831 3032 1089 3085 concedit
1135 3031 1521 3100 Augustinum
1561 3031 1630 3085 de
1686 3031 1894 3085 anima:
1943 3031 2051 3085 ori-

354 3123 487 3193 gine
521 3123 839 3187 dubitasse;
875 3122 1033 3174 addit
1062 3125 1257 3173 tamen
1306 3120 1368 3173 in
1418 3120 1646 3190 scriptis
1694 3125 1825 3191 post
1880 3120 2054 3174 libros

355 3213 423 3265 de
452 3211 653 3264 Genesi
691 3211 762 3262 ad
819 3209 1068 3262 litteram
1125 3210 1466 3276 apertissime
1507 3210 1768 3274 refellisse
1823 3213 2052 3270 senten-

355 3299 494 3352 tiam
527 3299 596 3352 de
651 3299 880 3350 traduce
924 3296 1270 3363 animarum,
1329 3296 1482 3366 quod
1537 3295 1598 3349 in
1638 3295 1800 3366 epist.
1855 3299 1946 3350 157
1981 3297 2053 3350 ad

357 3388 627 3456 Optatum
651 3387 771 3439 11830
800 3385 1037 3438 scribat:
1073 3403 1100 3434 α
1134 3386 1333 3454 Itaque
1377 3383 1462 3437 illi
1516 3384 1618 3454 qui
1671 3384 2054 3455 propaginem

357 3476 677 3529 animarum
710 3473 1126 3526 inconsiderata
1180 3471 1500 3525 temeritate
1530 3472 1850 3527 defendunt
1879 3490 1894 3544 ;
1927 3492 1956 3525 υ
2000 3477 2056 3528 et

356 3565 620 3633 superius
676 3564 917 3632 loquens
971 3562 1039 3614 de
1097 3560 1381 3614 sententia
1431 3561 1919 3632 Tertulliani,qui
1956 3578 2056 3632 po-

358 3654 528 3707 nebat
556 3653 849 3706 traducem
879 3650 1227 3717 animarum,
1261 3649 1444 3703 dicat:
1506 3671 1528 3698 ι
1564 3649 1686 3713 Quo
1737 3651 1876 3721 quid
1924 3666 2054 3721 per-

355 3741 572 3794 versius
625 3741 734 3794 dici
789 3739 1026 3810 potest?
1087 3760 1107 3786 ‹
1156 3739 1284 3792 Non
1339 3738 1635 3804 assentior,
1685 3755 1816 3792 cum
1867 3740 1928 3792 in
1958 3739 2057 3793 illa

357 3830 595 3899 epistola
632 3829 816 3882 adhuc
867 3845 925 3881 se
984 3827 1245 3881 dubitare
1300 3827 1576 3892 fateatur;
1624 3843 1758 3881 nam
1823 3828 2056 3882 recitata

358 3925 600 3988 utraque
632 3917 902 3987 opinione
932 3917 1000 3970 de
1030 3915 1317 3969 creatione
1345 3919 1411 3986 et.
1440 3915 1670 3969 traduce
1707 3916 2053 3986 animarum,

354 4009 519 4062 initio
567 4008 759 4061 statim
817 4005 1077 4076 epistola:
1133 4004 1242 4058 ait:
1280 4024 1306 4056 ι(
1339 4004 1595 4068 Quarum
1624 4009 1820 4058 autem
1861 4021 2056 4060 rerum

358 4102 530 4167 atque
587 4111 888 4149 causarum
946 4093 1401 4147 consideratione
1453 4109 1808 4162 permovear,
1866 4098 1928 4147 ut
1996 4092 2058 4146 in

359 4191 622 4239 neutram
654 4183 1044 4237 assertionem
1075 4197 1234 4234 meus
1281 4181 1590 4235 inclinetur
1643 4197 1922 4248 assensus,
1957 4181 2052 4234 sed

358 4291 536 4329 ΑΒΗυο
566 4273 713 4326 inter
745 4275 1048 4342 utramque
1099 4271 1430 4341 disceptem.
1462 4289 1490 4320 ι)
1540 4271 1605 4324 Et
1647 4269 1745 4324 lib.
1781 4288 1798 4323 1
1827 4270 1896 4324 de
1926 4271 2053 4324 Ori-

358 4363 489 4432 gine
543 4361 770 4426 animae,
833 4377 955 4430 cap.
1015 4364 1098 4425 16,
1151 4359 1219 4412 de
1278 4359 1511 4412 traduce
1560 4358 1884 4412 animarum
1944 4359 2054 4413 ait:

361 4470 392 4501 «
421 4452 536 4520 Ego
567 4466 671 4502 nec
700 4449 967 4514 defendo,
990 4463 1095 4501 nec
1132 4446 1351 4500 refello.
1388 4468 1414 4494 »
1465 4447 1576 4500 Hos
1630 4451 1823 4499 autem
1879 4447 2056 4500 libros

360 4542 586 4590 sanctus
615 4537 810 4590 doctor
840 4534 1160 4606 composuit
1197 4539 1326 4604 post
1345 4534 1502 4587 illam
1534 4534 1836 4603 epistolam
1883 4551 2056 4605 quam

361 4627 620 4680 Caesarea
648 4625 803 4678 dedit
822 4625 892 4678 ad
922 4625 1213 4693 Optatum,
1248 4627 1310 4677 ut
1338 4623 1692 4677 ostendimus
1737 4622 1837 4677 lib.
1864 4641 1880 4677 ι
1927 4622 2058 4677 His-

360 4721 471 4769 tor.
503 4714 716 4783 Pelag.,
750 4729 873 4783 cap.
910 4716 971 4766 15
998 4729 1011 4777 ;
1036 4711 1095 4764 in
1118 4711 1186 4765 iis
1224 4716 1417 4766 autem
1471 4711 1634 4766 libris
1673 4727 1836 4764 suam
1888 4711 2056 4765 dubi-

355 4803 633 4857 tationem
681 4800 962 4854 fusissime
1006 4801 1255 4854 defendit
1285 4806 1480 4855 contra
1513 4800 1792 4855 Vincentii
1822 4800 2057 4854 Victoris

356 4891 851 4963 reprehensiones.
886 4888 1062 4944 Solvit
1091 4895 1280 4943 tamen
1309 4889 1390 4944 ibi
1448 4906 1607 4943 more
1661 4889 1826 4943 solito
1883 4906 2054 4960 argu-

358 4985 553 5035 menta
583 4980 884 5050 utriusque
915 4979 1237 5046 sententiae,
1271 4977 1428 5050 quod
1469 4994 1584 5032 non
1609 4982 1694 5031 est
1722 4977 2052 5047 opinionem

356 5071 424 5124 de
453 5070 685 5123 traduce
734 5069 1012 5129 refellere,
1046 5069 1141 5121 sed
1175 5067 1427 5138 ejusdem
1451 5065 1920 5120 incertitudinem
1952 5065 2055 5120 de—

358 5163 698 5212 monstrare.
747 5157 889 5211 Hinc
945 5156 1100 5210 illius
1144 5161 1454 5210 assertores
1506 5154 1943 5209 inconsiderata
1970 5159 2055 5207 te-

356 5249 636 5303 meritatis
666 5250 877 5319 arguit,
927 5265 1042 5303 non
1074 5248 1224 5318 quod
1255 5251 1480 5318 putaret
1510 5247 1638 5300 illos
1668 5245 1874 5299 falsum
1905 5262 2055 5298 asse-

355 5351 504 5402 rere,
538 5337 636 5390 sed
668 5338 821 5405 quod
862 5337 1120 5408 culparet
1144 5339 1472 5406 promptam
1503 5350 1702 5388 eorum
1735 5333 2054 5400 audaciam,

356 5439 470 5495 qua
497 5423 828 5494 opinionem
856 5441 974 5480 non
1019 5424 1186 5478 certis
1222 5423 1576 5494 argumentis
1629 5422 1938 5476 stabilitam
1969 5422 2055 5476 uti

356 5529 548 5566 veram
576 5514 926 5568 contentiose
974 5513 1365 5578 defenderent,
1419 5510 1574 5582 quia,
1633 5516 1696 5564 ut
1751 5509 1938 5580 inquit
1997 5510 2054 5564 in

2073 1677 2115 1731 B

2133 477 2314 526 strum
2363 471 2663 524 modulum
2713 469 2906 534 vincit,
2960 474 3024 523 et
3071 473 3263 538 aperte
3318 470 3500 524 divina
3523 473 3775 544 Scriptura

2135 577 2247 614 non
2275 559 2556 627 subvenit,
2617 564 2832 613 temere
2886 559 3015 611 hinc
3044 558 3260 627 aliquid
3299 558 3529 613 definire
3558 561 3775 618 humana

2133 650 2461 719 conjectura
2491 647 2808 719 praesumit.
2836 666 2862 697 ι)
2924 646 3081 699 Unde
3120 645 3270 715 apud
3319 647 3682 716 Augustinum
3708 651 3777 704 in-

2132 737 2487 791 considerata
2515 736 2688 790 etiam
2742 734 3063 789 temeritate
3119 734 3214 786 alii
3268 735 3544 788 mordicus
3581 740 3774 807 opposi-

2134 830 2252 880 tam
2282 824 2624 879 sententiam
2658 825 2724 877 de
2759 824 3080 876 animarum
3120 822 3402 876 creatione
3448 825 3778 881 sustinebant.

2135 914 2244 969 Sed
2275 929 2460 984 neque
2491 912 2644 982 quod
2673 913 3024 982 Augustinus
3083 911 3152 965 de
3190 912 3466 964 sententia
3493 913 3782 968 Tertulliani

2137 1002 2278 1057 dixit
2331 1005 2530 1055 contra
2559 1001 2927 1071 .sententiam
2985 1001 3054 1054 de
3111 1001 3344 1053 traduce
3387 1000 3688 1054 animarum
3733 1020 3783 1056 eo

2137 1091 2306 1145 modo
2336 1107 2450 1161 quo
2479 1090 2548 1143 ab
2579 1089 2900 1159 Augustino
2932 1088 3338 1159 explicabatur,
3373 1093 3435 1140 ut
3478 1092 3785 1158 argumentis

2138 1178 2437 1233 contrariae
2485 1177 2783 1232 sententiae
2839 1177 3234 1247 responderet,
3281 1176 3652 1247 accipiendum
3703 1187 3780 1231 est.

2141 1270 2283 1322 Nam
2325 1267 2707 1321 Tertullianus
2757 1265 2892 1320 inde
2921 1265 2992 1318 ab
3020 1265 3344 1336 Augustino
3376 1264 3784 1334 reprehenditur,

2138 1373 2257 1411 non
2310 1356 2463 1426 quod
2515 1356 2809 1408 traducem
2864 1353 3188 1408 animarum
3234 1359 3490 1424 poneret,
3538 1355 3625 1408 sed
3665 1357 3785 1424 quod

2139 1461 2258 1499 non
2289 1450 2437 1498 recte
2461 1444 2625 1497 illum
2655 1447 2951 1507 assereret,
3001 1458 3132 1495 cum
3161 1447 3395 1512 putaret
3423 1441 3658 1495 animam
3697 1459 3786 1495 esse

2141 1548 2478 1603 corpoream
2504 1537 2675 1602 atque
2705 1531 2846 1585 adeo
2886 1547 2990 1601 per
3032 1547 3228 1584 semen
3272 1545 3607 1600 corporeum
3649 1546 3785 1599 gene-

2145 1621 2323 1675 rantis
2379 1619 2637 1674 traduci:
2697 1639 2725 1670 (ι
2765 1620 2908 1673 Nam
2964 1623 3020 1671 et
3068 1619 3154 1672 illi
3203 1618 3418 1687 (scribit
3469 1618 3786 1688 Augustinus)

2148 1709 2248 1780 qui
2277 1708 2498 1762 animas
2527 1725 2595 1762 ex
2640 1723 2754 1760 una
2800 1706 3106 1778 propagari
3162 1711 3444 1771 asserunt,
3493 1721 3649 1776 quam
3679 1706 3789 1759 Deus

2148 1800 2337 1870 primo
2391 1797 2614 1852 homini
2665 1799 2838 1863 dedit,
2895 1803 3070 1868 atque
3115 1797 3200 1850 ita
3248 1813 3343 1850 eas
3397 1813 3464 1850 ex
3517 1796 3790 1866 parentibus

2148 1887 2302 1943 trahi
2348 1887 2564 1951 dicunt,
2621 1885 2668 1938 si
2722 1885 3053 1939 Tertulliani
3114 1885 3453 1955 opinionem
3507 1889 3787 1955 sequuntur,

2149 1976 2406 2046 profecto
2440 1991 2533 2028 eas
2559 1990 2678 2028 non
2724 1974 2979 2044 spiritus,
3013 1974 3111 2027 sed
3161 1989 3405 2042 corpora
3451 1989 3565 2026 esse
3607 1978 3789 2024 conten-

2151 2066 2314 2134 dunt,
2349 2069 2406 2118 et
2435 2064 2786 2133 corpulentis
2815 2063 3131 2117 seminibus
3179 2061 3412 2116 exoriri.
3461 2061 3574 2125 Quo
3608 2075 3788 2131 perver-

2152 2154 2268 2207 sius
2299 2153 2440 2223 quid
2470 2151 2584 2206 dici
2627 2155 2852 2222 potest?
2884 2171 2911 2203 »
2943 2154 3006 2205 Et
3030 2151 3090 2205 in
3111 2152 3225 2205 hoc
3256 2167 3423 2204 sensu
3451 2155 3657 2205 sanctus
3679 2150 3789 2202 Tho-

2154 2258 2295 2307 mas,
2329 2245 2476 2311 part.
2519 2257 2558 2304 ι,
2593 2244 2795 2310 quaest,
2840 2243 2959 2304 ll8,
3019 2243 3125 2292 art.
3173 2242 3235 2307 2,
3265 2239 3365 2305 ait,
3398 2240 3678 2292 heremum
3713 2252 3790 2290 esse

2153 2329 2339 2384 dicere
2396 2327 2649 2381 animam
2698 2327 2918 2380 traduci
2960 2343 3089 2380 cum
3141 2327 3386 2392 semine,
3422 2342 3615 2396 nempe
3639 2341 3790 2393 corpo-

2155 2434 2276 2484 reo,
2312 2423 2378 2471 ut
2420 2418 2539 2486 ipse
2569 2416 2784 2470 ibidem
2827 2416 3053 2485 probat,
3085 2415 3143 2468 in
3174 2431 3296 2485 quo
3343 2432 3508 2468 sensu
3534 2412 3789 2467 communi-

2156 2513 2244 2561 ter
2287 2506 2460 2560 etiam
2516 2505 2857 2574 scholastici,
2886 2509 2938 2568 2,
2976 2504 3107 2558 dist.
3164 2509 3229 2558 17
3284 2508 3342 2556 et
3391 2506 3472 2568 18,
3515 2501 3790 2555 sententiam

2159 2597 2230 2651 de
2261 2595 2493 2649 traduce
2532 2593 2856 2647 animarum
2911 2593 3212 2663 rejiciunt.
3273 2598 3346 2646 At
3400 2595 3610 2645 sanctus
3643 2591 3793 2643 doctor

2161 2700 2458 2754 nunquam
2490 2682 2560 2736 de
2605 2681 2712 2735 hoc
2742 2681 2914 2736 modo
2944 2681 3290 2735 Tertulliani
3337 2678 3672 2735 traducendas
3703 2675 3793 2728 ani-

2161 2790 2271 2827 mm
2303 2771 2603 2839 dubitavit,
2632 2771 2731 2824 sed
2760 2771 3028 2824 eumdem
3074 2775 3203 2824 tum
3262 2770 3322 2823 in
3354 2786 3419 2823 ea
3449 2769 3680 2839 epistola,
3704 2770 3792 2817 tum

2163 2861 2262 2916 lib.
2309 2878 2341 2914 x
2371 2861 2441 2915 de
2470 2861 2633 2924 Gen.,
2678 2875 2802 2929 cap.
2839 2861 2928 2922 25,
2961 2859 3234 2927 explosit,
3267 2864 3437 2929 atque
3487 2854 3793 2911 incredibilius

2092 2966 2130 3020 ο
2163 2950 2373 3020 dogma
2392 2947 2800 3017 pronuntiavit.
2819 2947 2929 3002 Sed
2950 2947 3590 3017 dubitavitAugustinus
3613 2949 3793 2996 «utrum

2161 3052 2549 3092 mconpoannu
2602 3052 2798 3090 semen
2849 3035 3044 3089 anima
3085 3051 3193 3088 sua
3249 3036 3495 3106 quadam
3546 3032 3728 3087 occulta
3758 3031 3795 3078 et

2159 3125 2432 3180 invisibili
2473 3125 2564 3178 via
2610 3140 2866 3178 seorsum
2920 3141 2984 3177 ex
3039 3128 3207 3194 patre
3263 3130 3452 3178 currat
3500 3123 3555 3176 in
3587 3127 3793 3176 matrem,

2160 3231 2291 3268 cum
2319 3215 2386 3266 tit
2427 3217 2733 3283 conceptus
2763 3211 2823 3265 in
2854 3212 3088 3266 femina.
3119 3232 3146 3263 »
3177 3214 3247 3266 In
3278 3213 3475 3266 eadem
3525 3210 3675 3280 epist.
3706 3208 3790 3259 l57.

2163 3304 2239 3356 De
2269 3302 2337 3356 iis
2361 3317 2494 3355 vero
2527 3301 2627 3372 qui
2657 3301 2870 3354 minori
2899 3317 3030 3355 cum
3060 3300 3399 3355 difﬁcultate
3429 3300 3692 3354 traducem
3725 3293 3793 3347 dc-

2159 3390 2488 3455 fendebant,
2547 3389 2744 3443 scribit
2788 3389 2885 3443 lib.
2917 3405 2951 3442 x
3009 3388 3078 3442 de
3110 3390 3253 3444 Gen.
3310 3389 3380 3443 ad
3423 3388 3548 3451 litt.,
3579 3400 3684 3453 cap.
3709 3384 3792 3433 ‘20:

2162 3498 2191 3530 (ι
2225 3481 2330 3533 Per
2358 3493 2555 3532 semen
2603 3478 2816 3548 quippe
2861 3477 3301 3531 concumbentis
3347 3477 3516 3549 patris
3540 3467 3794 3528 transfundi

2161 3567 2335 3621 etiam
2366 3582 2562 3620 semen
2596 3566 2802 3620 anima:
2857 3567 3078 3620 volunt.
3103 3587 3125 3613 ι
3161 3567 3311 3620 Nam
3341 3566 3578 3620 animam
3603 3560 3794 3615 rationa-

2160 3655 2276 3708 lem
2305 3670 2374 3708 ex
2407 3654 2652 3708 materia
2683 3671 2959 3725 corporea
2987 3655 3199 3708 factam
3230 3655 3402 3709 fuisse
3429 3654 3507 3707 illi
3536 3649 3630 3704 soli
3651 3648 3794 3702 dixere

2163 3743 2267 3814 qui
2297 3743 2557 3796 eamdem
2575 3759 2782 3813 corpus
2817 3759 2938 3796 esse
2973 3748 3260 3814 putarunt
3302 3760 3366 3796 ex
3414 3738 3701 3810 Augustino
3725 3735 3793 3786 lib.

2161 3849 2236 3885 vn
2267 3832 2335 3885 de
2369 3833 2532 3897 Gen.,
2567 3847 2690 3901 cap.
2752 3835 2805 3898 9,
2855 3836 3050 3885 contra
3099 3848 3252 3902 quos
3303 3831 3364 3885 in
3415 3847 3478 3884 eo
3509 3828 3642 3882 libro
3680 3823 3794 3878 idem

2163 3919 2489 3974 aeutissime
2544 3920 2813 3990 disputat.
2874 3920 3059 3983 Quare
3105 3936 3353 3973 censura
3407 3919 3504 3972 illa
3553 3908 3796 3984 Augustini

2164 4022 2263 4060 eos
2284 4012 2510 4062 tantum
2540 4006 2874 4078 perstringit
2903 4006 3003 4077 qui
3044 4005 3302 4060 animam
3334 4017 3659 4076 corpoream,
3679 4000 3798 4069 juxta

2163 4095 2500 4150 Tertulliani
2530 4111 2806 4160 errorem,
2869 4111 2935 4149 ex
2964 4095 3320 4164 corpulentis
3350 4091 3643 4148 seminibus
3673 4082 3798 4152 origi-

2166 4201 2298 4237 nem
2350 4185 2575 4238 trahere
2632 4183 3050 4238 asseverabant.
3087 4184 3330 4246 Qualem
3388 4197 3514 4235 vero
3543 4195 3596 4233 se
3621 4173 3798 4230 exhibe-

2095 4259 2137 4312 D
2169 4277 2254 4326 ret
2277 4271 2632 4343 Augustinus
2665 4287 2800 4342 erga
2837 4276 3142 4342 utramque
3202 4271 3534 4325 sententiam
3588 4263 3797 4319 audiatur

2162 4360 2263 4414 lib.
2297 4377 2328 4414 x
2355 4361 2425 4414 de
2475 4361 2638 4427 Gen.,
2672 4375 2798 4430 cap.
2829 4362 2926 4414 2t:
2967 4381 2995 4407 ‹‹
3028 4361 3144 4428 Ego
3175 4359 3362 4413 adhuc
3415 4359 3556 4412 inter
3582 4361 3794 4418 utrosque

2165 4447 2412 4519 ambigo,
2446 4453 2500 4502 et
2547 4464 2782 4502 moveor
2831 4447 3140 4518 aliquando
3191 4449 3290 4512 sic,
3331 4444 3623 4517 aliquando
3649 4445 3793 4493 autem

2165 4536 2260 4590 sic.
2296 4556 2324 4587 η
2352 4538 2416 4591 Et
2443 4552 2566 4607 cap.
2598 4539 2696 4590 23:
2732 4555 2759 4586 α
2790 4536 3086 4590 Admoneo
3137 4553 3293 4602 sane,
3346 4535 3545 4606 inquit,
3573 4533 3792 4602 quantum

2164 4626 2342 4692 valeo,
2369 4625 2416 4677 si
2473 4641 2614 4696 quos
2665 4624 2770 4678 ista
2823 4625 3244 4695 praeoccupavit
3297 4624 3506 4695 opinio,
3552 4626 3608 4674 ut
3627 4615 3794 4669 animas

2163 4729 2228 4766 ex
2258 4714 2588 4784 parentibus
2615 4713 2850 4768 credant
2904 4714 3237 4784 propagari,
3293 4717 3564 4783 quantum
3606 4701 3793 4776 ροδευηί

2163 4817 2222 4854 se
2252 4801 2404 4872 ipsos
2431 4801 2810 4867 considerent,
2846 4807 2903 4856 et
2929 4802 3160 4855 interim
3191 4803 3416 4871 sapiant
3457 4810 3668 4867 corpora
3707 4801 3792 4842 non

2164 4906 2285 4944 esse
2316 4890 2539 4944 animas
2570 4906 2718 4944 suas.
2754 4912 2776 4939 ι
2810 4891 2888 4944 Ex
2932 4890 3141 4960 quibus
3169 4890 3422 4944 Adamus
3461 4888 3647 4940 iterum
3673 4874 3793 4931 refel-

2164 4979 2317 5045 litur,
2359 4979 2498 5034 dum
2560 4981 2755 5035 scribit
2802 4981 3189 5051 Augustinum
3239 4977 3537 5033 credidisse
3593 4969 3791 5025 animam

2163 5083 2283 5121 esse
2314 5084 2675 5138 corpoream,
2704 5085 2877 5140 quem
2917 5085 3172 5123 errorem
3230 5073 3449 5122 sanctus
3493 5064 3663 5118 doctor
3703 5056 3792 5106 ιοίο

2164 5172 2231 5210 eo
2263 5156 2412 5211 libro
2445 5158 2834 5228 persequitur.

2238 5246 2638 5315 Bellarminus,
2666 5251 2730 5299 ut
2782 5245 2991 5316 probet
3034 5262 3103 5300 ex
3157 5244 3456 5300 traditione
3483 5228 3791 5317 ecclesiastica

2165 5333 2386 5387 animas
2415 5350 2448 5387 a
2490 5335 2604 5388 Deo
2635 5333 2838 5394 creari,
2871 5335 3176 5387 nonnullos
3235 5334 3424 5386 Patres
3468 5321 3688 5382 adducit,

2165 5422 2391 5476 etiamsi
2424 5423 2618 5492 aliquo
2667 5423 2838 5476 modo
2887 5422 3158 5493 explicari
3196 5423 3443 5492 possent,
3494 5412 3636 5467 nullo
3662 5403 3788 5494 nobis

2162 5511 2572 5582 impedimento
2631 5527 2751 5565 esse
2830 5511 3063 5578 debent,
3117 5526 3248 5564 nam
3312 5504 3456 5577 apud
3509 5503 3697 5554 Gnaeos
3741 5502 3783 5539 ιιι
