3946 6176
141 250 176 297 (ἱ
183 251 269 298 ‘37

1402 329 1414 342 Χ
1478 248 1794 304 VlNDICI/E
1834 251 2372 309 AUGUSTINIAN.‘E.

3576 266 3678 319 698

152 370 444 424 Orientali
473 370 717 425 Ecclesia
755 372 966 425 creatio
1015 372 1337 428 animarum
1364 375 1747 430 communiter
1775 381 1860 430 te-
1898 392 1942 444 Α
1973 384 2202 432 sanctus
2244 383 2594 451 Augustinus
2639 382 2894 453 disputat
2936 384 2996 438 in
3023 385 3263 456 epistola
3310 389 3378 442 28
3425 387 3497 440 ad
3544 387 3674 442 Hie-

155 461 430 513 nebatur.
487 459 652 527 Apud
681 459 1070 514 Occidentales
1118 478 1273 528 vero,
1314 467 1458 516 teste
1491 464 1857 535 Hieronymo,

153 548 365 617 opinio
395 547 463 600 de
483 548 716 601 traduce
744 549 1103 618 praevalebat.
1149 551 1305 604 Idem
1333 553 1497 605 Pater
1521 552 1686 606 initio
1726 553 1858 623 qui-

156 636 301 689 dem
330 636 473 688 hanc
502 637 811 689 secundam
835 637 1175 690 sententiam
1207 638 1484 693 irridebat
1514 639 1573 692 in
1595 657 1717 709 cap.
1753 641 1855 694 ult.

157 724 556 789 Ecclesiastici,
611 730 798 778 motus
854 725 964 778 illis
1009 727 1227 780 verbis:
1259 727 1349 796 {Et
1401 731 1631 796 spiritus
1675 730 1861 782 redeat

146 813 240 865 ad
260 817 443 880 Deum,
504 817 600 882 qui
633 814 783 867 dedit
811 816 984 882 illum,
1020 831 1165 868 vers.
1216 821 1271 870 7.
1325 817 1434 870 Sed
1465 819 1574 870 hoc
1603 819 1861 872 testimo-

149 900 324 955 nium
363 902 591 972 egregie
629 902 1037 972 interpretatur
1079 909 1316 974 August.
1365 906 1460 959 lib.
1515 923 1546 960 x
1579 907 1647 960 de
1697 909 1857 973 Gen.,

148 1005 285 1058 cap.
319 993 372 1056 9,
398 995 454 1042 et
488 1007 617 1044 cum
645 991 706 1043 in
745 991 908 1061 epist.
947 995 1014 1046 28
1047 993 1113 1046 ad
1147 995 1414 1048 eumdem
1451 994 1860 1065 Hieronymum

145 1079 504 1132 ostendisset
539 1095 670 1133 eum
697 1081 885 1134 locum
921 1083 1044 1150 plus
1082 1084 1385 1151 suffragari
1410 1086 1484 1136 eis
1525 1087 1620 1151 qui
1656 1101 1722 1138 ea:
1752 1101 1862 1138 una

140 1169 362 1233 putant
387 1182 563 1221 omnes
602 1183 712 1222 esse
732 1172 962 1234 animas,
1001 1187 1117 1223 non
1140 1172 1386 1241 amplius
1416 1173 1756 1226 sententiam
1791 1175 1861 1228 de

147 1255 399 1308 traduce
460 1255 836 1326 Hieronymus
887 1258 1084 1327 irrisit,
1136 1261 1235 1313 sed
1274 1261 1499 1314 laudata
1556 1262 1862 1332 Augustini

147 1342 465 1413 diligentia
492 1343 553 1397 in
582 1345 927 1414 explicandis
972 1363 1145 1402 sacrae
1188 1349 1491 1419 Scriptura“:
1523 1351 1862 1403 testimoniis

143 1432 426 1486 adhibita
450 1433 741 1503 rescripsit
762 1435 923 1504 epist.
958 1439 1024 1490 30
1054 1437 1204 1506 apud
1232 1438 1613 1506 Augustinum
1641 1455 1654 1490 :
1688 1441 1862 1492 Unus-

142 1523 396 1589 quisque
437 1525 496 1575 in
536 1537 630 1576 suo
654 1538 810 1577 sensu
838 1525 1090 1592 abundet,
1115 1530 1460 1579 contestatus
1508 1527 1651 1580 nihil
1713 1544 1770 1580 se
1805 1529 1863 1582 in

142 1609 370 1664 litteris
417 1611 739 1680 Augustini,
799 1613 862 1665 in
918 1613 1125 1683 quibus
1185 1614 1459 1668 latissime
1513 1615 1582 1669 de
1639 1616 1862 1685 origine

141 1697 376 1751 animae
398 1698 726 1768 disputavit,
757 1701 1294 1770 reprehendendum
1319 1708 1541 1772 putare.
1565 1704 1866 1757 Commen-
1903 1690 1943 1744 Β

142 1787 342 1839 tarios
371 1791 562 1840 autem
598 1786 656 1839 in
704 1787 1005 1842 Ecclesiam
1053 1789 1277 1858 scripsit
1332 1796 1455 1843 ante
1498 1807 1666 1845 annos
1695 1796 1866 1859 ferme

141 1875 345 1929 decem
378 1891 553 1945 quam
582 1875 856 1930 scriberet
886 1877 953 1930 ad
987 1878 1419 1932 Pammachium
1467 1885 1662 1933 contra
1707 1897 1867 1935 erro-

147 1981 254 2018 res
282 1963 520 2018 Joannis
559 1965 1082 2035 Hierosolymitani,
1119 1983 1268 2021 anno
1317 1985 1524 2038 nempe
1554 1973 1687 2023 483:
1733 1986 1865 2024 nam

145 2053 411 2123 epistola
439 2053 537 2107 illa
567 2053 696 2107 data
743 2059 829 2107 est
857 2071 1007 2108 anno
1059 2058 1182 2116 493,
1222 2057 1303 2110 υἱ
1349 2059 1567 2111 erudite
1625 2075 1783 2112 num.
1832 2063 1866 2113 2

148 2143 292 2210 ejus
323 2142 460 2195 anni
489 2141 694 2212 probat
728 2143 1016 2197 Baronius.
1054 2145 1195 2198 Cum
1225 2161 1360 2198 vero
1393 2146 1521 2198 libri
1565 2148 1868 2217 Augustini

148 2245 272 2297 per
303 2229 608 2283 Ecclesiam
640 2229 802 2284 avide
831 2231 1187 2300 ﬁlegerentur,
1235 2232 1606 2301 sapientiores
1655 2235 1868 2304 quique

147 2335 300 2372 cum
334 2319 655 2388 Augustino
695 2319 957 2373 dubitare
1003 2327 1292 2390 cmperant
1335 2321 1393 2374 in
1436 2331 1696 2375 neutram
1738 2339 1868 2392 par-

152 2411 287 2460 tem
340 2406 704 2473 inclinantes,
770 2413 833 2461 ut
885 2409 1426 2476 demonstravimus,
1482 2426 1693 2479 magna
1739 2427 1869 2464 cum

150 2495 480 2565 Augustini
510 2496 712 2566 gloria,
742 2497 891 2564 [cum
949 2499 1141 2550 Patres
1187 2498 1473 2552 subsecuti
1527 2500 1669 2552 tanti
1719 2499 1871 2553 illius

151 2585 575 2638 auctoritatem
634 2585 891 2651 fecerint,
936 2591 997 2639 ut
1034 2602 1148 2639 non
1201 2588 1374 2641 modo
1415 2587 1738 2653 docentem,
1775 2590 1871 2642 sed

152 2675 349 2728 etiam
388 2675 744 2729 dubitantem
779 2676 944 2746 sequi
973 2678 1277 2744 voluerint,
1312 2679 1472 2748 quasi
1506 2679 1871 2749 desperantes

152 2763 470 2817 veritatem
496 2763 652 2817 illam
682 2765 926 2835 assequi,
955 2765 1024 2818 ad
1050 2782 1224 2835 quam
1244 2768 1545 2835 Augustini
1573 2769 1870 2838 ingenium

152 2852 473 2922 pervenire
503 2869 618 2905 non
655 2857 940 2923 potuerat.
985 2855 1182 2925 Itaque
1231 2860 1456 2909 sanctus
1493 2857 1686 2910 doctor
1718 2864 1871 2912 tanto

154 2940 366 2993 studio
417 2956 480 2993 ac
533 2941 832 3012 diligentia
877 2942 1069 2996 omnia
1117 2943 1540 3013 Scripturarum
1592 2946 1713 2998 loca
1766 2963 1870 3015 pro

158 3034 418 3098 utraque
465 3034 626 3098 parte
678 3030 918 3084 adducta
960 3046 1268 3100 exponens,
1300 3047 1423 3084 rem
1455 3032 1588 3085 satis
1639 3033 1872 3087 dubiam

155 3117 332 3186 apud
361 3122 617 3186 posteros
636 3117 787 3184 fecit,
819 3134 1097 3189 suamque
1122 3119 1231 3172 illis
1261 3119 1610 3173 dubietatem
1641 3137 1874 3191 persua-

157 3206 268 3263 sit.
304 3206 926 3278 Bellarminuslibidem
952 3223 1019 3260 ex
1049 3207 1393 3278 Hieronymo
1425 3226 1546 3262 eam
1587 3210 1878 3262 ecclesias-

163 3296 352 3350 ticam
378 3295 744 3350 traditionem
770 3297 847 3350 ita
885 3297 1128 3367 probat:
1162 3315 1190 3349 ι(
1224 3299 1284 3351 In
1315 3297 1556 3367 epistola
1601 3299 1668 3352 ad
1702 3300 1874 3351 Pam-

170 3383 470 3438 machium
506 3385 574 3439 de
608 3385 898 3439 erroribus
937 3385 1173 3440 Joannis
1206 3386 1704 3456 Hierosolymitani
1745 3393 1875 3441 ante

170 3472 436 3526 medium
475 3473 722 3527 recitatis
764 3475 1063 3528 sententiis
1111 3475 1392 3546 Origenis,
1441 3476 1773 3528 Tertulliani
1823 3481 1878 3528 et

167 3562 544 3632 Apollinaris,
580 3563 983 3617 haereticorum
1013 3563 1083 3617 de
1115 3563 1326 3632 anima,
1376 3563 1528 3617 dicit:
1581 3566 1874 3618 Ecclesias-

172 3654 346 3704 ticum
377 3652 573 3718 dogma
605 3667 731 3720 esse,
764 3657 825 3705 ut
864 3654 1012 3705 Deus
1041 3654 1282 3721 quotidie
1305 3655 1515 3706 animas
1546 3654 1874 3718 fabricetur;

172 3740 280 3794 ubi
335 3756 466 3793 cum
513 3747 770 3811 opponat
824 3741 1260 3795 ecclesiasticum
1318 3743 1528 3812 dogma
1581 3742 1877 3795 sententiis

171 3829 600 3894 haereticorum,
650 3830 873 3885 videtur
903 3830 1139 3883 omnino
1177 3829 1416 3883 sensisse
1463 3831 1737 3884 catholica
1766 3832 1876 3885 fide

171 3935 304 3972 esse
325 3920 636 3973 tenendum
667 3919 1035 3972 animas‘non
1064 3919 1286 3972 traduci
1333 3936 1365 3971 a
1392 3919 1744 3989 parentibus,
1779 3920 1876 3972 sed

171 4008 380 4062 creari.
416 4027 443 4058 »
492 4010 620 4062 Haec
651 4007 1041 4062 Bellarminus.
1088 4009 1295 4061 Verum
1338 4008 1668 4077 Hieronymi
1705 4009 1878 4062 verba

174 4097 380 4150 audire
423 4102 651 4168 praestat
700 4097 762 4150 in
816 4097 1055 4167 epistola
1083 4097 1151 4150 ad
1201 4097 1667 4151 Pammachium:
1706 4119 1732 4145 (ι
1790 4100 1877 4151 An

173 4191 333 4239 certe
386 4187 574 4257 (quod
633 4185 1077 4240 ecclesiasticum
1129 4191 1212 4239 est
1280 4189 1595 4240 secundum
1649 4186 1878 4256 eloquia

1971 483 2296 538 ronymum,
2326 471 2515 524 nullus
2539 472 2779 526 fortasse
2809 471 3115 540 Scripturae
3135 475 3290 528 locus
3321 474 3661 542 invenietur,

1971 555 2030 608 in
2066 573 2180 626 quo
2214 558 2510 627 perspicue
2557 561 2827 613 doceatur
2858 562 3080 615 animas
3107 580 3220 616 non
3273 564 3394 616 ﬁeri
3445 580 3508 616 ex
3541 581 3669 634 pro~

1971 644 2196 714 pagine,
2225 645 2321 699 sed
2356 649 2551 700 creari.
2593 668 2618 697 »
2652 649 2833 712 Quare
2865 651 3152 704 secundum
3182 653 3394 720 eloquia
3415 653 3664 706 Salvato-

1968 735 2048 786 ris
2075 734 2226 787 haud
2273 735 2568 804 perspicue
2599 737 2866 789 statuitur
2914 743 3190 791 assertum
3224 739 3364 792 illud
3397 740 3464 792 de
3515 756 3668 793 crea-

1969 821 2121 875 tione
2179 822 2523 888 animarum,
2582 829 2636 878 et
2673 825 2748 877 sic
2808 826 3180 879 Bellarminus
3223 845 3256 879 a
3317 828 3666 898 Hieronymo

1970 906 2227 971 discedit,
2262 925 2432 977 quem
2454 925 2558 978 pro
2584 925 2641 962 se
2673 910 3032 978 produxerat,
3070 928 3253 982 neque
3285 911 3392 965 erit
3422 913 3673 981 amplius

1969 1001 2248 1049 assertum
2305 996 2768 1064 ecclesiasticum,
2817 1014 2944 1050 cum
2997 1015 3062 1052 eo
3131 1001 3298 1052 titulo
3351 1005 3577 1054 tantum
3641 1017 3672 1052 a

1974 1085 2316 1154 Hieronymo
2397 1085 2633 1146 dicatur,
2707 1087 2868 1156 ,quod
2947 1087 3018 1139 sit
3090 1089 3379 1142 secundum
3455 1091 3668 1158 eloquia

1971 1174 2292 1239 Saluatoris,
2347 1175 2506 1244 juxta
2557 1175 2993 1245 explicationem
3025 1183 3318 1229 auctorum
3356 1177 3509 1230 illius
3539 1194 3665 1230 sen—

1973 1263 2189 1316 tentias.

2043 1350 2292 1419 Opponit
2314 1351 2465 1404 idem
2498 1356 2692 1404 auctor
2720 1353 2965 1404 Leonem
3015 1353 3303 1420 Magnum,
3338 1352 3398 1405 iu
3427 1353 3666 1422 epistola

1971 1439 2043 1492 ad
2075 1439 2392 1499 'l‘uribium,
2440 1455 2562 1510 cap.
2627 1444 2710 1505 10,
2774 1440 2895 1492 ὴωο
2952 1441 3235 1493 scribere:
3298 1461 3325 1489 ‹‹
3384 1442 3673 1495 Catholica

1973 1528 2111 1581 lides
2140 1533 2465 1582 constanter
2495 1529 2766 1598 praedicat
2813 1534 2981 1599 atque
3013 1528 3308 1594 veraciter,
3355 1529 3506 1597 quod
3559 1531 3676 1583 ani-

1972 1631 2081 1668 mas
2137 1616 2459 1680 hominum,
2509 1617 2843 1687 priusquam
2875 1617 2990 1670 suis
3020 1617 3438 1686 inspirarentur
3473 1635 3676 1689 corpo-

1975 1703 2150 1768 ribus,
2200 1720 2317 1756 non
2366 1704 2543 1764 fuere,
2579 1721 2683 1757 nec
2714 1705 2783 1757 ab
2816 1704 2929 1757 ullo
2977 1704 3412 1773 incorporentur
3465 1705 3573 1757 nisi
3607 1706 3676 1760 ab

1978 1790 2179 1858 opilice
2211 1793 2343 1855 Deo,
2363 1791 2482 1862 'qui
2530 1792 2785 1862 ipsarum
2817 1795 2899 1845 est
2929 1797 3147 1844 creator
3177 1797 3233 1845 et
3263 1809 3598 1862 corporum.
3643 1817 3669 1843 υ

1977 1878 2084 1932 Sed
2122 1879 2200 1932 ibi
2243 1880 2496 1949 pontifex
2527 1881 2784 1950 Origenis
2830 1881 3169 1934 sententiam
3222 1882 3290 1934 de
3339 1882 3577 1951 antiqua
3612 1899 3674 1935 ac

1977 1967 2318 2020 simultanea
2371 1970 2631 2040 omnium
2691 1970 3013 2023 animarum
3063 1969 3350 2023 creatione
3399 1971 3679 2039 confutat,

1977 2061 2042 2108 ut
2071 2061 2228 2124 patet
2285 2072 2349 2110 ex
2379 2057 2476 2110 illa
2511 2057 2752 2126 epistola
2801 2061 2888 2123 9l,
2919 2058 3084 2110 initio
3138 2074 3265 2128 cap.
3329 2061 3427 2123 lO;
3492 2075 3680 2128 neque

1980 2144 2170 2196 minus
2192 2143 2400 2197 dicitur
2429 2145 2640 2198 ibidem
2671 2147 2817 2198 Deus
2865 2150 3084 2199 creator
3111 2162 3421 2215 corporum
3449 2163 3510 2199 ac
3551 2145 3676 2199 ani-

1980 2245 2242 2297 marum;
2271 2231 2421 2284 unde
2455 2231 2602 2284 sicut
2626 2231 2691 2284 ex
2722 2231 2818 2284 illo
2858 2232 3029 2285 modo
3062 2232 3332 2302 loquendi
3366 2248 3480 2285 non
3505 2233 3679 2286 dedu-

1981 2320 2126 2371 citur
2161 2335 2368 2389 corpus
2417 2336 2535 2372 non
2565 2336 2686 2373 esse
2718 2336 2784 2372 ex
2828 2321 3080 2383 traduce,
3138 2322 3294 2374 nullo
3336 2321 3474 2374 item
3511 2321 3682 2388 modo

1982 2407 2179 2460 inferri
2208 2413 2396 2478 potest
2444 2425 2554 2461 non
2607 2409 2731 2461 ﬁeri
2771 2425 2839 2462 ex
2877 2410 3131 2475 traduce,
3181 2411 3366 2479 ipsam
3402 2410 3676 2464 animam.

1981 2497 2152 2550 Addit
2206 2499 2450 2550 Leonem
2494 2499 2758 2550 eumdem
2803 2497 2967 2568 epist.
3007 2503 3061 2552 ll
3113 2499 3181 2551 ad
3225 2499 3541 2562 lulianum,
3605 2499 3684 2552 ita

1982 2586 2141 2657 loqui
2164 2587 2232 2640 de
2258 2587 2448 2638 anima
2476 2587 2682 2640 Christi
2711 2603 2722 2639 :
2760 2608 2787 2634 ‹‹
2819 2588 2930 2640 Nec
2980 2587 3091 2641 alio
3126 2587 3210 2639 illi
3242 2603 3413 2657 quam
3465 2587 3682 2640 caeteris

1985 2675 2312 2728 hominibus
2341 2675 2534 2727 anima
2573 2678 2655 2726 est
2685 2675 2958 2744 inspirata
2987 2676 3294 2744 principio,
3339 2692 3470 2745 qua:
3502 2677 3679 2728 excel-

1981 2764 2121 2816 leret
2154 2779 2269 2816 non
2307 2763 2634 2816 diversitate
2667 2764 2911 2830 generis,
2958 2765 3057 2817 sed
3101 2763 3454 2817 sublimitate
3500 2763 3679 2816 virtu-

1979 2853 2071 2905 tis.
2124 2871 2149 2902 π
2180 2855 2252 2905 At
2292 2851 2485 2904 anima
2524 2851 2730 2905 Christi
2761 2852 3040 2920 producta
3079 2856 3162 2904 est
3209 2868 3274 2905 ex
3329 2851 3535 2916 nihilo,
3570 2868 3684 2905 non

1909 2979 1947 3034 C
1981 2957 2083 3009 per
2138 2939 2426 2992 traducem
2503 2943 2814 3008 propagata
2875 2955 2940 2991 ex
2995 2940 3314 3009 Augustino
3373 2939 3469 2993 lib.
3523 2957 3554 2992 x
3615 2940 3683 2993 de

1986 3031 2148 3093 Gen,
2181 3043 2304 3096 cap.
2340 3031 2403 3080 lt)
2447 3031 2502 3080 et
2538 3031 2626 3087 20,
2674 3027 2827 3080 unde
2880 3031 2936 3080 et
2979 3029 3332 3097 reliquorum
3381 3028 3684 3081 hominum

1984 3118 2191 3170 animae
2207 3118 2369 3185 juxta
2415 3116 2614 3169 Leonis
2662 3115 2975 3180 decretum,
3027 3133 3060 3169 a
3105 3117 3217 3169 Deo
3249 3120 3454 3170 creatae
3509 3116 3684 3170 fuisse

1983 3206 2280 3259 credendi-1e
2319 3210 2468 3258 sunt.
2505 3205 2612 3259 Sed
2667 3205 2774 3258 Leo
2814 3204 3031 3258 ibidem
3083 3205 3316 3258 damnat
3347 3205 3680 3274 opinionem

1986 3294 2307 3365 Eutychetis
2339 3309 2468 3346 cum
2498 3293 2740 3364 Origene
2769 3293 3122 3346 concinentis
3149 3310 3162 3359 ;
3207 3309 3342 3347 nam
3374 3293 3454 3347 ita
3501 3294 3685 3364 loqui-

1983 3389 2112 3438 tur:
2165 3404 2191 3434 «
2251 3384 2509 3436 Arbitror
2549 3383 2704 3435 enim
2747 3383 2882 3436 talia
2932 3383 3262 3453 loquentem
3318 3383 3423 3436 hoc
3474 3383 3684 3436 habere

1984 3488 2341 3543 persuasum,
2395 3472 2571 3542 quod‘
2607 3471 2798 3525 anima
2851 3488 3024 3541 quam
3078 3472 3336 3527 Salvator
3380 3472 3690 3541 assumpsit

1983 3563 2145 3631 prius
2174 3562 2233 3614 in
2261 3561 2414 3614 caelis
2446 3561 2517 3614 sit
2546 3567 2893 3614 commorata
2933 3576 3106 3630 quam
3151 3563 3219 3614 de
3257 3561 3432 3615 Maria
3456 3560 3688 3630 Virgine

1983 3654 2335 3716 nasceretur,
2361 3665 2602 3719 eamque
2635 3649 2743 3702 sibi
2770 3649 3016 3702 Verbum
3041 3649 3103 3701 in
3125 3654 3287 3702 utero
3308 3649 3620 3718 copularet.
3658 3669 3682 3701 ι)

1988 3740 2060 3791 Ex
2095 3739 2301 3808 quibus
2329 3743 2502 3807 patet,
2536 3737 2647 3789 illis
2695 3737 2916 3789 verbis:
2958 3738 3060 3792 Nec
3106 3739 3215 3790 alio
3258 3738 3365 3804 illi,
3396 3753 3558 3804 quam
3587 3754 3686 3791 cae-

1986 3831 2114 3880 teris
2144 3827 2447 3882 hominibus
2486 3827 2671 3878 anima
2701 3831 2777 3878 est
2821 3827 3095 3892 inspirata
3121 3827 3417 3893 principio,
3450 3839 3569 3878 non
3619 3826 3685 3878 si-

1985 3915 2247 3985 gniﬁcari
2279 3913 2648 3985 principium,
2682 3913 2838 3982 quod
2878 3913 3028 3965 idem
3064 3917 3148 3965 est
3185 3927 3248 3965 ac
3277 3928 3448 3964 causa
3477 3912 3685 3966 animm

1984 4004 2338 4074 productiva,
2374 4003 2442 4055 de
2473 4017 2587 4070 quo
2624 4001 2780 4053 nulla
2820 4006 2941 4053 erat
2984 4016 3114 4053 cum
3146 3999 3414 4053 haeretico
3462 4005 3685 4055 contro-

1985 4092 2185 4158 versia,
2234 4091 2331 4144 sed
2382 4089 2748 4159 principium,
2805 4089 2912 4140 hoc
2949 4094 3034 4142 est
3073 4088 3302 4142 initium
3351 4089 3686 4152 durationis,

1986 4181 2138 4251 quod
2169 4180 2336 4232 idem‘
2357 4179 2539 4232 fuerat
2568 4178 2626 4230 in
2656 4178 2876 4232 Christo
2906 4194 2970 4230 ac
3008 4178 3066 4230 in
3096 4178 3280 4246 nobis,
3325 4194 3533 4249 nempe
3571 4178 3687 4232 ini-

147 4275 512 4330 .Salvatoris:
568 4277 728 4329 Pater
767 4290 936 4342 usque
963 4275 1117 4328 modo
1147 4279 1420 4343 operatur,
1454 4281 1504 4328 et
1547 4291 1640 4342 ego
1687 4291 1877 4343 operor
1915 4281 1957 4334 ι)
1986 4271 2130 4323 tium
2169 4268 2395 4321 vivendi
2423 4267 2481 4320 in
2513 4282 2767 4336 corpore,
2808 4283 2923 4320 non
2972 4266 3029 4319 in
3059 4267 3217 4321 caelis
3262 4272 3392 4321 ante
3432 4270 3686 4338 corporis

179 4366 365 4432 (.Joan.
401 4380 452 4430 v,
485 4363 612 4432 1'7);
646 4368 700 4417 et
731 4363 871 4417 illud
911 4363 1106 4417 Isaias:
1142 4363 1251 4431 Qui
1277 4367 1483 4430 format
1512 4366 1770 4433 spiritum
1798 4365 1881 4416 Ιιο·

175 4455 347 4506 minis
395 4455 451 4504 in
479 4455 596 4522 ipso
628 4454 758 4522 (Isa.
813 4455 976 4518 XLII);
1029 4457 1087 4506 et
1144 4453 1202 4506 in
1243 4453 1514 4506 Psalmis:
1567 4454 1674 4516 Qui
1712 4453 1881 4520 ﬁngit

173 4557 282 4610 per
307 4542 546 4607 singulos
576 4543 739 4596 corda
763 4557 944 4595 eorum
977 4543 1153 4610 (Psal.
1202 4543 1394 4611 xxxu),
1443 4541 1698 4612 quotidie
1731 4541 1880 4594 Deus

181 4630 495 4683 fabricetur
541 4631 779 4692 animas,
835 4635 938 4684 etc.
975 4651 1002 4679 »
1038 4629 1416 4684 Bellarminus
1477 4629 1631 4683 addit
1661 4630 1874 4694 dogma,

181 4723 239 4771 et
268 4718 395 4772 silet
424 4719 564 4785 hinc,
613 4720 904 4773 secundum
951 4721 1166 4788 eloquia
1194 4721 1522 4784 Samatoris,
1573 4735 1704 4772 cum
1742 4718 1878 4772 Hie—

179 4823 460 4876 ronymus
506 4809 649 4862 illud
700 4813 978 4862 assertum
1023 4807 1462 4862 ecclesiasticum
1505 4807 1732 4872 dixerit,
1767 4823 1879 4860 non

178 4896 341 4966 quod
372 4902 518 4950 esset
541 4898 748 4967 dogma
777 4897 1078 4950 definitum
1117 4897 1185 4950 ab
1211 4897 1454 4950 Ecclesia
1483 4898 1784 4963 catholica,
1817 4913 1881 4949 ac

178 4985 254 5038 de
294 4985 405 5038 fide
453 4986 786 5055 tenendum,
817 5002 948 5040 cum
1005 4985 1295 5056 scripserit
1345 4985 1752 5039 ecclesiasticos
1782 4986 1880 5038 Oc-

177 5073 491 5127 cidentales
532 5075 824 5129 traducem
878 5076 1057 5128 solere
1115 5074 1500 5128 communiter
1551 5073 1876 5145 defendere,

177 5167 246 5215 ut
274 5163 486 5216 fatetur
515 5162 758 5233 ipsemet
789 5162 1171 5217 Bellarminus
1197 5178 1317 5230 cap.
1352 5161 1455 5213 Illo
1492 5163 1574 5220 lt,
1610 5159 1636 5229 ἓ
1668 5161 1880 5223 Quarta

176 5256 467 5317 sententia,
522 5253 637 5314 sed,
688 5257 753 5307 ut
800 5252 1015 5305 ibidem
1043 5250 1254 5317 subdit,
1313 5249 1464 5321 quod
1502 5254 1648 5301 esset
1677 5263 1881 5301 secun-

177 5342 319 5395 dum
351 5341 747 5395 auctoritatem
777 5341 1102 5410 Scripturaz,
1135 5355 1264 5410 quae
1286 5339 1506 5392 videtur
1533 5337 1878 5391 creationem

180 5429 502 5494 insinuare,
535 5446 663 5500 quae
705 5435 893 5482 trmen
936 5430 1059 5482 loca
1101 5428 1341 5498 explicat
1378 5426 1727 5496 Augustinus
1779 5441 1881 5477 su-

182 5519 380 5589 perius
410 5519 692 5585 laudatus,
726 5523 783 5572 et
813 5517 1190 5572 Bellarminus
1220 5516 1341 5586 ipse
1371 5515 1484 5568 ait:
1514 5535 1541 5564 (ι
1572 5515 1773 5580 Quare,
1819 5519 1880 5567 ut

1990 4358 2410 4412 formationem.
2464 4358 2542 4410 Do
2582 4357 2754 4408 verba
2785 4355 3069 4425 pontiﬁcis
3099 4356 3168 4409 de
3217 4357 3402 4410 Verbo
3435 4356 3686 4410 scriben-

1989 4448 2098 4501 tis:
2152 4470 2174 4496 ι
2221 4449 2332 4500 Nec
2382 4445 2630 4499 animam
2679 4443 2855 4511 enim,
2901 4461 3030 4515 quae
3071 4445 3325 4498 anterior
3360 4444 3686 4512 exstitisset,

1990 4552 2093 4590 nec
2123 4551 2373 4599 carnem,
2418 4549 2547 4604 quae
2577 4548 2692 4585 non
2739 4531 2982 4585 materni
3027 4533 3282 4602 corporis
3314 4537 3483 4601 esset,
3530 4549 3686 4587 acce-

1988 4626 2092 4696 pit.
2129 4647 2151 4672 ι
2209 4622 2504 4688 Quomodo
2563 4637 2695 4672 vero
2740 4620 3115 4675 defendentes
3166 4622 3464 4676 traducem
3523 4628 3685 4676 acute

1988 4713 2296 4785 probarent
2332 4711 2584 4764 animam
2614 4709 2819 4763 Christi
2848 4710 3022 4765 fuisse
3055 4717 3304 4765 creatam
3338 4728 3371 4764 a
3404 4713 3534 4776 Deo,
3570 4727 3684 4763 non

1987 4819 2121 4855 vero
2152 4802 2398 4870 reliquas
2437 4799 2682 4852 aliorum
2721 4799 3069 4854 hominum?
3119 4803 3263 4870 Lege
3302 4797 3684 4868 Augustinum

1988 4891 2086 4944 lib.
2122 4891 2191 4942 de
2214 4891 2349 4942 Gen.
2384 4888 2478 4941 cit.
2511 4901 2617 4941 xx:
2673 4887 2834 4940 nobis
2865 4890 3019 4941 enim
3066 4889 3200 4942 satis
3240 4893 3324 4940 est
3373 4885 3684 4939 ostendisse

1990 4981 2134 5033 nihil
2160 4984 2357 5032 contra
2384 4978 2678 5031 traducem
2709 4993 2742 5030 a
2776 4979 2958 5032 Leone
2992 4994 3111 5031 esse
3148 4981 3441 5036 statutum,
3492 4979 3558 5028 ut
3585 4975 3684 5028 'ec-

1988 5067 2300 5121 clesiastica
2355 5067 2453 5119 illa
2501 5065 2730 5119 traditio
2800 5066 2867 5120 de
2935 5066 3218 5120 creatione
3277 5063 3599 5116 animarum
3653 5081 3684 5117 a

1991 5157 2587 5227 Bellarminol‘asserta
2636 5155 2807 5208 nullis
2848 5155 3041 5208 innixa
3089 5152 3476 5207 fundamentis
3507 5169 3687 5223 appa-

1989 5252 2128 5310 reat,
2163 5262 2291 5299 cum
2315 5245 2502 5314 potius
2532 5245 2601 5298 de
2644 5244 2851 5298 animae
2892 5243 3112 5311 origine
3159 5240 3434 5294 dubitatio
3465 5245 3688 5311 Augus-

1988 5336 2210 5390 tiniano
2290 5335 2583 5404 speculatu
2653 5333 3032 5392 corroborata,
3097 5345 3199 5400 per
3261 5330 3426 5400 plura
3486 5332 3690 5384 saecula

1991 5425 2141 5494 apud
2173 5426 2366 5476 Patres
2398 5421 2719 5482 invaluerit,
2759 5424 2818 5471 ut
2838 5418 2970 5472 satis
2995 5419 3288 5490 hucusque
3311 5423 3395 5473 est
3424 5420 3686 5474 demons-

1990 5519 2226 5566 tratum.
