3894 6184
299 265 400 316 699
1315 262 1871 318 SUPPLEMENTUM
1912 265 2002 319 AD
2039 264 2267 320 OPERA
2310 265 2364 319 S.
2405 264 2794 321 AUGUSTINI.
3679 280 3766 330 700

370 386 677 454 Moraines,
713 387 813 458 qui
850 402 976 441 eam
1007 384 1184 440 sancti
1236 384 1418 440 Patris
1463 385 1874 441 dubitationem
1937 386 2000 441 in
2035 389 2078 443 A
2108 403 2262 442 mam
2315 403 2378 442 ex
2431 386 2634 441 eadem
2681 385 2923 442 materia
2978 385 3280 457 spirituali.
3331 391 3522 446 Noster
3575 394 3773 466 Alipins

303 491 564 530 errorum
595 475 843 530 indicem
874 474 1092 546 rejecit,
1120 490 1234 528 non
1273 475 1444 528 modo
1489 474 1683 529 omnia
1729 491 1858 546 quae
1889 492 1997 530 an—
2112 476 2334 545 Reylof,
2365 476 2622 548 proxime
2653 475 2935 541 laudatus,
2977 491 3045 530 ex
3067 491 3134 529 eo
3164 475 3475 534 animarum
3507 482 3774 538 traducem

299 564 542 636 tiquitns
577 565 724 619 dicta
752 569 884 617 sunt
924 562 1232 634 ignoravit,
1265 563 1361 617 sed
1394 578 1495 617 nec
1541 563 1683 635 quid
1719 564 1995 619 recentio-
2108 565 2444 636 possibilem
2471 565 2744 631 defendit,
2789 565 2940 636 quod
2976 565 3169 619 anima
3201 571 3266 619 ut
3309 569 3404 622 Dei
3455 570 3774 627 instrumen-

301 670 392 708 res
435 654 700 707 audacter
734 652 1182 722 pronuntiarunt
1237 652 1403 722 plane
1460 653 1635 707 novit.
1687 653 2000 724 Scripserat
2111 660 2235 709 tum
2268 656 2504 709 alteram
2553 654 2805 708 animam
2840 671 3032 709 creare
3060 661 3278 725 potest:
3331 673 3499 727 quam
3531 659 3776 716 virtutem

301 743 389 796 vir
425 742 783 796 doctissimus
829 739 1183 795 Christianus
1230 742 1438 811 Lupus,
1469 757 1598 796 cum
1630 742 1813 796 adhuc
1839 743 1998 814 juve-
2113 750 2388 804 creature
2418 745 2830 800 communicari
2874 761 3040 815 posse
3069 745 3289 800 nobiles
3318 748 3616 802 scholastici
3644 751 3773 804 exis-

306 831 392 884 nis
425 831 631 901 scripto
654 830 898 896 luderet,
930 829 990 883 in
1024 830 1353 884 defensione
1374 831 1668 902 Apologia:
1700 832 1769 886 de
1809 831 2002 886 anima
2110 834 2416 888 timarunt.
2473 833 2581 886 Sed
2614 833 2769 903 prior
2815 832 3020 887 modus
3062 833 3246 904 magis
3292 834 3495 903 placet.
3544 838 3674 900 Quae
3701 837 3778 891 hic

305 919 416 985 ovi,
445 935 566 990 cap.
608 922 690 984 15,
741 919 1004 973 doctores
1045 919 1464 989 Marpurgensis
1505 921 1808 975 academize
1855 921 2003 974 hanc
2113 924 2285 979 libuit
2339 923 2649 989 insinuare,
2709 927 2771 976 ut
2819 922 3064 975 insulsas
3117 923 3492 991 quorumdam
3539 941 3777 978 censuras

307 1007 514 1061 thesim
572 1006 915 1062 defendere:
977 1008 1178 1062 Anima
1234 1010 1521 1063 rationalis
1577 1026 1678 1078 per
1729 1009 2004 1064 traducem
2114 1011 2394 1074 refellam,
2428 1011 2527 1082 qui
2553 1010 2937 1081 Augustinum
2967 1009 3396 1081 reprehendunt
3424 1012 3570 1081 quod
3600 1013 3775 1066 tradu-

305 1095 641 1162 infunditur,
677 1111 783 1150 non
811 1101 1045 1150 creatur.
1080 1098 1145 1150 In
1186 1097 1291 1150 hac
1330 1097 1501 1150 etiam
1547 1098 1834 1152 sententia
1861 1098 2005 1152 alios
2114 1115 2237 1154 cem
2284 1098 2604 1152 animarum
2665 1099 3017 1170 probabilem
3072 1098 3398 1166 asseruerit,
3448 1115 3574 1152 cum
3609 1105 3778 1156 tamen

305 1200 426 1238 esse
472 1188 716 1238 testatur
766 1185 992 1239 Vossius
1044 1185 1143 1240 lib.
1203 1203 1242 1239 11
1303 1185 1443 1240 Hist.
1504 1186 1714 1256 Pelag.,
1772 1192 1918 1256 part.
1966 1203 2002 1251 1,
2116 1189 2410 1242 evidenter
2437 1191 2651 1241 constet
2679 1187 2900 1241 animas
2941 1203 3055 1240 non
3095 1203 3261 1256 posse
3311 1186 3476 1240 educi
3503 1187 3569 1241 de
3607 1194 3778 1258 poten-

304 1272 451 1326 thesi
479 1272 687 1343 prima,
721 1277 776 1326 et
820 1273 1042 1344 Alipius
1093 1274 1302 1345 Beylof,
1353 1275 1452 1328 lib.
1504 1275 1650 1329 Vide
1700 1275 1906 1329 Anima
1935 1274 2005 1329 ad
2118 1277 2196 1330 tia
2227 1275 2483 1329 materia:
2514 1290 2827 1345 corporeae,
2869 1274 3008 1328 alias
3037 1278 3230 1328 essent
3266 1275 3553 1330 mortales.
3589 1278 3782 1332 Etenim

310 1366 561 1416 mentem
609 1361 792 1415 sancti
846 1363 1172 1432 Augustini,
1230 1380 1354 1434 cap.
1408 1366 1464 1432 2,
1521 1368 1549 1432 §
1598 1367 1650 1433 3,
1701 1364 2008 1418 nominans
2117 1379 2400 1433 nusquam
2447 1367 2674 1431 sanctus
2710 1363 2909 1416 doctor
2947 1361 3253 1416 arbitratus
3296 1366 3381 1416 est
3406 1363 3614 1417 animas
3643 1382 3786 1436 posse

305 1451 663 1506 Timotheum
718 1450 1056 1522 Brighthum
1100 1452 1646 1523 Cantabrigiensem,
1700 1453 2006 1523 Georgium
2119 1452 2284 1507 educi
2321 1452 2390 1505 de
2429 1451 2669 1506 materia
2699 1467 3000 1521 corporea,
3050 1451 3145 1504 sed
3195 1453 3423 1504 tantum
3467 1451 3532 1504 de
3579 1454 3790 1507 materia

307 1537 586 1593 Sohnium
616 1542 672 1592 et
722 1537 1018 1592 Danielem
1068 1539 1431 1605 Sennertum,
1481 1540 1582 1610 qui
1612 1556 1744 1594 cum
1787 1541 1858 1594 ob
1889 1539 2007 1594 exi-
2120 1539 2430 1611 spirituali,
2472 1556 2646 1611 quam
2683 1556 2803 1594 esse
2833 1538 3165 1610 possibilem
3202 1544 3284 1593 tot
3316 1540 3572 1610 superius
3600 1556 3790 1596 memo-

309 1626 487 1681 miam
533 1626 917 1681 eruditionem
959 1629 1107 1680 inter
1141 1627 1545 1682 celeberrimos
1590 1631 1802 1682 nostra:
1831 1628 2010 1682 aetatis
2048 1689 2084 1696 _
2121 1629 2232 1684 rati
2281 1629 2541 1684 doctores
2593 1629 2946 1696 concedunt;
2997 1629 3094 1682 illa
3135 1633 3328 1684 autem
3375 1646 3644 1696 concessa,
3692 1648 3791 1686 non

311 1713 562 1768 medicos
591 1714 798 1769 merito
847 1718 1178 1785 reponatur,
1210 1714 1530 1769 audiendus
1575 1720 1681 1783 est,
1724 1715 1858 1769 licet
1899 1731 2014 1768 non
2048 1689 2090 1742 Β
2123 1718 2286 1772 video
2317 1733 2418 1772 cur
2447 1717 2674 1772 eductio
2716 1718 2916 1772 forma:
2963 1716 3274 1788 spiritualis
3322 1733 3389 1770 ex
3436 1718 3663 1771 materia
3695 1719 3791 1788 spi-

310 1802 730 1872 approbandus.
787 1803 887 1856 Hic
933 1819 1088 1874 ergo,
1158 1803 1704 1875 hypomnemateﬁé,
1755 1821 1872 1875 cap.
1926 1805 2011 1870 14,
2123 1804 2319 1860 rituali
2349 1804 2488 1859 adeo
2515 1805 2810 1859 evidenter
2848 1805 3217 1876 impossibilis
3240 1806 3792 1876 appareat,futerrori

311 1891 426 1946 ait:
461 1911 489 1940 α
513 1891 825 1945 Rationalis
857 1892 1050 1946 anima
1092 1892 1150 1947 in
1179 1893 1364 1963 prima
1393 1892 1679 1948 creatione
1709 1899 1768 1946 et
1815 1909 1849 1946 a
1901 1893 2014 1946 Deo
2122 1894 2264 1948 verti
2295 1894 2498 1948 debeat
2534 1894 2852 1964 Augustino
2893 1893 3048 1964 quod
3088 1894 3246 1947 illam
3312 1893 3659 1947 eductionem
3681 1908 3792 1962 pro-

311 1985 428 2052 opt.
455 1997 603 2035 max.
635 1981 882 2047 condita,
921 1986 978 2036 et
1007 1982 1232 2052 corpori
1262 1982 1514 2036 humano
1543 1981 1741 2051 [insita
1780 1981 2014 2052 quidem
2123 1981 2370 2037 habilem
2429 1982 2673 2035 duxerit.
2741 1982 2941 2036 Fateor
2983 1981 3281 2034 materiam
3317 1980 3696 2051 'spiritualem,
3739 1995 3792 2031 ex

311 2073 425 2133 est;
479 2084 680 2122 verum
732 2086 834 2140 per
870 2069 1032 2137 illud,
1078 2069 1314 2126 Crescite
1370 2075 1419 2124 et
1474 2069 1846 2139 multiplicam'
1897 2070 2016 2138 (Ge-
2127 2088 2241 2142 qua
2279 2070 2472 2124 anima
2501 2071 2667 2124 ﬁeret
2715 2069 2896 2124 visam
2937 2069 3108 2123 fuisse
3148 2068 3449 2122 difﬁcilem
3487 2067 3792 2139 Augustino,

315 2173 428 2212 nes.
451 2159 516 2226 1),
540 2157 659 2212 vim
685 2175 742 2212 se
770 2158 1131 2229 propagandi
1156 2163 1213 2212 et
1240 2158 1661 2229 multiplicandi
1695 2158 1929 2227 accepit,
1962 2163 2019 2212 et
2126 2164 2190 2214 ut
2216 2163 2376 2228 patet
2419 2174 2486 2211 ex
2519 2158 2616 2212 lib.
2657 2175 2730 2212 v11
2760 2158 2828 2212 de
2859 2158 3062 2212 Genesi
3109 2159 3178 2212 ad
3217 2158 3360 2224 litt.,
3393 2175 3514 2229 cap.
3564 2161 3592 2210 6
3621 2161 3671 2210 et
3696 2170 3792 2223 seq.

317 2245 552 2316 quidem
579 2262 710 2300 cum
742 2247 996 2301 'semine.
1047 2247 1242 2317 Neque
1285 2247 1438 2300 enim
1491 2247 1682 2300 anima
1724 2246 2018 2300 rationalis
2130 2249 2287 2302 Unde
2327 2247 2406 2300 ait
2451 2263 2575 2317 cap.
2615 2253 2686 2302 '7:
2733 2267 2759 2300 ι
2794 2250 2879 2300 An
2913 2263 3046 2300 vero
3096 2247 3193 2300 illa
3224 2248 3500 2317 spiritalis
3542 2245 3792 2306 materies,

313 2334 558 2388 essentia
585 2351 689 2404 per
735 2351 794 2388 se
843 2336 1129 2406 completa
1167 2340 1270 2399 est,
1305 2340 1370 2390 ut
1399 2335 1608 2406 angeli,
1652 2352 1782 2406 quae
1821 2352 1924 2406 per
1961 2352 2018 2389 se
2129 2337 2175 2389 si
2216 2336 2326 2390 fuit
2355 2336 2474 2389 ulla
2530 2335 2694 2395 unde,
2736 2336 2928 2389 anima
2956 2336 3135 2402 ﬁeret,
3177 2337 3266 2388 vel
3322 2336 3369 2389 si
3401 2341 3483 2389 est
3519 2336 3631 2388 ulla
3668 2329 3794 2385 unde

315 2424 432 2477 sola
453 2423 739 2489 subsistat,
771 2424 870 2478 sed
909 2429 993 2478 est
1020 2441 1150 2495 pars
1194 2425 1372 2478 altera
1410 2425 1681 2489 hominis,
1736 2443 1864 2496 qnze
1894 2442 2018 2478 cor-
2129 2425 2336 2478 anima:
2366 2424 2531 2488 ﬁunt,
2575 2423 2716 2496 quid
2753 2423 2878 2494 ipsa
2906 2427 3009 2489 est,
3043 2423 3194 2493 quod
3229 2439 3467 2488 nomen,
3499 2439 3662 2494 quam
3689 2440 3794 2492 spe-

315 2527 422 2581 pus
447 2512 767 2565 humanum
785 2511 1078 2578 informat,
1111 2517 1168 2566 et
1194 2513 1438 2582 proinde
1469 2513 1615 2567 sicut
1646 2513 1883 2566 societas
1924 2513 2022 2566 illa
2130 2514 2296 2577 ciem,
2333 2529 2506 2584 quem
2539 2497 2705 2566 usum
2751 2513 2810 2567 in
2860 2512 3028 2566 rebus
3059 2511 3306 2566 conditis
3336 2512 3536 2566 tenet?
3562 2511 3710 2570 Vivit,
3739 2528 3795 2564 an

317 2599 572 2669 c0rporis
602 2600 746 2654 nihil
794 2601 916 2670 ejus
962 2601 1252 2655 nobilitati
1281 2601 1537 2672 derogat,
1573 2601 1652 2655 ita
1681 2618 1785 2656 nec
1815 2618 2020 2674 propa-
2130 2619 2250 2657 non
2279 2604 2308 2655 ‘2
2338 2607 2443 2655 etc.
2493 2623 2514 2648 ι
2552 2600 2656 2656 Ubi
2697 2601 2821 2656 fuse
2853 2599 3155 2655 materiam
3188 2600 3547 2671 spiritualem
3576 2617 3671 2670 per
3695 2616 3796 2652 mo-

322 2688 479 2758 gatio
538 2704 668 2742 cum
717 2688 954 2752 semine.
991 2709 1018 2740 ι)
1078 2690 1219 2744 Item
1261 2689 1472 2745 ibidem
1501 2691 1719 2758 ,addit:
1786 2715 1804 2739 α
1860 2692 2021 2756 Quod
2133 2693 2271 2747 dum
2301 2691 2640 2762 disputantis
2669 2691 2968 2746 examinat.
3002 2691 3160 2744 Idem
3212 2705 3352 2743 vero
3383 2695 3603 2743 sanctus
3644 2690 3795 2752 Pater,

327 2778 493 2832 Dom.
548 2777 756 2832 Fienus
802 2778 1033 2846 falsum,
1081 2778 1396 2832 absurdum
1441 2783 1499 2833 et
1544 2796 1577 2833 a
1621 2780 1896 2850 religione
1928 2797 2022 2834 ca-
2133 2781 2296 2852 epist.
2327 2783 2447 2846 157,
2490 2779 2563 2833 ad
2613 2780 2906 2849 Optatum,
2954 2777 3229 2848 proponit
3289 2776 3641 2832 difﬁcultates
3693 2793 3797 2846 qua:

321 2867 533 2921 tholica
572 2867 826 2921 alienum
869 2871 1054 2938 putat,
1089 2867 1342 2922 animam
1377 2885 1496 2922 esse
1526 2884 1592 2922 ex
1636 2869 1891 2938 traduce,
1942 2872 2026 2924 est
2133 2871 2441 2941 insurgunt
2480 2869 2665 2939 posito
2705 2869 2789 2923 illi
2835 2869 3048 2923 semine
3093 2869 3345 2939 spiritali
3391 2887 3458 2923 ex
3489 2887 3597 2940 quo
3640 2869 3798 2923 anima

321 2954 682 3010 verissimum
739 2959 792 3010 et
845 2955 1017 3010 sacris
1071 2955 1274 3010 litteris
1327 2961 1794 3011 consentaneum.
1842 2976 1866 3010 ι
1912 2957 2024 3011 Ad-
2063 2983 2102 3038 c
2135 2960 2266 3014 ﬁat:
2302 2963 2365 3012 ut
2402 2957 2536 3012 inde
2563 2957 2699 3011 satis
2733 2961 2927 3027 pateat
2956 2962 3237 3028 quantum
3286 2958 3463 3013 studii
3497 2958 3579 3012 illi
3606 2957 3796 3012 dubita-

323 3045 590 3116 ducitque
634 3045 914 3100 nonnulla
952 3061 1126 3100 sacras
1172 3045 1480 3116 Scripturae
1510 3046 1854 3109 testimonia,
1897 3062 2025 3117 quas
2135 3048 2280 3102 tioni
2318 3047 2581 3101 tollendae
2635 3045 3018 3116 impenderit:
3062 3045 3158 3100 sed
3197 3061 3337 3100 cum
3388 3047 3649 3116 utrinque
3700 3060 3797 3097 ma-

265 3179 268 3182 .
328 3138 523 3188 tamen
565 3134 788 3189 erudite
829 3134 968 3188 olim
1009 3135 1270 3206 exposuit
1303 3135 1678 3206 Augustinus,
1727 3152 1798 3190 ne
1841 3152 1905 3190 ex
1944 3152 2027 3190 sa-
2137 3135 2266 3208 gnis
2296 3133 2722 3190 difﬁcultatibus
2753 3149 2808 3188 se
2840 3133 3026 3204 premi
3070 3139 3356 3201 cerneret,
3406 3150 3681 3188 assensam
3706 3149 3797 3186 sus

326 3221 436 3275 oris
467 3222 686 3275 arcanis
714 3222 949 3294 aliquod
978 3223 1252 3294 opposita:
1301 3223 1600 3278 sententia:
1629 3223 2026 3294 przejudicium
2136 3224 2359 3296 pendit.
2406 3224 2600 3294 Neque
2647 3222 2799 3276 enim
2828 3222 3067 3293 probare
3095 3239 3338 3294 possum
3358 3224 3479 3278 haec
3508 3223 3798 3279 Bellarmini

327 3311 513 3366 ﬁeret.
544 3310 698 3379 Haec,
757 3309 1016 3381 inquam,
1057 3312 1264 3376 refero,
1326 3313 1422 3366 sed
1477 3328 1592 3366 non
1644 3313 1844 3384 probo.
1881 3313 2027 3367 Illud
2137 3314 2310 3368 verba
2352 3313 2452 3367 lib.
2494 3329 2547 3366 1v
2593 3311 2661 3365 de
2690 3311 3005 3366 Amissione
3035 3311 3260 3382 gratias,
3303 3330 3426 3384 cap.
3463 3317 3564 3368 H:
3611 3333 3636 3363 α
3667 3313 3801 3367 Certe

327 3405 523 3453 tamen
554 3399 965 3453 advertendum
1007 3405 1110 3466 est,
1166 3400 1320 3470 quod
1368 3401 1630 3471 superius
1668 3417 1732 3455 ex
1790 3401 2030 3470 epistola
2139 3405 2367 3456 sanctus
2425 3400 2796 3471 Augustinus,
2853 3400 2900 3454 si
2949 3417 3099 3455 nunc
3128 3400 3285 3455 inter
3313 3401 3576 3456 homines
3598 3400 3799 3456 viveret.

335 3491 454 3554 157,
488 3487 558 3541 ad
596 3487 864 3558 Optatum
887 3487 1284 3555 indicavimus,
1333 3489 1716 3560 Augustinum
1743 3489 2029 3544 dubitasse
2140 3506 2256 3544 non
2309 3489 2495 3542 solum
2529 3488 2761 3552 faveret,
2795 3488 2892 3541 sed
2949 3487 3120 3541 etiam
3150 3488 3370 3557 gratias
3402 3491 3591 3559 ageret
3615 3487 3697 3552 iis,
3725 3484 3806 3556 qui

333 3591 473 3631 num
508 3574 702 3630 anima
728 3591 828 3646 per
865 3593 1243 3631 meonpoaacu
1289 3593 1464 3632 semen
1510 3578 1920 3646 traduceretur,
1970 3579 2031 3635 in
2140 3583 2393 3633 nostram
2432 3578 2578 3631 hanc
2621 3575 2960 3630 sententiam
2990 3577 3076 3634 (de
3121 3577 3434 3645 creatione)
3463 3581 3804 3630 tuerentur.»

334 3679 450 3734 qua
477 3663 774 3730 sententia
810 3664 971 3718 nulla
1009 3663 1192 3718 videri
1218 3665 1386 3720 debet
1431 3665 1660 3721 evidens
1703 3683 2029 3738 repugnan-
2139 3670 2211 3721 At
2239 3683 2340 3721 cur
2370 3665 2536 3719 hasce
2583 3664 2794 3734 gratias
2836 3664 3250 3719 recentioribus
3281 3664 3631 3736 Augustinus
3658 3661 3806 3716 debe-

332 3753 432 3819 tia,
456 3768 588 3807 cum
617 3741 879 3824 plerique
909 3753 1224 3808 scholastici
1256 3754 1563 3810 admittant
1589 3757 1887 3811 materiam
1914 3757 2030 3828 spi-
2142 3755 2276 3808 ret?
2303 3754 2464 3818 Quod
2491 3769 2558 3806 ex
2593 3751 2884 3823 Scriptura
2913 3752 3260 3807 sententiam
3292 3754 3364 3808 de
3404 3753 3679 3808 creatione
3705 3749 3809 3802 ani-

336 3841 604 3896 ritualem
640 3857 759 3896 non
795 3857 916 3896 esse
961 3841 1396 3913 impossibilem.
1430 3845 1512 3898 Ita
1541 3861 1608 3898 ex
1636 3846 1878 3900 materia
1915 3845 2032 3916 spi-
2142 3858 2369 3898 marum
2411 3839 2808 3896 ostenderint?
2837 3844 2894 3894 at
2938 3840 3131 3894 omnia
3179 3857 3476 3895 sacrarum
3529 3840 3808 3893 litterarum

335 3931 532 3986 rituali
589 3931 822 4002 angelos
868 3935 1222 4001 componunt
1251 3936 1477 3986 sanctus
1533 3935 1944 4001 Bonaventura,
1976 3939 2030 4002 2,
2142 3929 2468 3986 testimonia
2546 3927 2900 3998 Augustinus
2975 3927 3249 3998 expendit
3319 3928 3683 3997 excussitque.
3743 3928 3812 3976 An

337 4019 470 4090 dist,
528 4023 580 4087 3,
625 4020 686 4074 in
716 4022 864 4090 part.
896 4036 936 4088 1,
963 4024 1070 4074 art.
1109 4023 1158 4088 1,
1210 4037 1266 4092 q.
1295 4023 1366 4088 2;
1423 4022 1645 4076 Alensis
1701 4027 1848 4094 part.
1883 4041 1942 4086 ιι,
1973 4040 2030 4094 q.
2146 4019 2616 4076 scholasticorum
2648 4016 3045 4071 auctoritatem
3094 4020 3476 4086 sequeretur?
3515 4016 3626 4069 imo
3653 4013 3814 4084 potius

336 4111 429 4178 20,
455 4108 670 4164 memb.
702 4111 757 4175 2,
791 4111 819 4176 §
853 4112 872 4162 1
905 4125 918 4174 ;
952 4109 1250 4179 Aureolus,
1295 4113 1348 4177 2,
1397 4109 1527 4165 dist.
1575 4115 1626 4178 3,
1659 4129 1712 4183 q.
1751 4117 1800 4180 1,
1833 4117 1934 4165 art.
1979 4115 2031 4166 3.
2147 4126 2276 4165 cum
2338 4106 2618 4169 Patribus,
2662 4122 2804 4176 quos
2851 4104 3098 4174 laudavi,
3132 4105 3325 4160 adhuc
3364 4105 3426 4159 in
3454 4104 3626 4159 veteri
3676 4099 3813 4156 dubi-

341 4199 416 4252 Ex
462 4197 876 4251 recentioribus
923 4197 1221 4252 materiam
1259 4199 1416 4252 illam
1445 4200 1778 4270 possibilem
1803 4201 2037 4255 tradunt
2145 4198 2360 4254 tatione
2389 4194 2736 4267 persisteret.
2783 4192 3116 4247 Rationibus
3145 4193 3484 4247 earumdem
3515 4196 3699 4245 contra
3726 4193 3816 4241 tra-

343 4286 592 4341 Bubalus
618 4286 677 4340 in
709 4303 763 4357 q.
801 4289 868 4341 50
899 4287 1076 4341 sancti
1119 4289 1352 4342 Thomaz
1411 4289 1480 4342 de
1523 4290 1776 4360 Angelis,
1829 4294 1936 4346 art.
1982 4293 2033 4343 2.
2071 4280 2114 4334 D
2146 4287 2346 4342 ducem
2394 4281 2874 4338 convinceretur?
2903 4286 2959 4334 at
3009 4281 3143 4346 illae,
3174 4287 3566 4351 praeterquam
3593 4275 3732 4349 quod
3758 4273 3815 4328 ab

341 4378 544 4445 quiest.
599 4378 656 4440 2,
709 4373 969 4429 difﬁcult.
1027 4377 1082 4441 2,
1119 4375 1236 4445 §t;
1295 4375 1552 4446 Arriaga,
1611 4377 1824 4447 disput.
1889 4383 1908 4432 t
1970 4379 2037 4433 de
2149 4372 2568 4427 afﬁrmantibus
2597 4371 2895 4424 materiam
2929 4369 3290 4440 spiritualem
3322 4370 3488 4424 facile
3531 4366 3662 4421 solvi
3711 4377 3816 4432 1105'

346 4461 572 4529 Anima,
606 4467 739 4517 sect.
774 4466 842 4530 5;
885 4464 1254 4534 Comptonus,
1303 4462 1447 4533 disp.
1481 4466 1512 4518 9
1545 4463 1614 4518 de
1652 4464 1877 4531 Anima,
1903 4470 2035 4520 sect.
2150 4467 2302 4531 sunt,
2338 4462 2394 4517 id
2422 4465 2648 4515 tantum
2676 4459 3020 4524 evincerent,
3065 4462 3126 4512 ut
3151 4457 3510 4530 Augustinus
3540 4456 3607 4510 ab
3636 4450 3815 4508 admit-

342 4553 395 4605 8.
425 4551 579 4604 Hanc
596 4551 936 4606 sententiam
969 4553 1038 4606 de
1062 4551 1299 4606 materia
1329 4551 1572 4623 spiritali
1602 4569 1669 4606 ex
1698 4569 1809 4624 qua
1836 4553 2039 4622 lanima
2151 4551 2323 4605 tendo
2353 4549 2584 4614 traduce
2617 4562 2909 4601 assensum
2943 4545 3287 4611 contineret,
3340 4546 3494 4612 quod
3525 4550 3581 4596 et
3625 4551 3818 4609 semper

345 4643 746 4708 componatur,
788 4639 910 4694 fuse
938 4640 1191 4696 defendit
1236 4642 1404 4695 Pater
1446 4643 1742 4697 Matthaaus
1773 4643 2038 4714 Veglien-
2150 4639 2300 4705 fecit,
2328 4655 2446 4693 non
2491 4642 2683 4692 autem
2733 4636 2795 4690 in
2841 4634 3180 4689 sententiam
3220 4635 3292 4688 de
3325 4632 3608 4688 creatione
3652 4628 3817 4721 singu-

344 4728 424 4783 sis
474 4727 537 4781 in
591 4727 699 4782 hac
745 4729 1117 4783 celeberrima
1165 4729 1435 4785 Patavina
1483 4731 1774 4786 academia
1819 4733 2038 4788 theolo-
2148 4730 2337 4784 larum
2366 4727 2691 4781 animarum
2722 4724 2989 4778 eumdem
3016 4724 3331 4780 traherent.
3374 4722 3436 4776 in
3466 4738 3576 4792 qua
3600 4733 3704 4772 non
3727 4731 3817 4768 m1-

345 4817 490 4890 gicte
537 4815 822 4872 cathedras
872 4816 1024 4872 Scoti
1055 4818 1401 4889 moderator,
1447 4819 1534 4876 vir
1577 4820 1692 4874 rari
1731 4820 1950 4893 ingenii
1978 4839 2042 4876 ac
2151 4817 2387 4873 noribus
2425 4813 2859 4870 difficultatibus
2903 4828 2959 4865 se
2989 4811 3176 4882 premi
3204 4811 3534 4877 sentiebat,
3565 4804 3818 4898 prazcipué

348 4912 546 4962 nostro
576 4905 867 4978 praeconio
922 4907 1127 4978 major.
1186 4908 1286 4963 Hic
1340 4910 1494 4964 enim
1543 4915 1696 4964 tomo
1740 4910 1920 4980 priori
1971 4910 2041 4964 de
2153 4921 2288 4959 vero
2319 4904 2473 4975 quod
2524 4903 2656 4956 data
2695 4918 2760 4954 ea
2795 4900 3099 4967 sententia,
3139 4915 3315 4971 quam
3359 4898 3529 4952 etiam
3562 4896 3821 4962 Pelagiani

343 4995 604 5067 Angelis,
642 5011 696 5067 q.
743 4999 836 5065 2‘7,
865 4997 1076 5068 probat
1112 4999 1347 5070 angelos
1381 5015 1450 5054 ex
1486 4999 1729 5054 materia
1757 4998 2041 5069 spirituali
2150 4999 2271 5050 toto
2318 4997 2523 5047 conatu
2566 4990 2866 5062 urgebant,
2920 4988 3223 5043 difﬁcultas
3269 4983 3610 5041 traducendi
3652 4991 3820 5051 pecca-

344 5085 630 5155 componi,
676 5085 832 5156 quod
880 5085 1196 5156 quaestione
1226 5087 1487 5158 sequenti
1540 5088 1712 5142 etiam
1743 5088 1811 5142 de
1851 5088 2043 5142 anima
2151 5088 2274 5138 tum
2305 5080 2582 5151 originale
2640 5079 2830 5134 statim
2874 5077 3138 5146 emergit,
3189 5092 3306 5147 qua
3343 5075 3485 5129 adeo
3515 5070 3823 5143 premunt!)r

345 5171 651 5228 dicendum
704 5191 826 5229 esse
875 5175 1187 5243 contendit,
1241 5176 1480 5231 laudans
1535 5193 1657 5248 cap.
1696 5181 1746 5242 1,
1793 5193 1953 5232 ιιιιιιι.
1987 5180 2037 5242 3,
2153 5170 2494 5236 scholastici,
2525 5173 2592 5223 ut
2621 5169 2682 5222 in
2711 5167 3056 5238 assignando
3096 5165 3265 5219 modo
3299 5180 3412 5236 quo
3443 5162 3596 5216 labes
3623 5158 3710 5251 illa
3736 5165 3823 5251 per

347 5262 623 5331 quosdam
676 5263 945 5319 Scotistas
989 5264 1090 5336 qui
1119 5265 1179 5319 in
1235 5265 1495 5320 eamdem
1539 5245 1883 5319 sententiam
1915 5265 2040 5319 des-
2153 5259 2585 5332 generationem
2619 5257 2900 5322 trahatur,
2955 5254 3193 5309 minime
3223 5253 3376 5307 inter
3406 5267 3464 5306 se
3493 5245 3816 5336 conveniant,

347 5349 678 5406 cenderunt.
731 5353 844 5408 Hac
891 5332 1029 5425 ergo
1081 5353 1321 5408 materia
1372 5353 1657 5424 spirituali
1704 5352 1913 5407 animas
1942 5353 2041 5406 ad-
2154 5350 2251 5405 sed
2293 5365 2415 5403 sese
2460 5345 2703 5402 invicem
2741 5344 3018 5399 acerrime
3070 5345 3426 5414 Oppugnent.
3476 5332 3819 5406 Suspendel‘et

351 5438 545 5505 missa,
597 5455 773 5510 quam
817 5447 903 5498 tot
931 5442 1249 5498 scholastici
1281 5443 1614 5506 defendunt,
1645 5458 1764 5498 non
1793 5441 1901 5496 erit
1929 5441 2044 5495 dif—
2153 5439 2330 5510 igitur
2353 5436 2526 5492 etiam
2554 5451 2708 5490 nunc
2734 5449 3030 5489 assensum
3072 5430 3440 5504 Augustinus,
3473 5431 3527 5480 et
3557 5429 3680 5478 tunc
3705 5431 3814 5510 graf

346 5525 494 5580 ﬁcile
523 5509 770 5582 statuere
799 5529 1122 5586 animarum
1150 5531 1522 5598 eductionem
1564 5529 1875 5584 secundum
1927 5528 2042 5582 for-
2153 5509 2260 5582 tias
2291 5531 2512 5581 tantum
2546 5528 2740 5595 ageret
2767 5539 2897 5577 cum
2923 5527 3138 5576 certum
3171 5519 3403 5575 modum
3445 5509 3811 5586 proponerent.
