3894 6184
148 303 237 353 701
1418 299 1746 355 νΙΝῦΙΟΙᾸΕ
1788 302 2334 379 ΑΟΟΠΒΤΙΝΙΑΝῈ.

3533 316 3637 368 702

149 440 256 497 quo
281 421 410 475 data
441 417 724 473 creatione
752 418 1078 474 animarum
1106 420 1323 491 peccati
1360 421 1656 493 originalis
1687 440 1827 496 pro-
1864 430 1908 485 A
1940 443 2153 482 carnem
2217 430 2350 483 Filii
2422 429 2674 498 hominis,
2725 436 2775 485 et
2850 432 3095 489 biberitis
3139 438 3475 506 sanguinem,
3536 456 3639 494 non

149 509 357 585 pagatio
387 508 527 563 adeo
558 508 807 563 evidenti
837 508 1057 563 ratione
1087 514 1388 579 constaret,
1408 515 1473 566 ut.
1502 513 1707 568 modus
1734 513 1831 569 ille

155 619 183 655 a
206 598 423 655 nemine
451 597 609 668 rejici
639 603 847 669 posset.

218 690 281 743 Ex
321 687 616 757 hucusque
662 686 824 741 dictis
874 686 1009 740 satis
1059 688 1243 743 elucet
1292 705 1465 760 quam
1513 690 1826 759 immerito,

158 776 429 841 Moraines,
462 775 780 844 Augustino
812 776 881 829 de
912 775 1134 847 origine
1167 776 1375 833 anima
1422 779 1706 834 dubitanti
1740 797 1829 834 er-

154 866 276 921 roris
312 876 508 918 notam
548 864 750 931 inuris,
803 881 973 936 quam
1002 865 1187 937 plenis
1219 872 1547 922 sanctorum
1596 871 1830 924 Patrum

153 952 411 1024 suﬁ'ragiis
462 953 557 1006 ille
621 953 947 1019 absolvitur,
1009 958 1064 1007 et
1113 958 1165 1009 te
1192 955 1373 1011 invito
1422 958 1830 1029 panegyricum

153 1043 316 1097 eidem
359 1041 560 1096 recitat
598 1058 873 1112 magnum
903 1041 1181 1097 Africana
1232 1044 1492 1100 Ecclesia
1524 1063 1830 1101 ornamen-

152 1138 255 1186 tum
282 1135 508 1184 sanctus
538 1130 890 1200 Fulgentius,
923 1132 1231 1202 Ruspensis
1252 1134 1509 1201 antistes,
1540 1135 1629 1189 his
1659 1136 1831 1206 plane

151 1220 311 1275 verbis
339 1224 691 1289 conceptum
719 1236 730 1273 :
765 1239 794 1272 (ι
828 1221 1169 1285 Quastionis
1197 1223 1211 1293 (
1246 1223 1315 1276 de
1348 1223 1571 1293 origine
1597 1226 1829 1294 anima)

151 1311 201 1364 Β.
242 1308 588 1379 Augustinus
642 1308 1089 1378 profunditatem
1135 1310 1244 1365 sibi
1277 1312 1829 1383 imperscrutabilem

148 1413 380 1462 cernens,
433 1397 655 1450 nullam
700 1398 880 1451 voluit
924 1398 1098 1469 hujus
1128 1399 1210 1453 rei
1249 1400 1542 1454 deﬁnitam
1571 1402 1828 1470 proferre

148 1494 487 1561 sententiam,
531 1494 917 1565 incongruum
967 1513 1201 1567 prorsus
1249 1497 1578 1552 existimans
1608 1499 1829 1570 aliquid

146 1584 411 1639 afﬁrmare
470 1583 594 1638 sine
646 1583 1005 1639 dubitatione
1062 1587 1205 1640 velle
1246 1587 1403 1657 quod
1452 1589 1598 1641 alter
1636 1593 1829 1658 posset

146 1672 408 1727 contraria
458 1672 831 1742 responsione
881 1675 1220 1733 convellere.
1275 1677 1449 1747 Cujus
1494 1677 1702 1730 tamin
1730 1679 1825 1731 de-

146 1761 274 1815 cimo
302 1760 452 1815 libro
491 1760 560 1815 de
608 1761 811 1817 Genesi
864 1762 938 1816 ad
968 1762 1232 1829 litteram,
1269 1780 1441 1834 quam
1476 1764 1537 1817 in
1568 1766 1726 1819 libris
1757 1766 1828 1819 ad

147 1850 487 1905 Vincentium
534 1850 815 1904 Victorem
855 1851 925 1905 de
971 1852 1191 1922 origine
1228 1853 1455 1919 anima,
1490 1870 1591 1907 nec
1621 1870 1738 1907 non
1769 1854 1829 1907 in

148 1939 273 1993 libro
300 1939 494 2009 primo
509 1955 577 1992 ex
607 1939 831 1993 duobus
862 1956 1004 2011 quos
1034 1941 1103 1995 ad
1140 1946 1395 1995 sanctum
1421 1943 1829 2013 Hieronymum

146 2028 363 2098 scripsit,
399 2027 463 2081 in
518 2026 700 2082 tribus
730 2044 961 2098 quoque
1009 2028 1266 2099 epistolis
1288 2046 1427 2101 quas
1460 2032 1531 2085 ad
1562 2032 1829 2102 Optatum

147 2116 457 2188 episcopum
497 2116 564 2170 de
595 2116 701 2169 hac
731 2115 1044 2187 quastione
1074 2118 1413 2187 composuit,
1446 2120 1831 2189 disputatione

148 2206 363 2277 refulget
412 2222 537 2259 non
580 2205 772 2259 minus
814 2206 1043 2276 copiosa
1095 2223 1267 2278 quam
1312 2209 1618 2279 profunda,
1669 2216 1725 2264 et
1764 2228 1830 2265 eo

149 2296 307 2366 magis
345 2295 628 2349 laudabili
683 2294 819 2365 quia
861 2312 1115 2365 congrua
1162 2298 1439 2368 temperie
1491 2300 1831 2369 moderata;

151 2386 230 2438 ubi
253 2384 538 2456 quidquid
567 2383 783 2454 ingenii
812 2385 1097 2453 acumine,
1139 2387 1419 2457 quidquid
1452 2389 1836 2443 ratiocinatio-

152 2474 222 2527 nis
255 2474 480 2539 ordine,
533 2473 811 2544 quidquid
854 2473 1209 2527 auctoritatis
1253 2476 1505 2545 pondere
1536 2477 1833 2547 inquiren-

151 2563 265 2615 dum
320 2561 867 2633 discutiendumque
930 2563 1224 2633 conspexit
1272 2570 1327 2617 et
1375 2564 1671 2635 inquisivit
1718 2566 1835 2619 sin-

149 2652 415 2720 gulariter,
464 2656 524 2705 et
550 2652 832 2718 discussit,
878 2668 1221 2707 consensum
1270 2658 1463 2707 tamen
1494 2655 1562 2707 ab
1594 2659 1834 2725 utraque

150 2738 461 2793 deﬁnitione
514 2738 893 2805 continuit,ne
954 2740 1210 2794 laborem
1265 2745 1437 2794 tanta
1506 2741 1837 2811 disputatio-

149 2826 222 2879 nis
242 2826 493 2882 inaniter
518 2827 848 2897 susciperet,
886 2844 1059 2897 quem
1088 2829 1393 2899 cujuslibet
1431 2830 1729 2883 sententia
1752 2837 1835 2883 te-

147 2916 367 2970 meraria
422 2915 689 2970 deﬁnitio
742 2921 1025 2970 vacuaret.
1090 2936 1117 2967 )›
1182 2917 1298 2971 Lib.
1362 2934 1419 2971 ιιι
1478 2918 1548 2971 de
1590 2919 1833 2973 Veritate

146 3003 650 3073 pradestinationis
678 3008 734 3058 et
764 3004 986 3076 gratia,
1019 3020 1140 3075 cap.
1180 3008 1263 3059 18.

147 3093 169 3159 §
196 3093 269 3147 IV.
296 3094 382 3149 An
406 3096 588 3161 fuerit
626 3096 891 3148 sententia
918 3097 1096 3149 sancti
1140 3096 1444 3163 Augustini
1471 3110 1663 3164 pueros
1691 3096 1830 3166 bap—

206 3184 385 3236 tizatos
433 3185 558 3237 sine
605 3184 743 3237 reati
792 3184 1156 3237 Eucharistia
1184 3186 1487 3253 sumptione
1531 3200 1635 3238 non
1678 3200 1831 3255 posse

205 3272 403 3326 salvari
429 3276 462 3326 γ

206 3362 578 3416 Transeamus
628 3360 800 3415 modo
859 3360 930 3414 ad
987 3360 1238 3432 reliquos
1281 3377 1504 3416 errores
1564 3378 1707 3432 quos
1763 3363 1831 3417 de

150 3450 440 3520 Augustino
498 3449 841 3504 recentiores
893 3449 1209 3519 publicant.
1278 3450 1528 3521 Opponit
1557 3451 1828 3517 Adamus,

150 3554 259 3609 pag.
294 3542 413 3601 584,
451 3538 843 3609 Augustinum
864 3538 1119 3592 docuisse
1144 3541 1383 3605 infantes
1412 3541 1574 3593 etiam
1592 3544 1831 3607 suscepto

153 3629 388 3698 baptismo
407 3646 525 3684 non
542 3644 696 3698 posse
717 3630 893 3684 salvos
913 3632 1034 3699 ﬁeri
1058 3632 1173 3684 sine
1193 3631 1329 3683 νεαιί
1347 3632 1647 3699 sumptione
1673 3646 1829 3685 sanc-

152 3720 345 3773 tissima
388 3719 780 3774 Eucharistite.
830 3717 1106 3771 Moraines
1156 3716 1403 3771 recitatis
1436 3718 1623 3772 verbis
1654 3718 1830 3772 sancti

153 3807 427 3875 Augustini
485 3806 581 3861 lib.
630 3823 649 3860 1
701 3806 770 3860 de
833 3810 1197 3876 peccatorum
1271 3805 1500 3871 Meritis,
1572 3822 1694 3877 cap.
1762 3809 1831 3861 20

154 3892 496 3962 §Auferatur
506 3896 627 3964 jam
650 3895 938 3959 dubitatio,
971 3894 1049 3947 ait
1075 3910 1087 3947 :
1127 3916 1148 3942 ι
1180 3893 1316 3958 Qua
1339 3894 1509 3948 verba
1530 3899 1663 3949 sunt
1692 3895 1829 3949 adeo

152 3985 449 4052 manifesta,
485 3989 547 4038 nt
592 3983 927 4039 difﬁcillime
964 3983 1258 4054 patiantur
1296 3984 1609 4054 benignam
1656 3983 1830 4038 inter-

152 4073 535 4140 pretationem,
565 4089 680 4144 qua
725 4072 986 4144 plerique
1008 4073 1409 4143 theologorum
1447 4071 1831 4144 Augustinum

153 4160 208 4213 ab
236 4178 415 4218 errore
460 4178 729 4217 excusare
756 4167 1054 4224 conantur,
1100 4178 1257 4216 error
1296 4162 1451 4216 enim
1482 4168 1569 4216 est
1602 4166 1831 4216 notatus

153 4253 195 4303 et
221 4250 521 4307 damnatus
550 4251 654 4305 sub
676 4251 1035 4305 anathemate
1067 4268 1099 4305 a
1138 4251 1375 4305 concilio
1416 4251 1767 4305 Tridentino.
1800 4271 1826 4301 ››

1940 518 2205 572 habebitis
2248 521 2417 572 vitam
2458 521 2515 573 in
2554 520 2726 588 vobis,
2756 519 3006 575 inferens
3048 525 3315 593 parvulos
3345 525 3468 580 sine
3497 528 3635 598 bap-

1938 606 2108 661 tismo
2133 606 2487 673 decedentes,
2543 624 2673 663 cum
2703 625 2820 663 non
2854 612 3256 667 manducarint
3285 630 3513 669 carnem
3548 617 3635 671 Fi-

1939 696 2003 750 lii
2028 695 2299 761 hominis,
2323 700 2422 750 aut
2471 697 2594 767 ejus
2636 698 2975 769 sanguinem
3022 702 3291 771 biberint,
3326 720 3440 757 non
3472 705 3635 759 habi-

1939 789 2096 839 turos
2116 785 2289 838 vitam
2315 786 2559 849 beatam,
2581 792 2635 841 et
2663 804 2767 857 per
2793 805 3145 860 consequens
3168 792 3286 846 fore
3311 793 3634 849 damnatos.

1941 876 2019 929 De
2058 875 2165 928 hoc
2212 882 2551 944 argumento
2599 892 2666 930 ex
2714 878 2888 931 sacris
2945 879 3148 934 litteris
3197 881 3268 935 ab
3315 883 3635 953 Augustino

1941 963 2183 1017 deducto
2232 961 2353 1016 hac
2398 963 2591 1017 scribit
2629 964 2840 1019 ibidem
2886 967 3162 1021 Moraines
3202 986 3214 1022 :
3255 990 3281 1021 «
3331 971 3471 1024 Item
3497 972 3633 1025 lib.i

1938 1052 2007 1106 de
2025 1055 2388 1122 peccatorum
2433 1051 2643 1105 Meritis
2684 1057 2738 1105 et
2781 1054 3038 1117 remiss.,
3070 1072 3195 1126 cap.
3226 1061 3315 1124 20,
3350 1065 3405 1113 et
3436 1061 3532 1114 lib.
3568 1060 3637 1114 de

1943 1140 2442 1194 Pradestinatione
2517 1146 2863 1207 sanctorum,
2942 1160 3064 1213 cap.
3150 1149 3232 1211 t3,
3315 1152 3371 1201 et
3432 1148 3525 1201 lib.
3602 1166 3635 1202 ιι

1940 1230 2140 1299 Operis
2171 1229 2396 1299 imperf.
2444 1235 2641 1283 contra
2676 1231 2988 1298 lulianum,
3032 1250 3154 1303 cap.
3186 1236 3275 1297 29,
3318 1234 3522 1289 docere
3552 1236 3635 1287 vi-

1940 1319 2107 1373 detur
2137 1324 2556 1373 sacramentum
2602 1320 2967 1373 Eucliaristia
3016 1337 3133 1375 non
3168 1322 3355 1376 minus
3390 1340 3509 1377 esse
3542 1340 3642 1377 ne-

1938 1407 2245 1461 cessarium
2292 1408 2542 1477 parvulis
2580 1408 2649 1462 ad
2716 1410 2979 1475 salutem,
3043 1426 3215 1480 quam
3264 1412 3637 1481 baptismum,

1937 1513 2125 1567 neque
2158 1496 2346 1549 minus
2371 1496 2442 1549 ad
2475 1513 2568 1549 eos
2609 1496 2899 1566 pertinere
2945 1500 3097 1568 quod
3134 1499 3527 1554 diciturJoan.
3562 1519 3636 1565 vi,

1938 1589 2005 1641 5i»
2039 1587 2269 1652 :Amen,
2308 1601 2462 1639 amen
2504 1586 2623 1639 dico
2652 1587 2822 1652 vobis,
2858 1589 2969 1641 nisi
3006 1589 3463 1643 manducaveritis
3512 1606 3639 1643 car—

1935 1690 2054 1728 nem
2102 1674 2238 1727 Filii
2284 1675 2534 1739 hominis,
2582 1680 2631 1728 et
2682 1675 2920 1729 biberitis
2969 1676 3085 1744 ejus
3150 1680 3484 1744 sanguinem,
3536 1694 3640 1733 non

1939 1764 2204 1818 habebitis
2253 1766 2425 1819 vitam
2467 1766 2525 1817 in
2568 1764 2737 1832 vobis,
2780 1780 2951 1834 quam
3003 1765 3153 1819 istud
3200 1767 3362 1819 Joan.
3417 1784 3495 1834 ιιι,
3544 1772 3573 1821 5
3624 1785 3636 1820 :

1937 1855 2056 1908 Nisi
2086 1855 2208 1922 quis
2238 1858 2457 1907 renatus
2486 1854 2655 1919 fuerit
2684 1870 2750 1907 ea:
2792 1870 2937 1923 aqua
2968 1859 3018 1907 et
3050 1856 3263 1924 Spiritu
3300 1860 3503 1921 sancto,
3534 1871 3640 1910 non

1934 1947 2109 2012 potest
2138 1944 2363 1997 introire
2388 1945 2445 1996 in
2475 1958 2697 2010 regnum
2728 1946 2841 2009 Dei,
2876 1947 2982 2009 etc,
3020 1963 3047 1992 »

2011 2032 2117 2087 Sed
2162 2036 2291 2103 post
2336 2031 2720 2102 Augustinum
2778 2031 3021 2085 Romani
3074 2048 3305 2104 quoque
3343 2032 3641 2103 pontiﬁces

1939 2120 2039 2191 qui
2065 2119 2398 2189 Pelagianos
2426 2120 2773 2175 damnarunt
2801 2121 3003 2175 eodem
3034 2138 3269 2192 prorsus
3302 2122 3639 2176 testimonio

1938 2208 2173 2264 Joannis
2205 2225 2256 2263 vr
2276 2208 2443 2262 citato
2463 2209 2553 2262 usi
2579 2213 2729 2273 sunt,
2756 2210 2824 2263 ad
2853 2209 3027 2263 vitam
3053 2210 3210 2265 illam
3250 2227 3422 2281 quam
3447 2212 3643 2281 pueris

1942 2297 2234 2366 Pelagiani
2258 2297 2377 2351 sine
2404 2297 2689 2367 baptismo
2732 2298 3159 2369 promittebant,
3202 2298 3637 2353 eliminandam.

1942 2386 2179 2441 Sanctus
2242 2387 2631 2455 Innocentius,
2689 2387 2747 2440 in
2796 2387 2998 2441 litteris
3042 2388 3111 2441 ad
3184 2389 3377 2441 Patres
3437 2389 3641 2459 synodi

1944 2476 2279 2530 Milevitana
2306 2476 2384 2529 ita
2426 2476 2619 2530 scribit
2670 2493 2681 2529 :
2722 2498 2743 2525 ι
2775 2477 2922 2530 Illud
2964 2492 3095 2530 vero
3125 2477 3279 2547 quod
3323 2492 3419 2531 eos
3458 2483 3642 2532 vestra

1943 2564 2268 2618 fraternitas
2309 2565 2511 2618 asserit
2553 2565 2886 2636 praedicare,
2932 2566 3198 2635 parvulos
3244 2570 3474 2621 aterna
3512 2567 3639 2620 vita

1944 2652 2196 2723 pramiis
2240 2653 2408 2706 etiam
2451 2652 2575 2706 sine
2616 2653 2977 2723 baptismatis
3008 2653 3191 2723 gratia
3218 2670 3384 2723 posse
3416 2654 3639 2721 donari,

1945 2742 2266 2812 perfatuum
2311 2746 2415 2795 est.
2466 2743 2591 2796 Nisi
2635 2744 2777 2795 enim
2802 2741 3251 2795 manducaverint
3271 2756 3484 2794 carnem
3514 2743 3643 2795 Filii

1946 2831 2195 2896 hominis,
2242 2834 2290 2882 et
2339 2829 2572 2884 biberint
2626 2832 2947 2896 sanguinem
3009 2831 3145 2898 ejus,
3208 2845 3315 2882 non
3373 2829 3641 2885 habebunt

1943 2920 2113 2972 vitam
2143 2919 2199 2971 in
2239 2920 2555 2986 semetipsis.
2593 2918 2701 2982 Qui
2741 2924 2933 2971 autem
2963 2918 3109 2971 hanc
3138 2917 3219 2971 eis
3257 2917 3379 2972 sine
3408 2934 3643 2988 regene-

1871 3029 1909 3084 ρ
1942 3006 2166 3060 ratione
2199 3006 2530 3072 defendunt,
2576 3006 2844 3060 videntur
2890 3006 3032 3060 mihi
3056 3006 3243 3077 ipsum
3290 3006 3640 3077 baptismum

1941 3096 2083 3149 velle
2141 3111 2378 3160 cassare,
2437 3111 2567 3149 cum
2625 3095 2941 3167 pradicant
2995 3112 3092 3150 eos
3138 3096 3348 3150 habere
3400 3096 3642 3167 quodin

1942 3201 2040 3238 eos
2093 3184 2343 3238 creditur
2392 3200 2507 3239 non
2556 3184 2666 3238 nisi
2721 3184 3059 3255 baptismate
3122 3185 3550 3239 conferendum.
3613 3211 3637 3232 η

1942 3277 2110 3329 Putat
2154 3273 2507 3328 Maldonatus
2549 3278 2768 3327 textum
2808 3290 2929 3327 esse
2978 3279 3315 3345 corruptum
3354 3275 3546 3329 dicens
3577 3291 3642 3329 ea

1940 3364 2112 3417 verba
2164 3362 2480 3417 Innocentii
2545 3363 2636 3415 vix
2703 3379 2933 3417 sensum
2994 3364 3179 3417 ullum
3228 3368 3641 3431 congruentem

1941 3451 2149 3505 habere
2199 3467 2365 3521 posse
2432 3466 2445 3505 :
2488 3472 2508 3497 ι
2569 3452 2672 3505 Ubi
2732 3468 2887 3522 ergo,
2946 3452 3151 3523 inquit,
3200 3456 3286 3506 est
3323 3452 3641 3520 defendunt,

1942 3540 2247 3611 legendum
2302 3544 2439 3610 puto
2491 3540 2762 3607 deferunt,
2805 3547 2861 3593 et
2910 3541 3003 3594 ubi
3044 3546 3127 3594 est
3156 3543 3267 3594 nisi
3297 3541 3638 3610 baptismate,

1940 3628 2253 3697 legendum
2298 3634 2435 3699 puto
2464 3632 2577 3683 sine
2607 3630 2944 3698 baptismate.
2982 3649 3009 3681 η
3060 3630 3333 3701 Vasquez,
3384 3634 3533 3699 part,
3567 3646 3641 3693 III,

1940 3718 2083 3789 disp.
2138 3722 2259 3781 279,
2312 3734 2435 3788 cap.
2483 3721 2535 3783 4,
2585 3734 2744 3771 num.
2784 3722 2874 3785 55,
2933 3723 3056 3771 tum
3114 3717 3641 3772 animadversiones

1942 3807 2246 3861 Maldonati
2294 3809 2561 3871 notasset,
2619 3806 2773 3876 legit,
2830 3808 2886 3858 in
2928 3809 3002 3859 eis
3060 3806 3377 3873 defendunt.
3425 3810 3496 3860 At
3543 3806 3643 3860 illa

1940 3895 2112 3948 verba
2160 3894 2445 3965 optimum
2475 3909 2707 3947 sensum
2737 3894 2971 3954 habent,
3006 3909 3139 3945 nam
3170 3895 3257 3946 vel
3288 3894 3408 3963 ipse
3446 3893 3640 3948 Cicero

1942 4000 2076 4037 usus
2098 3989 2181 4037 est
2217 3984 2330 4037 illis
2378 3982 2671 4052 particulis
2720 3997 2826 4035 non
2877 3982 2987 4034 nisi
3016 3981 3077 4033 in
3108 3980 3204 4034 lib.
3239 3981 3308 4034 de
3333 3980 3597 4035 Amicitia
3625 3998 3636 4035 :

1946 4095 1967 4121 ι
2008 4074 2123 4126 Hoc
2166 4072 2414 4141 primum
2461 4069 2645 4124 sentio
2686 4069 2796 4123 nisi
2844 4069 2904 4122 in
2956 4070 3120 4123 bonis
3172 4069 3640 4124 amicitiam-esse

1941 4178 2055 4214 non
2092 4177 2275 4231 posse.
2327 4178 2352 4211 ι)
2388 4161 2453 4213 In
2492 4159 2707 4228 synodo
2753 4157 2925 4211 etiam
2978 4157 3433 4228 Carthaginensi,
3489 4175 3638 4213 anno

1942 4252 2065 4315 397,
2111 4265 2231 4303 can.
2280 4251 2369 4313 29,
2418 4246 2626 4302 dicitur
2667 4262 2678 4300 :
2731 4268 2756 4294 ιι
2790 4247 2858 4300 Ut
2900 4252 3253 4301 sacramenta
3300 4247 3493 4301 altaris
3525 4263 3639 4301 non

154 4338 235 4393 Hic
259 4356 493 4413 quoque
542 4340 848 4410 Augustini
877 4356 1047 4394 causa
1086 4344 1207 4394 tuta
1237 4345 1322 4395 est
1364 4341 1620 4394 Romana
1653 4340 1831 4394 Eccle-
1870 4326 1911 4380 Ῑ)
1944 4338 2053 4393 nisi
2077 4356 2107 4391 a
2129 4338 2347 4408 jejunis
2369 4336 2700 4391 hominibus
2753 4336 3129 4391 celebrentur.
3180 4355 3205 4389 r
3237 4337 3485 4390 Verbum
3504 4352 3637 4391 vero

154 4428 221 4482 sia
246 4435 435 4485 sancto
472 4430 693 4483 doctori
721 4430 1136 4500 patrocinante,
1187 4430 1508 4500 apostolica
1556 4430 1709 4484 enim
1742 4447 1829 4483 se-

156 4512 226 4566 dis
244 4518 541 4585 pontiﬁces
576 4518 776 4572 eadem
824 4518 1056 4571 omnino
1086 4518 1389 4588 Augustini
1432 4519 1603 4573 verba
1633 4523 1831 4572 contra

158 4600 469 4674 Pelagianos
512 4609 881 4676 usurparunt.
955 4607 1093 4661 Cum
1144 4606 1417 4671 haretici,
1476 4609 1651 4661 coacti
1717 4607 1828 4661 illis

157 4692 314 4746 verbis
348 4693 578 4750 Domini
620 4696 783 4748 Joan.
824 4712 903 4763 ιιι,
945 4698 1018 4749 6:
1055 4697 1179 4752 Nisi
1226 4698 1347 4764 quis
1397 4702 1613 4750 renatus
1659 4698 1829 4762 fuerit

156 4792 207 4830 er
234 4797 371 4851 aqua
417 4788 470 4837 et
496 4784 711 4853 Spiritu
755 4788 958 4850 sancto,
998 4800 1103 4838 non
1147 4790 1319 4853 potest
1366 4788 1591 4839 introire
1636 4788 1694 4839 in
1737 4803 1826 4840 re-

153 4882 295 4931 gnum
345 4875 468 4936 Dei,
510 4872 887 4927 concederent
932 4889 1143 4943 pueros
1175 4873 1296 4927 sine
1346 4874 1627 4945 baptismo
1673 4892 1828 4929 mor-

154 4959 261 5010 tuos
287 4976 400 5014 non
433 4960 614 5015 ituros
645 4961 706 5015 in
754 4977 998 5032 regnum
1038 4962 1335 5029 caelorum,
1370 4979 1499 5017 cum
1530 4963 1657 5017 illos
1705 4964 1827 5019 sine

153 5052 363 5111 peccato
413 5048 681 5119 originali
742 5065 863 5103 esse
910 5050 1143 5119 vellent,
1192 5050 1480 5121 negabant
1509 5052 1738 5105 eosdem
1770 5052 1829 5105 in

155 5131 327 5200 ignem
371 5142 649 5192 aternum
679 5138 1079 5209 projiciendos,
1118 5140 1214 5194 sed
1250 5140 1514 5195 dicebant
1559 5140 1685 5194 illos
1725 5142 1826 5195 ha-

152 5219 349 5279 bituros
381 5227 568 5281 nescio
616 5244 788 5299 quam
817 5229 994 5284 vitam
1043 5233 1340 5299 aeternam,
1376 5230 1602 5284 beatam
1648 5246 1710 5283 ac
1754 5230 1826 5283 fe-

152 5307 319 5376 licem,
352 5319 413 5367 ut
438 5315 611 5370 tradit
638 5316 990 5387 Augustinus
1021 5334 1189 5373 serm.
1224 5320 1283 5374 14
1313 5321 1381 5373 de
1405 5318 1569 5373 Verb.
1596 5322 1822 5388 Apost,

152 5396 236 5453 lib.
265 5418 315 5456 xv
345 5402 414 5457 de
442 5404 595 5476 Orig.
627 5405 858 5474 anima,
882 5424 1005 5478 cap.
1047 5411 1128 5473 13,
1162 5408 1403 5479 epistola
1435 5410 1553 5473 106,
1584 5410 1641 5460 et
1669 5406 1821 5463 alibi.

154 5486 342 5559 Quare,
399 5497 462 5546 ut
512 5495 687 5549 hocce
727 5496 1005 5567 effugium
1059 5496 1381 5567 Pelagianis
1428 5496 1820 5567 praeluderet,

155 5573 277 5633 illud
328 5580 561 5638 Joannis
610 5600 687 5653 VI,
724 5586 813 5647 54,
845 5584 1115 5657 opposuit
1149 5601 1161 5639 :
1195 5587 1317 5642 Nisi
1363 5584 1823 5641 manducaveritis

1940 4428 2170 4495 defendo
2203 4442 2331 4480 cum
2354 4426 2540 4481 dativo
2560 4425 2755 4496 jungit
2788 4424 3048 4479 Horatius
3084 4424 3180 4478 lib.
3206 4442 3243 4479 ι.
3285 4424 3640 4491 Carminum,

1940 4517 2046 4572 ode
2112 4520 2172 4571 17
2230 4533 2242 4570 :
2310 4515 2561 4583 Defendit
2624 4519 2863 4569 aestatem
2926 4504 3169 4583 capellis,
3241 4520 3297 4567 et
3344 4512 3639 4584 Virgilius,

1939 4607 2118 4675 eclog.
2154 4608 2186 4660 4
2221 4622 2233 4659 :
2269 4606 2569 4661 Soistitium
2612 4606 2796 4672 pecori
2830 4602 3121 4670 defendite.
3176 4603 3286 4656 Nec
3336 4602 3641 4673 prafectus

1942 4695 2141 4748 urbem
2197 4693 2501 4747 defendere
2559 4692 2668 4745 sibi
2724 4692 2999 4747 dicendus
3056 4696 3158 4758 est,
3210 4692 3306 4746 sed
3370 4690 3635 4762 principi,

1939 4783 2123 4846 Quare
2151 4786 2332 4836 textus
2362 4780 2540 4834 sancti
2584 4780 2902 4835 Innocentii
2950 4781 3124 4835 nulla
3163 4796 3321 4834 nova
3352 4795 3637 4849 gramma-

1937 4872 2063 4925 tica
2095 4869 2466 4939 castigatione
2492 4869 2874 4924 restituendus
2900 4870 3054 4924 venit
3086 4890 3100 4937 ;
3136 4870 3233 4923 sed
3261 4869 3473 4922 leviora
3518 4868 3639 4921 hac

1939 4960 2256 5015 insinuasse
2278 4958 2349 5011 sit
2374 4956 2529 5011 satis.
2560 4957 2769 5011 Eodem
2792 4974 3025 5028 prorsus
3052 4956 3379 5012 testimonio
3412 4960 3636 5009 sanctus

1939 5050 2190 5106 Gelasius
2220 5064 2369 5120 papa
2398 5047 2731 5118 Pelagianos
2770 5045 3060 5100 insecutus
3090 5050 3174 5099 est
3198 5046 3255 5098 in
3302 5044 3541 5112 epistola
3567 5044 3639 5097 ad

1938 5140 2236 5210 episcopos
2294 5153 2398 5208 per
2454 5136 2726 5191 Picenum
2788 5152 2800 5189 :
2871 5154 2898 5185 α
2958 5136 3029 5189 Ut
3091 5132 3446 5204 providentia
3514 5133 3636 5199 Dei,

1936 5227 2146 5299 inquit,
2207 5242 2407 5281 omnes
2463 5224 2903 5296 Pelagianorum
2959 5221 3247 5293 nequitias
3289 5225 3637 5291 amputaret,

1937 5333 2051 5370 non
2080 5318 2267 5371 solum
2286 5316 2502 5370 dictum
2527 5320 2613 5370 est
2646 5329 2658 5371 :
2688 5317 2792 5385 Qui
2822 5328 2927 5368 non
2958 5314 3129 5380 fuerit
3155 5315 3375 5365 renatus
3400 5327 3467 5365 ex
3493 5326 3641 5381 aqua

1936 5411 1987 5461 et
2032 5407 2247 5475 Spiritu
2302 5411 2505 5471 sancto,
2564 5421 2669 5459 non
2720 5401 2951 5458 intrabit
2996 5404 3053 5455 in
3108 5415 3333 5470 regnum
3389 5401 3638 5454 calorum

1934 5496 2117 5562 (Joan.
2160 5511 2217 5548 ιιι
2258 5495 2326 5562 5),
2371 5494 2464 5549 sed
2495 5493 2668 5549 etiam
2699 5490 2912 5564 pariter
2962 5490 3180 5546 dictum
3229 5494 3313 5544 est
3342 5506 3356 5543 :
3386 5490 3489 5557 Qui
3530 5505 3636 5543 non

1932 5584 2341 5639 manducauerit
2395 5598 2609 5636 carnem
2674 5583 2804 5635 Filii
2866 5582 3120 5641 hominis,
3170 5584 3221 5632 et
3281 5580 3476 5632 biberit
3522 5578 3636 5646 ejus
