3894 6184
248 281 353 331 ’703

1263 272 1820 328 SUPPI.EMENTUM
1860 273 1951 327 AD
1989 273 2221 328 OPERA
2261 276 2314 327 S.
2361 273 2742 328 AUGUSTINI.
3639 287 3719 338 704

251 401 588 466 sanguinem,
630 415 737 452 non
793 398 1009 452 habebit
1061 400 1231 451 vitam
1271 377 1356 449 in/
1349 399 1630 466 semetipso
1688 398 1945 464 (Joan.v1
1984 401 2028 454 Α
2057 395 2362 466 Augustini
2408 397 2626 450 amicus
2671 401 2727 450 et
2779 395 3060 462 defensor,
3113 396 3174 448 in
3221 401 3482 466 opusculo
3537 409 3722 458 contra

251 488 356 557 54).
393 489 470 541 De
501 487 616 540 vita
646 491 839 540 autem
870 490 1083 539 aeterna
1112 485 1219 538 hoc
1277 485 1493 538 dictum
1539 485 1732 539 nullus
1768 485 1952 538 addu-

255 576 421 644 bitat,
467 575 740 646 quoniam
785 574 952 628 multi
999 589 1117 626 non
1161 573 1569 626 manducantcs
1611 574 1720 627 hoc
1758 589 1947 626 sacra-

253 671 511 719 mentum
537 663 712 716 vitam
744 663 1043 716 videantur
1068 661 1276 715 habere
1297 667 1660 730 praesentem.
1690 684 1711 708 ·
1752 661 1946 727 Audis,

252 751 555 818 Moraines,
603 766 720 803 non
770 749 962 802 minus
1019 749 1087 802 ad
1137 750 1404 818 parvulos
1459 749 1743 819 pertinere
1807 749 1946 802 illud

251 843 410 895 Joan.
470 856 525 892 γι
586 856 600 893 :
654 841 780 894 Nisi
824 839 1304 905 manducaveritis,
1375 842 1503 903 etc.,
1578 854 1751 908 quam
1807 839 1949 892 illud

250 931 412 983 Joan.
476 945 532 981 ιιι
585 945 597 981 :
648 929 774 982 Nisi
813 929 936 995 quis
973 932 1216 992 renatus,
1262 930 1367 978 etc.
1428 927 1540 979 Hoc
1586 925 1950 978 Innocentius

251 1018 449 1082 credit,
479 1017 587 1070 hoc
621 1015 875 1070 Gelasius
907 1013 1126 1079 statuit,
1152 1015 1304 1084 quod
1329 1014 1600 1067 tamenin
1631 1015 1948 1083 Augustino

250 1112 523 1176 tanquam
547 1105 861 1174 palmarem
895 1119 1149 1156 errorem
1184 1102 1660 1172 reprehendebas.

325 1195 676 1250 Maldonatus
723 1193 782 1246 in
835 1194 1153 1246 Comment.
1200 1207 1320 1261 cap.
1368 1199 1420 1244 vi
1469 1193 1626 1244 Joan.
1676 1193 1765 1259 54,
1812 1191 1892 1244 ait
1935 1206 1945 1243 :

254 1305 280 1333 α
310 1283 532 1336 Missam
563 1281 707 1334 facio
737 1281 1044 1350 Augustini
1074 1285 1130 1333 et
1183 1279 1541 1333 InnocentiiI
1585 1279 1947 1345 sententiam,

253 1387 382 1440 quae
409 1375 703 1423 sexcentos
743 1369 966 1422 circiter
994 1384 1173 1422 annos
1216 1368 1399 1434 viguit
1445 1369 1507 1422 in
1539 1368 1799 1432 Ecclesia,
1837 1369 1948 1421 Eu-

253 1459 582 1513 charistiam
625 1458 796 1512 etiam
839 1458 1151 1511 infantibus
1207 1457 1600 1510 necessariam.
1652 1479 1673 1506 ι
1734 1459 1952 1510 Rursus

251 1548 468 1602 ibidem
507 1547 756 1600 afﬁrmat
801 1545 1187 1616 Augustinum
1241 1550 1297 1600 et
1342 1545 1745 1599 Innocentium
1795 1565 1822 1596 «
1884 1562 1950 1599 eo

250 1636 584 1690 testimonio
617 1638 777 1689 Joan.
825 1652 877 1688 vr
932 1635 1205 1688 adductos
1237 1634 1406 1688 fuisse
1437 1639 1501 1687 ut
1539 1635 1832 1688 crederent
1860 1635 1948 1687 in-

2057 486 2369 551 Julianum,
2402 486 2511 540 hoc
2562 486 2687 556 ipso
2714 491 3054 556 argumento
3101 485 3282 539 utitur
3311 503 3372 540 ea
3407 506 3624 559 prorsus
3647 510 3723 548 ra-

2059 574 2217 628 tione
2270 591 2383 646 qua
2409 575 2550 628 illud
2594 575 2704 645 ipsi
2749 575 3171 644 explicavimus.
3213 576 3290 628 DO
3326 576 3472 630 illius
3509 586 3725 635 senten-

2057 663 2197 716 tiam
2229 680 2295 717 ex
2327 665 2424 718 Ms.
2468 665 2735 718 Palatina
2773 664 3133 718 bibliothecas
3173 664 3232 716 in
3273 665 3547 732 Vaticano,
3578 686 3722 723 num.

2057 754 2182 818 234,
2241 768 2373 822 pag.
2418 755 2472 815 8,
2524 753 2629 805 col.
2690 757 2722 805 2
2784 769 2796 806 :
2846 771 2872 803 α
2933 754 3048 805 Vox
3096 752 3396 806 Salvatoris
3450 760 3530 808 est
3573 760 3728 812 :Nisi

2057 842 2514 895 manducaveritis
2574 858 2787 896 carnem
2853 857 3046 908 meam,
3131 842 3369 895 biberitis
3438 848 3732 909 sanguinem

2056 946 2250 994 meum,
2299 945 2406 983 non
2459 931 2723 984 habebitis
2768 933 2938 983 vitam
2984 933 3042 983 in
3081 930 3471 998 vobismetipsis
3529 949 3542 999 ;
3590 935 3730 1002 quod

2057 1026 2206 1072 certe
2232 1019 2445 1088 absque
2476 1018 2593 1072 ulla
2616 1017 3084 1087 tergiversatione
3105 1018 3228 1070 sine
3249 1017 3527 1087 baptismo
3561 1021 3734 1074 nullus

2057 1112 2317 1177 usurpat,
2368 1123 2472 1160 nec
2501 1107 2566 1160 ﬁt
2590 1107 2743 1159 illius
2773 1106 3056 1175 particeps
3105 1107 3460 1158 sacramenti.
3500 1128 3520 1154 ι
3570 1109 3730 1162 Porro

2059 1196 2166 1248 hoc
2197 1200 2602 1264 argumentum
2628 1195 3027 1248 validissimum
3045 1211 3166 1247 esse
3189 1199 3430 1247 testatur
3462 1195 3733 1258 Eusebius,

2058 1283 2357 1352 episcopus
2412 1282 2752 1346 Gallicanus,
2808 1281 2972 1350 cujus
3023 1281 3276 1334 homilize
3323 1281 3426 1334 sub
3484 1282 3734 1336 Emisseni

2056 1371 2223 1425 titulo
2255 1369 2760 1436 circumferuntur,
2804 1369 2904 1440 qui
2935 1375 3130 1422 tamen
3162 1369 3452 1422 Emisseno
3483 1375 3537 1422 et
3562 1377 3736 1438 poste-

2059 1458 2178 1511 rior
2205 1463 2260 1511 et
2291 1459 2495 1512 melior
2542 1459 2670 1512 fuit.
2720 1459 2817 1512 Hic
2848 1459 2906 1511 in
2947 1459 3101 1512 hom.
3137 1463 3166 1511 5
3225 1457 3296 1512 de
3343 1458 3605 1511 Paschate
3631 1458 3734 1510 sit:

2065 1569 2084 1594 α
2119 1549 2244 1602 Nisi
2264 1549 2724 1601 mandacaveritis
2745 1563 2962 1601 car-nem
3004 1549 3136 1602 Filii
3166 1548 3428 1611 hominis,
3455 1551 3504 1600 et
3555 1546 3739 1600 biberi-

2061 1637 2132 1689 tis
2152 1638 2471 1701 sanguinem
2493 1637 2629 1705 ejus,
2660 1652 2767 1690 non
2796 1637 3060 1690 habebitis
3091 1638 3261 1688 vitam
3293 1638 3353 1688 in
3399 1635 3566 1689 vobis.
3598 1635 3741 1698 Quod

248 1726 438 1786 fantes
486 1724 658 1777 etiam
700 1724 1036 1793 baptizatos,
1082 1723 1195 1776 nisi
1243 1722 1654 1776 Eucharistiam
1695 1723 1952 1794 percipe-
1993 1714 2033 1767 Β
2062 1725 2452 1778 testimonium
2509 1729 2705 1778 contra
2762 1725 2974 1794 Pelagii
3035 1723 3422 1795 blasphemias
3463 1739 3740 1776 EVIDENTIS-

253 1817 402 1879 rent,
449 1814 632 1866 salvos
688 1828 808 1865 esse
861 1828 973 1870 non
1030 1827 1215 1880 posse.
1273 1830 1300 1862 »
1347 1812 1430 1864 Ita
1472 1811 1690 1866 socium
1747 1811 1954 1865 erroris

255 1901 578 1971 Augustino
662 1901 923 1953 tribuunt
987 1900 1409 1967 Innocentium,
1477 1905 1533 1953 et
1562 1900 1608 1952 si
1669 1899 1953 1953 Gelasium

255 1989 548 2058 legissent,
578 1989 841 2041 eumdem
869 2004 1098 2058 quoque
1129 1988 1503 2042 addidissent.
1528 1989 1648 2041 Duo
1671 1987 1762 2041 hic
1790 1989 1954 2042 nobis

253 2077 584 2148 praestanda
614 2083 765 2143 sunt,
799 2082 857 2130 et
904 2078 1256 2131 Maldonatus
1299 2078 1680 2148 castigandus,
1732 2082 1789 2130 et
1837 2080 1954 2130 Au-

261 2167 524 2238 gustinus
574 2182 690 2219 una
727 2182 858 2219 cum
914 2165 1225 2235 apostolica
1245 2167 1372 2220 sede
1403 2166 1472 2219 ab
1503 2181 1695 2218 errore
1744 2181 1807 2219 ac
1832 2181 1955 2218 cen-

259 2255 408 2308 suris
437 2254 808 2308 vindicandus
839 2258 939 2307 est.
990 2255 1052 2307 In
1106 2254 1306 2324 primis
1344 2259 1564 2308 certum
1613 2258 1698 2308 est
1738 2259 1956 2308 veteres

265 2347 456 2398 Patres
507 2342 864 2396 consuevisse
921 2343 1113 2413 pueris
1179 2343 1368 2397 statim
1418 2348 1548 2414 post
1604 2344 1955 2413 baptismum

259 2448 476 2486 sacram
525 2431 934 2485 Eucharistiam
982 2433 1324 2494 ministrare,
1365 2438 1430 2486 ut
1457 2433 1689 2486 tradunt
1719 2433 1954 2504 Cypria-

259 2538 368 2575 nus
399 2521 457 2574 in
488 2521 633 2574 libro
669 2520 738 2574 de
788 2521 979 2591 Lapsis
1011 2537 1023 2585 ;
1084 2521 1409 2575 Gennadius
1456 2521 1524 2574 de
1555 2521 1763 2575 Eccles.
1805 2523 1954 2590 Dog-

263 2617 423 2673 mat.,
481 2627 603 2682 cap.
641 2615 746 2676 52;
801 2611 1152 2682 Augustinus
1216 2612 1379 2681 epist.
1444 2615 1589 2677 107;
1651 2613 1955 2666 concilium

259 2701 678 2765 Toletanumu,
720 2715 843 2770 cap.
898 2704 980 2754 ll.
1025 2700 1185 2763 Quod
1229 2717 1363 2754 vero
1387 2701 1576 2770 inquit
1608 2701 1957 2754 Maldonatus

263 2787 389 2840 illos
437 2785 517 2839 ita
558 2785 775 2851 fecisse,
811 2785 963 2856 quod
1015 2787 1293 2855 putabant
1341 2788 1745 2842 Eucharistiam
1794 2790 1958 2840 etiam

261 2873 571 2938 infantibus
610 2874 984 2938 necessariam,
1034 2872 1192 2925 nullo
1227 2877 1393 2942 pacto
1439 2874 1669 2927 concedi
1712 2878 1898 2943 potest
1941 2890 1952 2927 :

267 2958 320 3010 id
375 2957 530 3010 enim
577 2962 662 3010 est
716 2962 912 3009 contra
959 2956 1279 3010 Tridentini
1325 2958 1638 3024 decretum,
1685 2975 1818 3012 sese.
1863 2963 1953 3024 2|,

264 3063 384 3116 cap.
416 3048 470 3108 4,
502 3045 599 3098 ubi
629 3045 697 3100 de
727 3045 930 3098 eodem
953 3045 1325 3116 antiquorum
1354 3046 1470 3099 ritu
1501 3046 1668 3100 dandi
1705 3046 1956 3116 parvulis

263 3133 691 3199 Eucharistiam,
723 3135 964 3203 loquens
989 3133 1069 3186 ait
1098 3149 1112 3186 :
1142 3155 1162 3182 ε
1201 3135 1272 3188 Ut
1299 3135 1455 3188 enim
1491 3135 1831 3188 sanctissimi
1872 3135 1956 3188 illi

215 3285 225 3294 _
261 3227 456 3278 Patres
489 3222 577 3275 sui
604 3222 735 3276 facti
758 3222 1113 3291 probabilem
1155 3238 1384 3275 causam
1424 3239 1528 3293 pro
1549 3223 1702 3277 illius
1732 3228 1954 3293 tempo-

264 3311 342 3366 ris
399 3310 618 3364 ratione
670 3311 1016 3376 habuerunt,
1072 3311 1151 3364 ita
1199 3316 1348 3365 certe
1410 3327 1504 3365 eos
1561 3312 1714 3364 nulla
1759 3311 1956 3366 salutis

265 3399 595 3454 necessitate
660 3398 716 3452 id
760 3398 954 3452 fecisse
1015 3399 1136 3452 sine
1182 3399 1565 3453 controversia
1609 3401 1955 3454 credendum

263 3493 366 3542 est.
399 3507 426 3540 ››
451 3488 612 3551 Quod
640 3503 836 3540 rursus
866 3487 1023 3541 addit
1055 3488 1406 3543 Maldonatus
1436 3493 1658 3543 sanctos
1687 3491 1957 3544 Innocen-

268 3578 409 3631 tium
437 3581 493 3630 et
520 3577 903 3646 Augustinum
934 3576 1140 3630 dixisse
1167 3580 1406 3644 infantes
1431 3581 1594 3632 etiam
1632 3579 1955 3647 baptizatos,

265 3669 378 3720 nisi
404 3666 809 3720 Eucharistiam
849 3667 1210 3735 perciperent,
1258 3668 1434 3720 salvos
1481 3682 1592 3721 esse
1636 3684 1742 3721 non
1781 3683 1954 3736 posse,

265 3759 321 3810 et
349 3755 602 3809 Adamus
646 3754 854 3808 dixisse
918 3754 1304 3823 Augustinum
1348 3757 1588 3821 infantes
1635 3758 1798 3810 etiam
1833 3771 1960 3809 sus-

262 3848 412 3912 cepto
434 3843 700 3912 baptismo
726 3858 833 3896 non
842 3857 999 3912 posse
1017 3845 1192 3897 salvos
1211 3845 1332 3911 ﬁeri
1351 3846 1466 3898 sine
1486 3846 1624 3898 reali
1661 3846 1962 3912 sumptione

263 3934 620 3987 sanctissimae
646 3934 1026 4000 Eucharistiae,
1061 3932 1426 3986 falsissimum
1461 3937 1562 3986 est.
1605 3932 1691 3986 Illi
1729 3932 1961 4003 quidem

267 4021 460 4076 dixere
505 4020 750 4074 infantes
797 4021 918 4074 sine
959 4026 1311 4078 sacramento
1363 4021 1730 4076 Eucharistiai
1778 4022 1960 4074 salvos

269 4126 389 4164 esse
435 4125 551 4163 non
576 4125 760 4179 posse,
812 4114 869 4163 at
892 4108 948 4162 id
979 4109 1046 4162 de
1098 4109 1291 4180 pueris
1332 4109 1632 4179 baptizatis
1664 4125 1961 4180 nunquam

267 4198 629 4251 afﬁrmarunt
683 4212 815 4250 cum
867 4212 932 4249 ea
976 4201 1314 4266 tempestate
1348 4193 1537 4250 statim
1579 4202 1711 4267 post
1746 4197 1959 4266 baptis-

2063 1829 2230 1866 smnu
2285 1818 2456 1883 atque
2515 1829 2896 1867 vsumssmun
2955 1818 3059 1877 est,
3102 1814 3202 1883 qui
3253 1829 3506 1867 asserere
3537 1818 3745 1881 arrepta

2061 1900 2357 1970 impietate
2384 1901 2702 1970 prmsumit,
2737 1917 2852 1954 non
2887 1906 3124 1972 propter
3151 1901 3353 1964 vitam,
3399 1901 3497 1954 sed
3532 1905 3745 1970 propter

2061 2006 2305 2060 regnum
2339 1990 2612 2043 caelorum
2643 1990 2993 2059 baptismum
3035 1990 3295 2060 parvulis
3334 1989 3740 2043 conferendum.

2063 2079 2179 2133 Sub
2207 2078 2294 2131 his
2321 2078 2472 2131 enim
2510 2078 2608 2131 Dei
2638 2077 2845 2143 verbis,
2880 2077 3088 2148 quibus
3120 2076 3476 2147 Evangelista
3507 2091 3742 2146 pronun-

2062 2166 2186 2232 tiat,
2219 2169 2337 2222 Non
2363 2167 2629 2220 habebitis
2666 2170 2836 2220 vitam
2865 2170 2922 2219 in
2965 2167 3132 2229 vobis,
3169 2170 3370 2234 aperte
3400 2163 3744 2233 intelligenda

2065 2261 2148 2309 est
2180 2255 2365 2308 omnis
2395 2255 2588 2309 anima
2635 2271 2874 2309 munere
2913 2255 3180 2324 baptismi
3234 2271 3419 2307 vacua
3447 2270 3558 2306 non
3582 2252 3742 2304 solum

2063 2344 2247 2414 gloria
2297 2360 2509 2409 carere,
2553 2344 2652 2397 sed
2702 2344 2834 2397 vita.
2878 2363 2904 2396 »
2952 2346 3111 2397 Tom.
3164 2359 3198 2396 v
3250 2344 3399 2398 Bibl.
3445 2346 3742 2396 sanctorum

2066 2435 2317 2497 Patrum,
2374 2439 2516 2500 part.
2579 2451 2616 2497 ι,
2648 2448 2778 2502 pag.
2833 2435 2936 2486 560
2975 2432 3111 2486 edit.
3167 2432 3377 2486 Colon.
3435 2431 3591 2483 Illam
3630 2444 3743 2480 vero

2064 2520 2456 2574 auctoritatem
2509 2537 2682 2574 sacrm
2735 2520 3041 2590 Scriptura:
3096 2520 3176 2572 ita
3231 2517 3561 2572 adhibuisse
3607 2532 3744 2568 sanc-

2065 2615 2189 2662 tum
2234 2609 2622 2679 Augustinum
2671 2613 2830 2677 patet
2883 2624 2949 2662 ex
2996 2609 3255 2677 ejusdem
3313 2606 3478 2677 epist.
3547 2608 3636 2659 106
3689 2602 3746 2655 ad

2066 2697 2388 2762 Paulinum,
2440 2697 2538 2751 ubi
2569 2697 2650 2750 ait
2698 2714 2710 2752 :
2747 2718 2772 2746 (ι
2797 2697 2854 2750 Si
2904 2703 3097 2750 autem
3145 2696 3369 2750 cedunt
3405 2695 3521 2748 sedi
3551 2696 3746 2763 aposto-

2064 2787 2207 2850 Πρω,
2241 2788 2329 2838 vel
2353 2786 2545 2856 potius
2574 2786 2680 2855 ipsi
2705 2786 2978 2856 magistro
3011 2791 3065 2838 et
3090 2785 3345 2838 Domino
3372 2783 3748 2855 apostolorum,

2065 2875 2163 2945 qui
2221 2874 2358 2928 dicit
2423 2891 2537 2928 non
2593 2874 2888 2928 habituros
2937 2873 3114 2926 vitam
3171 2873 3232 2926 in
3286 2870 3614 2941 semetipsis,
3657 2866 3751 2920 nisi

2065 2963 2533 3016 manducaverint
2554 2979 2785 3016 carnem
2833 2962 2956 3016 Filii
2983 2961 3234 3016 hominis
3288 2967 3344 3016 et
3371 2959 3614 3014 biberint
3639 2971 3748 3008 san-

2069 3051 2328 3121 guinem,
2391 3052 2538 3122 quod
2603 3068 2709 3105 Nisi
2757 3067 3030 3105 BAPTIZATI
3081 3066 3198 3103 non
3255 3050 3460 3120 utique
3512 3047 3742 3117 possunt,

2065 3157 2272 3210 nempe
2303 3141 2610 3211 aliquando
2654 3141 2986 3194 fatebuntur
3015 3140 3290 3208 parvulos
3333 3155 3439 3192 NON
3461 3148 3744 3190 BAP’I’IZATOS

2065 3230 2239 3283 vitam
2290 3230 2497 3282 habere
2536 3245 2652 3282 non
2699 3245 2888 3298 posse.
2931 3249 2958 3278 n
2994 3230 3188 3298 Neque
3230 3233 3458 3281 sanctus
3496 3226 3742 3279 Innocen-

2064 3318 2177 3371 tius
2222 3318 2416 3370 scribit
2453 3318 2706 3387 parvulis
2735 3317 2907 3370 etiam
2951 3316 3257 3386 baptizatis
3293 3316 3465 3369 vitam
3500 3318 3743 3366 aeternam

2065 3405 2177 3458 nisi
2230 3421 2332 3475 per
2377 3405 2786 3458 Eucharistiam
2838 3404 3104 3470 conferri,
3164 3410 3232 3458 ut
3281 3404 3365 3458 illi
3424 3401 3744 3457 Maldonalus

2067 3494 2330 3561 imponit,
2362 3493 2459 3546 sed
2497 3495 2556 3546 in
2585 3509 2668 3546 eos
2707 3492 2950 3546 creditur
2988 3509 3096 3546 NON
3136 3509 3248 3546 N151
3290 3504 3608 3545 BAPTISMATE
3643 3500 3748 3538 con-

2065 3583 2367 3649 ferendam,
2402 3586 2459 3634 ut
2490 3581 2658 3634 vitam
2691 3585 2966 3634 aeternam
2995 3597 3115 3634 non
3145 3580 3216 3634 ab
3263 3577 3626 3634 Eucharistia.
3666 3572 3745 3626 sed

2067 3686 2101 3723 a
2139 3670 2482 3740 baptismate
2513 3669 2760 3722 conferri
2791 3669 3094 3738 signiticet,
3132 3669 3294 3724 Unde
3334 3665 3674 3737 Augustinus
3699 3661 3748 3714 in

2067 3758 2298 3812 laudata
2351 3757 2595 3827 epistola
2651 3758 2722 3811 ad
2778 3758 3083 3811 Paulinum
3134 3762 3300 3812 notat
3353 3757 3423 3810 ab
3475 3751 3751 3826 apostolica

2069 3847 2202 3900 sede
2256 3846 2577 3901 adhibitum
2635 3845 2778 3900 illud
2836 3849 3196 3900 testimonium
3248 3846 3606 3911 evangelicum
3635 3879 3649 3904 ,
3697 3852 3750 3888 nc

2068 3937 2289 4004 parvuli
2340 3952 2450 3989 NON
2507 3951 2773 3989 ιιΑΡτικΑτι
2821 3938 2991 3988 vitam
3034 3951 3188 4004 posse
3229 3935 3429 3988 habere
3469 3931 3748 3986 credantur.

2073 4025 2197 4076 Non
2241 4023 2340 4088 ait,
2391 4041 2456 4078 ne
2481 4025 2709 4092 parvuli
2746 4025 2905 4076 etiam
2949 4024 3221 4092 baptizata?
3263 4025 3378 4077 sine
3423 4013 3753 4074 Eucharistizr

2069 4117 2368 4181 sumptione
2400 4115 2574 4167 vitam
2616 4127 2772 4181 posse
2815 4113 3008 4166 habere
3038 4111 3356 4166 credantur.
3413 4110 3547 4174 Quae
3593 4099 3754 4174 gravis

2070 4208 2156 4255 est
2176 4203 2630 4256 adversariorum
2662 4201 3010 4255 allucinatio.

266 4302 428 4340 mum
465 4285 699 4340 daretur
749 4285 1015 4339 omnibus
1054 4285 1225 4338 etiam
1278 4285 1643 4339 Eucharistia.
1694 4287 1775 4340 Ob
1817 4288 1962 4340 hanc
2000 4303 2044 4357 ι)
2148 4290 2255 4344 Sed
2306 4307 2435 4344 cum
2465 4307 2530 4344 ea
2567 4294 2908 4360 tempestate
2944 4288 3213 4343 omnibus
3264 4293 3578 4356 utrumque
3630 4274 3754 4333 illud

267 4373 385 4426 veri
413 4389 642 4427 causam
666 4389 732 4427 eo
763 4373 1089 4426 testimonio
1127 4373 1360 4426 Joannis
1400 4389 1452 4424 vi
1481 4377 1678 4426 contra
1705 4373 1961 4442 Pelagia-

269 4478 370 4515 nos
415 4462 634 4531 optime
671 4467 728 4515 et
759 4461 1005 4515 Romani
1054 4460 1352 4530 pontifices
1390 4464 1448 4511 et
1494 4459 1846 4527 Augustinus
1877 4459 1963 4512 usi

269 4552 404 4602 sunt
443 4564 458 4601 :
491 4564 626 4601 nam
657 4565 787 4601 cum
833 4547 1126 4617 Pelagiani
1164 4547 1338 4600 vitam
1369 4552 1643 4600 aeternam
1683 4552 1838 4600 extra
1868 4564 1963 4600 re—

267 4652 451 4707 gnum
484 4635 583 4688 Dei
612 4637 866 4706 parvulis
895 4637 1015 4690 sine
1032 4636 1316 4706 baptismo
1337 4629 1724 4690 morientibus.
1742 4637 1963 4705 darent,

267 4723 448 4781 sancti
500 4725 696 4777 Patres
729 4723 809 4776 ita
852 4725 1170 4794 arguebant
1215 4741 1227 4778 :
1276 4725 1472 4778 Nullus
1511 4723 1632 4776 sine
1679 4723 1963 4793 baptismo

266 4817 456 4882 potest
509 4811 796 4880 suscipere
840 4811 1265 4878 Eucharistiam,
1317 4827 1420 4882 per
1457 4827 1632 4882 quam
1676 4828 1742 4864 ex
1780 4810 1966 4864 verbis

269 4900 490 4957 domini
527 4899 765 4955 Joannis
793 4917 845 4952 γι
888 4899 1131 4953 donatur
1160 4901 1273 4954 vita
1314 4906 1547 4966 aeterna,
1597 4900 1774 4971 igitur
1803 4900 1967 4970 pueri

268 4990 578 5044 morientes
624 4988 746 5042 sine
799 4988 1068 5058 baptismi
1109 4994 1164 5042 et
1204 4989 1570 5042 Eucharistiaa
1603 4989 1968 5050 sacramentis

269 5098 386 5136 non
415 5084 652 5152 possunt
675 5079 1015 5151 participare
1042 5079 1214 5132 vitam
1246 5082 1534 5132 aeternam.
1567 5081 1638 5131 At
1671 5094 1968 5148 nunquam

169 5227 182 5236 ρ
268 5167 460 5221 dixere
507 5169 754 5222 infantes
798 5173 1027 5222 tantum
1061 5165 1374 5237 baptizatos
1422 5169 1552 5218 ante
1605 5165 1969 5219 Eucharistim

271 5255 659 5324 sumptionem
707 5271 824 5310 non
882 5255 1089 5310 habere
1143 5254 1386 5325 gratiam
1442 5259 1499 5308 et
1539 5256 1635 5325 jus
1674 5255 1743 5309 ad
1796 5255 1968 5307 vitam

275 5347 568 5398 aeternam.
632 5345 707 5397 Eo
739 5349 930 5398 autem
975 5343 1233 5398 discursu
1266 5343 1478 5412 optime
1512 5342 1802 5414 Pelagiani
1831 5359 1968 5408 con-

272 5429 645 5483 vincebantur
693 5430 830 5501 quia
858 5433 1009 5486 unde
1039 5431 1215 5486 vitam
1250 5434 1524 5484 aeternam
1557 5431 1805 5501 parvulis
1834 5446 1970 5500 pro-

2072 4385 2516 4447 sacramentum,
2550 4379 2833 4448 baptisma
2864 4378 3076 4432 scilicet
3120 4381 3176 4431 et
3199 4373 3568 4437 Eucharistia,
3607 4369 3753 4422 dare-

2073 4473 2186 4529 tur,
2223 4473 2477 4522 nontam
2524 4468 2856 4537 frequenter
2912 4467 3157 4536 legimus
3195 4465 3259 4520 in
3288 4461 3606 4535 Augustino
3635 4451 3753 4526 quid

2074 4556 2314 4610 senserit
2343 4556 2390 4610 si
2416 4557 2700 4626 baptisma
2726 4561 2951 4609 tantum
2983 4555 3104 4608 sine
3133 4551 3486 4608 Eucharistia
3510 4548 3751 4602 collatum

2073 4645 2290 4699 fuisset.
2345 4647 2626 4700 Caeterum
2689 4645 2863 4698 semel
2929 4661 3124 4697 casum
3182 4643 3350 4696 illum
3427 4640 3553 4708 lego
3624 4627 3755 4702 apud

2073 4738 2332 4787 sanctum
2372 4734 2685 4797 doctorem,
2731 4733 2831 4786 lib.
2869 4750 2885 4785 ι
2924 4733 2992 4786 de
3045 4731 3270 4802 origine
3299 4730 3532 4792 animm,
3565 4738 3678 4790 cap.
3713 4720 3751 4775 9.

2074 4827 2130 4875 et
2160 4822 2266 4876 lib.
2306 4839 2386 4889 ιιι,
2415 4838 2536 4892 cap.
2573 4825 2626 4886 9,
2658 4821 2756 4874 ubi
2777 4837 2908 4874 cum
2931 4820 3260 4874 Vincentius
3294 4817 3482 4870 Victor
3513 4806 3753 4877 exemplo

2071 4909 2208 4964 boni
2265 4909 2501 4962 latronis
2550 4911 2819 4979 probaret
2857 4925 3068 4978 pueros
3116 4909 3236 4961 sine
3287 4905 3569 4976 baptismo
3609 4909 3753 4967 posse

2077 4997 2299 5059 salvari,
2343 5001 2569 5051 sanctus
2621 4999 2816 5051 doctor
2865 4997 3174 5066 respondet
3222 4994 3352 5048 fieri
3416 4987 3658 5062 potuisse
3701 4983 3757 5030 ut

2077 5088 2223 5139 latro
2263 5087 2356 5139 ille
2395 5085 2567 5139 fuerit
2611 5086 2951 5155 baptizatus,
2985 5090 3037 5138 et
3067 5089 3380 5153 antequam
3408 5080 3468 5134 in
3498 5083 3753 5131 carcerem

2077 5175 2186 5228 iret
2217 5174 2500 5244 acceperit
2535 5174 2592 5227 in
2621 5174 2905 5243 baptismo
2936 5173 3332 5227 remissionem
3366 5169 3712 5238 peccatorum
3741 5170 3752 5218 ;

2076 5264 2188 5328 vel,
2240 5269 2302 5316 ut
2326 5263 2589 5333 plerique
2643 5263 2971 5328 credebant,
3020 5261 3078 5315 in
3110 5261 3234 5331 ipsa
3265 5273 3431 5312 cruce
3462 5250 3755 5322 baptizatus

2068 5350 2253 5404 fuerit
2313 5367 2462 5421 aqua
2518 5367 2548 5404 e
2605 5350 2812 5406 Christi
2869 5350 3045 5403 latere
3109 5346 3393 5403 exiliente.
3463 5343 3526 5394 Et
3579 5336 3672 5427 lib.

2081 5442 2352 5506 Retract.,
2407 5456 2529 5510 cap.
2587 5442 2672 5503 l8,
2706 5439 2786 5493 ait
2841 5439 3123 5492 incertum
3163 5451 3286 5489 esse
3336 5449 3408 5486 an
3433 5431 3572 5483 latro
3600 5422 3756 5478 fuerit

280 5519 590 5587 mitterent,
643 5536 759 5573 non
819 5522 1126 5576 habebant.
1177 5521 1389 5575 Marius
1438 5521 1726 5585 Mercator,
1794 5518 1973 5574 sancti
2079 5527 2420 5599 baptizatus,
2453 5543 2568 5599 qua
2615 5528 2685 5582 de
2718 5543 2778 5581 re
2809 5543 2997 5582 sermo
3041 5522 3250 5580 redibit,
3278 5537 3402 5591 cap.
3435 5515 3542 5585 5,§
3587 5515 3663 5566 il.
3694 5509 3752 5561 At
