3946 6176
199 251 294 302 705
1481 241 1801 296 VlNDlCl/E
1839 241 2382 297 AUGUSTI‘NIAN/E.

3580 249 3684 300 706

202 376 400 424 certum
444 370 526 419 est
578 365 861 418 latronem
917 379 1030 417 non
1075 361 1380 432 sumpsisse
1437 362 1868 429 Eucharistiam,
1909 367 1954 421 A
1989 364 2214 418 Christi.
2245 366 2420 418 Porro
2454 363 2786 433 Fulgentius
2842 368 2972 434 post
3018 364 3117 418 illa
3163 365 3464 435 Augustini
3510 367 3685 421 verba

205 477 318 530 quae
342 455 511 527 pridie
539 459 669 507 ante
701 458 948 507 mortem
984 452 1044 506 in
1082 469 1242 506 coena
1273 470 1306 505 a
1337 453 1580 505 Domino
1613 452 1879 506 instituta

207 549 386 601 fuerat.
431 543 609 612 Igitur
636 559 738 611 per
772 541 1159 612 Augustinum
1218 542 1390 594 homo
1438 546 1658 594 tantum
1688 541 1876 610 bapti-

208 644 343 688 zatus
368 632 485 684 sine
535 630 674 683 reali
712 629 1038 699 sumptione
1089 629 1456 682 Eucharistim
1497 634 1684 698 potest
1726 629 1875 681 acci—

202 737 321 791 pere
349 719 734 772 remissionem
785 723 1151 786 peccatorum
1191 723 1248 771 et
1291 718 1533 770 salutem
1584 722 1872 770 aeternam.

203 812 304 863 lloc
329 807 494 860 etiam
524 807 822 860 deducitur
851 823 920 860 ex
948 806 1232 860 constanti
1261 807 1515 875 ejusdem
1574 805 1876 871 sententia,

199 913 301 967 qua
348 895 584 948 asseruit
632 895 793 964 ﬁdem
839 898 1335 962 conversionemque
1391 895 1588 959 cordis,
1650 911 1777 964 qua:
1817 896 1882 947 tit

197 1001 289 1052 per
335 982 664 1036 charitatem
725 983 1028 1047 actualem,
1079 999 1244 1052 posse
1297 982 1537 1036 reddere
1586 981 1879 1034 hominem

199 1071 420 1134 salvum,
470 1069 514 1122 si
548 1087 580 1123 ιι
623 1069 952 1138 recipiendo
983 1071 1266 1140 baptismo
1300 1070 1608 1140 improvisa
1640 1069 1880 1122 necessi-

201 1164 301 1212 tate
330 1159 689 1226 excludatur;
724 1158 804 1211 ita
854 1159 1065 1228 passim
1125 1159 1320 1212 scribit
1353 1158 1412 1211 in
1471 1158 1631 1212 libris
1685 1163 1882 1210 contra

201 1247 520 1314 Donatistas,
557 1247 842 1317 praecipue
888 1247 986 1302 lib.
1037 1264 1088 1300 1v
1136 1248 1204 1302 de
1261 1247 1572 1317 Baptismo,
1626 1263 1750 1316 cap.
1785 1249 1876 1298 22.

196 1342 258 1390 At
286 1352 422 1405 puer
449 1335 790 1405 baptizatus,
824 1335 1049 1388 etiamsi
1096 1351 1214 1388 non
1256 1335 1534 1405 percipiat
1587 1333 1883 1388 Eucharis-

197 1425 344 1488 tiam,
387 1425 551 1494 longe
582 1423 906 1493 perfectiori
931 1424 1101 1477 modo
1133 1425 1304 1478 habet
1339 1425 1509 1478 ﬁdem
1539 1428 1595 1476 et
1637 1422 1880 1476 charita-

195 1519 298 1566 tem
327 1513 428 1566 sibi
459 1529 491 1565 a
528 1515 641 1566 Deo
665 1513 722 1565 in
754 1518 1111 1565 sacramento
1143 1511 1598 1582 regenerationis
1626 1511 1876 1575 infusas;

197 1602 376 1670 igitur,
405 1601 571 1669 juxta
615 1600 931 1654 doctrinam
982 1600 1158 1652 sancti
1216 1599 1543 1668 Augustini,
1597 1615 1724 1652 vere
1767 1599 1880 1651 sal-

196 1691 422 1743 vabitur.
456 1690 599 1743 Cum
631 1706 764 1743 vero
805 1690 983 1742 sancti
1016 1691 1206 1742 Patres
1233 1690 1437 1742 docent
1485 1689 1606 1740 sine
1649 1687 1880 1758 partici-
1919 1667 1957 1719 Β

195 1779 408 1848 patione
438 1777 696 1848 corporis
726 1783 782 1831 et
813 1777 1106 1848 sanguinis
1129 1777 1356 1830 Domini
1387 1777 1679 1830 neminem
1702 1776 1876 1829 vitam

195 1874 450 1921 aeternam
481 1867 754 1937 consequi
785 1884 972 1936 posse,
1015 1866 1369 1936 intelligendi
1409 1871 1544 1918 sunt
1595 1865 1664 1919 de
1704 1865 1880 1934 parti-

194 1955 459 2024 cipatione
482 1954 790 2024 spirituali,
825 1954 1054 2024 quando
1097 1970 1202 2024 per
1240 1954 1414 2008 fidem
1446 1953 1692 2007 infusam
1739 1955 1883 2006 liunt

195 2043 477 2112 participes
533 2041 787 2112 corporis
857 2042 1085 2108 Christi,
1158 2042 1296 2095 dum
1343 2042 1491 2096 liunt
1554 2043 1880 2094 membrum

195 2131 400 2197 Christi,
434 2130 528 2184 cui
585 2147 688 2200 per
745 2130 918 2184 fidem
974 2131 1392 2200 incorporatur,
1447 2129 1613 2182 sicuti
1643 2129 1742 2198 qui
1795 2145 1882 2181 su-

198 2225 350 2273 munt
396 2219 806 2273 Eucharistiam
842 2219 1111 2271 dicuntur
1143 2218 1268 2272 fieri
1335 2217 1594 2271 membra
1651 2217 1878 2279 Christi,

195 2310 316 2361 dum
337 2312 589 2361 manent
618 2308 678 2362 in
708 2324 774 2360 eo
813 2313 870 2361 et
917 2307 1173 2360 Christus
1200 2305 1259 2359 in
1281 2306 1382 2359 eis.
1418 2306 1558 2359 llinc
1611 2305 1881 2374 Augusti-

195 2414 308 2462 nus,
349 2403 509 2450 tract.
555 2400 618 2450 27
652 2397 710 2450 in
745 2397 1045 2460 Joannem,
1078 2397 1244 2464 plura
1303 2395 1371 2448 de
1420 2395 1524 2447 hac
1578 2410 1636 2446 re
1690 2394 1881 2461 habet,

196 2485 328 2538 inter
355 2492 586 2539 czetera:
627 2505 654 2535 ‹‹
692 2486 757 2538 Ut
811 2489 1002 2537 autem
1058 2485 1237 2536 simus
1282 2484 1540 2536 membra
1578 2483 1720 2552 ejus,
1757 2481 1881 2534 uni-

195 2581 267 2626 tas
295 2591 391 2626 nos
419 2573 822 2644 compaginat;
849 2577 912 2626 ut
939 2574 1305 2641 compaginet
1338 2572 1548 2636 unitas,
1579 2588 1707 2641 qua:
1752 2571 1884 2624 facit

195 2661 292 2714 nisi
328 2662 618 2716 charilas?
676 2683 702 2713 ››
738 2663 801 2715 Et
831 2666 990 2714 tract.
1027 2664 1126 2714 ‘26:
1173 2683 1199 2709 ιι
1234 2662 1347 2713 [loc
1400 2665 1484 2713 est
1536 2676 1674 2730 ergo
1719 2676 1880 2712 man-

191 2750 380 2804 ducare
411 2751 572 2804 illam
603 2767 808 2814 escam,
830 2755 886 2803 et
908 2750 1072 2802 illum
1105 2750 1296 2801 bibere
1316 2753 1537 2818 potum,
1571 2748 1629 2800 in
1662 2748 1883 2801 Christo

193 2854 432 2903 manere,
465 2839 708 2893 etillum
741 2845 1070 2891 manentem
1098 2837 1157 2890 in
1179 2853 1235 2889 se
1284 2837 1512 2890 habere.
1549 2858 1574 2883 ››
1597 2837 1678 2889 ita
1707 2836 1882 2889 etiam

191 2942 241 2978 se
300 2927 543 2996 explicat
597 2931 822 2978 sanctus
872 2927 1035 2978 Pater
1091 2923 1151 2976 in
1207 2923 1411 2976 iisdem
1471 2922 1633 2975 libris
1688 2927 1882 2975 contra

192 3015 530 3084 Pelagianos,
579 3013 674 3068 ubi
707 3029 837 3067 cum
884 3013 983 3066 lib.
1035 3030 1092 3065 ιιι
1145 3012 1213 3065 de
1246 3015 1608 3081 peccatorum
1643 3010 1877 3075 Meritis,

189 3119 299 3172 cap.
328 3105 380 3169 4,
411 3103 685 3157 dixisset:
721 3121 749 3151 (ι
795 3101 937 3166 Quia
975 3100 1086 3154 nisi
1116 3099 1588 3153 manducaverint
1617 3098 1882 3152 homines

189 3207 402 3246 carnem
427 3193 575 3262 ejus,
608 3192 715 3244 hoc
745 3197 827 3244 est
879 3190 1186 3260 participes
1217 3189 1346 3242 facti
1378 3188 1592 3242 fuerint
1626 3188 1882 3256 corporis

190 3280 320 3349 ejus,
343 3290 455 3335 n'on
483 3271 994 3334 habebunt‘vitam
1021 3296 1033 3344 ;
1070 3301 1097 3327 »
1127 3279 1298 3348 paulo
1335 3277 1597 3347 superius
1647 3276 1882 3330 modum

191 3371 563 3437 assignaverat
601 3385 716 3439 quo
775 3369 940 3438 pueri
988 3366 1332 3438 participant
1388 3383 1592 3436 corpus
1643 3365 1878 3419 Christi:

193 3475 216 3502 «
243 3457 384 3510 Unde
413 3459 477 3510 fit
513 3472 888 3526 consequens,
925 3456 1136 3526 inquit,
1169 3460 1232 3508 ut
1256 3454 1530 3525 quoniam
1573 3454 1714 3506 nihil
1759 3454 1881 3523 agi-

191 3550 272 3597 tur
297 3545 466 3608 aliud,
503 3561 634 3598 cum
676 3545 900 3613 parvuli
932 3543 1315 3612 baptizantur,
1373 3542 1481 3595 nisi
1522 3547 1584 3594 ut
1616 3542 1882 3612 incorpo-

190 3639 370 3687 rentur
402 3633 685 3699 Ecclesiae,
731 3633 786 3686 id
849 3637 934 3686 est
970 3632 1176 3685 Christi
1209 3631 1456 3700 corpori,
1495 3630 1883 3701 membrisque

191 3723 476 3777 socientur.
520 3742 547 3773 io
597 3723 660 3775 Et
687 3722 830 3775 hanc
879 3721 1061 3790 ipsam
1092 3737 1212 3772 esse
1269 3719 1575 3787 Augustini
1628 3723 1883 3771 mentem

191 3815 412 3865 testatur
436 3817 670 3864 sanctus
701 3810 1028 3880 Fulgentius
1081 3808 1141 3861 in
1195 3807 1566 3876 responsione
1626 3807 1696 3859 ad
1743 3807 1883 3859 duas

191 3899 526 3966 quaestiones
587 3898 853 3952 Ferrandi
913 3896 1156 3950 diaconi.
1201 3897 1514 3966 Scripserat
1565 3895 1884 3948 Ferrandus

183 3987 438 4055 juvenem
467 3988 798 4058 :Ethiopem
830 3986 1004 4040 morti
1030 3985 1361 4055 proximum
1404 3982 1576 4037 fuisse
1629 3983 1880 4052 baptiza-

189 4080 394 4142 tum,ac
419 4078 618 4131 statim
635 4083 945 4146 antequam
979 4072 1390 4128 Eucharistiam
1421 4075 1671 4124 sumeret
1699 4071 1884 4124 deces-

190 4165 332 4231 sisse,
364 4173 568 4236 petens
596 4181 733 4218 num
761 4181 825 4217 eo
869 4168 1031 4235 pacto
1061 4161 1268 4215 salvari
1301 4162 1539 4230 posset?
1571 4159 1884 4229 Respondit

1986 453 2300 506 concludit:
2350 473 2378 503 ιι
2414 454 2694 517 Arbitror,
2749 457 2939 506 sancte
2993 454 3186 519 frater,
3233 454 3678 524 disputationem

1986 545 2241 592 nostram
2274 539 2529 609 praeclari
2562 539 2809 592 doctoris
2847 540 3148 609 Augustini
3194 556 3454 593 sermone
3486 541 3680 594 lirma-

1987 632 2126 694 tam,
2185 644 2288 680 nec
2333 627 2647 698 quidquam
2699 644 2819 681 esse
2867 628 3225 697 aliquatenus
3272 629 3680 697 ambigendum

1987 721 2120 768 tunc
2169 732 2638 786 unumquemque
2684 716 2939 774 fidelium
2989 717 3240 785 corporis
3271 717 3682 787 sanguinisque

1989 803 2271 858 Dominici
2336 804 2672 874 participem
2719 805 2863 868 fieri,
2915 807 3145 874 quando
3215 805 3275 858 in
3350 805 3687 875 baptismate

1988 893 2312 946 membrum
2350 893 2604 962 corporis
2644 893 2851 946 Christi
2873 894 3134 957 efficitur,
3192 910 3294 947 nec
3345 895 3581 947 alienari
3613 895 3684 946 ab

1988 998 2053 1034 eo
2112 982 2275 1052 panis
2349 981 2651 1051 calicisque
2729 981 3031 1044 consortio,
3105 981 3326 1034 etiamsi
3375 988 3683 1052 antequam

1989 1087 2194 1140 panem
2226 1071 2391 1123 illum
2439 1069 2720 1136 comedat,
2771 1073 2826 1122 et
2853 1069 3084 1122 calicem
3131 1069 3309 1134 bibat,
3343 1070 3411 1122 de
3442 1071 3550 1124 hoc
3579 1088 3684 1123 sae-

1989 1159 2115 1211 culo
2171 1159 2232 1211 in
2262 1159 2479 1212 unitate
2528 1158 2782 1227 corporis
2826 1157 3028 1211 Christi
3074 1157 3415 1211 constitutus
3489 1159 3683 1212 absce-

1990 1248 2102 1300 dat.
2135 1270 2162 1295 »
2226 1249 2290 1300 In
2336 1264 2485 1316 resp.
2547 1247 2613 1300 ad
2667 1251 2865 1316 quaest.
2918 1245 3188 1298 Ferrandi
3233 1245 3472 1300 diaconi.
3511 1247 3682 1308 Beda,

1989 1340 2147 1389 tomo
2176 1353 2247 1401 γι,
2282 1335 2344 1389 in
2366 1336 2682 1389 Comment.
2724 1351 2848 1404 cap.
2886 1336 2949 1387 l0
2979 1333 3180 1403 primae
3211 1333 3283 1387 ad
3334 1334 3685 1399 Corinthios,

1991 1425 2090 1496 qui
2133 1425 2363 1478 conflati
2391 1429 2523 1478 sunt
2573 1441 2641 1478 ex
2682 1423 3017 1477 Centonibus
3046 1422 3374 1492 Augustini,
3428 1422 3507 1476 ita
3553 1423 3692 1476 citat

1989 1514 2184 1583 priora
2213 1515 2310 1567 illa
2338 1515 2507 1567 verba
2537 1513 2717 1566 sancti
2773 1511 3099 1581 Augustini,
3159 1516 3221 1564 ut
3272 1510 3458 1564 eidem
3516 1511 3687 1565 etiam

1988 1604 2262 1656 attribuat
2307 1602 2626 1672 sequentia,
2688 1618 2816 1670 quae
2870 1617 2935 1652 ex
3007 1599 3304 1669 li‘ulgentio
3365 1600 3686 1662 retulimus,

1990 1691 2200 1743 omisso
2228 1690 2405 1760 priori
2435 1705 2599 1742 versu
2627 1706 2638 1742 :
2673 1689 2948 1748 Arbitror,
3003 1693 3184 1740 sancte
3229 1690 3434 1752 frater,
3468 1693 3597 1748 etc.,
3632 1688 3692 1740 in

1990 1795 2162 1849 quem
2192 1778 2438 1848 lapidem
2480 1777 2724 1847 impegit
2778 1776 2950 1830 etiam
2995 1775 3335 1844 compilator
3393 1791 3682 1828 canonum

1990 1885 2114 1937 cap.
2156 1870 2328 1933 Nulli,
2363 1868 2432 1921 de
2464 1868 2746 1930 Consecr.,
2791 1864 2919 1918 dist.
2953 1867 3006 1925 4,
3055 1864 3225 1916 verba
3274 1864 3358 1916 illi
3407 1863 3691 1933 Fulgentii

1990 1957 2310 2026 Augustino
2344 1956 2647 2010 ascribens.
2683 1956 2754 2007 Ex
2783 1955 2870 2007 his
2901 1970 3061 2006 error
3098 1953 3190 2006 ille
3248 1953 3317 2006 de
3369 1953 3693 2006 necessaria

1991 2046 2183 2116 pueris
2236 2051 2448 2115 praeter
2483 2043 2832 2114 baptismum
2881 2041 3019 2095 reali
3080 2039 3446 2093 Eucharistiaa
3494 2055 3690 2108 sump-

1990 2135 2146 2187 tione
2175 2150 2209 2186 a
2239 2131 2649 2187 recentioribus
2673 2130 2991 2201 Augustino
3024 2129 3330 2182 attributus
3360 2127 3418 2180 in
3468 2128 3692 2181 fumum

1992 2222 2290 2283 evanescit,
2327 2221 2489 2291 cujus
2518 2220 2749 2273 vocibus
2796 2234 2925 2272 cum
2985 2217 3231 2271 Romani
3277 2215 3575 2287 pontitices
3607 2216 3694 2268 usi

1991 2311 2107 2364 sint
2133 2311 2200 2364 ad
2235 2309 2466 2364 eosdem
2510 2308 2719 2362 divinae
2773 2307 2974 2377 gratiae
3007 2307 3193 2359 hostes
3250 2305 3692 2366 convincendos,

1991 2399 2146 2453 haud
2179 2399 2272 2452 ille
2329 2415 2476 2453 unus
2531 2397 2742 2451 erroris
2792 2396 2956 2466 argui
3013 2399 3218 2465 potest,
3274 2395 3371 2447 sed
3404 2409 3518 2446 una
3563 2408 3693 2446 cum

1991 2487 2312 2557 Augustino
2342 2486 2654 2556 apostolica
2695 2485 2854 2538 sedes
2883 2483 3198 2537 accusanda
3251 2481 3422 2545 venit,
3458 2497 3695 2550 praeser-

1992 2576 2095 2629 tim
2123 2591 2252 2628 eum
2301 2580 2526 2628 sanctus
2574 2574 2769 2628 doctor
2824 2572 2966 2625 illud
3014 2570 3409 2625 testiinonium
3438 2571 3602 2621 .loan.
3641 2585 3692 2619 γι

1995 2664 2314 2729 inculcarit,
2346 2669 2619 2734 tanquam
2643 2663 2710 2718 ab
2748 2663 3043 2729 apostolica
3071 2659 3191 2712 sede
3234 2659 3564 2722 adhibitum,
3608 2659 3691 2710 uti

1995 2752 2244 2806 diximus
2301 2769 2365 2804 ex
2415 2751 2636 2820 epistol.
2697 2752 2812 2802 106.
2875 2748 3035 2811 Quod
3079 2747 3124 2799 si
3174 2746 3518 2799 recentiores
3557 2745 3690 2798 reli-

1993 2841 2154 2910 gioni
2180 2841 2394 2894 ducunt
2414 2840 2554 2892 adeo
2587 2842 2928 2908 prrepostere
2969 2837 3037 2888 de
3091 2834 3362 2888 Romanis
3408 2834 3693 2904 pontilici-

1993 2930 2098 2982 bus
2129 2928 2357 2992 sentire,
2392 2929 2491 2996 qui
2521 2943 2587 2980 ex
2637 2924 2930 2980 communi
2978 2922 3235 2979 Ecclesiae
3291 2939 3459 2976 sensu
3491 2927 3694 2975 contra

1992 3017 2324 3088 Pelagianos
2381 3016 2686 3069 sententias
2738 3015 2951 3076 dixere,
3008 3012 3263 3066 mitiores
3323 3011 3496 3065 etiam
3546 3027 3688 3080 erga

1989 3106 2374 3176 Augustinum
2407 3105 2626 3158 animos
2663 3104 2924 3166 induant,
2955 3106 3125 3172 atque
3182 3101 3244 3153 in
3287 3101 3483 3154 eadem
3515 3117 3682 3169 pror-

1989 3212 2083 3247 sus
2139 3211 2328 3257 causa,
2387 3199 2442 3247 et
2480 3194 2767 3247 Romanos
2814 3193 3108 3262 prtesules,
3155 3193 3210 3242 et
3256 3189 3682 3259 llipponensem

1989 3283 2303 3337 antistitem
2329 3281 2589 3352 benignis
2609 3279 3174 3350 interpretationibus
3211 3277 3517 3348 excipiant,
3571 3294 3686 3330 non

1991 3373 2114 3426 illas
2146 3371 2375 3442 quidem
2406 3371 2641 3425 honoris
2671 3369 2854 3440 gratia
2883 3385 2911 3422 e
2949 3367 3180 3438 proprio
3206 3367 3440 3420 cerebro
3473 3367 3691 3435 tingen-

1989 3466 2092 3522 tes,
2126 3461 2224 3514 sed
2255 3462 2325 3514 ab
2359 3459 2480 3530 ipso
2529 3459 2847 3528 Augustino
2900 3474 3014 3510 una
3061 3472 3191 3508 cum
3235 3455 3530 3526 ["ulgen'tio
3565 3471 3690 3508 eas-

1991 3550 2120 3604 dem
2153 3549 2531 3602 inaudientes.
2569 3549 2720 3602 Unus
2746 3547 2898 3600 enim
2944 3544 3296 3614 Augustinus
3351 3543 3460 3596 sibi
3505 3548 3590 3595 est
3617 3542 3688 3594 ad

1990 3639 2077 3691 sui
2104 3637 2542 3707 intelligentiam
2576 3635 2782 3694 clavis.
2802 3651 2864 3688 ac
2891 3650 3126 3687 suorum
3155 3647 3426 3686 sensuum
3477 3632 3685 3700 planus

1990 3744 2055 3780 ac
2079 3727 2331 3781 sincerus
2364 3727 2673 3796 interpres.

1993 3845 2020 3912 ξ
2050 3845 2108 3897 V.
2144 3845 2277 3896 Non
2296 3858 2522 3895 errasse
2546 3843 2810 3894 sanctum
2837 3839 3123 3912 doctorem
3135 3837 3509 3912 exponentem
3545 3833 3693 3886 illud

2061 3913 2524 3983 Apostol-iRom.
2577 3928 2688 3970 xxv.
2727 3915 2836 3983 23_:
2889 3910 3079 3983 Omne
3129 3907 3443 3983 quod_non
3494 3911 3578 3983 est
3623 3921 3688 3956 ex

2062 3973 2172 4038 lide
2203 3990 2496 4054 peccatum
2528 3989 2631 4035 est.
2668 3978 2935 4054 Ecclesia
2962 3973 3266 4054 cal-halica,
3288 3973 3537 4054 Romani
3558 3991 3694 4044 pon-

2063 4043 2243 4124 tiﬁces
2270 4071 2339 4106 ac
2367 4055 2580 4106 Palres
2603 4054 2792 4105 sancit
2823 4051 2871 4101 Α
2883 4047 3132 4120 agas/ini
3157 4043 3690 4116 lnlerprelalionem

2061 4126 2404 4196 approbant.

193 4251 511 4323 Fulgentius
543 4253 837 4307 hominem
865 4231 968 4321 per
1000 4250 1348 4320 baptismum
1379 4248 1503 4301 ﬁeri
1541 4246 1875 4318 participem
1916 4253 1957 4306 Ι)
2061 4240 2170 4295 Sed
2200 4256 2396 4293 rursus
2425 4235 2732 4293 Morainius
2773 4239 2973 4288 contra
3003 4231 3387 4302 Augustinum
3441 4231 3650 4284 clamat
3676 4247 3687 4284 :

191 4343 430 4410 corporis
507 4341 732 4407 Christi,
782 4357 883 4394 seu
946 4338 1301 4409 incorporari
1363 4337 1606 4402 Christo,
1662 4335 1884 4389 etiamsi

191 4430 545 4485 Eucharistiae
576 4435 999 4484 sacramentum
1029 4444 1227 4498 reapse
1259 4443 1376 4480 non
1408 4432 1615 4480 sumat.
1651 4425 1725 4479 Et
1755 4441 1883 4477 cum

192 4519 427 4587 plurima
455 4521 525 4574 ad
569 4521 676 4573 hoc
717 4518 1072 4572 suadendum
1120 4515 1451 4570 testimonia
1493 4530 1562 4567 ex
1591 4513 1761 4566 sacris
1792 4512 1882 4566 lit-

192 4608 314 4660 teris
339 4609 691 4670 adduxisset,
723 4623 1045 4660 sermonem
1077 4605 1308 4658 tandem
1356 4603 1533 4656 sancti
1577 4601 1883 4672 Augustini

192 4695 254 4748 ad
283 4697 527 4751 infantes
557 4701 690 4750 ante
740 4696 916 4748 altare
963 4693 1248 4764 producit,
1280 4693 1378 4744 ubi
1408 4695 1635 4744 sanctus
1684 4690 1884 4743 doctor

193 4780 331 4836 inter
361 4787 473 4839 alia
493 4785 600 4839 ait:
639 4805 665 4835 ‹‹
703 4783 1030 4853 Intelligite,
1063 4788 1117 4834 et
1145 4781 1409 4852 gaudete,
1448 4780 1658 4848 uni.as,
1680 4779 1883 4848 pietas,

187 4872 407 4940 veritas,
459 4874 726 4940 charitas,
787 4889 938 4926 unus
991 4871 1177 4941 panis,
1229 4886 1409 4922 unum
1454 4884 1661 4938 corpus
1717 4866 1881 4920 multi

188 4975 414 5032 sumus;
441 4963 672 5016 recolite
699 4963 852 5015 enim
876 4961 1010 5032 quia
1030 4958 1194 5029 panis
1224 4958 1416 5011 nonfit
1440 4957 1508 5010 de
1541 4973 1653 5010 uno
1685 4971 1882 5025 grano,

187 5048 278 5102 sed
322 5049 390 5103 de
449 5051 671 5106 multis.
730 5049 970 5114 Quando
1003 5064 1139 5118 ergo
1173 5044 1668 5106 exorcizabamini,
1723 5042 1886 5114 quasi

185 5138 582 5204 molebamini;
617 5138 843 5210 quando
876 5136 1146 5208 baptizati
1191 5133 1344 5198 estis,
1379 5133 1540 5204 quasi
1596 5130 1884 5200 conspersi

187 5226 348 5296 estis;
405 5229 632 5298 quando
705 5227 951 5298 Spiritus
1007 5223 1513 5279 sanetilicationem
1571 5219 1882 5290 accepistis.

184 5315 342 5383 quasi
373 5317 516 5370 cocti
533 5317 688 5384 estis,
722 5321 903 5370 estote
929 5315 1084 5386 quod
1112 5313 1332 5377 videtis,
1362 5316 1418 5365 et
1446 5308 1682 5380 accipite
1728 5308 1883 5379 quod

184 5403 332 5458 estis.
381 5425 408 5456 ››
460 5406 639 5478 Igitur
683 5406 932 5460 infantes
984 5421 1052 5457 ex
1101 5401 1425 5472 Augustino
1481 5414 1586 5470 per
1640 5397 1884 5468 gratiam

185 5494 627 5550 sanctilicantem
672 5493 942 5566 baptismi
981 5492 1115 5548 facti
1168 5493 1302 5546 sunt
1338 5488 1597 5544 membra
1629 5485 1882 5558 corporis

1996 4351 2017 4378 ι
2076 4332 2384 4399 Perperam
2429 4343 2659 4398 quoque
2707 4323 2940 4395 exponit
2982 4323 3038 4376 id
3071 4322 3225 4393 quod
3277 4321 3356 4374 ait
3384 4321 3692 4392 Apostolus

1994 4420 2158 4473 Rom.
2195 4435 2306 4483 le,
2340 4421 2408 4471 23
2435 4437 2448 4470 :
2481 4417 2643 4471 Omne
2663 4414 2807 4484 quod
2835 4430 2939 4467 non
2959 4418 3035 4466 est
3063 4428 3129 4464 cx
3156 4411 3261 4479 ﬁde
3286 4415 3561 4480 peccatum
3592 4415 3688 4474 est,

1993 4509 2156 4580 quasi
2179 4509 2316 4562 velit
2344 4508 2528 4562 dicere
2580 4506 2882 4576 Apostolus
2933 4503 3126 4556 omnia
3157 4519 3332 4571 opera
3363 4501 3683 4556 inﬁdelium

1994 4616 2114 4653 esse
2157 4603 2418 4668 peccata,
2462 4602 2519 4649 et
2563 4595 2682 4648 sine
2737 4610 2869 4647 vera
2912 4593 3023 4646 fide
3084 4593 3305 4645 nullum
3353 4607 3515 4662 posse
3564 4591 3687 4644 fieri

1994 4689 2209 4741 bonum
2241 4703 2420 4756 opus;
2455 4701 2585 4738 cum
2618 4688 2809 4737 tamen
2865 4682 2942 4735 ibi
2983 4698 3168 4736 sermo
3215 4680 3288 4734 sit
3337 4680 3406 4735 de
3439 4697 3504 4734 eo
3534 4680 3686 4750 quod

1993 4792 2107 4830 non
2129 4775 2194 4828 lit
2222 4791 2286 4827 ex
2314 4772 2621 4827 dictamine
2649 4771 3010 4825 conscientiae
3035 4769 3348 4840 judicantis
3382 4768 3530 4821 bona
3576 4767 3685 4820 fide

1994 4863 2214 4917 licitum
2244 4877 2362 4914 esse
2387 4860 2445 4914 id
2473 4859 2626 4930 quod
2674 4860 2757 4927 fit,
2790 4863 2853 4912 ut
2901 4875 2970 4912 ex
3026 4862 3180 4910 textu
3241 4855 3363 4926 ipso
3399 4855 3598 4924 liquet,
3634 4857 3690 4907 et

1991 4950 2310 5004 communis
2365 4947 2760 5018 interpretatio
2811 4946 3107 5000 doctorum
3185 4941 3520 4997 contradicit
3572 4945 3685 4994 Au-

1993 5040 2244 5110 gustino,
2281 5037 2381 5108 qui
2413 5036 2586 5090 etiam
2617 5035 2833 5107 aliquot
2863 5034 3018 5094 locis,
3067 5036 3131 5085 ut
3181 5029 3318 5083 alibi
3346 5029 3686 5094 notavimus,

1993 5129 2214 5182 videtur
2234 5127 2380 5180 hanc
2407 5143 2566 5179 suam
2597 5125 2968 5178 assertionem
2999 5119 3343 5189 restringere
3374 5117 3444 5170 ad
3472 5117 3689 5171 bonum

1994 5234 2136 5288 opus
2160 5215 2298 5269 utile
2331 5215 2459 5269 vita:
2489 5222 2717 5270 arternze
2749 5208 3184 5280 consequendm,
3222 5212 3327 5262 etc.
3375 5207 3691 5277 Utrumque

1993 5310 2186 5360 tamen
2215 5321 2402 5359 avero
2433 5320 2603 5358 sensu
2639 5299 2893 5373 Apostoli
2944 5300 3066 5351 loco
3121 5296 3290 5350 citato
3347 5296 3517 5366 plane
3563 5297 3686 5349 alie-

1994 5412 2135 5450 num
2166 5399 2268 5448 est.
2305 5413 2331 5444 »
2365 5394 2492 5448 Hazc
2541 5393 2653 5446 ille.
2690 5391 2801 5444 Nos
2848 5386 3082 5457 quidem
3148 5384 3431 5456 superiori
3484 5383 3690 5454 capite,

1996 5482 2023 5553 ξ
2053 5485 2110 5553 4,
2143 5499 2272 5554 qua:
2304 5481 2475 5537 fuerit
2503 5478 2678 5534 sancti
2711 5474 2958 5530 doctoris
3002 5491 3161 5528 mens
3191 5474 3258 5529 de
3301 5473 3568 5544 operibus
3596 5473 3688 5526 in-
