3894 6184
311 283 414 334 707

1323 279 1874 334 SUPPLEMENTUM
1916 281 2005 336 AD
2042 280 2272 337 OPERA
2311 283 2368 338 S.
2410 280 2796 340 AUGUSTINI.
3705 293 3797 346 708

311 406 572 462 ﬁdelium
650 403 1057 470 indicavimus;
1119 401 1292 457 modo
1350 401 1613 457 Morainii
1685 403 2010 475 ignorantia
2048 406 2090 460 A
2126 404 2212 459 da.
2250 425 2278 454 η
2306 408 2377 459 At
2406 405 2452 459 si
2475 405 2588 460 duo
2630 403 2874 460 Romani
2925 404 3225 476 pontiﬁces
3275 422 3386 461 non
3411 408 3542 462 satis
3570 412 3801 465 auctori-

311 494 643 566 castiganda
696 498 795 556 est,
859 493 959 564 qui
1026 507 1152 546 eam
1218 491 1776 562 interpretationem.
1839 510 2014 564 quam

313 584 558 639 Ecclesia
586 584 736 638 inter
777 597 960 636 sacras
1016 580 1386 634 caeremonias
1444 585 1636 636 secuta
1684 587 1784 647 est,
1818 600 1850 637 a
1878 601 2012 637 vero

313 687 481 726 sensu
510 669 764 740 Apostoli
809 669 978 739 plane
1037 669 1284 723 alienam
1332 669 1520 725 dicere
1567 687 1681 725 non
1713 672 2008 726 dubitavit.

314 759 532 814 Etenim
581 776 646 813 ex
701 758 938 830 antiquo
997 759 1256 813 Ecclesia:
1288 760 1403 813 ritu
1442 758 1743 830 episcopus
1783 777 1878 813 eos
1913 760 2013 830 qui

312 847 643 901 subdiaconi
673 847 1041 902 consecrandi
1073 853 1223 914 sunt,
1257 848 1338 902 ita
1382 849 1733 919 alloquitur:
1767 870 1794 897 ‹‹
1827 850 2013 902 Estote

310 951 443 1006 ergo
469 937 608 990 tales
639 935 738 1006 qui
769 936 1060 990 sacriﬁciis
1092 937 1299 991 divinis
1351 941 1406 992 et
1453 937 1715 992 Ecclesia:
1750 938 1870 1004 Dei,
1904 938 2013 991 hoc

309 1029 392 1078 est
414 1025 667 1096 corporis
707 1025 914 1080 Christi
945 1026 1116 1097 digne
1148 1027 1358 1081 servire
1400 1027 1632 1080 valeatis
1689 1027 1747 1080 in
1783 1043 1912 1081 vera
1959 1031 2016 1081 et

310 1113 586 1168 catholica
626 1115 736 1170 ﬁde
779 1115 1021 1177 fundati,
1087 1116 1382 1187 quoniam,
1438 1123 1502 1169 ut
1546 1115 1624 1170 ait
1668 1118 2010 1186 Apostolus:

309 1203 473 1257 Omne
487 1204 630 1272 quod
653 1220 758 1258 non
787 1209 865 1259 est
891 1221 959 1259 eae
985 1205 1092 1274 ﬁde
1129 1211 1408 1275 peccatum
1435 1210 1532 1272 est,
1591 1205 2013 1259 schismaticum

311 1295 415 1358 est,
446 1296 503 1347 et
531 1298 688 1347 extra
728 1293 1007 1348 unitatem
1055 1293 1311 1348 Ecclesiae
1356 1299 1457 1348 est.
1488 1316 1508 1342 ιι
1571 1295 1636 1348 In
1690 1293 2012 1349 Pontiﬁcali

311 1382 594 1437 Romano.
683 1383 818 1437 Ecce
879 1383 1362 1454 Augustinianum
1435 1383 2010 1454 interpretamentum

311 1469 603 1524 catholicae
638 1470 897 1525 Ecclesiae
929 1471 1339 1542 approbatione
1389 1477 1799 1534 consecratum,
1830 1477 1884 1526 et
1911 1487 2015 1542 per

313 1559 643 1614 universum
688 1560 884 1614 orbem
941 1561 1320 1616 orthodoxum
1394 1561 1463 1615 ab
1519 1561 1796 1632 episcopis
1868 1561 2013 1615 inter

313 1665 497 1702 sacras
524 1649 894 1702 caeremonias
921 1649 1240 1704 recitatum.
1274 1650 1455 1720 Igitur
1486 1665 1601 1703 una
1629 1654 1713 1704 est
1753 1649 2011 1703 Ecclesiaa

313 1741 368 1790 et
390 1736 695 1806 Augustini
725 1736 792 1790 de
819 1736 932 1790 illis
961 1737 1214 1808 Apostoli
1244 1737 1430 1791 verbis
1461 1737 1762 1804 sententia,
1805 1753 2012 1807 nempe

310 1829 373 1879 ut
410 1826 478 1879 de
503 1841 636 1880 vera
662 1825 773 1880 ﬁde
818 1825 1138 1880 Christiana
1171 1826 1588 1896 intelligantur.
1637 1826 1836 1881 Videre
1867 1827 2012 1880 mihi

311 1914 505 1968 videor
551 1931 725 1970 novos
754 1931 1018 1970 censores
1068 1917 1312 1982 hmrere,
1344 1921 1411 1969 ut
1466 1916 1650 1984 aiunt,
1710 1915 1779 1969 ad
1810 1931 2008 1986 aquas.

309 2003 366 2058 Si
393 2003 698 2058 Ecclesiam
753 2005 1093 2059 catholicam
1139 2020 1428 2074 perperam
1481 2008 1695 2058 textum
1753 2004 2011 2073 Apostoli

311 2092 594 2162 explicare
624 2093 831 2159 dicant,
859 2094 977 2164 jam
1007 2092 1200 2146 vident
1249 2109 1422 2162 quam
1479 2092 1638 2163 gravi
1695 2109 1753 2147 se
1785 2093 2009 2162 piaculo

308 2180 694 2250 obstringunt.
735 2182 808 2234 At
849 2180 895 2233 si
942 2181 1201 2234 Ecclesia;
1250 2196 1416 2234 voces
1456 2180 1694 2250 rejicere
1743 2179 2011 2250 religioni

307 2267 524 2322 ducunt
541 2268 664 2338 jam
692 2268 925 2323 tandem
973 2269 1294 2339 Augustino
1347 2268 1725 2323 ecclesiastica
1769 2269 2010 2323 auctori-

307 2359 424 2410 tate
455 2357 637 2410 coacti
662 2357 900 2412 herbam
956 2357 1271 2428 porrigant.
1317 2357 1430 2411 Nec
1459 2357 1672 2411 mirum
1707 2357 2009 2411 Ecclesiam

307 2446 645 2500 catholicam
678 2447 756 2500 ita
808 2447 1065 2517 Apostoli
1106 2446 1276 2500 verba
1322 2446 1686 2514 intellexisse,
1747 2463 1813 2500 eo
1855 2447 2007 2500 enim

308 2550 543 2606 prorsus
577 2535 745 2589 modo
788 2535 1112 2606 apostolicae
1142 2535 1288 2590 sedis
1317 2535 1618 2606 pontiﬁces
1647 2535 1848 2590 eadem
1906 2552 2007 2590 an-

308 2623 550 2695 tiquitus
624 2623 982 2693 interpretati
1062 2629 1213 2679 sunt.
1283 2624 1521 2679 Sanctus
1589 2627 1696 2679 Leo
1753 2625 2004 2695 Magnus,

307 2729 478 2767 serm.
509 2717 543 2766 2
575 2712 643 2767 de
667 2712 890 2782 Jejunio
940 2713 1320 2780 Pentecostes,
1377 2714 1660 2767 disserens
1708 2713 1777 2768 de
1806 2713 2006 2768 inﬁde-

308 2801 450 2855 lium
490 2817 553 2855 ac
577 2801 1029 2856 Christianorum
1073 2801 1400 2867 virtutibus,
1461 2802 1542 2856 ita
1595 2802 1848 2872 Apostoli
1879 2818 2007 2856 sen-

306 2890 545 2945 tentiam
597 2891 873 2962 explicat:
936 2910 964 2942 ‹‹
1013 2890 1184 2944 Aliud
1244 2890 1362 2962 agit
1399 2891 1506 2945 sub
1548 2891 1785 2945 veritate
1834 2891 2004 2960 ratio,

2123 493 2255 548 tatis
2283 493 2503 548 addunt
2530 493 2837 565 Augustini
2875 492 3359 564 interpretationi,
3415 496 3660 566 produco
3691 499 3800 552 suf-

2124 581 2303 653 fragia
2332 582 2657 653 quindecim
2689 584 2922 636 Patrum
2975 581 3431 637 doctissimorum
3463 601 3523 638 ac
3581 587 3799 640 sanctis-

2123 672 2423 738 simorum,
2455 672 2554 742 qui
2585 688 2651 725 ex
2701 671 2887 726 Al‘rica
2927 671 2986 725 in
3019 670 3339 726 Sardiniam
3371 689 3404 726 a
3431 674 3800 730 Trasamundo

2122 775 2257 829 rege
2282 761 2488 813 Ariano
2538 760 2596 813 in
2627 759 2888 814 exsilium
2915 761 3221 831 deportati,
3258 759 3317 814 in
3348 761 3491 815 libro
3530 762 3596 816 de
3627 763 3800 817 Incar-

2123 849 2356 903 natione
2378 853 2435 902 et
2457 849 2658 919 gratia.
2694 849 2952 903 omnium
2977 849 3410 920 subscriptione,
3463 855 3526 904 ut
3553 866 3617 904 ex
3655 852 3803 906 titulo

2121 941 2301 1006 patet,
2335 937 2675 1007 approbato,
2707 938 2829 992 haec
2858 938 3094 991 tradunt
3123 953 3245 1008 cap.
3269 939 3336 991 ‘25
3366 953 3379 991 :
3405 957 3433 988 «
3457 938 3590 1002 Quis
3620 940 3805 994 audeat

2121 1025 2248 1079 illas
2279 1025 2336 1079 in
2390 1026 2497 1080 hoc
2538 1026 2660 1080 loco
2716 1030 2915 1096 gentes
2974 1025 3232 1097 accipere
3288 1042 3431 1097 quas
3463 1031 3677 1080 constat
3702 1045 3802 1082 non

2123 1131 2243 1168 esse
2269 1115 2606 1186 justiﬁcatas
2654 1132 2722 1169 ex
2770 1116 2905 1184 ﬁde,
2960 1131 3091 1170 cum
3124 1116 3244 1187 ipse
3292 1120 3532 1171 testatur
3581 1118 3801 1187 Aposto-

2122 1205 2246 1258 lus:
2284 1204 2418 1276 quia
2449 1205 2611 1260 Omne
2639 1205 2784 1272 quod
2826 1220 2933 1259 non
2961 1209 3040 1258 est
3067 1220 3134 1258 ea:
3163 1205 3269 1273 ﬁde
3303 1209 3580 1274 peccatum
3626 1211 3724 1271 est;
3754 1211 3802 1260 et

2123 1293 2259 1363 quia
2281 1291 2412 1347 Sine
2443 1293 2547 1362 ﬁde
2584 1293 2914 1361 impossibile
2959 1297 3038 1347 est
3074 1294 3289 1362 placere
3331 1296 3438 1348 Deo
3470 1293 3646 1363 (Hebr.
3685 1297 3800 1361 xi)?

2121 1381 2282 1445 Quod
2339 1381 2387 1434 si
2437 1382 2722 1436 Abraham
2797 1397 2861 1436 ex
2917 1381 3028 1436 ﬁde
3077 1381 3459 1452 justiﬁcatum
3515 1399 3632 1437 esse
3681 1399 3800 1438 con-

2121 1474 2250 1535 stat,
2309 1473 2414 1524 etc.
2448 1489 2476 1521 »
2530 1471 2658 1524 Haec
2711 1469 2963 1540 synodus
3017 1471 3324 1540 Byzacena.
3378 1470 3515 1534 Quae
3568 1471 3799 1540 profecto

2120 1558 2338 1612 faciunt
2377 1562 2443 1612 ut
2471 1558 2652 1612 nostri
2702 1559 2879 1612 Patris
2918 1559 3216 1630 explicatio
3266 1559 3381 1612 nisi
3435 1563 3644 1614 temere
3681 1577 3796 1615 cen-

2122 1664 2270 1701 suras
2328 1647 2530 1718 subjici
2575 1647 2768 1718 possit.
2820 1647 2930 1701 Sed
2985 1647 3079 1701 alii
3127 1649 3323 1701 Patres
3379 1652 3549 1719 atque
3597 1650 3795 1720 antiqui

2124 1736 2428 1808 scriptores
2459 1737 2645 1790 eidem
2694 1735 3154 1808 interpretationi
3200 1737 3361 1790 albos
3391 1737 3632 1791 calculos
3657 1738 3796 1808 adje-

2123 1841 2269 1880 cere.
2303 1826 2539 1880 Sanctus
2560 1827 2824 1896 Prosper,
2855 1826 2916 1879 in
2949 1825 3191 1896 epistola
3237 1825 3311 1879 ad
3351 1827 3616 1880 Ruﬁnum
3652 1843 3665 1891 ;
3695 1844 3798 1880 san.

2123 1918 2256 1972 ctua
2274 1914 2625 1984 Fulgentius,
2673 1914 2777 1968 lib.
2818 1929 2858 1968 Il
2910 1915 2979 1968 de
3035 1917 3407 1985 peccatorum
3450 1913 3796 1979 Remissione,

2122 2020 2246 2073 cap.
2277 2007 2294 2057 l
2322 2020 2335 2070 ;
2364 2007 2589 2057 sanctus
2618 2003 2888 2069 Isidorus,
2924 2003 3021 2057 lib.
3078 2003 3146 2057 de
3199 2003 3442 2058 Summo
3493 2004 3661 2065 Bono.
3689 2020 3794 2074 cap.

2122 2095 2184 2159 ‘2;
2219 2096 2443 2146 sanctus
2503 2092 2844 2158 Bernardus,
2893 2107 3064 2146 serm.
3119 2094 3187 2146 3O
3245 2097 3305 2146 et
3341 2095 3400 2147 5t
3450 2092 3508 2147 in
3558 2094 3794 2156 Cantica;

2118 2182 2377 2235 Julianus
2435 2180 2750 2246 Pomerius,
2809 2180 2907 2234 lib.
2950 2197 3009 2234 ιιι
3063 2180 3132 2235 de
3189 2180 3322 2234 Vita
3361 2182 3794 2252 contemplativa,

2120 2285 2243 2340 cap.
2283 2273 2300 2323 l
2329 2289 2342 2338 ;
2379 2269 2674 2323 Facundus
2714 2268 3160 2335 llermianensis,
3195 2269 3293 2323 lib.
3329 2287 3344 2323 ι
3376 2271 3446 2325 de
3487 2271 3678 2325 Tribus
3705 2273 3794 2325 Ca-

2117 2359 2315 2429 pitulis
2345 2357 2414 2412 ad
2445 2358 2830 2412 Iustinianum
2861 2358 3293 2430 imperatorem,
3339 2376 3465 2431 cap.
3505 2363 3550 2414 l.
3579 2360 3635 2414 in
3678 2360 3792 2424 ﬁne,

2119 2447 2366 2518 aliique;
2398 2447 2476 2501 ita
2524 2451 2588 2500 ut
2611 2447 2655 2500 si
2685 2448 2918 2500 Patrum
2949 2447 3220 2518 suffragia
3259 2454 3659 2516 numerentur,
3686 2449 3795 2519 plus

2120 2553 2293 2608 quam
2322 2535 2528 2607 viginti
2558 2535 2878 2606 Augustino
2905 2535 2965 2588 in
2995 2537 3196 2590 eadem
3233 2537 3595 2606 apostololici
3638 2541 3795 2591 textus

2119 2625 2503 2695 intelligentia
2533 2624 2912 2690 consentiant,
2944 2639 3073 2678 cum
3130 2624 3188 2678 in
3245 2625 3436 2680 altera
3480 2626 3794 2697 interpreta-

2117 2714 2270 2768 tione
2327 2714 2497 2783 longe
2533 2713 2832 2784 pauciores
2890 2730 2921 2767 a
2962 2713 3382 2768 recentioribus
3435 2715 3793 2778 nominentur,

2119 2802 2229 2856 nisi
2260 2807 2440 2857 semet
2469 2802 2684 2872 pariter
2712 2801 2832 2856 istis
2862 2802 3197 2872 adjungant,
3219 2819 3249 2856 a
3270 2803 3496 2874 quibus
3513 2807 3623 2857 tam
3646 2803 3794 2870 longo

2118 2890 2420 2945 intervallo
2451 2889 2719 2962 disjuncti
2744 2894 2895 2944 sunt.
2932 2891 2997 2944 Et
3045 2895 3239 2945 tamen
3279 2892 3558 2946 audacter
3616 2891 3793 2946 Morai-

307 2978 459 3032 aliud
489 2979 593 3034 sub
618 2979 858 3034 falsitate
890 2979 1167 3050 deceptio.
1202 2979 1365 3051 Apud
1413 2996 1518 3034 nos
1563 2979 1703 3034 ﬁdes
1734 2979 2008 3050 justiﬁcat
2045 2995 2084 3050 α
2115 2979 2245 3034 nius
2274 2984 2628 3034 contestatur
2656 2980 2806 3051 quod
2863 2982 3157 3035 communis
3213 2983 3596 3051 interpretatio
3637 2979 3791 3034 docto-

307 3068 479 3122 etiam
532 3069 995 3136 manducantem,
1051 3069 1202 3140 apud
1262 3069 1391 3122 illos
1447 3068 1756 3123 inﬁdelitas
1803 3068 2009 3139 polluit

298 3155 684 3224 jejunantem.
717 3153 894 3216 Unde,
925 3155 1062 3227 quia
1092 3160 1252 3210 extra
1313 3155 1615 3210 Ecclesiam
1667 3155 2006 3210 catholicam

304 3243 451 3297 nihil
485 3248 570 3298 est
599 3244 910 3314 integrum,
965 3245 1110 3299 nihil
1161 3250 1402 3312 castum,
1436 3245 1658 3299 dicente
1691 3245 2002 3315 Apostolo:

306 3334 469 3388 Omne
495 3333 638 3402 quod
662 3349 768 3387 non
797 3341 874 3388 est
918 3349 986 3387 ea:
1013 3334 1119 3402 ﬁde
1163 3340 1440 3404 peccatum
1495 3339 1592 3400 est,
1636 3338 1742 3389 etc.
1774 3353 1802 3384 »
1847 3333 2005 3387 Idem

306 3437 474 3476 serm.
512 3425 542 3477 8
571 3423 639 3477 de
670 3423 1118 3493 Quadragesima
1151 3423 1228 3477 ait
1262 3440 1275 3478 :
1309 3446 1330 3472 ι
1393 3425 1442 3476 Is
1496 3439 1630 3477 vera
1667 3427 1724 3477 et
1755 3423 2004 3476 rationa-

305 3510 405 3563 bili
432 3509 830 3581 puriﬁcatione
863 3526 922 3564 se
952 3517 1252 3582 praeparat,
1284 3512 1445 3582 cujus
1493 3528 1592 3566 cor
1620 3513 1776 3566 nulla
1808 3511 2006 3565 inﬁde-

304 3597 462 3652 litate
509 3599 810 3669 polluitur,
871 3600 1093 3654 dicente
1147 3601 1460 3670 Apostolo:
1493 3600 1658 3655 Omne
1704 3601 1848 3669 quod
1899 3615 2006 3654 non

304 3692 381 3741 est
409 3703 476 3741 ea:
502 3687 608 3756 ﬁde
631 3693 910 3758 peccatum
938 3694 1034 3744 est.
1079 3689 1304 3743 Inutilia
1349 3693 1519 3743 erunt
1547 3693 1603 3742 et
1631 3705 1775 3743 vana
1805 3704 2005 3742 eorum

296 3775 520 3846 jejunia
559 3793 702 3848 quos
733 3777 1096 3832 illusionibus
1127 3778 1242 3832 suis
1271 3778 1482 3849 decipit
1511 3777 1791 3832 mendacii
1820 3783 2004 3848 pater,

305 3868 362 3918 et
381 3881 510 3919 vera
540 3864 746 3920 Christi
774 3882 905 3920 caro
932 3883 1050 3921 non
1081 3868 1280 3938 pascit.
1314 3886 1342 3918 »
1399 3869 1561 3922 Forte
1619 3867 1819 3922 dicetis
1847 3867 2004 3922 illam

302 3953 474 4008 fuisse
517 3953 796 4024 privatam
831 3955 1036 4009 Leonis
1080 3955 1635 4026 interpretationem,
1689 3955 1788 4027 qui
1843 3971 1910 4010 ea
1945 3956 2006 4010 in

302 4058 362 4096 re
387 4059 517 4097 cum
546 4043 866 4114 Augustino
897 4043 1110 4110 sensit;
1153 4045 1411 4099 docuisse
1459 4045 1558 4099 illa
1605 4045 1853 4100 Leonem
1901 4062 2005 4116 pro

301 4131 572 4186 concione
601 4133 996 4199 disserentem,
1029 4149 1148 4187 non
1171 4149 1201 4187 e
1239 4133 1506 4188 cathedra
1545 4137 1739 4188 contra
1759 4134 2005 4188 haereses

299 4221 614 4292 quidquam
654 4221 1046 4277 deﬁnientem.
1097 4223 1204 4277 Sed
1238 4239 1443 4293 parum
1486 4239 1590 4276 vos
1637 4222 1741 4276 ista
1776 4223 2001 4293 juvant,

2111 3085 2234 3123 rnm
2263 3069 2584 3124 contradicit
2613 3070 2940 3137 Augustino,
2969 3067 3133 3140 quasi
3178 3068 3264 3122 illi
3311 3071 3503 3124 Patres
3550 3085 3680 3140 quos
3706 3066 3788 3120 ad-

2116 3156 2384 3212 duximus
2411 3157 2669 3211 doctores
2708 3172 2826 3210 non
2857 3157 2988 3222 sint,
3021 3155 3116 3211 sed
3168 3157 3385 3225 plebeia
3435 3157 3499 3210 de
3553 3158 3672 3222 faece
3705 3155 3786 3210 Sa-

2116 3246 2508 3301 burraeNideo
2539 3251 2732 3300 tamen
2768 3245 3121 3300 Bernardum
3155 3245 3401 3300 alteram
3442 3245 3607 3299 etiam
3633 3243 3783 3298 inter-

2113 3335 2490 3406 pretationem
2566 3333 2886 3400 admittere,
2945 3349 3175 3404 nempe,
3229 3334 3387 3405 quod
3442 3350 3558 3389 non
3607 3338 3684 3388 est
3730 3347 3785 3385 ex

2113 3422 2460 3478 conscientia
2511 3426 2812 3491 peccatum
2859 3425 2962 3487 est,
3024 3421 3082 3474 in
3138 3421 3237 3476 lib.
3308 3422 3379 3477 de
3434 3425 3692 3491 Praacept.
3742 3423 3785 3472 et

2114 3511 2285 3582 disp.,
2313 3527 2438 3580 cap.
2481 3512 2646 3563 tS’et
2671 3512 2762 3563 20.
2816 3509 3066 3571 Vossius,
3122 3508 3207 3562 vir
3268 3509 3405 3564 satis
3456 3527 3553 3564 suo
3581 3507 3785 3564 nomine

2114 3605 2300 3666 notus,
2334 3600 2432 3654 lib.
2467 3615 2526 3653 IlI
2559 3599 2702 3654 Hist.
2736 3598 2954 3668 Pelag.,
3001 3601 3150 3668 part.
3187 3614 3272 3659 III,
3328 3600 3476 3654 thesi
3530 3603 3612 3668 l2,
3642 3612 3786 3651 cona-

2113 3693 2208 3742 tur
2227 3704 2344 3742 uno
2370 3687 2542 3742 verbo
2566 3686 2872 3758 Augustini
2893 3686 3438 3756 interpretationem
3484 3703 3609 3741 cum
3638 3687 3789 3740 altera

2113 3781 2431 3832 memorata
2486 3777 2557 3831 de
2609 3774 2954 3830 conscientia
3012 3791 3386 3846 componere,
3439 3795 3466 3826 α
3515 3789 3706 3845 nempe
3739 3777 3788 3824 ut

2114 3881 2275 3919 mens
2304 3864 2560 3936 Apostoli
2603 3863 2694 3918 sit.
2745 3863 3034 3935 Quidquid
3093 3879 3210 3918 non
3267 3864 3532 3936 provenit
3582 3879 3645 3917 ex
3693 3859 3786 3915 ﬁde

2114 3954 2454 4016 Christiana,
2484 3969 2589 4024 per
2611 3952 3022 4008 conscientiam
3053 3952 3121 4007 ad
3147 3969 3298 4023 opus
3329 3954 3626 4025 applicata,
3666 3947 3785 4004 illud

2111 4047 2407 4113 peccatum
2461 4049 2743 4096 censetur.
2803 4061 2831 4091 »
2890 4041 3000 4096 Sed
3049 4041 3219 4095 nullis
3293 4037 3785 4113 interpretamentis

2112 4129 2332 4200 indiget
2359 4129 2732 4199 Augustinus,
2761 4128 2861 4199 qui
2891 4128 2960 4182 de
2990 4144 3124 4182 vera
3152 4129 3540 4201 intelligentia
3559 4127 3784 4184 Paulinae

2113 4218 2411 4273 sententia:
2443 4234 2572 4272 cum
2602 4217 2830 4272 Iuliano
2861 4216 3118 4288 litigavit.
3164 4218 3390 4272 Etenim
3420 4234 3546 4273 cum
3585 4219 3784 4271 sanctus

297 4309 434 4363 dum
465 4309 726 4364 catholici
758 4311 1041 4364 laudatam
1073 4311 1513 4380 explicationem
1555 4311 1626 4365 ab
1673 4312 1997 4381 Apostolico
2038 4295 2080 4350 Ῑ)
2113 4308 2313 4362 doctor
2336 4307 2397 4362 in
2426 4307 2613 4378 primo
2644 4307 2791 4360 libro
2824 4305 2892 4361 de
2920 4305 3142 4376 Nuptiis
3193 4311 3254 4361 et
3291 4323 3552 4377 concup.,
3600 4321 3710 4376 cap.
3739 4304 3781 4362 3.

299 4413 398 4450 ore
418 4397 806 4463 inaudierunt,
840 4414 944 4452 nec
974 4397 1083 4451 nisi
1114 4402 1327 4452 temere
1360 4398 1550 4451 dicere
1597 4399 1835 4468 potestis
1861 4402 1998 4454 Leo-

301 4500 435 4538 nem
464 4484 596 4539 licet
621 4501 736 4539 non
767 4502 797 4540 e
827 4487 1094 4541 cathedra
1123 4487 1516 4552 deﬁnientem,
1563 4487 1661 4541 sed
1702 4486 2001 4542 docentem

295 4588 582 4643 perperam
613 4573 868 4628 locutum
925 4573 1120 4629 fuisse.
1175 4574 1284 4629 Sed
1335 4574 1615 4629 habemus
1671 4576 2001 4646 pontiﬁcem

302 4660 652 4715 Bonifacium
685 4663 751 4724 II,
785 4662 884 4734 qui
917 4664 1339 4735 septuagesimo
1372 4681 1405 4718 a
1438 4664 1639 4719 Leonis
1660 4665 1821 4720 obitu
1852 4682 2001 4721 anno

297 4755 494 4806 contra
521 4750 1030 4824 Semi-Pelagianos
1088 4753 1428 4809 sententiam
1483 4770 1512 4807 e
1557 4755 1826 4810 cathedra
1870 4772 2004 4826 pro-

299 4840 569 4895 nuntians
606 4841 1084 4912 Augustinianam
1127 4843 1665 4914 interpretationem
1721 4844 2000 4915 probavit.

302 4929 524 4985 Etenim
555 4929 616 4984 in
647 4929 888 5002 epistola
916 4930 987 4984 ad
1037 4937 1294 4986 sanctum
1351 4933 1660 4988 Caesarium
1709 4934 2002 4988 Arelaten-

301 5037 436 5081 sem,
468 5021 709 5090 loquens
737 5020 807 5074 de
836 5019 949 5074 ﬁde
980 5020 1322 5091 Christiana,
1355 5023 1436 5076 ait
1469 5039 1481 5077 :
1538 5023 1802 5077 «Praeter
1829 5039 2004 5094 quam

299 5109 506 5178 (ﬁdem)
549 5109 689 5164 nihil
723 5114 807 5164 est
837 5109 971 5164 boni
1001 5109 1156 5182 quod
1187 5110 1500 5165 secundum
1555 5112 1732 5165 Deum
1765 5111 2004 5182 quilibet

297 5197 481 5252 valeat
521 5199 767 5269 operari,
826 5199 970 5253 sicut
1023 5199 1221 5254 beatus
1258 5200 1570 5268 Apostolus
1630 5199 1800 5253 dicit:
1835 5199 2005 5256 Omne

297 5285 442 5354 quod
467 5302 573 5340 non
598 5294 676 5342 est
712 5305 779 5342 ea:
793 5289 909 5358 ﬁde
930 5294 1212 5359 peccatum
1250 5292 1348 5342 est.
1407 5287 1575 5352 Quod
1627 5303 1758 5342 cum
1802 5288 1883 5343 ita
1909 5289 2000 5355 sit,

296 5376 394 5427 aut
421 5374 643 5428 nullum
671 5373 891 5431 bonum
937 5377 1135 5447 gratia:
1192 5376 1576 5448 deputabunt,
1634 5376 1682 5431 si
1738 5375 1791 5431 ei
1829 5376 2003 5431 ﬁdem

295 5461 628 5517 subtrahere
656 5465 992 5533 moliuntur,
1025 5471 1124 5522 aut
1139 5465 1187 5521 si
1216 5465 1374 5537 quod
1401 5465 1620 5521 bonum
1655 5481 1774 5520 esse
1807 5465 2005 5520 dicunt

295 5549 365 5604 de
393 5550 598 5621 gratia,
643 5550 768 5621 ipsa
796 5553 1116 5608 necessario
1162 5553 1304 5609 ﬁdes
1345 5553 1455 5608 erit
1491 5553 1692 5625 gratia:
1722 5553 2004 5624 deputan-

2109 4397 2295 4463 initio,
2330 4396 2431 4451 ubi
2454 4395 2655 4467 incipit
2679 4399 2875 4450 contra
2899 4395 3188 4449 Iulianum
3238 4396 3550 4467 disputare,
3583 4411 3645 4448 ex
3689 4391 3783 4446 illis

2108 4485 2361 4556 Apostoli
2384 4484 2569 4539 verbis
2598 4501 2610 4538 :
2639 4485 2802 4540 Omne
2831 4484 2976 4553 quod
3008 4499 3115 4539 non
3167 4489 3248 4538 est
3300 4501 3369 4539 ea:
3408 4485 3514 4554 ﬁde
3536 4486 3783 4554 peccatum

2108 4578 2204 4636 est,
2263 4572 2550 4628 intulisset
2607 4573 2728 4628 sine
2775 4573 2886 4627 ﬁde
2935 4571 3265 4644 pudicitiam
3300 4589 3417 4627 non
3470 4587 3587 4626 esse
3615 4581 3782 4623 veram

2107 4661 2672 4730 virtutem,Julianus
2727 4665 2977 4731 quatuor
3026 4661 3203 4715 libros
3245 4661 3349 4716 uni
3404 4660 3489 4716 illi
3539 4654 3784 4729 Augusti-

2107 4750 2281 4806 niano
2348 4767 2666 4822 opponens,
2718 4751 2928 4820 rejecta
2983 4750 3457 4822 interpretatione
3502 4747 3670 4803 sancti
3699 4746 3781 4798 Pa-

2107 4841 2230 4903 tris,
2264 4841 2504 4895 alteram
2539 4839 2714 4894 dubio
2744 4840 2943 4910 procul
2983 4839 3053 4894 de
3099 4839 3447 4894 conscientia
3493 4831 3781 4908 supposuit.

2112 4935 2174 4984 ut
2223 4929 2338 4982 vim
2393 4928 2724 5000 argumenti
2783 4929 3040 4984 elideret.
3093 4931 3164 4983 At
3209 4928 3560 5000 Augustinus
3613 4926 3786 4979 contra

2108 5020 2281 5074 hosce
2313 5023 2563 5090 quatuor
2593 5017 2805 5072 Iuliani
2852 5018 3030 5073 libros
3077 5033 3108 5072 e
3153 5017 3392 5088 vestigio
3442 5017 3675 5071 alterum
3724 5008 3783 5062 de

2109 5107 2332 5179 Nuptiis
2363 5112 2420 5162 et
2450 5107 2914 5179 concupiscentia
2969 5107 3239 5174 exaravit,
3293 5106 3428 5161 dein
3481 5120 3573 5158 sex
3627 5099 3781 5156 etiam

2109 5196 2404 5251 volumina
2433 5197 2606 5268 longe
2636 5195 2843 5268 majori
2873 5195 3065 5250 labore
3107 5195 3444 5266 composuit,
3475 5193 3532 5246 in
3561 5197 3780 5262 quorum

2111 5290 2336 5357 quarto,
2367 5302 2489 5357 cap.
2523 5289 2577 5355 3,
2599 5285 2810 5340 Iuliani
2837 5285 3251 5356 expositionem
3299 5283 3501 5354 rejicit,
3529 5286 3778 5346 suamque

2109 5374 2299 5429 datam
2330 5391 2452 5446 cap.
2483 5378 2512 5429 3
2543 5374 2612 5429 de
2644 5375 2816 5445 Nupt.
2849 5379 2906 5429 et
2934 5373 3250 5445 concupisc.
3310 5372 3429 5440 cit.,
3483 5367 3778 5422 constanter

2113 5465 2367 5521 defendit
2388 5465 2479 5520 his
2508 5464 2681 5536 plane
2705 5463 2921 5520 verbis:
2966 5487 2989 5515 ι
3021 5461 3429 5519 Testimonium
3479 5456 3635 5521 illud,
3675 5466 3774 5522 quo

2112 5569 2180 5608 ex
2213 5553 2482 5624 Apostolo
2513 5551 2713 5624 posui:
2769 5556 2934 5611 Omne
2999 5553 3143 5624 quod
3178 5567 3292 5609 non
3337 5553 3411 5604 est
3455 5562 3518 5602 ex
3548 5543 3647 5616 ﬁde
3670 5555 3778 5610 Ptc‘
