3946 6176
134 294 229 344 709
1412 290 1729 345 VINDICIE
1768 292 2317 349 AUGUSTINIANE.

3512 305 3618 357 710

137 422 296 470 catum
323 416 413 477 est,
463 408 603 461 sicut
659 406 763 460 tibi
794 406 981 461 visum
1033 412 1138 476 est,
1188 408 1470 479 accepisti,
1522 415 1577 463 et
1622 426 1801 481 expo-
1839 420 1881 471 Α
1910 416 2065 467 vitia.
2100 434 2126 464 »
2158 414 2363 469 Scribit
2391 419 2582 469 autem
2611 416 2922 470 Turrianus
2954 416 3013 470 in
3046 421 3287 472 tractatu
3345 419 3415 473 de
3445 435 3604 474 erro-

142 501 287 557 suisti
312 514 418 552 non
450 502 509 550 ut
536 496 702 565 sapit,
737 496 831 549 sed
864 501 926 549 ut
958 497 1108 566 sapis
1135 514 1146 550 :
1180 497 1257 551 De
1288 497 1429 550 cibis
1457 498 1610 551 enim
1653 502 1804 569 Apo-

144 590 298 644 stolus
325 586 677 656 loquebatur.
737 585 942 638 Verum
994 602 1123 638 cum
1174 586 1447 640 dixisset:
1485 588 1593 652 Qui
1630 594 1808 641 autem

144 677 369 731 discernit
416 676 466 727 si
496 672 911 727 manducauerit
951 673 1243 728 damnatus
1294 680 1391 742 est,
1444 678 1578 745 quia
1607 692 1711 730 non
1741 693 1808 729 ex

138 766 419 834 ﬁdeUtom.
478 779 584 825 le,
644 763 752 829 23),
812 762 958 815 hanc
1013 762 1227 833 peccati
1258 764 1529 832 speciem,
1574 764 1643 817 de
1695 780 1811 834 qua

138 854 334 923 agebat,
363 850 611 921 generali
646 851 823 904 voluit
851 851 1092 920 probare
1138 852 1419 905 sententia
1480 868 1610 905 mox
1667 854 1809 906 infe-

139 957 248 994 rens
278 957 289 993 :
318 940 478 995 Omne
506 942 647 992 enim
678 940 821 1007 quod
850 955 953 992 non
982 953 1057 993 est
1090 956 1156 992 ea:
1187 941 1307 1008 'ﬁde
1338 945 1614 1008 peccatum
1642 946 1736 994 est.
1786 963 1807 989 ι

141 1032 249 1084 Haac
275 1028 641 1098 Augustinus,
676 1044 742 1081 ex
801 1028 1008 1099 quibus
1050 1028 1333 1083 dictamen
1388 1030 1751 1083 conscientize
1781 1046 1813 1082 a

138 1120 231 1172 ﬁde
259 1118 617 1187 dirigendum
650 1133 770 1170 esse
797 1117 1117 1182 deducitur,
1148 1135 1178 1171 a
1210 1134 1323 1187 qua
1344 1118 1481 1184 sola,
1516 1123 1578 1171 ut
1601 1118 1814 1172 ibidem

138 1207 334 1275 probat,
368 1206 425 1259 in
458 1207 728 1259 ultimum
784 1205 959 1258 finem
1005 1222 1147 1276 opus
1196 1206 1464 1273 refertur,
1495 1222 1669 1277 quam
1722 1208 1816 1260 ille

136 1295 496 1347 conditionem
531 1294 600 1348 ad
633 1294 945 1346 bonitatem
977 1294 1255 1347 moralem
1298 1296 1487 1366 operis
1538 1312 1607 1348 ex
1659 1295 1816 1349 omni

136 1384 537 1437 circumstantia
560 1382 793 1453 perfecti
824 1398 1052 1451 semper
1084 1382 1343 1452 requirit.
1396 1384 1619 1438 Etenim
1660 1384 1815 1454 judi-

136 1473 269 1525 cium
314 1472 649 1541 practicum,
710 1471 867 1542 quod
927 1471 1099 1525 dictat
1154 1472 1560 1526 abstinendum
1619 1472 1819 1525 acibis

138 1563 245 1631 lege
273 1560 477 1626 vetitis,
505 1560 821 1630 dirigitura
856 1560 989 1624 ﬁde,
1032 1576 1145 1630 qua
1175 1561 1485 1614 creduntur
1531 1566 1819 1631 praecepta

138 1652 219 1703 illa
243 1666 356 1703 esse
406 1650 681 1703 servanda
724 1666 825 1719 per
882 1650 1146 1703 ordinem
1199 1651 1268 1703 ad
1310 1652 1580 1704 ultimum
1620 1651 1814 1704 finem.

1915 503 2072 556 ribus
2102 503 2239 563 Baii,
2275 504 2342 557 ad
2393 506 2600 558 calcem
2647 505 2792 559 tomi
2850 506 2918 559 de
2975 506 3182 573 Gratia,
3235 523 3358 577 cap.
3412 511 3464 574 5,
3500 510 3526 575 §
3562 513 3615 573 l,

1917 607 2077 645 num.
2111 594 2143 645 4
2170 608 2181 645 :
2211 611 2236 641 ‹‹
2268 592 2355 646 Sic
2407 593 2619 647 habent
2646 594 2864 664 aliquot
2892 595 3065 649 bullae
3122 596 3272 665 typis
3327 597 3617 651 mandatae

1920 679 2134 745 Romae,
2188 683 2244 732 et
2303 680 2516 750 aliquot
2573 682 2996 753 manuscriptae,
3050 699 3190 753 quas
3238 700 3343 755 ego
3402 685 3609 739 vidi.»

1921 770 2183 823 Mendose
2213 774 2403 822 autem
2434 786 2553 823 esse
2610 771 2767 824 illam
2828 772 3035 825 thesim
3093 772 3171 825 sic
3220 772 3462 827 describi
3504 790 3621 827 cer-

1920 861 2043 910 tum
2073 861 2203 911 est:
2242 873 2375 909 nam
2423 862 2646 910 tantum
2706 859 2863 912 abest
2907 864 2967 913 ut
3023 860 3315 931 Pelagiani
3374 862 3621 915 dixerint

1923 944 2117 997 omnia
2148 961 2323 1015 opera
2354 944 2673 999 inﬁdelium
2703 962 2823 999 esse
2876 952 3123 1017 peccata,
3156 953 3221 1002 ut
3247 966 3276 1002 θ
3328 950 3617 1003 contrario

1923 1033 2114 1103 potius
2145 1038 2459 1087 assererent
2490 1034 2748 1088 inﬁdeles
2797 1036 3068 1107 pleraque
3119 1037 3394 1092 virtutum
3445 1055 3621 1109 opera

1924 1123 2144 1187 elicere,
2177 1127 2445 1192 putantes
2474 1139 2540 1176 ea
2570 1123 2786 1177 ratione
2834 1124 3088 1179 divinam
3119 1128 3361 1195 gratiam
3397 1144 3618 1197 expun-

1925 1228 2058 1281 gere
2092 1228 2156 1264 ex
2186 1212 2505 1281 Augustino
2539 1212 2633 1267 lib.
2692 1229 2744 1265 1v
2798 1215 2997 1266 contra
3040 1215 3349 1281 lulianum,
3408 1232 3529 1286 cap.
3566 1219 3616 1269 3.

1925 1298 2153 1363 Suarez,
2186 1298 2504 1366 prolegom.
2538 1300 2568 1350 6
2598 1298 2667 1351 de
2720 1297 2928 1363 Gratia,
2958 1314 3081 1367 cap.
3124 1302 3177 1365 2,
3210 1315 3369 1352 num.
3398 1304 3453 1365 ’7,
3485 1300 3564 1353 ait
3606 1316 3618 1353 :

1928 1406 1956 1435 ‹‹
2006 1386 2163 1439 Unde
2217 1385 2473 1455 suspicor
2539 1386 2599 1439 in
2660 1386 2757 1439 illa
2815 1386 3206 1456 propositione
3258 1388 3625 1457 hypothetica

1927 1472 2120 1525 deesse
2171 1473 2538 1542 negationem
2592 1474 2864 1544 aliquam,
2930 1491 3027 1528 seu
3085 1476 3323 1529 verbum
3376 1475 3626 1547 negandi

1928 1577 2113 1630 nempe
2145 1580 2159 1613 :
2193 1562 2256 1614 Et
2285 1561 2352 1614 ad
2381 1560 2865 1631 Pelagianismum
2904 1563 3213 1632 rejicienda
3244 1567 3328 1617 est
3360 1564 3457 1617 illa
3499 1580 3627 1618 sen-

1930 1651 2109 1704 tentia
2150 1666 2162 1703 :
2197 1651 2314 1705 Non
2365 1653 2545 1703 omnia
2574 1666 2734 1719 opera
2781 1650 3085 1721 inﬁdelium
3137 1657 3265 1705 sunt
3294 1656 3543 1722 peccata,
3580 1659 3630 1706 et

138 1739 299 1802 Quare
330 1739 425 1809 qui
478 1738 750 1791 discernit
804 1739 850 1790 si
906 1738 1335 1792 manducaverit
1380 1740 1682 1793 damnatus
1712 1743 1815 1805 est,
1853 1721 1892 1773 Β
1926 1740 2370 1809 philosophorum
2398 1742 2625 1793 virtutes
2651 1756 2756 1793 non
2805 1745 2931 1793 sunt
2984 1742 3196 1793 vitia.»
3228 1721 3319 1793 At
3352 1742 3623 1811 Vasquez,

138 1827 253 1897 quia
281 1844 389 1879 non
412 1830 682 1896 operatur
716 1842 778 1879 ex
812 1826 919 1879 fide
970 1825 1253 1895 dirigente
1295 1826 1577 1896 judicium
1610 1826 1821 1897 practi-

138 1932 393 1979 cum,seu
445 1914 872 1979 conscientiam,
935 1915 1088 1981 quod
1137 1915 1353 1968 dictum
1398 1916 1654 1985 generali
1689 1932 1818 1969 sen-

144 2005 299 2057 tentia
327 2004 577 2074 probans
629 2004 935 2073 Apostolus
966 2003 1045 2056 ait
1076 2020 1088 2056 :
1124 2005 1286 2058 Omne
1324 2005 1467 2072 quod
1496 2020 1600 2058 non
1653 2009 1728 2059 est
1758 2022 1825 2057 ea:

141 2093 250 2160 ﬁde,
282 2110 309 2145 a
338 2109 449 2163 qua
490 2093 612 2146 sola
655 2092 871 2145 bonum
931 2107 1074 2161 opus
1130 2092 1330 2145 saltem
1382 2092 1700 2145 virtualiter
1758 2092 1826 2145 ad

141 2184 297 2234 Deum
325 2181 521 2234 referri
556 2185 759 2251 potest,
789 2184 1074 2248 peccatum
1100 2184 1197 2233 est.
1235 2180 1433 2250 Neque
1466 2180 1558 2234 hic
1596 2181 1830 2235 audien-

139 2270 201 2322 da
243 2274 319 2323 est
373 2269 626 2323 violenta
678 2267 1073 2337 interpretatio
1103 2268 1348 2322 Cornelii
1400 2285 1433 2321 a
1486 2269 1695 2339 Lepide
1757 2270 1823 2323 ad

145 2360 276 2411 hunc
308 2358 462 2412 Pauli
496 2361 716 2411 textum
739 2356 981 2410 dicentis
1014 2372 1027 2409 :
1063 2379 1085 2405 ι
1120 2357 1509 2426 Augustinum
1540 2372 1669 2411 cum
1712 2357 1831 2411 suis

143 2446 190 2491 τὸ
227 2448 369 2514 Quod
407 2462 516 2500 non
571 2450 649 2499 est
692 2461 759 2498 ear:
800 2444 927 2513 ﬁde,
976 2461 1080 2514 per
1136 2445 1361 2498 miosim
1420 2446 1500 2499 sic
1551 2446 1835 2519 accipere,

150 2536 290 2604 quasi
317 2536 462 2588 dicat
492 2533 824 2605 Apostolus,
882 2534 1033 2603 quod
1076 2538 1161 2587 est
1226 2551 1292 2587 ex
1345 2534 1703 2601 infidelitate,
1747 2537 1829 2588 vel

152 2624 284 2693 quod
315 2630 396 2677 est
425 2628 627 2677 contra
658 2618 853 2687 fidem,
909 2622 1131 2692 quodve
1189 2622 1253 2675 fit
1298 2622 1365 2676 ad
1425 2623 1640 2676 cultum
1672 2623 1829 2688 idoli,

152 2713 242 2765 hoc
268 2717 560 2782 peccatum
588 2726 746 2776 esse;
780 2714 836 2762 et
870 2711 1004 2779 quia
1050 2714 1275 2763 sanctus
1316 2711 1668 2781 Augustinus
1720 2728 1831 2781 pu-

154 2802 287 2854 tabat
308 2802 582 2870 pleraque
618 2815 791 2869 opera
822 2800 892 2852 ab
920 2799 1246 2852 inﬁdelibus
1278 2799 1401 2852 fieri
1432 2800 1535 2853 hoc
1565 2800 1699 2861 ﬁne,
1735 2799 1835 2852 sci-

151 2890 266 2944 licet
292 2890 358 2943 ad
410 2889 720 2943 colendum
752 2888 987 2955 idolum,
1035 2887 1167 2941 hinc
1199 2892 1615 2958 consequenter
1644 2889 1831 2957 plera-

147 2994 241 3048 que
302 2996 471 3049 opera
545 2983 774 3048 putasse
837 2993 957 3030 esse
1024 2981 1271 3046 peccata.
1335 2998 1356 3025 ι
1419 2976 1639 3030 Etenim
1696 2992 1826 3029 san-

145 3072 249 3120 ctus
277 3069 432 3121 Pater
484 3067 557 3120 ad
612 3081 802 3119 veram
860 3064 1127 3119 virtutem
1180 3066 1520 3119 relationem
1572 3064 1629 3118 in
1686 3065 1826 3140 ulti-

148 3172 284 3211 mum
332 3158 507 3211 finem
541 3154 914 3209 necessariam
958 3154 1097 3207 adeo
1153 3154 1386 3225 putavit,
1449 3160 1511 3207 ut
1566 3170 1670 3207 nec
1716 3153 1827 3206 vir-

149 3249 275 3298 tutes
310 3252 548 3316 propter
606 3243 693 3296 sui
751 3244 1106 3296 honestatem
1174 3243 1315 3297 citra
1380 3242 1587 3297 vitium
1643 3242 1828 3313 expeti

148 3350 291 3402 posse
348 3332 744 3400 affirmaverit,
794 3336 858 3384 ut
912 3332 1089 3385 fusius
1145 3349 1269 3401 cap.
1327 3336 1378 3399 3,
1421 3331 1447 3402 §
1489 3336 1537 3398 4,
1572 3333 1831 3403 probavi-

152 3439 308 3476 mus:
358 3423 551 3476 deficit
618 3408 773 3474 enim
843 3420 955 3473 illis
1027 3422 1229 3474 relatio
1299 3423 1498 3474 saltem
1570 3420 1830 3474 virtualis

148 3510 384 3577 proxima
414 3511 471 3564 in
511 3509 781 3563 ultimum
838 3507 1033 3572 finem,
1091 3524 1156 3560 eo
1206 3508 1359 3577 quod
1413 3507 1713 3561 eliciantur
1761 3506 1828 3559 ab

150 3599 353 3653 homine
404 3599 526 3653 veri
583 3597 683 3651 Dei
739 3595 1066 3665 cognitione
1120 3596 1361 3665 privato,
1417 3612 1478 3649 ac
1534 3595 1829 3666 philautire

150 3687 264 3741 vitio
290 3692 749 3759 corrumpantur,
783 3702 909 3755 quae
954 3688 1217 3738 constans
1244 3685 1563 3755 Augustino
1601 3688 1828 3738 senten-

153 3773 219 3826 tia
245 3777 407 3832 stetit.

214 3863 387 3919 Dices:
422 3865 613 3937 Igitur
644 3864 689 3916 si
721 3880 870 3918 omne
905 3863 1049 3932 quod
1078 3878 1183 3915 non
1204 3866 1280 3915 est
1312 3878 1379 3914 ea:
1422 3862 1527 3930 ﬁde
1551 3866 1832 3931 peccatum

153 3957 238 4020 est,
267 3954 527 4008 videlicet
578 3953 763 4007 omnis
811 3952 956 4005 actio
1001 3967 1129 4021 quas
1175 3966 1294 4003 non
1340 3950 1610 4019 supponit
1659 3950 1833 4004 ﬁdem

158 4040 208 4092 in
244 4050 530 4113 operante,
560 4060 591 4097 a
617 4059 729 4113 qua
756 4042 816 4094 in
865 4041 1133 4094 ultimum
1182 4040 1355 4093 ﬁnem
1414 4038 1715 4109 dirigatur,
1750 4044 1834 4092 est

156 4138 444 4200 peccatum,
477 4148 659 4201 eaque
690 4130 963 4184 astruitur
1000 4144 1271 4199 germana
1296 4127 1673 4198 intelligentia
1702 4144 1830 4180 ver-

158 4218 337 4275 borum
367 4221 627 4291 Apostoli
660 4236 724 4273 ex
772 4221 1029 4295 Patrum,
1060 4217 1397 4287 pontificum
1438 4233 1501 4270 ac
1529 4215 1704 4269 totius
1737 4216 1832 4269 Ec-

1936 1830 2051 1895 1-2,
2084 1826 2228 1897 disp.
2278 1829 2399 1893 191,
2454 1844 2574 1897 cap.
2628 1830 2683 1895 2,
2742 1827 2822 1881 ita
2852 1828 3051 1881 recitat
3099 1829 3257 1881 illam
3288 1828 3625 1899 propositio-

1932 1931 2065 1969 nem
2100 1931 2111 1967 :
2142 1918 2336 1970 Omnia
2363 1932 2523 1985 opera
2552 1917 2855 1983 inﬁdelium
2895 1922 3019 1971 sunt
3063 1922 3303 1986 peccata,
3336 1922 3439 1972 etc.
3476 1919 3539 1971 Et
3570 1917 3629 1971 in

1934 2005 2133 2058 eadem
2176 2004 2333 2058 bulla
2390 2022 2504 2059 non
2536 2006 2709 2058 semel
2742 2006 2891 2058 edita
2950 2007 3142 2059 Romae
3185 2011 3380 2060 contra
3433 2007 3629 2060 Janse-

1934 2092 2096 2145 nium
2119 2093 2292 2147 verba
2338 2093 2477 2146 illa:
2513 2095 2583 2147 Et
2622 2094 2694 2147 ad
2747 2094 3223 2159 Pelagianismum,
3262 2100 3391 2161 etc.,
3424 2095 3635 2149 omissa

1935 2186 2088 2249 sunt,
2121 2182 2183 2234 In
2214 2180 2416 2251 primis
2443 2181 2711 2235 damnata
2741 2186 2826 2236 est
2879 2182 2977 2235 illa
3030 2182 3347 2253 propositio
3396 2184 3469 2237 ob
3499 2199 3633 2238 cen-

1936 2286 2129 2323 suram
2161 2287 2275 2340 qua
2323 2270 2726 2340 Pelagianismi
2786 2270 3081 2325 incusabat
3113 2277 3387 2342 negantes
3441 2272 3635 2326 omnia

1939 2376 2114 2430 opera
2170 2360 2493 2414 inﬁdelium
2549 2376 2668 2413 esse
2708 2364 2953 2431 peccata,
3017 2364 3073 2414 et
3128 2361 3285 2415 illam
3339 2377 3634 2415 censuram

1940 2448 2204 2520 primitus
2234 2448 2292 2501 in
2322 2447 2492 2502 bullis
2523 2448 2693 2502 fuisse
2723 2452 2878 2519 patet
2929 2465 2994 2501 ex
3023 2448 3093 2501 iis
3137 2466 3266 2520 quae
3323 2449 3638 2521 antiquitus

1942 2539 2140 2591 Roma:
2167 2537 2332 2591 editae
2369 2541 2519 2603 sunt,
2553 2554 2695 2608 quas
2745 2538 2915 2591 etiam
2964 2538 3295 2604 Turrianus,
3336 2538 3576 2609 insignis
3607 2555 3637 2591 e

1942 2625 2211 2679 societate
2261 2625 2524 2695 scriptor,
2574 2629 2816 2679 testatur
2875 2642 2933 2679 se
2972 2626 3375 2697 legisse;quis
3432 2627 3638 2680 audeat

1943 2716 2130 2769 dicere
2164 2716 2551 2785 typographos
2583 2716 2872 2769 Romanos
2896 2716 3132 2785 propria
3179 2716 3514 2769 auctoritate
3570 2731 3633 2769 ea

1948 2804 2117 2857 verba
2145 2804 2427 2857 addidisse
2447 2804 2475 2857 ?
2506 2804 2633 2856 Haec
2663 2804 3079 2857 confirmantur
3117 2820 3185 2857 ex
3213 2804 3319 2857 hac
3369 2804 3636 2874 proposi-

1943 2891 2096 2945 tione
2126 2893 2193 2944 23
2224 2891 2479 2961 ejusdem
2503 2890 2639 2954 Baii,
2670 2906 2898 2960 nempe,
2930 2911 2952 2938 ι
2979 2907 3109 2943 cum
3138 2891 3365 2961 Pelagio
3397 2892 3631 2955 sentire,

1943 2979 2043 3049 qui
2072 2984 2288 3033 textum
2318 2979 2575 3049 Apostoli
2635 2980 2794 3033 Rom.
2829 2996 2865 3031 ιι
2900 2994 2912 3033 :
2940 2979 3126 3034 Gentes
3161 2994 3279 3048 quae
3302 2981 3479 3052 {legem
3532 2997 3637 3035 non

1938 3068 2132 3122 habent
2163 3070 2491 3123 naturaliter
2517 3085 2579 3122 ea
2636 3084 2754 3136 qua:
2805 3069 2934 3133 legis
2965 3073 3093 3123 sunt
3141 3070 3376 3136 faciunt,
3422 3068 3639 3123 intelli-

1935 3161 2079 3224 gunt
2104 3157 2171 3210 de
2233 3156 2500 3226 gentibus
2553 3154 2687 3209 ﬁdei
2745 3155 2990 3227 gratiam
3040 3172 3158 3209 non
3209 3156 3634 3210 habentibus.»

1934 3243 2072 3308 Qua:
2126 3244 2359 3316 quidem
2424 3244 2735 3315 propositio
2788 3244 2875 3299 vel
2930 3244 3249 3299 secundum
3306 3245 3636 3299 historicam

1936 3333 2324 3388 narrationem
2354 3332 2650 3403 accipitur,
2685 3332 2743 3386 id
2769 3337 2853 3386 est
2897 3348 2994 3386 eos
3048 3333 3147 3403 qui
3190 3333 3270 3386 ita
3303 3333 3553 3387 sentiunt
3583 3332 3637 3385 id

1936 3438 2187 3477 asserere
2220 3422 2375 3492 quod
2428 3421 2629 3475 itidem
2661 3421 2919 3491 Pelagius
2946 3422 3270 3477 afﬁrmavit.
3311 3423 3373 3475 Et
3428 3422 3487 3474 in
3537 3422 3642 3475 hoc

1936 3524 2103 3561 sensu
2134 3508 2453 3578 propositio
2484 3508 2583 3561 illa
2613 3512 2696 3561 est
2726 3524 2877 3575 vera,
2913 3523 3020 3561 nec
3076 3508 3191 3561 ulla
3230 3508 3453 3562 ratione
3486 3508 3642 3561 dam-

1938 3597 2063 3651 nari
2118 3602 2321 3667 potest,
2381 3612 2517 3650 nam
2575 3596 2838 3666 Pelagius
2892 3597 2969 3650 ita
3028 3595 3127 3650 illa
3179 3596 3437 3666 Apostoli
3470 3595 3644 3649 verba

1938 3686 2178 3756 explicat
2206 3686 2265 3739 in
2298 3685 2458 3755 epist.
2497 3685 2567 3738 ad
2613 3684 3055 3751 Demetriadem,
3110 3701 3231 3755 cap.
3259 3687 3330 3750 4;
3366 3690 3421 3739 et
3452 3686 3641 3738 Patres

1938 3774 2235 3846 Byzaceni,
2259 3774 2317 3827 in
2348 3774 2453 3829 lib.
2498 3773 2566 3827 de
2608 3774 2888 3839 Incarnat,
2952 3777 3007 3825 et
3059 3778 3229 3842 grat.,
3261 3788 3383 3841 cap.
3417 3776 3471 3839 5,
3505 3772 3644 3825 reci-

1939 3869 2054 3917 tata
2083 3864 2181 3917 illa
2214 3863 2371 3917 Pauli
2421 3861 2703 3915 sententia
2757 3861 3055 3914 scribunt:
3094 3881 3120 3908 »
3171 3860 3351 3923 Quem
3408 3860 3642 3929 quidem

1940 3950 2194 4020 Apostoli
2226 3952 2413 4003 locum
2443 3950 2504 4003 hi
2535 3949 2635 4019 qui
2679 3949 2881 4019 gratia:
2941 3948 3341 4002 contradicunt
3378 3948 3644 4018 gentibus

1938 4038 2244 4093 incredulis
2273 4038 2562 4108 assignare
2619 4042 2925 4092 conantur.
2980 4056 3005 4087 »
3059 4037 3221 4099 Quod
3254 4036 3425 4089 etiam
3475 4037 3648 4091 tradit

1940 4126 2291 4197 Augustinus
2317 4126 2416 4180 lib.
2445 4120 2496 4179 1v
2536 4130 2734 4180 contra
2784 4127 2922 4193 Jul.,
2955 4141 3077 4194 cap.
3114 4128 3165 4191 3,
3201 4123 3227 4193 §
3261 4125 3409 4179 Unde
3438 4130 3489 4178 et
3536 4125 3639 4178 illi.

1942 4217 2037 4269 Vel
2069 4215 2268 4269 eadem
2310 4214 2544 4268 assertio
2576 4214 2854 4285 accipitur
2895 4218 3069 4284 prout
3125 4230 3365 4268 censura
3409 4213 3647 4283 conﬁgit

154 4306 317 4363 clesia:
387 4309 685 4365 catholicae
762 4307 1256 4378 interpretatione,
1324 4306 1584 4376 sequitur
1643 4304 1835 4359 omnia
1874 4314 1915 4367 D
1949 4319 2044 4358 eos
2074 4302 2171 4374 qui
2204 4303 2500 4357 laudatum
2529 4307 2749 4357 textum
2804 4302 2873 4357 de
2918 4302 3246 4357 inﬁdelibus
3292 4302 3645 4373 intelligunt,

157 4412 308 4464 opera
336 4398 658 4454 inﬁdelium
717 4414 837 4451 esse
890 4401 1141 4466 peccata,
1204 4411 1334 4466 quae
1383 4400 1576 4449 tamen
1634 4398 1715 4447 est
1767 4397 1833 4447 26

159 4489 445 4556 propositio
482 4488 600 4541 Baii
640 4487 711 4541 ab
770 4485 1079 4556 apostolica
1134 4485 1265 4539 sede
1316 4484 1485 4537 toties
1545 4484 1832 4549 damnata,

159 4571 466 4645 Respondeo
493 4594 595 4630 nos
645 4577 760 4645 iam
787 4575 1071 4645 superius,
1106 4589 1229 4644 cap.
1267 4576 1318 4639 3,
1354 4571 1380 4641 ἓ
1408 4575 1463 4635 4,
1494 4572 1829 4636 insinuasse,

159 4667 334 4729 procul
390 4683 507 4719 esse
572 4663 879 4735 Augustini
936 4664 1343 4716 sententiama
1391 4661 1659 4714 damnata
1716 4660 1835 4714 Baii

159 4754 548 4821 propositione,
582 4754 679 4807 sed
722 4770 791 4807 ne
823 4752 1120 4806 videamur
1146 4750 1491 4805 recentiores
1513 4750 1833 4819 pontifices,

159 4842 244 4907 qui
282 4849 648 4899 memoratam
678 4842 883 4896 thesim
915 4842 1122 4911 saepius
1143 4840 1549 4911 proscripsere,
1572 4854 1701 4892 cum
1734 4855 1835 4892 an-

157 4927 312 4998 tiquis
340 4932 743 4999 decessoribus,
801 4932 919 4984 imo
952 4946 1084 4984 cum
1136 4929 1381 4999 ipsamet
1437 4927 1681 4983 Ecclesia
1745 4944 1835 4980 ca-

156 5016 347 5073 tholica
400 5023 776 5088 committere,
833 5036 961 5090 quae
1019 5036 1087 5072 ex
1132 5018 1397 5088 Apostols
1456 5017 1622 5071 docet
1688 5032 1838 5069 omne

156 5106 285 5171 quod
315 5125 416 5163 non
443 5116 519 5164 est
549 5127 615 5164 ea:
643 5109 750 5178 ﬁde
798 5112 1078 5179 peccatum
1129 5122 1257 5172 esse,
1289 5121 1471 5175 pauca
1502 5104 1594 5157 hic
1625 5104 1835 5157 iterum

156 5193 455 5263 Subjiciam.
492 5200 553 5252 In
585 5197 787 5268 primis
819 5196 915 5249 illa
947 5195 1260 5267 propositio
1309 5196 1375 5247 26
1412 5192 1527 5245 Baii
1560 5209 1589 5244 a
1642 5192 1837 5261 pleris-

158 5294 256 5349 que
284 5288 544 5341 recitatur
583 5287 916 5357 [Possevin.,
951 5286 1123 5339 verbo
1177 5283 1409 5337 Michael
1446 5280 1655 5349 Baius],
1694 5296 1837 5349 prae-

158 5369 307 5439 cipue
338 5390 468 5428 vero
498 5393 529 5429 a
584 5374 785 5429 Suario
841 5375 946 5428 hoc
988 5378 1152 5444 pacto
1187 5389 1198 5426 :
1236 5392 1262 5422 α
1293 5372 1356 5425 Et
1385 5370 1458 5424 ad
1488 5369 1836 5439 Pelagianis-

161 5472 301 5515 mum
331 5464 635 5534 rejicienda
661 5470 744 5519 est
782 5464 880 5518 illa
938 5463 1219 5517 sententia
1250 5480 1265 5514 :
1298 5462 1493 5517 Omnia
1541 5474 1705 5529 opera
1750 5461 1840 5513 in-

160 5544 383 5612 ﬁdelium
412 5559 535 5607 sunt
582 5559 823 5623 peccata,
866 5558 917 5607 et
962 5554 1401 5622 philosophorum
1446 5552 1674 5606 virtutes
1713 5554 1838 5605 sunt

1942 4393 2106 4465 quasi
2136 4393 2401 4447 heresim
2438 4393 2802 4464 Pelagianam
2830 4410 2894 4447 eo
2928 4398 3090 4463 pacto
3122 4393 3380 4457 doceant,
3412 4403 3468 4446 et
3498 4396 3647 4445 recte

1943 4485 2015 4538 ob
2047 4484 2441 4554 impudentem
2471 4498 2793 4545 censuram,
2825 4486 3101 4553 tanquam
3128 4481 3459 4535 scandalosa
3482 4480 3641 4534 dam-

1942 4579 2111 4628 natur
2142 4574 2341 4627 eadem
2379 4572 2498 4626 Baii
2528 4571 2859 4641 propositio.
2894 4572 3088 4641 Itaque
3112 4570 3286 4625 etiam
3326 4570 3644 4641 propositio

1941 4662 2038 4715 illa
2089 4664 2157 4716 26
2217 4662 2289 4715 ob
2347 4676 2647 4714 censuram
2701 4660 3021 4729 proscripta
3055 4660 3179 4724 fuit,
3217 4675 3349 4730 quae
3381 4658 3642 4712 eamdem

1944 4750 2259 4803 doctrinam
2290 4766 2420 4803 cum
2448 4752 2515 4803 23
2546 4750 2835 4815 continet;
2900 4748 3228 4819 oppositum
3279 4747 3433 4801 enim
3473 4744 3643 4798 thesis

1942 4840 2008 4892 26
2057 4838 2287 4908 probari
2345 4839 2490 4892 solet
2540 4839 2610 4892 ab
2668 4837 2939 4891 omnibus
2995 4854 3060 4891 ex
3112 4841 3267 4890 textu
3325 4837 3642 4888 memorato

1941 4926 2195 4996 Apostoli
2228 4928 2389 4981 Rom.
2450 4943 2507 4981 ιι.
2569 4927 2907 4996 Respondeo
2950 4928 3010 4979 2ο
3045 4923 3466 4995 propositiones
3519 4921 3644 4974 illas

1942 5015 2202 5071 damnari
2230 5018 2537 5084 respective,
2570 5020 2627 5069 et
2656 5018 2711 5069 in
2736 5032 2895 5071 sensu
2913 5016 2981 5069 ab
3034 5012 3387 5067 assertoribus
3418 5013 3640 5076 intento,

1944 5109 2006 5160 ut
2034 5104 2093 5158 in
2124 5105 2237 5159 ﬁne
2269 5105 2441 5159 bulla:
2470 5105 2761 5159 asseritur.
2818 5106 2916 5157 illa
2948 5100 3261 5173 propositio
3292 5102 3360 5153 26
3402 5100 3645 5153 damna-

1943 5200 2114 5248 natur
2144 5194 2453 5264 respective
2494 5195 2565 5248 ad
2593 5197 2680 5256 35,
2709 5209 2838 5263 quae
2865 5196 2945 5245 est
2974 5207 2985 5243 :
3023 5191 3183 5245 Omne
3214 5188 3358 5256 quod
3387 5190 3502 5254 agit
3525 5203 3644 5257 pec-

1943 5289 2093 5338 cator
2120 5284 2201 5337 vel
2230 5298 2414 5336 servus
2468 5283 2696 5352 peccati,
2742 5285 3021 5350 peccatum
3060 5281 3155 5330 est.
3194 5278 3267 5330 Ex
3309 5292 3422 5347 qua
3450 5292 3643 5329 neces-

1945 5372 2095 5426 sario
2123 5371 2367 5425 infertur
2396 5372 2588 5426 omnia
2619 5385 2794 5439 opera
2846 5365 3167 5420 infidelium
3225 5380 3345 5419 esse
3391 5369 3639 5435 peccata.

1946 5466 2003 5517 et
2031 5461 2508 5533 philosophorum
2551 5460 2787 5513 virtutes
2843 5470 2966 5509 esse
3021 5454 3176 5521 vitia,
3230 5470 3361 5507 cum
3414 5452 3497 5507 illi
3530 5452 3647 5506 sint

1943 5553 2290 5620 peccatores.
2318 5550 2501 5613 Quare
2529 5544 2731 5601 merito
2773 5542 3096 5607 damnatur,
3148 5545 3215 5596 ut
3271 5540 3542 5607 derivata,
3577 5555 3643 5592 ex
