3894 6184
329 286 427 338 711

1340 273 1897 331 SUPPLEMENTUM
1938 274 2029 327 AD
2066 272 2308 330 OPERA‘
2336 276 2393 331 S.
2435 275 2824 331 AUGUSTINI.
3701 282 3787 332 712

325 403 593 459 haeretica
667 402 923 457 doctrina
990 401 1202 470 rejecta
1271 397 1331 451 in
1386 396 1714 452 Tridentina
1781 396 2018 467 synodo,
2059 398 2099 451 A
2130 415 2344 467 remus,
2376 401 2627 455 maximo
2651 399 2912 454 omnium
2942 399 3159 468 dolore,
3198 403 3257 454 et
3292 402 3460 456 totius
3485 402 3647 473 hujus
3683 407 3797 459 uni-‘

326 510 461 547 sess.
493 495 548 555 6,
581 508 686 547 can
709 495 765 555 7,
798 495 856 544 et
882 489 954 543 ab
984 486 1326 557 Augustino,
1387 491 1452 539 ut
1506 490 1703 539 contra
1735 485 2027 541 Maldona-

326 587 448 637 tum
477 580 828 636 ostendimus
869 594 990 647 cap.
1024 580 1077 644 3,
1138 574 1165 644 ξ
1221 576 1275 629 4.
1331 574 1671 645 Respondeo
1701 574 1871 628 tertio
1903 574 2029 627 inﬁ-

328 671 483 725 deles
536 668 758 738 aliquos
814 670 970 720 actus
1026 664 1207 718 bonos
1265 663 1490 729 elicere,
1548 662 1621 717 ad
1681 662 2027 733 quosaDco

326 761 769 830 praemoventur,
824 754 924 825 qui
978 754 1233 823 profecto
1293 757 1526 823 peccata
1579 768 1701 805 esse
1732 768 1849 806 non
1897 768 2029 821 pos—

333 851 482 902 sunt.
516 845 710 899 Tradit
734 843 842 898 hoc
868 843 1080 898 diserte
1131 846 1359 896 sanctus
1408 841 1621 907 doctor,
1656 858 1778 911 cap.
1837 842 1906 895 24-
1961 840 2030 894 de

329 935 520 990 Gratia
550 931 756 988 Christi
785 931 903 1000 ubi,
953 932 1187 985 recitato
1243 930 1340 983 illo
1378 929 1684 1000 Scriptura:
1741 945 1914 983 sacras
1961 930 2031 983 de

331 1021 563 1077 Assueri
613 1019 928 1075 mutatione
983 1018 1316 1074 testimonio
1369 1018 1567 1072 Esther
1614 1034 1706 1085 xv,
1762 1021 1817 1071 11
1850 1033 1864 1071 :
1896 1019 2030 1073 Con-

330 1114 493 1165 vertit
521 1113 681 1177 Deus,
698 1114 747 1162 et
764 1109 1045 1162 transtulit
1066 1107 1494 1173 indignationem
1516 1106 1631 1173 ejus
1654 1107 1713 1159 in
1735 1107 2029 1172 lenitatem,

334 1216 465 1254 cum
495 1198 658 1269 prius
686 1196 1060 1268 praemisisset
1096 1199 1408 1249 Assuerum
1460 1200 1582 1249 tum
1609 1194 1784 1249 fuisse
1829 1195 2034 1249 inlide-

333 1290 468 1354 lem,
501 1293 557 1342 et
593 1291 972 1358 peccatorem,
1027 1284 1315 1338 concludit
1345 1301 1357 1337 :
1396 1306 1418 1334 ι
1452 1284 1686 1337 Interna
1727 1289 1898 1355 atque
1950 1300 2035 1337 oc-

334 1377 485 1432 culta
510 1374 821 1438 mirabilia,
853 1390 916 1429 ac
944 1373 1222 1429 ineffabili
1277 1376 1553 1443 potestate
1585 1372 1810 1443 operari
1855 1373 2034 1427 Deum

335 1468 393 1522 in
425 1466 693 1521 cordibus
722 1465 1023 1519 hominum
1058 1480 1174 1517 non
1206 1464 1390 1516 solum
1422 1479 1582 1515 veras
1639 1462 2033 1529 revelationes,

335 1556 432 1610 sed
488 1555 661 1609 etiam
712 1570 882 1607 noxas
934 1568 1289 1607 vowxuras.
1352 1572 1373 1598 ι
1430 1551 1598 1605 Baius
1655 1567 1785 1604 vero
1838 1550 2034 1605 nullos

337 1647 495 1698 actus
524 1644 705 1697 bonos
736 1659 802 1695 ex
834 1641 933 1695 Dei
963 1641 1146 1711 gratia
1175 1640 1243 1694 ad
1274 1639 1599 1693 inﬁdelibus
1634 1639 1761 1693 ﬁeri
1791 1640 2033 1704 volebat,

345 1749 412 1786 eo
437 1732 587 1803 quod
620 1731 861 1801 gratiam
916 1735 1139 1784 tantum
1190 1728 1533 1783 admittebat
1562 1728 1811 1797 Spiritus
1863 1727 2041 1781 sancti

340 1820 718 1876 inhabitantis
742 1821 803 1873 in
836 1820 1048 1885 anima,
1078 1818 1179 1889 qui
1208 1834 1337 1872 cum
1369 1817 1428 1871 in
1479 1817 1695 1872 inﬁdeli
1724 1833 1842 1871 non
1878 1816 2043 1871 inha-

336 1911 495 1972 bitet,
545 1909 680 1964 hinc
733 1909 1117 1963 arbitrabatur
1168 1908 1394 1960 nullum
1450 1906 1513 1960 in
1572 1906 1771 1960 eodem
1834 1906 2043 1960 divinae

339 2000 539 2071 gratiae
570 2000 846 2053 auxilium
876 1997 1136 2069 reperiri.
1188 1998 1401 2051 Horum
1450 2001 1651 2049 testem
1685 1996 1908 2066 appello
1938 1997 2044 2050 Ga-

338 2089 580 2143 brielem
610 2089 885 2158 Vasquez,
938 2089 1045 2151 1-2,
1107 2086 1319 2155 disput.
1385 2087 1507 2149 190,
1567 2100 1691 2153 cap.
1753 2088 1840 2151 18,
1882 2100 2042 2138 num.

343 2179 464 2243 184,
495 2176 595 2230 ubi
624 2175 693 2229 de
724 2174 997 2245 opinione
1023 2173 1157 2227 .Baii
1186 2174 1245 2227 in
1276 2173 1421 2226 libro
1453 2173 1522 2226 de
1572 2172 1803 2226 iustitia
1832 2178 1891 2227 et
1939 2173 2047 2226 vir-

338 2265 560 2318 tutibus
580 2263 911 2333 impiorum,
939 2278 1062 2331 cap.
1095 2263 1129 2315 4
1158 2266 1214 2314 et
1243 2265 1296 2329 5,
1322 2261 1442 2314 hare
1471 2260 1644 2314 habet
1677 2278 1690 2314 :
1727 2281 1754 2311 «
1790 2262 1913 2314 Non
1955 2261 2049 2315 ad-

341 2352 606 2406 mittebat
628 2352 725 2405 ille
752 2350 1180 2405 distinctionem
1209 2349 1410 2420 gratiae
1434 2348 1678 2418 Spiritus
1699 2349 1879 2403 sancti
1910 2365 2049 2402 non-

340 2442 479 2496 dum
513 2439 843 2505 habitantis,
878 2438 1111 2509 qualem
1166 2437 1532 2490 concedimus
1588 2443 1718 2490 ante
1750 2436 2045 2490 remissio-

342 2542 478 2580 nem
535 2530 920 2595 peccatorum,
980 2529 1035 2577 et
1091 2524 1485 2588 inhabitantis,
1542 2523 1774 2594 qualem
1805 2522 2048 2577 dicimus

344 2631 466 2669 esse
496 2619 626 2684 post
676 2613 1105 2667 remissionem.
1170 2634 1195 2660 ιι
1233 2612 1369 2676 Quae
1428 2610 1688 2665 doctrina
1743 2615 1828 2664 est
1851 2616 2050 2664 contra

344 2700 741 2756 Tridentinam
782 2701 1083 2771 synodum,
1131 2716 1277 2770 qum,
1339 2716 1472 2753 sess.
1538 2701 1622 2767 14,
1674 2715 1797 2770 cap.
1846 2701 1901 2765 4,
1942 2699 2046 2753 ad-

346 2789 523 2843 mittit
552 2791 796 2858 Spiritus
846 2790 1024 2843 sancti
1080 2790 1394 2857 impulsum,
1451 2803 1558 2841 non
1609 2787 1787 2841 adhuc
1835 2788 2051 2856 quidem

343 2879 739 2947 inhabitantis,
769 2878 863 2931 sed
892 2882 1103 2931 tantum
1125 2880 1405 2931 moventis.
1440 2878 1515 2931 Ex
1542 2876 1631 2930 his
1679 2881 1839 2946 patet
1867 2878 2049 2946 Grego

2136 490 2435 554 versitatis,
2466 490 2584 544 imo
2616 495 2675 544 et
2703 490 2857 545 orbis
2881 490 3128 560 jactura,
3176 505 3210 542 a
3246 489 3384 542 vivis
3435 494 3652 560 ereptus
3702 497 3787 559 est,

2138 596 2347 649 nempe
2379 580 2683 650 magistum
2744 578 3016 633 Basilium
3066 576 3335 632 Poncium
3388 578 3789 647 Legiouensem,

2142 668 2572 739 Augustinianas
2620 668 2853 723 familias
2915 666 3376 737 augustissimam
3403 667 3640 736 prolem,
3668 672 3719 721 et
3743 668 3791 721 in

2138 759 2245 813 hac
2288 757 2580 812 academia
2626 757 2908 811 cathedrae
2962 754 3253 827 primariae
3304 770 3471 809 sacrae
3520 754 3794 826 theologia:

2139 845 2571 900 meritissimum
2601 844 3039 899 moderatorem.
3067 864 3090 893 ι
3122 844 3318 913 Itaque
3344 857 3473 896 cum
3500 842 3595 896 illa
3617 858 3780 913 propo

2142 935 2271 988 sitio
2303 950 2317 988 :
2352 935 2547 990 Omnia
2575 949 2738 1002 opera
2767 934 3069 1002 inﬁdelium
3122 936 3250 987 sunt
3272 936 3510 1001 peccata,
3541 947 3572 985 a
3598 931 3800 985 nobilis-

2141 1020 2302 1075 simis
2339 1021 2624 1093 theologis
2677 1022 2849 1077 etiam
2903 1025 3033 1092 post
3082 1021 3297 1076 editam
3372 1019 3582 1074 bullam
3634 1023 3802 1073 contra

2144 1110 2344 1165 Baium
2403 1111 2762 1177 defendatur,
2801 1110 2992 1181 palam
3029 1109 3096 1164 ﬁt
3138 1110 3197 1163 in
3247 1113 3403 1163 recto
3455 1123 3616 1162 sensu
3659 1124 3801 1179 posse

2143 1200 2346 1269 accipi,
2376 1215 2410 1253 a
2438 1215 2552 1271 quo
2579 1200 2777 1270 procul
2805 1199 2917 1257 fuit
2972 1199 3157 1261 Baius,
3192 1197 3344 1252 unde
3390 1197 3590 1251 merito
3632 1197 3803 1251 eadem

2144 1288 2321 1342 thesis
2347 1288 2417 1342 ab
2439 1288 2754 1359 apostolica
2782 1289 2916 1343 sede
2945 1287 3264 1359 proscripta
3315 1286 3439 1341 fuit.
3474 1287 3597 1340 Haec
3639 1290 3803 1339 autem

2144 1377 2327 1432 fusius
2378 1384 2716 1448 prosecutus
2770 1393 2922 1446 sum,
2971 1392 3091 1431 non
3142 1375 3317 1430 modo
3369 1380 3433 1430 ut
3481 1375 3807 1429 ostenderem

2145 1482 2403 1520 summos
2429 1467 2727 1537 pontiﬁces
2755 1483 2820 1520 ac
2875 1470 2959 1519 tot
2990 1468 3205 1532 Patres,
3240 1465 3357 1518 imo
3410 1463 3587 1534 ipsam
3641 1462 3807 1516 catho-

2144 1557 2313 1610 licam
2344 1557 2668 1624 Ecclesiam,
2700 1556 2839 1609 dum
2870 1556 2970 1609 illa
3014 1555 3186 1608 verba
3213 1552 3469 1624 Apostoli
3502 1553 3661 1608 Rom.
3699 1566 3805 1605 xw:

2147 1648 2311 1701 Omne
2339 1646 2484 1715 quod
2511 1662 2616 1699 non
2641 1651 2719 1699 est
2763 1661 2832 1699 ea:
2858 1645 2984 1714 ﬁde,
3011 1649 3290 1713 peccatum
3319 1648 3417 1707 est,
3450 1642 3716 1711 explicant
3753 1640 3809 1692 de

2149 1736 2261 1788 ﬁde
2291 1735 2609 1797 Chistiana,
2645 1735 2804 1789 nulla
2832 1735 3053 1788 ratione
3082 1732 3387 1803 suffragari
3415 1731 3685 1785 damnatas
3712 1729 3808 1783 Baii

2151 1823 2552 1894 propositioni,
2587 1839 2787 1877 verum
2832 1823 3005 1877 etiam
3058 1827 3126 1877 ut
3174 1822 3312 1876 satis
3365 1820 3653 1875 molestam
3700 1835 3807 1889 qua

2154 1913 2419 1967 rumdam
2485 1912 2866 1966 recentiorum
2936 1911 3437 1983 importunitatem
3509 1909 3808 1970 refellerem,

2150 2018 2266 2072 qua
2318 2003 2552 2056 crudam
2607 2001 2766 2055 illam
2795 2000 3252 2072 propositionem
3299 2000 3513 2071 absque
3556 2012 3806 2059 sensuum,

2152 2107 2294 2161 quos
2325 2091 2516 2162 plures
2546 2090 2662 2161 pati
2709 2089 3043 2157 monstravi,
3101 2088 3472 2144 distinctione
3522 2086 3810 2142 damnatam

2150 2180 2368 2233 volunt.

2154 2282 2181 2346 ξ
2206 2279 2295 2331 Vl.
2321 2279 2565 2333 Sanctus
2600 2277 2952 2350 Augustinus
2975 2293 3274 2349 nunquam
3307 2271 3809 2350 cens-uileogitalio-

2221 2366 2325 2403 nes
2350 2366 2608 2403 morosae
2631 2345 2754 2403 esse
2789 2350 3072 2403 duntaxat
3090 2345 3397 2420 peccatum
3422 2345 3721 2413 veniaie,ut
3746 2359 3807 2395 re-

2221 2420 2501 2474 centiores
2538 2420 2901 2489 eidemfalso
2926 2420 3250 2491 imponunt.

2226 2509 2528 2563 Restaurat
2559 2514 2752 2563 tamen
2813 2508 3238 2563 accusationem
3279 2506 3573 2572 Moraines,
3603 2510 3656 2560 et
3694 2503 3810 2557 alte-

2156 2598 2274 2652 rius
2308 2599 2519 2652 erroris
2566 2599 2952 2669 Augustinum
3004 2613 3167 2652 reum
3207 2597 3468 2669 postulat
3502 2594 3588 2650 his
3613 2590 3809 2647 verbis:

2158 2688 2522 2754 «Praeterea,
2574 2687 2675 2743 lib.
2724 2705 2763 2742 ιι
2810 2689 3019 2754 (contra
3063 2687 3220 2757 Jul.),
3282 2702 3407 2757 cap.
3449 2688 3532 2752 10,
3571 2683 3719 2738 docet
3744 2695 3814 2732 co-

2156 2775 2461 2845 gitationes
2492 2792 2766 2842 morosas,
2800 2776 2917 2829 sive
2951 2774 3360 2830 delectationes
3406 2771 3732 2828 voluntarias
3758 2769 3813 2821 de

2158 2863 2328 2917 rebus
2357 2865 2616 2919 venereis
2646 2880 2767 2919 esse
2796 2864 3384 2933 duntaxatpeccatum
3413 2860 3643 2924 veniale,
3674 2854 3813 2911 modo

344 2966 499 3020 rium
530 2972 795 3020 nostrum
846 2965 1267 3020 Ariminensem
1323 2966 1385 3019 in
1441 2966 1547 3019 hac
1594 2965 1740 3019 thesi
1786 2981 1882 3019 cur

2274 2954 2309 3007 lt
2334 2969 2643 3008 consensus
2672 2953 2735 3007 in
2763 2970 2927 3024 opus,
2961 2969 3058 3007 seu
3085 2953 3309 3007 malum
3350 2949 3702 3015 desiderium,
3734 2944 3812 3017 vel

343 3055 538 3109 chaele
572 3056 704 3109 Baio
760 3055 1099 3126 neutiquam
1149 3054 1474 3108 convenire.
1526 3054 1668 3108 Nam
1724 3054 1856 3108 licet
1900 3054 1961 3108 in
2013 3056 2047 3107 2

343 3143 759 3197 sententiarum
812 3144 938 3197 dist.
995 3147 1085 3211 26,
1138 3160 1194 3213 q.
1261 3146 1311 3207 1,
1370 3147 1476 3196 art.
1527 3146 1578 3207 t,
1637 3142 1789 3197 dicat
1852 3143 2048 3197 omnia

342 3247 519 3303 opera
571 3231 895 3285 inﬁdelium
952 3248 1074 3284 esse
1129 3236 1382 3301 peccata,
1423 3236 1679 3285 attamen
1734 3236 1839 3285 art.
1901 3235 1953 3292 3,
1985 3231 2045 3285 in

342 3336 495 3390 resp.
523 3320 592 3373 ad
642 3319 970 3373 testimonia
1011 3318 1339 3389 Augustini,
1385 3318 1464 3372 ait
1497 3334 1510 3374 :
1544 3341 1565 3367 ι
1602 3319 1660 3373 Si
1706 3325 1900 3373 tamen
1952 3320 2051 3374 ali-

342 3407 495 3478 quod
526 3407 717 3460 taliter
745 3407 983 3475 factum,
1028 3407 1240 3461 scilicet
1269 3407 1460 3461 debito
1489 3407 1627 3473 ﬁne,
1685 3412 1742 3461 et
1778 3407 1905 3461 aliis
1943 3408 2046 3462 de-

338 3496 492 3560 bitis,
537 3495 751 3549 scilicet
796 3495 1258 3561 circumstantiis,
1324 3495 1646 3566 reperiatur
1693 3496 1762 3550 ad
1808 3496 2048 3551 inﬁdeli-

344 3583 471 3651 bus,
500 3582 805 3637 dicendum
855 3588 939 3637 est
984 3600 1080 3637 eos
1130 3583 1188 3637 id
1226 3583 1422 3636 fecisse
1469 3599 1589 3636 non
1645 3583 1766 3638 sine
1819 3586 2050 3655 speciali

346 3670 634 3741 adjutorio
703 3670 823 3730 Dei.
861 3692 883 3719 ι
929 3671 1089 3735 Quod
1142 3671 1202 3725 in
1250 3688 1399 3742 resp.
1453 3672 1524 3725 ad
1571 3675 1623 3735 8,
1671 3673 1741 3727 de
1786 3673 1932 3727 facto
1988 3676 2045 3726 in

343 3759 744 3814 obstetricibus
773 3760 1051 3830 .tEgyptiis
1108 3776 1319 3832 pneros
1348 3761 1720 3815 Hebraeorum
1762 3764 2049 3816 occultan-

344 3848 495 3903 tibus
540 3849 752 3903 factum
777 3849 1059 3913 concedit,
1109 3865 1318 3919 nempe
1366 3850 1478 3903 Deo
1523 3851 1834 3919 specialiter
1882 3851 2046 3919 adju-

346 3942 526 3992 vante.
556 3937 693 4001 Qua:
725 3938 898 3991 etiam
930 3936 1144 3992 ibidem
1175 3939 1379 4008 probat
1433 3938 1611 3991 sancti
1649 3938 1897 3992 doctoris
1945 3944 2049 3992 tes-

347 4025 590 4080 timonio
619 4026 717 4080 lib.
754 4030 782 4078 4
816 4031 1016 4080 contra
1039 4026 1177 4093 Jul.,
1209 4043 1331 4097 cap.
1360 4030 1412 4093 3,
1442 4025 1543 4082 ubi
1569 4028 1829 4082 concedit
1857 4028 2049 4098 aliqua

344 4114 501 4168 bona
557 4131 732 4185 opera
779 4114 839 4168 in
889 4115 1215 4170 inﬁdelibus
1268 4132 1335 4170 ex
1389 4115 1620 4185 speciali
1689 4121 1885 4171 tamen
1946 4116 2046 4171 Dei

347 4202 537 4273 gratia
567 4203 839 4270 derivata,
872 4209 928 4257 et
949 4203 1200 4258 admittit
1258 4204 1493 4274 insuper
1537 4205 1889 4275 adjutorium
1921 4207 2040 4271 Dei,

2156 3042 2313 3096 illius
2337 3043 2693 3113 periculum;
2724 3059 2853 3114 quas
2911 3042 3169 3097 doctrina
3198 3042 3275 3096 ab
3312 3039 3576 3096 omnibus
3618 3031 3815 3091 catholi-

2156 3131 2236 3186 cis
2277 3132 2630 3202 jampridem
2687 3132 2962 3202 rejicitur,
3016 3146 3122 3186 nec
3175 3130 3306 3185 sine
3359 3126 3618 3185 seandalo
3651 3137 3817 3194 aqua

2157 3238 2331 3292 quam
2362 3222 2782 3277 obtruderetur.
2821 3242 2843 3269 ι
2877 3220 2986 3277 Sed
3015 3219 3434 3290 respondemus
3476 3213 3815 3287 Augustinum

2156 3310 2594 3380 intelligendum
2625 3326 2745 3364 esse
2770 3309 2839 3364 de
2865 3308 3244 3363 delectatione
3278 3323 3409 3379 quae
3437 3304 3652 3362 estsine
3676 3301 3818 3372 plena

2157 3399 2510 3454 advertentia
2539 3399 2773 3453 malitias
2812 3400 2899 3453 vel
2953 3396 3195 3469 periculi
3254 3396 3435 3464 illius,
3489 3395 3547 3449 in
3575 3407 3680 3463 quo
3709 3401 3818 3442 casu

2158 3504 2273 3542 non
2303 3505 2425 3542 esse
2455 3488 2614 3541 illam
2632 3492 2929 3557 peccatum
2957 3486 3199 3541 mortale
3222 3483 3548 3540 communis
3571 3479 3819 3547 theologo-

2157 3593 2288 3631 rum
2318 3577 2598 3630 sententia
2626 3581 2732 3644 est,
2782 3576 3022 3630 testibus
3072 3575 3253 3641 Salas,
3310 3577 3417 3640 t-2,
3472 3571 3556 3626 tit.
3595 3571 3670 3631 t3,
3696 3566 3817 3633 disp.

2158 3669 2212 3733 6,
2243 3682 2380 3719 sess.
2413 3668 2465 3731 6,
2518 3670 2575 3719 et
2606 3666 2856 3734 Vasquez
2910 3666 3022 3730 t-2,
3072 3663 3219 3734 disp.
3267 3667 3358 3729 9'7,
3406 3677 3529 3732 cap.
3566 3662 3617 3714 3.
3649 3655 3818 3727 (Sanc-

2158 3757 2249 3806 tus
2292 3754 2557 3819 Thomas,
2600 3758 2801 3824 quaast.
2860 3756 2923 3807 t5
2965 3752 3036 3807 de
3066 3752 3226 3815 Malo,
3266 3756 3375 3806 art.
3422 3754 3475 3816 2,
3509 3748 3579 3803 ad
3625 3744 3725 3813 16.)
3765 3744 3822 3795 At

2158 3845 2415 3895 sanctum
2449 3842 2736 3896 doctorem
2790 3841 2860 3896 de
2902 3839 3286 3895 delectatione
3341 3855 3410 3893 eo
3456 3835 3618 3892 modo
3663 3845 3822 3887 erum-

2156 3934 2329 4000 pente
2358 3926 2611 3984 locutum
2641 3929 2817 3984 fuisse
2846 3946 2962 3984 non
2994 3928 3232 3983 obscure
3268 3945 3336 3983 ex
3372 3926 3640 3982 illiusmet
3665 3916 3822 3974 verbis

2157 4019 2536 4089 cognoscitur.
2571 4040 2594 4067 ι
2632 4018 2870 4083 Quando
2924 4017 2984 4071 in
3014 4016 3247 4083 talibus,
3302 4015 3514 4087 inquit,
3570 4006 3823 4082 cogitatio-

2157 4106 2326 4161 nibus
2356 4124 2486 4161 cum
2514 4123 2716 4167 amona
2745 4104 3119 4160 delectatione
3150 4108 3541 4168 remorantur,
3584 4113 3691 4154 non
3716 4092 3825 4165 qui-

2158 4194 2289 4249 dem
2319 4195 2692 4250 decernentes
2744 4193 3046 4265 tlagitium,
3076 4193 3171 4247 sed
3216 4191 3595 4247 intentionem
3646 4180 3823 4240 mentis

350 4308 447 4346 seu
510 4291 754 4362 Spiritus
803 4292 980 4347 sancti
1034 4293 1293 4347 nondum
1347 4293 1741 4361 inhabitantis,
1791 4310 2040 4365 quorum
2078 4291 2123 4346 Β
2155 4300 2271 4338 non
2311 4284 2456 4338 Sicut
2509 4287 2752 4355 oportet,
2810 4299 2881 4337 ne
2939 4282 3038 4337 illo
3069 4281 3309 4348 incidat,
3357 4280 3492 4335 inde
3522 4276 3821 4365 avertant”.

351 4383 622 4433 neutrum
672 4380 840 4435 Baius
890 4381 1196 4446 asserebat,
1239 4380 1476 4435 Basilius
1531 4383 1795 4447 Poncius,
1852 4389 1999 4453 part.
2036 4401 2053 4437 1

353 4466 571 4522 Helect.
607 4468 676 4522 de
727 4469 904 4531 Grat.,
936 4485 1059 4539 cap.
1113 4468 1343 4531 ultimo,
1400 4483 1534 4538 pag.
1566 4471 1690 4535 204,
1724 4469 1846 4524 ait:
1884 4492 1907 4520 ι
1941 4473 2050 4525 Ρο-

352 4568 557 4606 namus
583 4553 736 4608 enim
767 4554 822 4609 id
856 4555 1011 4626 quod
1042 4570 1362 4609 rnonsmms
1387 4571 1573 4610 OPINIO
1601 4556 1732 4621 fert,
1763 4561 1830 4611 ut
1866 4557 2051 4612 dicam

353 4641 416 4694 in
447 4642 696 4695 secunda
723 4648 909 4713 parte,
960 4644 1156 4697 omnia
1203 4643 1523 4698 inﬁdelium
1555 4660 1731 4715 Opera
1761 4660 1885 4699 esse
1916 4662 2051 4716 pec-

348 4733 492 4793 cata,
527 4747 556 4779 η
600 4733 709 4785 etc.
759 4730 895 4793 Quis
926 4735 1115 4785 autem
1161 4731 1445 4786 existimet
1486 4732 1673 4786 virum
1727 4732 1877 4787 inter
1930 4734 2053 4789 Sal-

352 4815 733 4871 manticenses
762 4814 1199 4872 celeberrimum
1232 4818 1351 4872 Baii
1400 4819 1740 4873 sententiam
1782 4820 2054 4891 probabi-

342 4906 460 4960 lem
492 4904 738 4975 duxisse,
766 4906 1087 4977 praesertim
1116 4923 1245 4961 cum
1276 4924 1398 4978 cap.
1436 4910 1496 4960 15
1520 4907 1589 4961 de
1642 4907 1899 4977 ejusdem
1933 4909 2055 4963 Baii

347 4994 838 5067 propositionibus
886 4996 1063 5065 agat?
1096 4996 1317 5050 Etenim
1360 4996 1605 5050 Poncius
1659 4997 1721 5050 in
1764 4996 2055 5068 principes

352 5083 522 5154 hujus
577 5083 771 5138 seaculi
820 5084 1122 5155 theologos
1178 5083 1382 5138 merito
1433 5102 1467 5138 a
1500 5084 1679 5139 doctis
1727 5086 2055 5157 quibusque

352 5176 694 5227 recensetur.
732 5172 873 5226 Huic
921 5171 1238 5227 doctiSsimi
1275 5174 1469 5226 Patres
1512 5173 1830 5228 Carmelitas
1876 5175 2057 5228 excal-

349 5258 495 5312 ceati
521 5257 993 5315 Salmanticenses
1020 5261 1259 5316 honoris
1279 5260 1460 5331 gratia
1489 5260 1661 5315 hocce
1693 5262 2054 5332 epitaphium

347 5361 591 5416 posuere
619 5351 781 5403 tract.
815 5366 875 5404 ni
905 5349 975 5405 de
1013 5349 1255 5405 Scientia
1288 5349 1389 5403 Dei
1441 5349 1657 5421 disput.
1692 5353 1774 5406 18.
1811 5351 1947 5406 dub.
1998 5354 2052 5419 8,

348 5448 509 5489 num.
545 5435 691 5489 130:
734 5454 763 5487 α
793 5437 1064 5502 Quamvis
1109 5437 1373 5493 omittere
1417 5453 1534 5491 non
1585 5438 1875 5508 possimus
1927 5454 2054 5493 ma-

344 5537 527 5592 gnum
551 5520 720 5577 illum
739 5523 949 5594 virum,
979 5526 1083 5598 qui
1110 5525 1282 5582 modo
1316 5525 1453 5582 dum
1482 5524 1616 5581 huic
1645 5525 1807 5597 operi
1822 5526 2054 5593 insudaf

2160 4378 2261 4426 aut
2279 4372 2327 4426 si
2355 4372 2639 4439 inciderit,
2690 4371 2824 4426 inde
2852 4371 3161 4441 rapientes.
3199 4392 3221 4419 ι
3257 4372 3398 4442 Cap.
3459 4371 3522 4423 10
3551 4366 3641 4421 cit.
3672 4363 3821 4431 Opor-

2158 4466 2240 4516 tet
2266 4462 2421 4516 enim
2448 4466 2724 4525 mentem,
2783 4460 2831 4514 si
2882 4477 2978 4515 eas
3032 4460 3095 4514 in
3148 4459 3523 4531 cogitationes
3572 4446 3821 4509 inciderit,

2161 4550 2354 4604 statim
2377 4549 2513 4605 inde
2545 4554 2820 4616 avertere,
2854 4548 3011 4619 quod
3041 4548 3089 4602 si
3118 4564 3182 4602 ex
3212 4548 3437 4603 defectu
3464 4546 3642 4617 plena:
3659 4539 3822 4594 adver-

2158 4638 2354 4693 tentim
2384 4652 2499 4693 non
2523 4639 2624 4694 ﬁat
2654 4638 2671 4709 (
2710 4636 2865 4709 quod
2888 4654 3039 4707 sape
3073 4636 3296 4704 accidit,
3341 4651 3472 4690 cum
3529 4647 3638 4687 non
3673 4627 3739 4682 sit
3775 4624 3823 4677 in

2161 4732 2359 4781 nostra
2387 4731 2693 4798 postestate
2727 4727 2869 4799 quid
2910 4727 3078 4782 nobis
3102 4726 3294 4780 veniat
3345 4725 3408 4779 in
3437 4726 3697 4781 mentem,
3741 4709 3823 4766 sed

2160 4815 2355 4885 turpia
2406 4815 2749 4887 quandoque
2816 4816 3095 4887 irrepant,
3139 4814 3517 4884 animumque
3556 4801 3823 4877 repentina

2160 4906 2533 4961 delectatione
2569 4906 2845 4976 titillent),
2890 4905 3229 4977 neutiquam
3279 4907 3573 4975 peccatum
3619 4889 3825 4951 mortale

2160 4998 2443 5048 censetur.
2497 4994 2639 5048 llinc
2686 4994 3048 5065 Augustinus
3102 4993 3361 5048 consulto
3412 4986 3626 5044 addidit
3665 4982 3827 5046 aliqua

2161 5083 2526 5151 delectatione,
2563 5089 2627 5137 ut
2654 5084 2778 5154 ejus
2819 5082 3158 5154 gravitatem
3181 5097 3246 5136 ac
3288 5080 3406 5134 vim
3460 5077 3527 5132 ad
3566 5073 3825 5145 peccatum

2161 5173 2403 5227 mortale
2444 5172 2794 5227 causandum
2827 5187 2947 5225 non
2973 5170 3232 5226 sufﬁcere
3287 5166 3625 5224 ostenderet.
3672 5158 3823 5211 Porro

2164 5260 2408 5317 sensisse
2437 5261 2824 5331 Augustinum
2867 5258 3263 5332 cogitationes,
3314 5271 3418 5312 seu
3456 5244 3825 5332 delectationes

2159 5365 2417 5406 morosas
2468 5326 2589 5405 esse
2626 5355 2922 5422 peccatum
2942 5326 3208 5404 vmortale
3249 5348 3407 5418 patet
3436 5358 3500 5397 ex
3528 5338 3623 5393 lib.
3662 5347 3732 5422 xu
3766 5326 3824 5381 de

2162 5436 2392 5508 Trinit.,
2419 5453 2544 5509 cap.
2576 5419 2660 5500 12,
2690 5437 2791 5492 ubi
2818 5440 3015 5508 aperte
3071 5437 3235 5491 docet
3286 5433 3429 5488 tales
3457 5419 3824 5509 delectationes

2162 5506 2422 5583 morosas
2461 5506 2583 5581 esse
2625 5506 2923 5600 peccatum
2967 5524 3271 5589 sufﬁciens,
3312 5520 3386 5576 ad
3413 5506 3820 5589 per-trahendum
