3946 6176
106 278 213 327 713

1400 274 1719 329 νΙΝῡΙΟΙίΕ
1758 274 2309 329 AUGUSTINIANIE.

3518 275 3625 327 714

103 394 411 450 hominem
440 393 500 447 in
531 397 805 447 mternam
836 393 1284 462 damnationem,
1336 394 1446 449 nisi
1484 412 1809 450 sacramen—
1848 399 1887 452 A
1930 397 2081 467 quod
2128 396 2260 452 facit
2308 398 2572 465 Ecclesia,
2634 397 2730 453 sed
2787 413 2906 454 non
2957 397 3215 452 conferre.
3265 412 3389 451 rem
3440 413 3625 451 sacra-

106 486 216 539 tali
251 484 431 554 gratia
456 484 621 552 culpa
651 483 1007 537 remittatur:
1042 503 1069 534 α
1103 486 1185 540 Ita
1235 484 1345 537 dici
1376 489 1579 555 potest,
1609 485 1816 555 inquit,

110 574 177 627 in
211 572 442 627 homine
477 588 612 635 uno,
669 571 715 623 si
763 571 1232 625 delectationibus
1268 572 1500 635 illicitis,
1534 590 1565 626 a
1612 574 1820 644 quibus

112 680 175 716 se
226 662 491 716 continuo
532 661 767 715 deberet
800 666 1052 715 avertere
1093 661 1384 733 cogitatio,
1428 662 1671 717 libenter
1700 664 1821 718 sola

112 755 401 821 pascatur,
457 766 561 803 nec
613 749 872 803 facienda
930 751 1310 805 decernantur
1339 753 1507 818 mala,
1564 752 1662 806 sed
1694 757 1819 805 tan-

111 845 244 893 tum
276 839 525 892 suaviter
584 840 640 892 in
700 838 1094 893 recordatione
1139 844 1465 906 teneantur,
1501 840 1664 911 quasi
1693 857 1821 894 mu-

110 928 321 982 lierem
366 927 487 981 sine
531 927 651 981 viro
705 945 871 998 posse
922 928 1202 995 damnari,
1252 929 1400 983 absit
1436 929 1544 983 hoc
1572 930 1821 983 credere.

118 1018 254 1069 Haec
284 1016 497 1086 quippe
528 1033 644 1069 una
669 1032 913 1086 persona
952 1021 1054 1079 est,
1086 1034 1235 1071 unus
1282 1019 1453 1071 homo
1485 1023 1586 1083 est,
1638 1023 1823 1072 totus-

117 1122 237 1176 que
262 1104 645 1167 damnabitur,
680 1104 791 1158 nisi
821 1106 961 1173 hzec,
1009 1122 1137 1176 qua:
1187 1106 1308 1160 sine
1356 1106 1646 1161 voluntate
1695 1124 1827 1176 ope-

115 1193 312 1259 randi,
368 1194 464 1247 sed
519 1199 711 1248 tamen
769 1211 900 1248 cum
952 1196 1244 1249 voluntate
1306 1196 1566 1249 animum
1619 1196 1826 1250 talibus

114 1280 469 1341 oblectandi,
507 1280 681 1334 solius
739 1282 1099 1353 cogitationis
1145 1282 1472 1337 sentiuntur
1524 1300 1643 1337 esse
1696 1300 1827 1353 pec-

113 1374 274 1437 cata,
308 1385 412 1439 per
458 1369 790 1423 mediatoris
828 1372 1068 1441 gratiam
1116 1372 1500 1426 remittantur.
1540 1394 1560 1421 ι
1606 1373 1684 1426 En
1715 1372 1827 1426 cla-

114 1472 247 1509 ram
281 1462 656 1527 apertamque
705 1459 881 1512 sancti
933 1459 1181 1513 doctoris
1230 1460 1591 1523 sententiam,
1627 1460 1726 1531 qui
1782 1459 1828 1513 si

112 1547 262 1599 alibi
298 1546 377 1598 ita
408 1546 626 1599 locutus
672 1546 799 1608 fuit,
847 1551 910 1601 ut
956 1555 1011 1602 et
1041 1548 1101 1602 in
1157 1565 1395 1620 pravum
1439 1554 1496 1602 et
1523 1549 1580 1602 in
1614 1549 1830 1603 bonum

114 1651 360 1687 sensum
391 1635 539 1687 trahi
570 1635 841 1704 potuerit,
877 1654 976 1689 cur
1030 1655 1145 1691 non
1194 1638 1381 1707 ipsum
1422 1638 1582 1691 audit
1623 1638 1828 1692 Μορδί-

1926 485 2126 544 menti,
2170 486 2319 555 quod
2352 486 2470 555 ipse
2499 486 2703 539 falsum
2728 486 3066 556 nullumque
3104 484 3444 539 arbitratur:
3482 489 3537 538 et
3566 485 3627 538 in

1927 574 2033 627 hoc
2062 573 2366 643 posteriori
2406 591 2574 627 sensu
2632 575 2710 627 ait
2766 591 2886 627 esse
2937 574 3186 627 validum
3233 573 3623 643 baptismum:

1929 678 2102 732 quare
2129 678 2258 715 cum
2292 661 2611 715 nesciamus
2645 680 2757 732 quo
2786 679 2851 716 ex
2883 663 2970 716 his
3027 663 3248 717 duobus
3295 662 3629 715 intentionis

1929 750 2112 804 modis
2142 750 2358 803 ludicre
2391 750 2682 819 baptizans
2704 752 2948 804 alterum
2971 751 3230 813 abluerit,
3249 750 3630 820 exspectanda

1930 844 2032 905 est,
2064 839 2254 908 inquit
2284 843 2509 892 sanctus
2541 840 2807 907 Thomas,
2861 839 3051 893 divina
3103 840 3395 901 revelatio,
3429 843 3491 892 ut
3530 839 3630 892 do-

1930 935 2019 982 cet
2047 928 2419 998 Augustinus.
2457 929 2515 981 P.
2552 929 2794 993 Macedo,
2829 929 2923 982 lib.
2962 945 3014 981 1v
3045 930 3113 983 de
3141 928 3425 995 Clavibus,
3452 944 3574 997 cap.
3601 931 3632 981 8

1930 1016 2108 1088 partis
2137 1017 2358 1086 primae,
2393 1017 2539 1069 hanc
2571 1016 3005 1087 explicationem
3038 1017 3358 1083 subscribit,
3393 1017 3632 1070 laudans

1932 1105 2237 1175 Augustini
2284 1105 2667 1175 prudentiam,
2703 1105 2801 1175 qui
2841 1105 2909 1159 ad
2942 1121 3063 1159 eam
3110 1108 3387 1159 occultam
3419 1105 3633 1175 cogita-

1934 1194 2150 1248 tionem
2216 1210 2320 1263 per
2381 1194 2578 1247 ludum
2651 1194 2992 1263 baptizantis
3059 1194 3459 1263 detegendam,
3530 1194 3633 1247 Dei

1936 1284 2103 1338 unius
2134 1283 2545 1350 testimonium,
2578 1283 2678 1353 qui
2709 1283 2963 1336 cordium
2992 1286 3270 1335 scrutator
3302 1286 3402 1345 est,
3438 1299 3635 1336 neces-

1934 1374 2147 1428 sarium
2170 1374 2641 1443 pronuntiaverit.
2688 1374 2859 1427 Addit
2904 1372 3119 1426 ibidem
3157 1373 3500 1425 recentiores
3532 1387 3630 1441 ge-

1938 1477 2063 1515 rere
2086 1478 2144 1514 se
2167 1462 2475 1527 insolenter,
2492 1460 2984 1531 quiAugustinum
3009 1461 3081 1514 ob
3115 1461 3168 1514 id
3196 1460 3638 1530 reprehendunt,

1939 1551 2025 1604 uti
2083 1555 2165 1604 est
2218 1550 2499 1603 Antonius
2562 1550 2838 1603 Moraines
2902 1550 2961 1603 in
3025 1566 3125 1602 suo
3185 1546 3636 1615 Anti-Jansenio,

1943 1658 1969 1689 «
2004 1639 2420 1709 Iniquissimus,
2465 1639 2564 1698 ait,
2604 1638 2917 1708 Augustino
2972 1649 3186 1704 auctor,
3239 1638 3336 1691 sed
3389 1654 3503 1690 non
3534 1638 3641 1690 mi-

117 1742 229 1778 nes
288 1741 526 1777 suorum
576 1725 882 1778 verborum
930 1725 1298 1795 interpretem
1327 1768 1340 1791 ,
1392 1726 1487 1780 sed
1536 1743 1603 1779 ex
1657 1727 1831 1779 semel
1872 1695 1912 1749 Β
1940 1745 2052 1793 ror,
2084 1728 2232 1798 quod
2259 1744 2389 1780 cum
2420 1727 2475 1779 in
2507 1743 2572 1779 eo
2601 1728 2745 1779 libro
2780 1727 2943 1779 tictus
2976 1727 3048 1779 sit
3078 1730 3292 1787 auctor,
3326 1742 3455 1779 cum
3504 1742 3641 1794 per—

116 1819 335 1868 Contra
366 1812 554 1882 ipsum
583 1820 858 1883 concepta
886 1813 1234 1883 opinionein
1266 1831 1569 1868 erroneum
1601 1830 1831 1868 sensum

115 1903 455 1972 detorquet,
492 1908 555 1955 ut
584 1903 838 1971 ejusdem
880 1903 1180 1957 accusandi
1230 1903 1610 1973 patentiorem
1645 1904 1834 1957 locum

118 1990 241 2043 sibi
274 1990 477 2045 faciat?
515 1991 675 2044 Tales
717 2008 819 2044 nos
851 2007 987 2061 erga
1024 1992 1268 2045 aliorum
1318 1991 1526 2061 scripta
1564 1996 1833 2061 prmstare

119 2079 433 2139 debemus,
477 2079 675 2149 quales
733 2079 940 2132 nostris
994 2078 1204 2132 chartis
1260 2080 1495 2133 lectores
1549 2082 1829 2148 volumus,

121 2183 347 2237 nempe
377 2168 665 2232 candidos,
698 2167 1000 2238 ingenuos,
1049 2172 1205 2222 extra
1254 2169 1451 2222 odium
1498 2186 1560 2223 ac
1597 2170 1835 2223 livorem

120 2255 371 2327 positos,
404 2256 572 2326 quive
599 2273 684 2321 ea,
728 2274 855 2327 quas
887 2256 1179 2326 requivoca
1224 2257 1365 2311 forte
1399 2258 1672 2325 excidere,
1704 2275 1838 2313 con-

120 2343 295 2414 gruis
326 2343 847 2412 interpretamentis
882 2349 1194 2415 exponunt.
1245 2346 1522 2400 Caeterum
1558 2352 1838 2417 quantum

122 2433 530 2486 sanctissimus
560 2432 653 2485 ille
686 2433 941 2486 Ecclesia:
987 2433 1184 2487 doctor
1225 2435 1628 2489 delectationes
1672 2436 1838 2489 hasce

122 2521 338 2575 furtim
370 2520 428 2574 in
459 2522 719 2574 animum
765 2522 1079 2591 irrepentes
1128 2521 1385 2576 timuerit
1422 2528 1593 2593 atque
1642 2524 1841 2576 exhor-

123 2611 339 2676 ruerit,
373 2627 439 2664 ex
473 2610 558 2663 his
594 2610 873 2681 precibus,
931 2628 1071 2681 quas
1128 2612 1184 2665 in
1216 2612 1331 2665 fine
1376 2613 1636 2683 praeclari
1686 2612 1840 2665 illius

124 2699 332 2769 operis
363 2700 431 2753 de
463 2700 736 2753 Trinitate
780 2700 847 2752 ad
897 2700 1075 2754 Deum
1118 2700 1394 2770 profudit,
1453 2700 1585 2753 satis
1616 2698 1840 2752 abunde

124 2788 485 2858 intelligitur
511 2806 522 2841 :
562 2809 589 2839 «
618 2790 805 2843 Multas
836 2794 988 2854 sunt,
1034 2789 1130 2857 ait,
1183 2788 1553 2858 cogitationes
1584 2804 1725 2843 mea:
1758 2792 1842 2841 ta-

126 2879 241 2939 les,
280 2878 478 2947 quales
535 2878 705 2943 nosti,
757 2877 1133 2947 cogitationes
1194 2878 1518 2943 hominum,
1570 2877 1843 2947 quoniam

125 2982 306 3019 vana:
370 2970 521 3019 sunt.
584 2968 742 3020 Dona
791 2966 937 3020 mihi
987 2984 1099 3020 non
1165 2966 1244 3020 eis
1299 2967 1642 3033 consentire,
1692 2971 1747 3019 et
1796 2966 1843 3019 si

129 3055 378 3125 quando
400 3072 489 3108 me
512 3055 809 3115 delectant,
840 3072 934 3108 eas
959 3056 1331 3109 nihilominus
1362 3056 1711 3127 improbare,
1742 3072 1845 3109 nec

132 3146 200 3198 in
237 3143 318 3196 eis
352 3144 504 3197 velut
526 3144 888 3198 dormitando
911 3144 1225 3200 immorari.
1264 3146 1372 3199 Nec
1406 3147 1462 3199 in
1491 3150 1710 3199 tantum
1749 3162 1844 3198 va-

133 3235 304 3287 leant
335 3236 483 3302 apud
522 3250 609 3286 me
642 3240 703 3287 ut
737 3234 954 3304 aliquid
1001 3235 1060 3287 in
1092 3251 1263 3304 opera
1315 3251 1443 3288 mea
1482 3235 1752 3305 procedat
1782 3250 1847 3287 ex

134 3321 288 3385 illis,
331 3322 427 3374 sed
465 3321 534 3375 ab
583 3322 663 3375 eis
703 3340 831 3376 mea
885 3324 1081 3376 saltem
1113 3324 1183 3377 sit
1238 3328 1360 3377 tuta
1392 3322 1696 3391 sententia,
1726 3327 1849 3376 tuta

137 3410 519 3477 conscientia,
553 3416 607 3465 te
638 3416 849 3465 tuente.
883 3432 909 3463 »
942 3411 1088 3475 Quid
1138 3416 1221 3466 est
1268 3412 1325 3465 in
1384 3411 1849 3467 delectationibus

133 3501 299 3554 velut
326 3498 667 3554 dormitando
697 3503 1004 3567 immorari,
1040 3500 1149 3554 nisi
1180 3518 1247 3554 ex
1300 3517 1417 3554 non
1447 3502 1618 3571 plena
1647 3502 1850 3555 adver-

138 3588 335 3643 tentia
356 3588 665 3655 immorari,
700 3589 862 3643 sicuti
906 3589 1006 3661 qui
1034 3589 1324 3656 dormitat,
1373 3606 1488 3643 non
1534 3590 1704 3661 plene
1751 3589 1851 3644 ad-

140 3677 323 3731 vertit
349 3694 415 3730 ea
445 3694 573 3748 quae
605 3676 791 3731 fiunt?

143 3776 177 3847 §
221 3776 337 3829 VII.
381 3778 477 3847 An.
521 3778 756 3847 sanclus
800 3773 1152 3847 Augustinus
1187 3774 1474 3847 putaverit
1504 3774 1853 3846 baptismum

436 3846 634 3900 datum
655 3845 779 3900 sine
800 3845 1112 3900 intentione
1142 3862 1261 3900 esse
1286 3845 1563 3900 validum.

224 3943 334 3999 Sed
365 3944 474 3997 alio
507 3960 702 3997 rursus
737 3959 926 3997 errore
970 3943 1356 4013 Augustinum
1402 3942 1639 3996 involvit
1667 3943 1855 3996 adver-

148 4033 379 4088 sarius:
421 4053 446 4083 α
480 4034 620 4086 Item
652 4032 951 4098 dubitavit,
984 4032 1193 4102 inquit,
1224 4048 1363 4085 num
1393 4031 1711 4102 baptismus
1736 4031 1855 4085 sine

146 4121 479 4177 intentione
509 4121 672 4174 datus
704 4137 807 4192 per
843 4121 1042 4192 jocum
1090 4127 1145 4175 et
1182 4121 1434 4175 irrisorie
1485 4120 1704 4175 validus
1762 4120 1854 4186 sit,

148 4211 257 4264 lib.
295 4226 364 4262 vn
396 4208 464 4263 de
498 4210 805 4279 Baptismo,
850 4226 982 4281 'cap.
1027 4213 1115 4276 £53,
1178 4215 1480 4281 censetque
1521 4213 1857 4279 exspectan-

1942 1834 2079 1871 sona
2102 1818 2364 1869 decorem
2403 1815 2700 1885 deposuit:
2750 1814 3154 1868 Bellarminum
3199 1813 3413 1867 imitari
3449 1812 3646 1867 debuit

1943 1906 2123 1959 multo
2164 1921 2222 1957 se
2286 1903 2595 1957 doctiorem
2650 1908 2705 1956 et
2751 1904 3068 1969 meliorem,
3121 1903 3218 1972 qui
3248 1902 3641 1973 Augustinum

1943 1993 2223 2047 intellexit
2252 1997 2306 2046 et
2342 1991 2665 2045 vindicavit.
2703 2010 2730 2042 »
2762 1992 2870 2045 Sed
2923 2008 3055 2045 sane
3106 1991 3405 2053 Moraines,
3446 1991 3543 2061 qui
3576 1991 3644 2044 de

1945 2082 2278 2136 necessitate
2305 2080 2641 2133 intentionis
2671 2080 2921 2134 ministri
2948 2079 3333 2150 Augustinum
3363 2079 3645 2133 dubitasse

1944 2171 2101 2237 dicit,
2153 2168 2562 2224 Bellarminum
2594 2169 2867 2235 imitatur,
2903 2169 3003 2239 qui
3054 2169 3156 2222 lib.
3197 2186 3234 2234 ι,
3288 2184 3410 2238 cap.
3467 2171 3556 2233 28,
3588 2167 3648 2220 in

1946 2261 2050 2314 sol.
2082 2264 2134 2325 3,
2168 2275 2286 2329 arg.
2321 2257 2616 2322 Kemnitii,
2666 2258 2859 2313 scribit
2904 2256 3291 2328 Augustinum
3346 2258 3415 2311 de
3462 2257 3648 2310 inten-

1947 2349 2117 2405 tionis
2147 2348 2478 2402 necessitate
2523 2347 2819 2413 dubitassc,
2873 2348 3124 2401 addens:
3178 2366 3202 2397 ‹‹
3239 2347 3398 2400 Nunc
3457 2350 3651 2399 autem

1946 2455 2038 2493 res
2070 2438 2303 2492 definita
2331 2440 2417 2491 est
2457 2436 2513 2490 in
2545 2436 2768 2491 duobus
2819 2436 3186 2508 generalibus
3229 2434 3483 2489 conciliis
3520 2434 3650 2489 Flo-

1948 2526 2171 2581 rentino
2198 2531 2251 2579 et
2282 2525 2637 2580 Tridentino.
2679 2548 2697 2573 η

2023 2618 2150 2670 11ωο
2170 2620 2364 2669 tamen
2392 2614 2693 2684 explicatio
2728 2612 2867 2666 mihi
2900 2613 3133 2683 probari
3168 2613 3321 2666 nullo
3352 2612 3520 2666 modo
3548 2628 3651 2682 po-

1950 2708 2089 2758 test:
2121 2720 2252 2757 nam
2284 2704 2345 2756 in
2367 2702 2542 2756 dubio
2561 2701 2738 2771 repeti
2758 2700 2926 2755 debet
2946 2701 3284 2770 baptismus,
3316 2706 3379 2754 ut
3400 2715 3654 2753 commu-

1953 2792 2040 2846 nis
2066 2794 2362 2847 doctorum
2394 2790 2673 2844 sententia
2704 2789 2879 2842 tradit
2900 2805 2966 2842 ex
2989 2788 3228 2841 concilio
3249 2786 3654 2856 Carthaginem-

1954 2881 2023 2947 si,
2054 2886 2178 2951 post
2212 2896 2371 2942 conc,
2406 2880 2485 2933 FI.
2518 2876 2863 2939 Stilichonis,
2888 2894 3038 2931 anno
3054 2876 3292 2943 401,ubi
3314 2875 3561 2930 indubio
3580 2892 3653 2929 an

1881 2992 1919 3046 ρ
1953 2987 2095 3042 puer
2124 2969 2399 3023 barbarus
2432 2966 2791 3020 venundatus
2822 2965 2893 3019 sit
2934 2965 3275 3036 baptizatus,
3330 2965 3657 3019 decernitur

1954 3075 2074 3111 esse
2138 3056 2301 3110 illum
2357 3055 2804 3125 baptizandum;
2870 3054 3099 3125 expedit
3156 3054 3310 3109 enim
3358 3069 3645 3125 exponere

1956 3146 2145 3217 potius
2176 3149 2595 3198 sacramentum
2628 3143 2885 3213 periculo
2920 3142 3214 3209 nullitatis,
3247 3159 3419 3213 quam
3469 3142 3657 3196 homi-

1956 3252 2091 3289 nem
2126 3234 2376 3305 periculo
2407 3231 2832 3298 damnationis;
2886 3248 3073 3301 neque
3118 3229 3317 3284 dicunt
3375 3218 3565 3284 Patres
3598 3230 3660 3283 in

1959 3340 2026 3378 eo
2056 3323 2229 3378 dubio
2261 3321 2685 3393 implorandam
2734 3320 2987 3374 divinam
3029 3321 3451 3374 revelationem.
3486 3322 3660 3373 Porro

1958 3412 2099 3467 illud
2133 3412 2424 3465 decretum
2454 3415 2655 3463 notum
2687 3408 2794 3463 fuit
2819 3408 3158 3480 Augustino,
3214 3425 3327 3479 quo
3379 3413 3659 3479 prasente

1961 3501 2269 3571 repetitum
2322 3504 2406 3553 est
2455 3515 2584 3552 cum
2654 3497 2873 3551 caeteris
2945 3497 3259 3551 canonibus
3318 3498 3662 3568 synodorum

1959 3590 2357 3644 Africanarum
2411 3589 2516 3641 sub
2564 3587 2792 3641 Aurelio
2850 3586 3282 3657 Carthaginensi
3335 3586 3663 3641 habitarum

1962 3679 2021 3733 in
2051 3678 2311 3748 plenario
2340 3676 2589 3731 Consilio
2620 3676 2907 3745 Africano,
2947 3692 3097 3728 anno
3144 3678 3269 3729 419.
3312 3674 3495 3745 Igitur
3545 3691 3663 3728 non

1963 3772 2277 3838 apparente
2321 3768 2613 3819 voluntate
2654 3781 2759 3835 per
2789 3765 2989 3818 ludum
3036 3762 3395 3833 baptizantis,
3452 3763 3663 3817 iterum
3744 3820 3749 3825 ,

1966 3862 2052 3910 est
2078 3856 2397 3926 baptismus
2436 3858 2801 3924 repetendus.
2837 3854 2919 3907 Ita
2959 3851 3005 3904 si
3063 3850 3190 3921 quis
3243 3851 3469 3904 Iudaeus
3510 3852 3661 3920 apud

1966 3961 2094 3999 suos
2122 3945 2183 3997 in
2230 3959 2399 3996 scena
2446 3948 2638 3996 nostra
2691 3958 2848 3995 sacra
2888 3940 3191 3994 irridentes
3222 3942 3365 3991 esset
3410 3939 3663 4008 baptiza-

1966 4037 2077 4097 tus,
2120 4031 2190 4084 ad
2240 4030 2413 4083 ﬁdem
2472 4046 2605 4082 vero
2654 4030 2823 4082 vellet
2861 4029 3148 4093 accedere,
3214 4026 3457 4081 Ecclesia
3503 4027 3666 4080 illum

1966 4120 2302 4190 baptizaret,
2335 4134 2438 4171 nec
2464 4116 2868 4171 revelationem
2924 4119 3293 4186 exspectaret,
3346 4131 3459 4185 qua
3486 4113 3666 4168 Judaei

1968 4210 2106 4265 olim
2179 4208 2235 4262 in
2314 4223 2483 4261 scena
2552 4206 2893 4277 baptizantis
2954 4205 3196 4259 intentio
3266 4206 3662 4258 innotesceret.

152 4299 294 4353 dam
326 4315 443 4352 esse
474 4300 897 4365 revelationem,
925 4304 1231 4370 antequam
1250 4299 1377 4353 talis
1402 4299 1807 4368 rebaptizetur.
1830 4317 1853 4345 ι
1890 4290 1931 4344 1)
1970 4297 2207 4363 Quando
2236 4301 2427 4351 autem
2448 4294 2800 4365 Augustinus
2832 4311 2898 4349 eo
2934 4294 3117 4365 capite
3149 4296 3215 4348 53
3250 4293 3329 4347 ait
3359 4309 3372 4346 :
3409 4314 3437 4341 «
3468 4293 3670 4347 Utrum

156 4389 246 4441 Ita
298 4386 600 4441 Morainius
652 4388 888 4442 ibidem.
955 4389 1079 4442 Non
1142 4404 1279 4454 una,
1337 4404 1470 4441 sane
1522 4387 1721 4453 fateor,
1776 4389 1860 4439 est

153 4477 561 4546 theologorum
604 4476 886 4531 sententia
932 4477 992 4530 in
1052 4477 1383 4547 explicando
1412 4476 1753 4546 Augustino,
1787 4490 1859 4529 ne

158 4565 422 4619 videatur
460 4582 493 4619 a
535 4565 819 4635 baptismo
869 4566 1262 4619 necessitatem
1306 4564 1641 4619 intentionis
1680 4580 1861 4618 remo-

160 4654 332 4721 visse,
365 4670 537 4723 quam
569 4659 760 4708 tamen
788 4654 1105 4708 necessario
1130 4653 1345 4725 requiri
1376 4657 1432 4707 et
1452 4652 1777 4707 Florentina
1806 4656 1863 4706 et

159 4743 499 4797 Tridentina
545 4745 795 4814 synodus
845 4743 1160 4798 decrevere.
1214 4742 1474 4812 Magister
1540 4741 1862 4796 Sententia-

158 4848 319 4897 rum,
352 4834 405 4900 4,
439 4832 568 4887 dist.
600 4836 651 4895 6,
685 4832 923 4887 dubium
958 4832 1129 4886 fuisse
1166 4831 1554 4901 Augustinum
1585 4829 1862 4884 concedit.

158 4924 237 4977 At.
288 4926 513 4974 sanctus
572 4922 815 4975 Thomas
884 4921 1117 4987 ibidem,
1169 4921 1229 4973 in
1288 4920 1403 4974 ﬁne
1464 4919 1865 4985 distinctionis,

162 5026 460 5080 exponens
491 5015 726 5073 textum,
766 5010 933 5064 docet
976 5010 1278 5080 dupliciter
1326 5026 1488 5080 posse
1536 5009 1870 5080 quempiam

164 5098 427 5154 irrisorie
454 5099 737 5169 baptizare
766 5116 777 5153 :
821 5101 905 5152 vel
937 5104 1171 5170 propter
1201 5098 1384 5152 solam
1433 5098 1870 5152 oblectationem

165 5206 345 5261 quam
369 5204 433 5242 ex
467 5189 563 5241 illa
593 5188 857 5242 exteriori
888 5188 1109 5242 actione
1141 5187 1310 5257 capit,
1346 5204 1462 5240 non
1492 5188 1708 5241 habens
1734 5187 1872 5240 inte-

167 5278 283 5332 rim
314 5277 692 5332 intentionem
724 5277 969 5331 faciendi
1002 5278 1154 5348 quod
1196 5277 1331 5331 facit
1372 5276 1635 5341 Ecclesia,
1689 5292 1874 5346 neque

168 5367 510 5422 conferendi
549 5384 669 5421 rem
716 5367 1080 5433 sacramenti,
1130 5383 1338 5437 nempe
1385 5364 1646 5436 gratiam,
1682 5365 1876 5418 ethoc

169 5456 350 5510 modo
378 5456 548 5510 tradit
576 5457 801 5510 nullum
831 5472 949 5511 esse
982 5455 1370 5526 baptismum;
1405 5454 1491 5507 vel
1534 5456 1723 5523 potest
1751 5452 1877 5523 quis

170 5544 397 5598 ludicre
429 5544 674 5599 alterum
703 5544 1019 5615 baptizare,
1050 5548 1116 5599 ut
1144 5542 1404 5599 intendat
1433 5541 1667 5613 quidem
1697 5539 1879 5595 facere

494 5651 770 5716 PATROL.
820 5650 1068 5717 XLVII.

1970 4385 2378 4458 approbandus
2441 4389 2589 4439 esset
2633 4384 2953 4454 baptismus
2998 4384 3097 4454 qui
3132 4383 3209 4435 sic
3238 4383 3493 4444 daretur,
3526 4380 3669 4435 divi-

1971 4493 2113 4530 num
2153 4474 2438 4546 judicium
2494 4480 2598 4544 per
2645 4473 2882 4543 alicujus
2939 4472 3299 4527 revelationis
3354 4471 3671 4537 oraculum,

1974 4570 2104 4633 etc.,
2132 4563 2564 4634 implorandum
2596 4579 2715 4616 esse
2746 4579 3059 4627 censerem,
3108 4584 3127 4609 ι»
3165 4578 3283 4615 non
3310 4559 3581 4630 intelligit
3612 4558 3677 4615 in.

1975 4653 2148 4708 dubio
2179 4653 2333 4719 facti,
2363 4653 2462 4705 sed
2492 4653 2553 4704 in
2582 4652 2759 4705 dubio
2780 4652 2951 4721 juris,
2986 4667 3117 4705 nam
3150 4651 3277 4705 talis
3310 4667 3556 4721 persona
3600 4647 3678 4701 sic

1973 4742 2261 4813 baptizata
2308 4744 2453 4794 esset
2493 4740 2699 4793 iterum
2746 4740 3104 4809 baptizanda.
3138 4742 3208 4793 At
3237 4741 3304 4793 de
3336 4736 3679 4793 sufficientia

1977 4837 2034 4885 et
2075 4831 2262 4883 valere
2306 4830 2433 4882 talis
2484 4829 2637 4882 modi
2694 4829 3043 4899 baptizandi,
3092 4834 3158 4882 ut
3217 4828 3368 4882 inter
3412 4828 3681 4893 dogmata

1980 4918 2238 4974 Ecclesiae
2268 4927 2422 4970 certa
2484 4916 2742 4970 deliuitio
2793 4923 3188 4988 reponeretur,
3242 4913 3680 4985 exspectandam

1982 5009 2125 5064 dixit
2156 5006 2584 5073 revelationem,
2615 5024 2730 5060 non
2762 5008 2995 5079 quidem
3027 5023 3154 5077 quae
3205 5004 3375 5057 alicui
3419 5015 3682 5072 personas

1982 5097 2218 5169 privatas
2249 5095 2411 5149 ﬁeret
2439 5112 2543 5165 per
2574 5112 2786 5149 novum
2814 5096 3175 5153 miraculum,
3215 5092 3314 5145 sed
3354 5107 3481 5160 qua:
3523 5090 3686 5142 fieret

1986 5186 2247 5242 Patribus
2304 5184 2507 5255 synodi
2564 5201 2667 5255 per
2720 5185 2915 5237 solitas
2982 5180 3390 5235 illustrationes
3441 5178 3686 5249 Spiritus

1988 5274 2193 5337 sancti;
2260 5272 2412 5327 unde
2481 5274 2675 5326 statim
2733 5272 2921 5324 addit:
3002 5289 3028 5319 «
3074 5268 3159 5320 Ita
3216 5283 3373 5331 sane,
3448 5272 3511 5320 ut
3560 5270 3690 5337 post

1990 5380 2082 5419 me
2146 5363 2393 5418 dicturos
2475 5360 2807 5423 sententias,
2893 5372 2963 5411 ne
3050 5355 3185 5427 quid
3252 5355 3375 5426 jam
3438 5355 3691 5425 explora-

1993 5457 2118 5506 tum
2183 5454 2267 5505 est
2322 5450 2619 5520 cognitum
2701 5448 2987 5509 afferrent,
3059 5444 3356 5499 humiliter
3408 5446 3691 5514 exspecta-

1991 5557 2136 5596 rem.

3340 5646 3423 5704 23
