3894 6184
397 296 504 352 715
1288 291 1294 295 ’
1413 285 1971 343 SUPPLEMENTUM
2011 283 2101 343 AD
2138 286 2372 344 OPERA
2410 288 2466 344 S.
2507 286 2898 344 AUGUSTINI.
3747 307 3826 356 ui;

473 418 628 471 Inter
657 417 889 468 caeteros
926 409 1270 465 recentiores
1295 409 1394 481 qui
1422 410 1491 464 de
1525 409 1900 480 intelligentia
1926 410 2099 479 hujus
2126 411 2169 465 A
2207 413 2351 475 tum,
2384 408 2492 464 hoc
2521 408 2676 462 enim
2726 413 2964 463 testatur
2991 407 3359 478 Augustinus,
3394 410 3488 481 qui
3523 411 3590 466 ob
3619 415 3828 475 decesso-

400 503 600 575 capitis
651 505 718 556 53
757 497 1159 570 Augustiniani
1221 501 1419 566 agunt,
1464 497 1676 567 primas
1727 497 1920 550 ferunt
1961 497 2096 549 Vas-
2206 513 2334 552 rum
2367 502 2576 552 statuta
2608 497 2979 568 recipientem
3013 497 3355 568 baptismum
3400 515 3520 554 cum
3557 518 3618 555 ea
3656 505 3829 563 fallacia

401 609 566 665 quez,
596 594 744 661 part.
775 605 856 656 ιιι,
891 587 1100 657 disput.
1142 588 1262 652 £38,
1290 601 1420 654 cap.
1462 587 1516 650 4,
1547 590 1604 638 et
1635 585 1786 655 Lugo
1830 584 2097 638 cardina-
2207 601 2270 639 ac
2290 584 2652 639 simulatione
2692 601 2807 638 non
2852 585 3076 639 dubitat
3121 601 3241 638 esse
3290 587 3465 640 valide
3512 588 3830 659 baptizatum.

398 681 490 747 lis,
550 680 699 749 disp.
738 679 770 732 8
814 677 882 731 de
936 674 1312 730 Sacramentis
1342 675 1400 727 in
1457 689 1685 744 genere,
1737 677 1870 727 sect.
1906 677 1956 728 3.
1983 675 2098 744 Ego
2209 675 2278 729 Et
2307 673 2588 745 superius,
2638 674 2880 745 loquens
2938 673 3006 727 de
3063 673 3233 726 dante
3285 679 3340 727 et
3401 676 3692 746 accipiente
3736 698 3831 738 cum

401 768 482 823 sic
495 766 690 838 judico
717 781 840 820 rem
870 765 940 818 ab
980 763 1145 818 initio
1208 762 1543 833 repetendo.
1605 761 1911 818 Occasione
1938 778 2096 832 qum-
2205 763 2446 829 fallacia,
2468 761 2580 817 ait:
2616 781 2644 813 «
2676 765 2762 816 An
2791 763 2918 833 plus
2958 761 3148 816 valent
3190 761 3260 815 ad
3297 763 3727 822 conﬁrmandum
3766 787 3833 824 sa-

401 856 603 911 stionis
649 869 822 927 quam
866 852 1177 908 Donatista:
1217 851 1287 906 de
1327 851 1742 921 rebaptizandis
1792 851 1862 904 iis
1902 850 2000 922 qui
2029 850 2094 906 al:
2206 855 2564 906 cramentum
2596 851 2677 904 illi
2708 867 2953 918 veraces,
2986 850 3134 904 inter
3159 867 3306 920 quos
3353 851 3554 920 agitur,
3611 870 3763 924 quam
3787 858 3836 911 ad

390 945 686 1001 haereticis
740 941 1012 1014 baptizati
1059 945 1222 996 erant
1250 939 1544 994 catholicis
1601 939 1903 1005 faciebant,
1950 955 2099 992 non-
2205 937 2597 993 frustrandum
2631 939 2715 992 illi
2743 939 2988 1002 fallaces,
3024 955 3056 991 a
3088 938 3297 1009 quibus
3336 939 3518 1008 agitur
3563 946 3615 994 et
3660 943 3710 996 in
3743 946 3837 1015 qui-

402 1036 562 1088 nulla
611 1032 785 1088 dubia
853 1032 923 1086 de
996 1030 1280 1101 baptismo
1340 1029 1490 1083 inter
1566 1027 1720 1088 ipsos
1792 1028 2098 1082 catholicos
2205 1026 2310 1081 bus
2364 1027 2572 1098 agitur,
2617 1031 2673 1081 et
2701 1032 2892 1081 tamen
2922 1027 2968 1080 si
2999 1034 3198 1096 postea
3227 1027 3514 1097 prodatur,
3549 1046 3682 1084 anno
3716 1049 3841 1086 aspr-

403 1124 632 1178 suborta
686 1122 932 1186 fuerant,
982 1136 1110 1190 quas
1165 1122 1392 1172 sanctus
1432 1117 1784 1188 Augustinus
1832 1115 1892 1169 in
1923 1116 2098 1171 ﬁnem
2204 1131 2318 1182 Tl'I‘,
2343 1117 2442 1170 sed
2469 1121 2566 1170 aut
2604 1115 3149 1170 excommunicando
3182 1116 3420 1186 punitur
3456 1117 3548 1170 illa
3589 1119 3840 1189 simulatio,

402 1211 631 1281 septimi
659 1215 714 1264 et
742 1209 929 1264 ultimi
960 1207 1092 1262 libri
1120 1208 1188 1261 de
1236 1206 1523 1276 Baptismo
1563 1205 1795 1275 rejecit:
1855 1221 1921 1258 ea
1963 1220 2096 1257 vero
2207 1209 2304 1258 aut
2349 1205 2676 1274 paenitendo
2737 1210 2988 1259 sanatur.
3037 1226 3057 1253 υ
3122 1206 3229 1263 Per
3259 1203 3316 1252 τό
3361 1206 3579 1271 fallaces
3618 1223 3649 1259 a
3687 1210 3843 1276 quibus

402 1301 485 1354 ibi
506 1300 704 1353 recitat
736 1315 847 1352 non
880 1297 1110 1368 quidem
1145 1297 1453 1360 soluturus,
1482 1295 1577 1348 sed
1621 1293 1864 1364 posteris
1905 1293 2098 1362 potius
2205 1297 2412 1362 agitur,
2461 1294 2861 1365 intelliguntur
2905 1293 3104 1348 dantes
3136 1294 3503 1364 baptismum,
3545 1300 3597 1348 et
3623 1312 3714 1364 per
3735 1296 3780 1342 τό
3805 1303 3843 1351 in

401 1388 669 1444 solvenda
697 1403 1041 1458 proponens.
1092 1387 1286 1454 Itaque
1321 1384 1398 1437 sic
1443 1388 1612 1454 caput
1664 1382 1804 1436 illud
1837 1385 1901 1436 53
1933 1397 2093 1434 exor-
2206 1383 2400 1452 quibus
2431 1385 2634 1450 agitur,
2665 1381 3004 1453 accipientes
3028 1383 3398 1453 baptismum.
3433 1383 3590 1446 Quod
3611 1385 3651 1436 si
3671 1385 3846 1439 fallacia

400 1478 596 1532 ditur:
641 1477 783 1532 Solet
838 1478 1000 1530 etiam
1083 1475 1254 1542 quarri
1319 1483 1501 1526 utrum
1554 1470 1965 1540 approbandum
2024 1472 2098 1523 sit
2207 1475 2260 1524 et
2290 1471 2575 1524 simulatio
2619 1471 2942 1541 signiﬁcant
2985 1471 3297 1526 carentiam
3358 1471 3694 1537 intentionis,
3748 1475 3845 1544 quis

397 1566 667 1634 baptisma
727 1564 872 1633 quod
911 1564 977 1616 ab
1022 1578 1078 1616 eo
1119 1563 1216 1631 qui
1248 1577 1354 1614 non
1397 1563 1606 1629 accepit
1655 1561 1943 1627 accipitur,
1987 1562 2093 1612 etc.
2205 1575 2323 1613 non
2349 1559 2532 1614 videat
2557 1576 2920 1614 communem
2945 1560 3082 1614 olim
3112 1559 3171 1614 in
3209 1560 3446 1631 antiqua
3477 1560 3703 1614 Ecclesia
3747 1578 3844 1615 sen-

396 1654 532 1707 Tres
558 1669 690 1706 vero
732 1651 813 1704 ibi
856 1650 1202 1721 quaestiones
1250 1648 1537 1720 praecipue
1570 1647 1874 1718 proponit:
1910 1647 2096 1717 prima
2127 1709 2164 1721 ἢ
2205 1648 2442 1702 tentiam
2511 1649 2840 1703 damnatam
2907 1649 3086 1703 fuisse
3161 1665 3191 1702 a
3266 1648 3595 1702 Tridentina
3657 1651 3845 1718 synodo,

395 1746 498 1807 est,
530 1757 602 1794 an
629 1740 904 1794 fallaciter
940 1744 997 1793 et
1024 1738 1291 1792 simulate
1323 1739 1554 1792 tradens
1587 1737 1934 1807 baptismum
1964 1753 2094 1790 vere
2126 1709 2166 1764 Β
2207 1753 2413 1809 nempe
2454 1753 2568 1791 non
2617 1737 2832 1808 requiri
2875 1737 3257 1792 intentionem
3317 1737 3388 1791 ad
3446 1739 3680 1790 valorem
3709 1754 3846 1790 sacra-

393 1830 664 1899 baptizat,
733 1829 954 1894 fallens,
1031 1827 1291 1898 inquam,
1364 1827 1423 1880 in
1501 1826 1766 1888 Ecclesia,
1828 1826 1917 1878 vel
1966 1842 2094 1896 qua:
2204 1827 2801 1897 menti?Augustinus
2845 1827 2998 1880 enim
3039 1827 3326 1897 majorum
3381 1830 3585 1880 statuta
3629 1827 3845 1896 appellat,

392 1922 627 1988 putatur
659 1917 940 1986 Ecclesia;
973 1917 1150 1970 altera
1193 1915 1433 1986 quaestio
1485 1920 1590 1981 est,
1629 1931 1702 1968 an
1736 1913 2012 1967 fallaciter
2041 1918 2097 1968 et
2203 1916 2414 1986 quibus
2442 1916 2734 1970 decretum
2763 1921 2884 1970 erat
2914 1916 3206 1983 fallaciter,
3259 1917 3376 1970 hoc
3428 1920 3510 1968 est
3564 1915 3675 1969 sine
3704 1916 3846 1968 inten-

393 2023 522 2060 cum
555 2005 917 2060 simulatione
960 2004 1276 2074 suscipiens
1321 2004 1378 2056 in
1428 2003 1671 2058 Ecclesia
1719 2002 2092 2072 baptismum,
2202 2005 2378 2071 tione,
2448 2010 2512 2059 ut
2573 2005 2820 2076 explicat
2887 2007 3162 2076 Vasquez,
3256 2004 3626 2074 accipientem
3684 2004 3846 2057 habere

391 2111 522 2149 vere
553 2101 608 2148 et
637 2095 820 2148 valide
844 2094 1200 2164 baptizetur;
1245 2097 1535 2163 postrema
1581 2092 1822 2162 quaestio
1872 2096 1976 2160 est,
2023 2109 2094 2145 an
2201 2111 2399 2148 verum
2429 2093 2798 2165 baptismum.
2831 2095 2970 2148 Item
3015 2098 3255 2148 testatur
3299 2095 3442 2148 tales
3478 2109 3604 2146 cum
3650 2110 3709 2146 ea
3731 2092 3845 2146 falla-

393 2188 517 2238 tum
540 2183 800 2254 praebens
822 2187 941 2236 tum
983 2182 1264 2252 recipiens
1302 2180 1654 2250 baptismum
1700 2186 1859 2234 extra
1909 2181 2093 2234 Eccle-
2201 2182 2288 2237 cia
2332 2183 2664 2253 baptizatos,
2697 2183 2744 2236 si
2775 2183 3053 2254 prodatur
3101 2199 3166 2236 ea
3215 2181 3530 2248 simulatio,
3582 2198 3845 2235 excommu-

393 2271 536 2325 siam
575 2271 805 2325 mimice
840 2275 894 2324 et
924 2270 1139 2324 ludicre
1171 2270 1521 2324 ablutionem
1571 2273 1928 2340 peragentes,
1961 2286 2092 2323 vere
2198 2269 2400 2339 nicari,
2470 2287 2584 2325 non
2631 2287 2766 2326 vero
2823 2271 3183 2342 rebaptizari,
3235 2272 3393 2343 quod
3453 2271 3718 2342 signiﬁcat
3767 2270 3845 2322 illis

397 2359 703 2414 conﬁciant
743 2363 1164 2413 sacramentum
1209 2357 1501 2429 baptismi.
1544 2358 1607 2411 In
1637 2357 1721 2411 his
1750 2357 1937 2412 dubiis
1978 2375 2093 2411 non
2199 2359 2404 2422 verbis,
2454 2376 2604 2414 nemo
2645 2363 2864 2431 repetit,
2908 2361 3120 2415 scilicet
3167 2361 3550 2432 baptismum,
3593 2361 3734 2430 cujus
3769 2376 3843 2428 0p-

391 2448 567 2503 audet
589 2447 946 2519 Augustinus
986 2447 1304 2518 quidquam
1338 2446 1595 2512 delinire,
1639 2447 1736 2501 sed
1771 2446 1883 2501 ait:
1919 2466 1946 2497 a
1981 2447 2090 2500 No-
2197 2446 2450 2516 positum
2509 2448 2679 2502 modo
2729 2449 2892 2502 docet
2951 2447 3218 2510 Ecclesia,
3297 2464 3428 2518 qua:
3489 2463 3614 2501 cum
3664 2445 3846 2499 deﬁniat

391 2537 478 2592 bis
508 2541 694 2590 tutum
723 2541 806 2590 est
845 2535 906 2589 in
950 2551 1016 2590 ea
1053 2553 1174 2590 non
1217 2535 1490 2606 progredi
1549 2535 1741 2606 aliqua
1769 2536 2090 2590 temeritate
2199 2535 2547 2606 baptismum
2605 2538 2874 2591 collatum
2937 2537 3059 2590 sine
3116 2537 3442 2591 intentione
3490 2552 3610 2590 esse
3654 2537 3846 2595 nullum,

390 2626 861 2696 sententiae,quas
893 2626 1050 2678 nullo
1094 2623 1155 2679 in
1201 2624 1478 2678 catholico
1526 2624 1804 2695 regionali
1849 2624 2088 2678 concilio
2196 2621 2363 2677 illum
2393 2623 2574 2695 repeti
2605 2623 2787 2694 jubet.
2831 2625 3027 2695 Itaque
3071 2623 3377 2695 explicatio
3441 2641 3554 2695 qua
3601 2620 3846 2693 Augustini

389 2722 594 2785 empta,
661 2715 820 2768 nullo
890 2714 1147 2785 plenario
1219 2712 1461 2767 concilio
1518 2713 1824 2768 terminata
1873 2717 2023 2766 sunt.
2058 2731 2086 2764 ν
2197 2711 2347 2766 dicta
2408 2713 2662 2783 Vasquez
2713 2713 3145 2784 interpretatur,
3196 2718 3352 2766 stare
3402 2713 3560 2766 nullo
3603 2711 3753 2766 modo
3778 2726 3849 2780 po-

391 2807 589 2858 Postea
615 2805 886 2868 insinuat,
916 2804 962 2855 si
1009 2802 1071 2856 in
1118 2818 1185 2856 ea
1227 2801 1444 2872 synodo
1492 2802 1714 2855 sederet
1754 2801 1814 2854 in
1852 2817 1966 2872 qua
1994 2802 2090 2855 illa
2197 2804 2325 2868 test,
2385 2799 2496 2854 nisi
2550 2801 2803 2855 dicamus
2851 2801 2937 2854 vel
2987 2800 3260 2872 antiquos
3321 2803 3518 2855 Patres
3571 2816 3775 2861 errasse,
3811 2802 3851 2848 et

388 2893 558 2949 dubia
599 2893 869 2946 solvenda
914 2895 1122 2958 essent,
1164 2891 1331 2944 malle
1382 2906 1442 2944 se
1481 2890 1727 2944 aliorum
1780 2891 2088 2944 sententias
2195 2905 2314 2944 non
2338 2890 2760 2961 rebaptizantes
2817 2906 2910 2944 eos
2957 2890 3058 2960 qui
3110 2906 3244 2944 cum
3293 2889 3654 2944 simulatione
3682 2886 3850 2956 baptis-

389 2983 584 3053 sequi;
630 2986 686 3038 et
732 2980 776 3035 si
809 2997 876 3036 eo
907 2980 1099 3034 animo
1146 2984 1284 3034 tunc
1324 2983 1470 3034 esset
1522 2995 1636 3050 quo
1667 2983 1789 3033 erat
1834 2995 1965 3033 cum
1993 2979 2090 3033 illa
2120 3008 2159 3064 ρ
2200 2995 2360 3034 mum
2415 2981 2793 3050 peregissent,
2849 2979 3181 3033 eorumdem
3243 2977 3627 3034 damnationis
3673 2990 3852 3030 causam

387 3073 653 3138 dictabat,
684 3070 764 3125 ita
806 3085 1255 3142 responsurum:
1306 3069 1374 3122 ad
1414 3068 1662 3138 primam
1710 3069 2088 3139 quaestionem
2198 3069 2390 3124 fuisse.
2431 3069 2524 3123 Vel
2572 3073 2722 3122 certe
2764 3067 3132 3122 Tridentinos
3191 3084 3261 3122 ac
3315 3068 3667 3123 Florentinos
3703 3067 3853 3120 Patres

388 3160 661 3232 quidem:
701 3180 727 3208 «
763 3159 982 3213 Habere
1028 3174 1121 3211 eos
1151 3156 1522 3227 baptismum,
1552 3156 1653 3228 qui
1685 3156 2010 3226 ubicunque
2032 3161 2089 3211 et
2197 3163 2395 3212 contra
2417 3157 2741 3212 vetustioris
2799 3157 3058 3212 Ecclesia:
3107 3158 3461 3212 sententiam
3516 3156 3753 3210 statuisse
3792 3153 3853 3204 in-

383 3266 418 3303 a
445 3249 882 3320 quibuscunque
941 3246 1084 3300 illud
1143 3245 1332 3299 verbis
1399 3244 1740 3314 evangelicis
1787 3261 2088 3299 consecra-
2195 3247 2511 3301 tentionem
2537 3262 2658 3300 esse
2686 3246 3068 3300 necessariam
3111 3246 3181 3299 ad
3237 3249 3497 3301 valorem
3535 3239 3854 3302 sacramenti;

382 3341 507 3392 tum
547 3340 670 3391 sine
701 3352 802 3390 sua
833 3334 1198 3388 simulatione
1216 3337 1272 3387 et
1299 3349 1428 3387 cum
1475 3332 1668 3402 aliqua
1697 3331 1808 3386 ﬁde
1839 3332 2086 3402 accepis-
2195 3335 2349 3406 quod
2379 3340 2690 3406 utrumque
2717 3335 2926 3389 falsum
2959 3340 3016 3389 et
3071 3335 3395 3390 absurdum
3450 3340 3552 3389 est.
3595 3334 3760 3388 Fictus
3785 3329 3856 3382 illc

383 3432 528 3481 sent.
583 3446 607 3476 ι
649 3426 728 3479 Ad
773 3425 1011 3478 alteram
1054 3422 1434 3494 quaestionem
1485 3422 1824 3491 respondet:
1887 3422 2087 3475 aPraa-
2196 3423 2472 3478 Moraines
2529 3425 2590 3478 in
2637 3423 3135 3494 Disputationibus
3201 3425 3568 3495 tbeologicis,
3619 3438 3745 3493 quas
3776 3418 3852 3470 sub

382 3515 565 3571 teritis
625 3514 908 3585 majorum
987 3515 1228 3577 statutis,
1291 3527 1410 3565 non
1475 3510 1674 3565 dubito
1727 3509 1901 3564 etiam
1955 3509 2086 3563 illos
2191 3528 2325 3566 vero
2353 3513 2604 3577 nomine,
2638 3527 2846 3582 nempe
2875 3512 3115 3567 Joannis
3142 3513 3478 3578 Martinoni,
3525 3511 3710 3574 edidit,
3739 3511 3853 3578 part.

382 3606 592 3660 habere
624 3603 975 3674 baptismum
1009 3599 1127 3672 qui,
1161 3599 1420 3671 quamvis
1464 3599 1738 3653 fallaciter
1782 3599 2083 3670 accipiant,
2193 3619 2273 3667 Ili,
2307 3602 2516 3672 disput.
2551 3604 2639 3667 22,
2664 3607 2797 3654 sect.
2830 3603 2882 3668 3,
2917 3617 3078 3657 num.
3114 3604 3205 3671 33,
3235 3620 3359 3657 non
3386 3602 3493 3656 sibi
3525 3602 3854 3655 cohaerentem

385 3694 446 3748 in
477 3691 720 3748 Ecclesia
770 3696 964 3746 tamen
1026 3689 1334 3758 accipiunt,
1383 3688 1469 3741 vel
1529 3687 1627 3742 ubi
1688 3692 1922 3758 putatur
1963 3704 2083 3742 esse
2194 3688 2509 3742 doctrinam
2538 3689 2843 3759 Augustini
2880 3706 3128 3760 arguens
3159 3691 3284 3746 ait:
3333 3711 3363 3743 α
3393 3692 3646 3761 Cumque
3683 3689 3738 3742 D.
3774 3689 3858 3738 Au-

387 3781 636 3838 Ecclesia
681 3781 752 3834 ab
805 3780 886 3833 eis
914 3779 973 3832 in
1006 3793 1255 3849 quorum
1313 3777 1580 3831 societate
1628 3776 1685 3832 id
1725 3776 2017 3847 accipitur.
2057 3799 2078 3827 ι
2192 3779 2456 3847 gustinus
2485 3779 2686 3832 eodem
2716 3780 2836 3832 loco
2865 3784 3016 3834 recte
3047 3781 3342 3835 censuerit
3372 3797 3505 3834 eum
3523 3795 3633 3833 non
3654 3775 3858 3844 recipere

382 3874 580 3943 Itaque
623 3887 691 3925 ex
728 3868 1037 3939 Augustini
1097 3867 1378 3921 sententia
1446 3866 1658 3920 sufﬁcit
1705 3866 1778 3920 ad
1829 3868 2082 3920 valorem
2190 3867 2540 3937 baptismum
2590 3868 2691 3938 qui
2739 3869 2868 3922 ﬁcte
2914 3874 2972 3922 et
3026 3869 3147 3922 sine
3205 3869 3540 3924 intentione
3597 3860 3862 3936 recipiendi

379 3959 652 4031 baptismi
708 3959 862 4030 quod
917 3957 975 4010 in
1024 3957 1300 4011 alterutro
1361 3961 1586 4010 tantum
1627 3955 1700 4010 sit
1742 3972 1877 4010 vera
1919 3956 2082 4026 ﬁdes,
2189 3955 2426 4025 accedit,
2448 3972 2553 4026 par
2578 3956 2684 4010 fuit
2712 3957 2857 4010 ratio
2889 3962 2954 4011 ut
2999 3974 3116 4011 non
3146 3958 3449 4014 dubitaret
3501 3974 3632 4012 eum
3675 3967 3861 4026 quoque

379 4049 512 4103 licet
536 4049 595 4103 in
635 4064 752 4102 uno
800 4047 977 4118 possit
1025 4063 1146 4101 esse
1185 4046 1408 4100 fallacia
1454 4051 1509 4100 et
1555 4045 1863 4100 simulatio.
1906 4047 2080 4099 Porro
2189 4062 2306 4100 non
2333 4062 2464 4100 vere
2492 4046 2801 4117 baptizare,
2827 4047 2928 4117 qui
2953 4063 3068 4102 non
3115 4049 3270 4103 serio
3312 4067 3379 4104 ac
3423 4049 3545 4104 sine
3589 4043 3863 4102 intentione

378 4155 494 4193 non
539 4141 624 4191 est
673 4141 892 4192 certum
969 4153 1042 4190 an
1109 4136 1179 4190 de
1254 4135 1574 4190 intentione
1638 4133 1959 4189 necessaria
2009 4134 2080 4188 ad
2188 4134 2458 4205 baptizat.
2500 4155 2523 4184 ι
2593 4137 2665 4189 At
2729 4141 2956 4190 sanctus
3010 4136 3209 4190 doctor
3283 4138 3615 4210 Oppositum
3667 4145 3859 4206 prorsus

375 4228 725 4299 baptismum
767 4227 1057 4296 loquatur.
1115 4227 1259 4279 Nam
1305 4224 1557 4294 Vasquez
1589 4227 1754 4294 putat
1781 4239 1886 4293 per
1910 4222 1967 4268 τὸ
1994 4223 2079 4276 si-
2188 4223 2433 4294 scripsit,
2469 4240 2605 4278 nam
2635 4225 2807 4294 plana
2837 4229 2972 4279 sunt
3001 4225 3124 4296 ejus
3154 4227 3336 4282 verba
3366 4223 3860 4299 superiusrecitata:

373 4317 612 4372 mulatus
655 4317 887 4379 animus,
935 4314 1188 4380 fallacia,
1260 4313 1560 4375 simulatio,
1621 4311 1848 4366 excludi
1892 4327 2086 4365 veram
2126 4303 2171 4358 D
2201 4314 2320 4369 Non
2350 4313 2536 4368 dubito
2566 4316 2729 4368 etiam
2756 4314 2877 4368 illos
2934 4313 3130 4370 habere
3161 4315 3520 4386 baptismum,
3561 4317 3672 4385 qui,
3702 4324 3864 4382 quam-

377 4404 755 4458 intentionem
805 4407 905 4456 aut
944 4401 1132 4455 dantis
1181 4405 1283 4455 aut
1323 4399 1652 4470 accipientis
1700 4399 2053 4469 baptismum
2075 4436 2088 4450 .
2199 4404 2282 4456 vis
2309 4405 2584 4470 fallaciter
2613 4402 2735 4473 (hoc
2765 4407 2849 4458 est
2877 4403 2996 4458 sine
3026 4404 3374 4472 intentione,
3418 4410 3483 4459 ut
3503 4420 3633 4459 cum
3660 4395 3863 4468 VasquiO

379 4494 564 4557 Quare
591 4507 719 4545 cum
746 4491 882 4546 dicit
909 4479 1283 4564 Augustinus,
1335 4487 1435 4559 qui
1471 4488 1754 4553 fallaciter
1797 4483 2093 4558 accipiunt
2198 4489 2608 4562 interpretatur
2683 4490 3052 4562 Martinonus)
3129 4497 3434 4563 accipiant,
3516 4496 3574 4547 in
3661 4487 3863 4545 Ecclesia

374 4579 924 4651 baptismum,idem
962 4583 1127 4632 sonat
1153 4594 1216 4632 ac
1242 4579 1443 4646 absque
1487 4579 1800 4632 intentione.
1853 4577 1918 4632 Et
1952 4594 2086 4632 con-
2197 4583 2375 4634 tamen
2449 4579 2740 4649 accipiunt.
2799 4580 3020 4634 Nullius
3069 4586 3265 4636 autem
3319 4583 3518 4637 minus
3565 4571 3861 4634 cohaerentis

377 4670 558 4726 cludit
618 4674 846 4739 putasse
909 4667 1295 4738 Augustinum
1360 4666 1742 4721 intentionem
1788 4683 1903 4721 non
1955 4684 2076 4722 esse
2195 4668 2491 4722 sententiae
2516 4668 2866 4738 Augustinus
2897 4675 3096 4724 auctor
3122 4670 3252 4738 fuit,
3305 4677 3372 4726 ut
3407 4671 3676 4742 opinatur
3711 4662 3862 4721 Marti-

375 4758 753 4817 necessariam
784 4757 844 4811 in
879 4757 1048 4812 dante
1078 4762 1136 4812 et
1183 4756 1529 4828 suscipiente
1568 4756 1946 4827 baptismum,
1983 4757 2084 4812 sed
2193 4773 2398 4824 nonus,
2431 4759 2528 4812 sed
2556 4758 2807 4812 validum
2839 4774 2960 4812 esse
2990 4758 3345 4830 baptismum
3396 4761 3560 4830 dixit,
3604 4763 3660 4813 et
3702 4756 3754 4809 in
3781 4750 3860 4805 fal-

376 4851 510 4906 satis
539 4863 662 4903 esse
689 4847 841 4919 quod
874 4847 944 4900 sit
974 4846 1032 4900 in
1063 4848 1360 4912 alterutro,
1403 4862 1533 4917 quae
1576 4845 1860 4900 sententia
1913 4846 2082 4900 modo
2188 4845 2385 4900 laciter
2411 4846 2720 4917 accipiente
2750 4851 2806 4901 et
2828 4864 2862 4901 a
2887 4847 3164 4902 fallaciter
3194 4849 3399 4904 dante.

374 4941 448 4996 ob
478 4940 705 4995 decreta
742 4936 1138 4991 conciliiorum
1185 4941 1310 4990 tuta
1341 4952 1457 4990 non
1506 4939 1611 4990 est.
1665 4935 1774 4990 Sed
1816 4935 1940 4988 haec
1989 4950 2081 4988 ex-
2260 4936 2670 5006 Explicandum
2714 4937 2894 5008 igitur
2939 4942 3023 4991 est
3061 4937 3202 5008 quid
3261 4938 3504 4994 nomine
3557 4933 3774 4991 fallacia:
3816 4931 3858 4979 el

371 5028 600 5101 plicatio
632 5025 1025 5082 difﬁcultatem
1050 5025 1288 5096 patitur,
1319 5024 1474 5096 quod
1503 5023 1859 5094 Augustinus
1885 5028 2078 5094 aperte
2185 5024 2566 5080 simulationis
2593 5026 2939 5098 Augustinus
2968 5027 3279 5097 intelligat,
3323 5045 3457 5082 cum
3513 5027 3619 5082 dici
3649 5021 3861 5092 nequeat

373 5117 596 5172 scribit:
667 5117 958 5171 Praeteritis
1042 5115 1314 5184 majorum
1387 5116 1631 5178 statutis,
1698 5127 1807 5167 non
1887 5111 2076 5166 dubito
2185 5113 2533 5184 signiﬁcasse
2582 5115 2896 5170 carentiam
2944 5116 3283 5171 intentionis
3328 5118 3503 5172 modo
3549 5133 3613 5170 ex
3663 5109 3857 5166 Triden-

371 5209 534 5259 etiam
569 5207 688 5260 illos
737 5205 930 5259 habere
969 5205 1296 5272 baptismum
1330 5205 1446 5270 qui,
1497 5204 1746 5270 quamvis
1791 5203 2072 5267 fallaciter
2181 5201 2302 5255 tino
2324 5203 2389 5256 ad
2419 5203 2668 5257 valorem
2702 5203 2971 5274 baptismi
3027 5205 3392 5260 necessariae.
3444 5206 3638 5275 Itaque
3667 5193 3855 5254 fallacia

371 5295 661 5361 accipiant,
722 5296 779 5347 in
857 5293 1094 5348 Ecclesia
1163 5296 1340 5346 tamen
1413 5293 1709 5360 accipiunt.
1765 5289 1823 5345 Si
1896 5289 2073 5359 igitur
2182 5295 2239 5345 et
2261 5291 2549 5346 simulatio
2579 5293 2640 5347 in
2665 5292 2879 5363 duplici
2911 5309 3080 5348 sensu
3111 5293 3292 5365 accipi
3323 5296 3587 5364 possunt,
3632 5289 3710 5342 vel
3739 5299 3856 5354 qua-

368 5379 649 5436 fallaciter
695 5381 946 5451 accipere
1003 5379 1356 5452 baptismum
1425 5383 1512 5432 est
1577 5378 1700 5433 sine
1748 5377 2069 5433 intentione
2179 5383 2349 5435 tenus
2406 5382 2715 5438 excludunt
2769 5382 3148 5438 intentionem
3206 5383 3461 5439 faciendi
3535 5378 3683 5453 quod
3741 5369 3853 5429 facit

364 5469 622 5540 recipere
689 5469 1054 5539 baptismum,
1108 5470 1396 5540 majorum
1473 5467 1696 5522 statutis
1773 5467 2068 5524 decretum
2177 5469 2420 5524 Ecclesia
2475 5471 2538 5525 in
2608 5471 2966 5527 conﬁciendo
3027 5478 3414 5538 sacramento,
3467 5471 3552 5524 vel
3601 5469 3849 5538 quatenus

367 5563 490 5615 erat
514 5557 888 5629 recipientem
923 5559 1046 5614 sine
1075 5557 1400 5615 intentione
1453 5572 1575 5612 esse
1624 5572 1756 5611 vere
1809 5555 2063 5628 baptiza-
2175 5559 2487 5615 excludunt
2535 5560 2726 5630 fidem,
2781 5577 2882 5616 seu
2933 5562 3361 5633 credulitatem,
3392 5561 3480 5615 vel
3512 5549 3846 5614 existimatio-
