3946 6176
112 334 218 382 717

1439 330 1761 387 VINDICLE
1798 333 2339 395 AUGUSTINIANE.

3529 349 3631 400 718

110 469 255 507 nem
287 452 354 507 de
383 468 444 506 re
472 456 528 505 et
558 450 760 506 eﬁ‘ectu
789 455 1153 525 sacramenti,
1184 454 1285 526 qui
1314 458 1398 509 est
1444 455 1817 510 sanctiﬁcatio
1845 460 1888 512 A
1927 462 2082 512 ctum
2112 462 2340 515 Patrem
2374 462 2442 515 de
2473 461 2668 532 aliquo
2700 462 3009 527 dubitasse,
3059 464 3213 532 quod
3258 464 3430 519 modo
3479 469 3636 520 extra

113 544 332 597 animae
358 558 459 613 per
489 541 688 612 gratiae
720 542 1069 597 infusionem
1095 561 1109 611 ;
1141 560 1270 615 quae
1315 544 1428 598 duo
1469 549 1604 598 sunt
1657 544 1820 598 valde

116 632 349 686 diversa
380 648 392 683 :
424 647 557 684 nam
586 630 633 683 si
666 630 795 701 quis
842 632 1073 701 gentilis
1129 632 1263 686 velit
1290 632 1568 703 baptizari
1624 633 1696 686 ob
1727 634 1821 686 lu-

117 737 284 774 crum
315 720 463 791 quod
495 719 630 772 inde
685 724 874 790 sperat
903 736 931 773 a
961 719 1221 790 principe
1253 720 1595 788 Christiano,
1636 720 1822 775 fallaci

119 811 318 863 animo
341 826 403 862 ac
435 808 701 862 simulato
732 808 938 878 accipit
957 808 1327 878 baptismum,
1362 810 1583 863 fallacia
1628 815 1823 865 tamen

113 904 174 952 et
207 898 579 952 simulatione
618 914 733 951 non
774 897 1107 951 excludente
1158 898 1532 953 intentionem
1562 915 1822 953 necessa-

109 988 264 1041 riam
297 988 366 1041 ad
416 988 670 1041 valerem
716 986 1075 1054 sacramenti,
1102 1003 1207 1057 per
1236 1004 1411 1059 quam
1461 986 1711 1041 intendit
1739 987 1825 1043 fa-

119 1092 255 1129 cere
305 1076 457 1146 quod
520 1075 654 1129 facit
716 1074 982 1143 Ecclesia,
1041 1075 1137 1130 sed
1190 1076 1522 1130 excludente
1589 1091 1712 1130 rem
1769 1078 1826 1130 et

112 1164 388 1218 effectum
430 1163 791 1232 sacramenti,
834 1179 1041 1234 nempe
1072 1163 1313 1233 gratiam
1355 1164 1821 1218 sanctiﬁcantem.

112 1254 311 1316 Quare
342 1269 469 1306 cum
503 1270 569 1306 ex
602 1253 762 1306 dictis
805 1257 1001 1305 contra
1054 1253 1370 1324 Vasquium
1418 1252 1668 1321 intelligi
1706 1268 1825 1307 non

108 1342 309 1412 possit
359 1342 714 1412 Augustinus
759 1341 829 1396 de
880 1340 1103 1395 fallacia
1149 1346 1205 1396 et
1236 1341 1598 1397 simulatione
1630 1340 1827 1395 exclu-

109 1430 293 1484 dente
327 1430 705 1484 intentionem
735 1429 978 1484 faciendi
1009 1430 1162 1501 quod
1189 1430 1323 1485 facit
1352 1430 1615 1497 Ecclesia,
1653 1444 1827 1500 quam

107 1520 327 1589 synodi
382 1520 724 1590 posteriores
778 1523 1098 1574 statuerunt
1146 1519 1523 1574 necessariam
1581 1535 1700 1571 esse
1755 1518 1829 1572 ad

105 1610 377 1662 valerem
411 1609 773 1675 sacramenti,
817 1609 887 1663 de
934 1608 1156 1663 fallacia
1205 1614 1262 1664 et
1314 1608 1676 1663 simulatione
1730 1625 1827 1663 ex-

106 1698 390 1752 cludente
421 1698 821 1762 intentionem,
857 1714 959 1752 seu
988 1698 1406 1765 credulitatem,
1454 1702 1511 1751 et
1540 1697 1827 1751 existima-

102 1788 342 1841 tionem
374 1788 442 1840 de
473 1803 535 1840 re
587 1792 643 1840 et
674 1788 877 1841 effectu
906 1786 1253 1841 Sacramenti
1312 1786 1678 1857 accipiendos
1728 1791 1828 1839 est.
1864 1755 1903 1809 Β

105 1878 265 1931 Hinc
295 1877 647 1947 Augustinus
701 1877 773 1931 ad
804 1877 1059 1931 valerem
1110 1877 1453 1931 sacramenti
1482 1876 1726 1947 requirit
1770 1880 1837 1929 ut

104 1965 219 2037 qui
252 1965 395 2019 illud
429 1967 706 2031 fallaciter
747 1967 1044 2035 accipiunt,
1099 1969 1159 2020 in
1208 1967 1451 2021 Ecclesia
1480 1971 1657 2019 tamen
1687 1967 1836 2019 acci—

96 2058 298 2124 piant,
329 2060 432 2109 etc.
465 2072 479 2120 ;
514 2060 571 2108 et
592 2058 723 2108 ante
755 2054 835 2107 ait
864 2070 879 2107 :
911 2058 1103 2109 Utrum
1123 2057 1322 2121 fallens
1364 2058 1508 2109 sicut
1553 2057 1611 2108 in
1650 2054 1833 2109 Eccle-

109 2148 235 2209 sia,
264 2145 348 2197 vel
376 2146 433 2197 in
464 2160 525 2197 ea
558 2159 674 2211 quae
697 2148 928 2211 putatur
976 2144 1236 2198 Ecclesia.
1284 2143 1393 2207 Qui
1443 2144 1597 2196 enim
1643 2143 1705 2196 in
1736 2143 1834 2196 Ec-

108 2231 295 2285 clesia
326 2231 469 2302 petit
494 2231 844 2301 baptismum
870 2232 991 2285 vult
1020 2247 1153 2285 sane
1204 2231 1450 2285 exterius
1507 2230 1567 2284 in
1605 2247 1663 2284 se
1710 2229 1837 2284 ﬁeri

108 2322 277 2392 quod
302 2320 435 2373 facit
460 2319 723 2386 Ecclesia,
775 2320 909 2373 licet
940 2320 1007 2374 de
1041 2319 1246 2374 effectu
1289 2319 1488 2389 gratia:
1519 2319 1665 2373 nihil
1713 2335 1833 2372 cre-

111 2411 243 2464 dat.
277 2410 438 2463 Idem
468 2408 842 2477 Augustinus,
889 2408 989 2462 lib.
1024 2427 1042 2463 I
1074 2408 1144 2463 de
1203 2409 1514 2478 Baptismo,
1575 2424 1700 2479 cap.
1747 2410 1833 2476 l2,

110 2516 256 2552 cum
290 2498 523 2551 dixisset
553 2498 773 2551 Simoni
804 2498 964 2567 Mago
988 2497 1047 2550 in
1078 2498 1366 2566 baptismo
1398 2497 1633 2552 dimissa
1662 2496 1835 2552 fuisse

114 2592 383 2659 peccata,
420 2586 628 2657 quaerit
660 2604 672 2641 :
706 2586 854 2651 Quid
891 2589 941 2640 si
982 2586 1057 2639 ad
1097 2588 1276 2655 ipsum
1318 2587 1645 2655 baptismum
1680 2588 1836 2654 ﬁctus

110 2677 397 2731 accessit?
425 2677 535 2728 hoc
568 2679 653 2728 est
674 2691 791 2728 non
812 2675 1031 2729 habens
1052 2674 1225 2728 ﬁdem
1255 2676 1340 2728 vel
1366 2675 1747 2728 intentionem
1767 2675 1835 2727 de

110 2764 327 2818 effectu
358 2763 647 2833 baptismi,
683 2764 780 2817 sed
829 2763 1024 2816 animo
1077 2763 1343 2816 simulato
1398 2767 1570 2833 atque
1623 2762 1830 2815 fallaci.

109 2854 412 2907 Addit:«
468 2853 694 2917 Qumro,
743 2852 791 2905 si
844 2856 1041 2922 postea
1098 2852 1389 2906 ﬁctionem
1446 2867 1607 2905 suam
1664 2851 1833 2904 corde

111 2958 406 2997 concusso
437 2946 493 2995 et
512 2958 643 2995 vero
673 2942 870 2994 dolore
900 2942 1188 3004 fateretur,
1239 2941 1428 2995 denuo
1460 2939 1834 3010 baptizandus

110 3031 481 3101 judicaretur
499 3031 528 3083 ‘?
560 3029 721 3093 Quod
743 3028 789 3082 si
814 3034 897 3083 est
927 3028 1421 3083 dementissimum
1439 3028 1644 3093 dicere,
1669 3048 1697 3076 »
1724 3033 1829 3082 etc.
1860 3051 1899 3105 α

114 3121 203 3173 Ex
233 3119 445 3189 quibus
472 3123 628 3188 patet
670 3134 773 3189 per
818 3117 1110 3171 ﬁctionem
1163 3117 1323 3171 illam
1379 3117 1601 3172 excludi
1651 3116 1837 3171 inten-

114 3207 344 3260 tionem
378 3206 447 3259 de
479 3222 537 3259 re
566 3211 621 3259 et
650 3206 856 3260 effectu
904 3205 1194 3275 baptismi,
1255 3222 1371 3259 non
1400 3221 1533 3258 vero
1565 3204 1833 3258 intentio-

110 3311 261 3350 nem
294 3294 540 3349 faciendi
581 3294 737 3365 quod
786 3295 919 3348 facit
978 3294 1249 3360 Ecclesia;
1308 3292 1356 3346 si
1406 3292 1561 3346 enim
1592 3294 1698 3346 hoc
1754 3308 1837 3346 se-

110 3385 322 3439 cunde
361 3383 532 3437 modo
587 3383 960 3454 intelligenda
1016 3388 1177 3448 esset,
1218 3382 1509 3453 quomodo
1556 3386 1702 3435 esset
1741 3382 1834 3436 de-

110 3475 525 3529 mentissimum
576 3473 749 3527 dicere
800 3472 967 3526 illum
1024 3488 1144 3525 esse
1176 3472 1364 3526 denuo
1404 3471 1835 3542 baptizandum,

115 3578 267 3616 cum
328 3577 390 3615 ex
438 3560 771 3615 Tridentino
832 3560 974 3614 illud
1041 3560 1286 3614 Ecclesia
1352 3561 1523 3614 modo
1585 3560 1836 3614 doceat?

114 3654 414 3706 Praeterea
443 3650 519 3703 ibi
543 3650 782 3720 oppeuit
811 3650 1105 3703 fallentem
1129 3649 1187 3702 in
1222 3648 1467 3703 Ecclesia
1514 3648 1729 3719 jocanti
1776 3648 1837 3702 in

114 3740 311 3795 mimo
339 3739 396 3792 in
427 3739 787 3810 suscipiendo
811 3739 1117 3809 baptismo.
1134 3737 1349 3801 Quaarit
1372 3738 1525 3791 enim
1547 3754 1620 3791 an
1645 3741 1840 3791 teneat

114 3831 448 3900 baptismus
479 3834 741 3899 peractus
796 3845 916 3883 cum
945 3829 1310 3895 simulatione,
1364 3831 1548 3881 utrum
1588 3825 1839 3880 fallentis

115 3924 269 3976 sicut
293 3921 351 3973 in
379 3920 640 3985 Ecclesia,
675 3918 763 3973 vel
794 3918 855 3971 in
885 3934 950 3971 ea
1005 3933 1134 3988 qua:
1174 3920 1411 3987 putatur
1463 3915 1733 3980 Ecclesia,
1765 3932 1837 3969 an

108 4008 394 4080 jocantis,
431 4008 577 4061 sicut
605 4008 665 4061 in
694 4007 871 4061 mimo
892 4008 920 4060 ?
945 4009 1017 4060 At
1047 4006 1252 4059 fallens
1308 4003 1368 4057 in
1401 4003 1643 4058 Ecclesia
1672 4007 1727 4056 et
1747 4003 1838 4072 jo-

114 4114 264 4154 cans
294 4098 353 4150 in
385 4096 562 4151 mimo
588 4096 650 4150 in
682 4096 790 4150 hoc
837 4094 1184 4150 conveniunt
1237 4092 1391 4164 quod
1429 4096 1674 4163 uterque
1721 4107 1839 4145 non

113 4187 305 4242 habet
332 4186 506 4240 ﬁdem
533 4186 603 4239 de
651 4186 853 4239 effectu
909 4182 1204 4254 baptismi,
1246 4198 1360 4253 qua
1411 4185 1615 4234 neuter
1664 4180 1839 4234 habet

114 4274 511 4329 intentionem
544 4274 612 4328 de
642 4273 1089 4328 sanctiﬁcatione
1119 4270 1352 4325 animae.
1385 4271 1459 4324 At
1484 4268 1760 4323 differunt
1778 4268 1841 4322 in

1929 546 2168 601 dubium
2198 551 2450 619 ponitur,
2508 552 2825 606 necessario
2873 552 3179 606 dicendum
3238 558 3340 607 est.
3395 553 3633 618 Quando

1931 636 2084 689 enim
2119 637 2196 690 ait
2250 638 2480 693 mimice
2513 646 2569 693 et
2598 640 2809 694 ludicre
2836 642 3110 693 collatum
3142 642 3516 709 baptismum,
3549 646 3631 695 vel

1930 728 2141 780 mimice
2170 732 2219 780 et
2246 728 2450 782 ludicre
2478 728 2558 782 ita
2588 729 2943 798 intelligebat
2988 734 3050 783 ut
3092 734 3285 800 procul
3330 733 3461 786 inde
3492 739 3635 786 esset

1933 831 2052 869 non
2102 817 2291 870 solum
2352 817 2596 872 intentio
2656 819 2723 872 de
2780 819 2983 873 effectu
3020 820 3377 887 sacramenti,
3436 837 3635 875 verum

1933 903 2107 957 etiam
2139 906 2384 959 intentio
2440 907 2685 961 faciendi
2725 908 2878 976 quod
2927 907 3057 961 facit
3110 908 3389 975 Ecclesia;
3422 911 3507 963 vel
3557 911 3637 964 ita

1932 1000 1997 1047 ut
2020 994 2140 1047 haec
2156 995 2400 1049 secunda
2431 995 2674 1050 intentio
2703 995 2940 1050 minime
2964 997 3429 1052 excludereturzsi
3452 997 3520 1052 de
3536 999 3644 1053 hoc

1932 1082 2179 1136 secunde
2207 1082 2507 1152 dubitavit,
2531 1084 2654 1153 jam
2689 1084 2863 1138 modo
2894 1088 3114 1138 constat
3169 1086 3301 1139 satis
3345 1103 3466 1141 esse
3499 1088 3645 1142 hanc

1933 1170 2309 1226 intentionem
2350 1172 2595 1227 faciendi
2645 1173 2800 1243 quod
2856 1172 2989 1225 facit
3045 1172 3309 1238 Ecclesia,
3371 1176 3439 1229 ad
3479 1177 3643 1231 valo—

1933 1275 2055 1314 rem
2082 1260 2388 1330 baptismi;
2422 1260 2468 1315 si
2499 1262 2567 1315 de
2595 1261 2782 1330 primo
2828 1261 3035 1315 dubius
3084 1262 3211 1330 fuit,
3244 1262 3390 1316 item
3421 1270 3643 1319 certum

1936 1348 2107 1402 modo
2133 1347 2394 1403 estinter
2423 1350 2729 1405 catholicos
2776 1350 3129 1419 baptismum
3190 1352 3420 1405 exclusa
3468 1354 3648 1424 quali-

1937 1436 2032 1490 bet
2059 1436 2373 1491 intentione
2431 1455 2548 1492 non
2603 1455 2723 1492 esse
2782 1439 3054 1493 validum.
3114 1439 3372 1494 Profecto
3428 1457 3491 1494 ex
3521 1458 3646 1495 ver-

1938 1524 2025 1579 bis
2045 1525 2349 1595 Augustini
2376 1531 2532 1596 patet
2562 1543 2793 1581 omnem
2826 1531 2882 1580 et
2931 1543 3353 1599 quamcumque
3383 1533 3519 1582 tunc
3565 1529 3651 1584 in-

1940 1613 2255 1667 teutionem
2317 1614 2562 1681 excludi,
2615 1615 2693 1668 ait
2742 1614 2916 1684 enim,
2970 1615 3064 1669 sed
3112 1620 3279 1669 totum
3324 1617 3546 1683 ludicre,
3599 1622 3649 1672 et

1938 1704 2168 1768 mimice,
2200 1707 2251 1757 et
2272 1704 2593 1771 joculariter
2625 1703 2920 1769 ageretur:
2978 1704 3264 1774 siquidem
3324 1705 3370 1757 si
3428 1706 3649 1761 adesset

1944 1790 2189 1844 intentio
2217 1791 2364 1845 serie
2391 1792 2637 1847 faciendi
2667 1792 2823 1862 quod
2861 1792 2993 1846 facit
3040 1794 3301 1859 Ecclesia,
3354 1794 3476 1863 jam
3529 1811 3649 1848 non

1941 1882 2150 1945 totum,
2184 1879 2290 1933 hoc
2321 1886 2404 1934 est
2435 1881 2595 1934 omni
2648 1899 2713 1934 ex
2761 1887 2921 1951 parte
2971 1882 3306 1951 joculariter
3337 1887 3392 1937 et
3417 1884 3646 1953 {ludicre

1943 1973 2231 2037 ageretur.
2265 1969 2401 2032 Quis
2430 1975 2622 2023 autem
2661 1971 2811 2023 hanc
2863 1970 3276 2026 dubitationem
3324 1973 3645 2041 Augustine

1941 2055 2077 2109 vitio
2106 2061 2309 2123 vertat,
2343 2057 2457 2111 nisi
2505 2058 2808 2127 Moraines,
2852 2076 3058 2129 parum
3088 2077 3287 2131 aequus
3327 2062 3645 2132 Augustine

1942 2144 2200 2215 scriptor,
2246 2145 2346 2215 qui
2375 2162 2468 2199 eas
2523 2150 2718 2200 sancte
2774 2148 2989 2201 doctori
3034 2148 3346 2202 sententias
3406 2149 3645 2218 affricat,

1942 2249 2187 2304 quarum
2212 2234 2500 2304 eppositas
2532 2234 2651 2288 sine
2676 2234 2849 2289 dubio
2880 2234 3033 2288 idem
3074 2252 3131 2288 se
3159 2240 3354 2289 tenere
3398 2253 3650 2306 pronun-

1941 2320 2091 2374 tiat?
2121 2322 2253 2375 Jure
2285 2326 2477 2375 autem
2502 2323 2856 2393 Augustinus
2904 2323 3188 2393 judicium
3232 2324 3547 2395 suspendit,
3582 2340 3649 2379 ea

1942 2409 2262 2479 praesertim
2296 2414 2632 2480 tempestate
2656 2427 2768 2481 qua
2799 2412 2868 2464 ob
2898 2412 3408 2482 rebaptizationem
3460 2414 3647 2467 Dona-

1940 2497 2206 2552 tistarum
2238 2515 2598 2569 qumcunque
2631 2499 2857 2554 iteratio
2884 2500 3151 2571 baptismi
3176 2518 3278 2571 per
3307 2502 3508 2555 ludum
3529 2502 3648 2556 dati

1943 2591 2155 2640 asserta
2176 2586 2402 2656 fuisset,
2439 2588 2633 2641 ﬁdeles
2663 2588 2857 2642 minus
2888 2606 3080 2642 rerum
3130 2590 3303 2659 periti
3331 2608 3394 2643 ac
3421 2591 3647 2661 simpli-

1943 2693 2032 2729 ces
2062 2676 2236 2745 longa
2263 2675 2355 2730 via
2406 2677 2476 2730 ab
2510 2676 2883 2730 schismaticis
2938 2677 3425 2747 rebaptizantibus
3457 2679 3517 2731 iu
3558 2694 3646 2733 er-

1940 2780 2133 2817 rorem
2160 2765 2311 2817 trahi
2364 2768 2643 2834 poterant,
2679 2765 2770 2819 cui
2798 2765 3051 2835 periculo
3083 2768 3395 2835 prudenter
3448 2768 3646 2837 Augu-

1943 2852 2125 2905 stinus
2154 2852 2318 2906 cavit.
2356 2853 2514 2916 Quod
2546 2869 2680 2906 vero
2708 2853 2768 2907 in
2800 2854 2944 2907 votis
2970 2854 3169 2908 habuit
3198 2860 3262 2909 ut
3290 2855 3351 2908 in
3389 2855 3651 2925 plenaria

1942 2940 2155 3010 synodo
2203 2956 2294 2994 res
2326 2940 2684 3008 deﬁniretur,
2739 2941 2861 3011 jam
2892 2941 3126 2995 deﬁnita
3180 2944 3351 2996 estin
3407 2944 3648 2998 concilio

1941 3028 2287 3094 Florentino,
2320 3028 2380 3082 in
2406 3029 2629 3082 decreto
2662 3029 2797 3083 ﬁdei
2828 3034 2956 3100 post
3005 3031 3264 3085 ultimam
3306 3031 3653 3103 sessionem,

1945 3121 1999 3171 et
2028 3117 2089 3170 in
2117 3116 2469 3183 Tridentino,
2501 3132 2634 3170 sess.
2658 3122 2713 3181 7,
2746 3134 2875 3172 can.
2922 3121 3003 3182 ll,
3054 3118 3189 3172 dum
3249 3118 3492 3174 intentio
3534 3121 3645 3174 mi-

1944 3205 2109 3259 nistri
2141 3206 2467 3259 decernitur
2496 3205 2714 3276 requiri
2748 3206 2818 3259 ad
2839 3206 3091 3260 valerem
3136 3213 3645 3264 sacramentorum.

1945 3295 2029 3348 Ita
2057 3293 2411 3365 Augustinus
2442 3298 2613 3364 caput
2651 3293 2792 3348 illud
2824 3296 2891 3349 53
2923 3296 3278 3350 concluserat
3312 3314 3323 3351 :
3362 3315 3389 3347 α
3422 3297 3648 3361 Quanto

1942 3382 2126 3453 magis
2157 3399 2292 3452 ergo
2323 3399 2477 3436 nunc
2507 3382 2628 3436 sine
2646 3382 2978 3453 prmjudicio
2999 3384 3378 3455 diligentioris
3408 3386 3649 3458 inquisi-

1943 3471 2118 3525 tionis
2143 3473 2231 3525 vel
2258 3471 2492 3542 majoris
2522 3472 2873 3526 auctoritatis
2915 3472 3059 3527 illud
3100 3474 3309 3529 dixisse
3366 3476 3647 3546 accipien-

1944 3561 2050 3615 dus
2080 3559 2242 3615 sum!
2298 3581 2326 3610 »
2380 3560 2564 3624 Quare
2618 3576 2720 3614 sua
2774 3560 2873 3614 illa
2926 3563 3298 3633 suspensione
3351 3565 3648 3619 sententiae

1946 3649 2128 3702 ullum
2158 3649 2557 3719 praejudicium
2610 3649 2821 3703 inferre
2866 3650 3047 3704 voluit
3102 3652 3440 3719 diligentiori
3470 3655 3649 3722 inqui-

1944 3740 2153 3801 sitioni,
2210 3754 2340 3809 qum
2392 3738 2459 3791 de
2514 3738 2854 3792 intentionis
2912 3739 3251 3793 necessitate
3304 3741 3363 3793 in
3402 3745 3649 3812 utroque

1947 3827 2299 3881 (ecumenico
2325 3826 2563 3880 concilio
2624 3842 2849 3880 summa
2902 3827 3201 3897 diligentia
3234 3845 3265 3881 a
3294 3830 3648 3899 sapientissi-

1947 3914 2057 3969 mis
2110 3913 2372 3968 Patribus
2437 3913 2694 3967 adhibita
2750 3918 2853 3979 est,
2926 3920 3027 3968 aut
3080 3916 3283 3984 majori
3332 3919 3650 3971 auctoritati

1946 4004 2248 4073 utriusque
2274 4002 2479 4073 synodi
2526 4000 2923 4055 necessitatem
2976 4004 3312 4057 intentionis
3358 4005 3500 4059 citra
3522 4006 3648 4077 [du-

1947 4093 2109 4147 bium
2140 4091 2210 4145 ad
2239 4092 2490 4143 valerem
2545 4090 2885 4143 sacramenti
2934 4091 3277 4147 deﬁnientis.
3333 4094 3525 4165 Neque
3558 4094 3650 4148 hic

1948 4180 2053 4236 sibi
2080 4179 2358 4250 plaudant
2394 4178 2748 4243 heterodoxi,
2785 4195 3033 4249 quorum
3068 4180 3334 4251 princeps
3367 4186 3453 4236 est
3483 4184 3650 4237 Kem-

1948 4270 2147 4335 nitius,
2178 4284 2347 4323 suum
2378 4284 2499 4322 esse
2545 4267 2931 4339 Augustinum
2960 4268 3324 4337 mentientes,
3377 4271 3516 4325 dum
3555 4288 3651 4326 ne-

116 4366 237 4419 hoc
268 4365 425 4434 quod
472 4363 675 4417 fallens
729 4362 789 4415 in
832 4362 1076 4416 Ecclesia
1106 4360 1254 4414 serie
1302 4358 1553 4414 intendit
1601 4374 1731 4412 vere
1755 4357 1839 4411 fa-
1866 4346 1909 4399 D
1948 4358 2250 4413 cessariam
2282 4356 3081 4434 intentionem.inﬁciantur;
3112 4375 3248 4413 nam
3304 4360 3475 4431 plane
3522 4378 3653 4416 con-

118 4468 280 4519 cere,
333 4453 488 4522 quod
536 4456 749 4522 spectat
798 4454 1091 4505 externam
1131 4448 1441 4514 actionem,
1505 4447 1660 4519 quod
1702 4446 1840 4500 facit

120 4540 400 4607 Ecclesia,
434 4546 495 4595 ut
542 4545 600 4594 et
648 4541 768 4613 ipse
813 4543 1110 4594 censeatur
1166 4554 1286 4592 esse
1340 4535 1714 4591 Christianus.
1770 4536 1845 4589 At

115 4631 327 4701 jocans
357 4628 418 4681 in
451 4628 627 4682 mimo
659 4629 783 4682 vult
809 4633 1032 4682 tantum
1058 4628 1474 4696 reprmsentare
1508 4639 1613 4695 per
1640 4622 1842 4677 ludum

125 4717 290 4789 quod
324 4716 454 4771 facit
486 4716 750 4785 Ecclesia,
782 4717 935 4787 quod
968 4731 1085 4768 non
1139 4717 1222 4767 est
1272 4713 1417 4768 velle
1469 4712 1617 4766 serio
1658 4711 1843 4765 facere

125 4806 295 4879 quod
346 4806 478 4860 facit
535 4806 796 4873 Ecclesia,
856 4805 954 4860 sed
1005 4819 1111 4875 per
1159 4803 1362 4871 ludum
1408 4801 1551 4856 velle
1606 4799 1844 4855 irridere

125 4895 297 4967 quod
325 4895 455 4947 facit
486 4894 747 4948 Ecclesia.

206 4985 418 5037 Verum
451 4983 588 5053 quid
619 4984 687 5037 ad
726 4981 953 5036 tertiam
977 4980 1135 5034 illam
1179 4980 1579 5035 difﬁcultatem
1608 4994 1848 5049 respon-

126 5072 222 5128 dit
250 5072 607 5141 Augustinus
627 5071 655 5122 Ἰ
689 5070 829 5124 «Ubi
859 5074 1052 5122 autem
1110 5085 1299 5139 neque
1332 5069 1571 5122 societas
1602 5067 1722 5121 ulla
1759 5083 1847 5120 es-

127 5165 225 5217 set
253 5161 334 5213 ita
363 5160 740 5225 credentium,
792 5174 980 5229 neque
1026 5157 1121 5211 ille
1176 5156 1275 5227 qui
1328 5156 1409 5210 ibi
1439 5155 1737 5226 acciperet,
1769 5155 1851 5209 ita

127 5250 418 5315 crederet,
452 5249 551 5302 sed
584 5253 765 5303 totum
801 5247 1040 5313 ludicre,
1084 5251 1139 5300 et
1176 5245 1428 5311 mimice,
1483 5248 1539 5298 et
1576 5243 1850 5313 joculari—

128 5345 247 5405 ter,
284 5343 580 5408 ageretur,
634 5342 828 5391 utrum
878 5335 1282 5407 approbandus
1340 5337 1484 5387 esset
1532 5331 1851 5402 baptismus

132 5428 241 5499 qui
269 5428 349 5480 sic
378 5427 650 5481 daretur?
674 5446 702 5477 η
736 5425 1066 5495 Respondet
1118 5439 1240 5478 rem
1270 5422 1408 5477 satis
1440 5421 1678 5476 dubiam
1708 5436 1847 5487 esse,

135 5522 198 5571 et
221 5520 290 5570 ut
318 5520 473 5570 certa
501 5514 758 5570 deﬁnitio
805 5514 866 5567 in
919 5513 1131 5584 synodo
1178 5514 1539 5577 statueretur,
1595 5508 1854 5564 divinum

143 5604 434 5660 auxilium
462 5620 497 5658 a
528 5603 793 5659 Patribus
835 5600 1288 5673 implorandum.
1349 5601 1417 5656 Et
1463 5598 1701 5670 quidem
1725 5613 1853 5652 san-

1949 4453 2039 4503 tra
2067 4448 2220 4519 ipsos
2251 4451 2354 4501 est.
2388 4447 2487 4499 Ille
2518 4425 2980 4501 enim'dubitavit
3008 4463 3149 4502 num
3181 4425 3651 4504 sine-intentione

1952 4542 2099 4591 esset
2124 4536 2346 4590 validus
2373 4536 2730 4606 baptismus;
2763 4541 2823 4590 at
2850 4535 2935 4589 illi
2991 4536 3241 4590 validum
3295 4552 3415 4591 esse
3447 4538 3652 4593 audac-

1952 4630 2041 4680 ter
2068 4629 2123 4679 et
2151 4624 2292 4677 citra
2320 4624 2500 4678 ullam
2553 4624 2969 4678 dubitationem
2999 4624 3396 4693 pronuntiant.
3428 4626 3655 4697 Augus-

1950 4713 2107 4768 tinus
2137 4712 2281 4766 dixit
2310 4713 2463 4765 nelle
2510 4728 2568 4765 se
2606 4712 2668 4765 in
2715 4728 2780 4766 ea
2820 4713 3084 4782 progredi
3123 4716 3314 4783 aliqua
3362 4718 3657 4770 temeritate

1952 4804 2244 4865 sententiae,
2269 4818 2386 4871 quae
2415 4802 2562 4855 nullo
2593 4803 2651 4855 in
2687 4803 2946 4855 catholico
2990 4805 3259 4871 regionali
3299 4805 3518 4857 concilio
3565 4819 3657 4856 coe-

1947 4896 2070 4961 pta,
2101 4891 2247 4944 nullo
2272 4890 2520 4958 plenarie
2564 4891 2786 4944 concilio
2841 4893 3133 4944 terminata
3162 4897 3305 4945 sunt.
3340 4895 3408 4946 At
3434 4906 3563 4943 cum
3593 4891 3654 4944 in

1955 4996 2070 5033 uno
2105 4984 2161 5032 et
2189 4979 2365 5033 altero
2396 4978 2634 5032 concilio
2664 4979 2871 5033 veritas
2900 4980 3017 5045 illa,
3051 4978 3355 5048 Augustini
3401 4984 3659 5047 tempore

1956 5068 2192 5133 occulta,
2225 5070 2422 5137 postea
2462 5066 2815 5133 inclaruerit,
2848 5068 2989 5121 nihil
3037 5083 3132 5120 eos
3160 5064 3462 5135 Augustini
3494 5066 3659 5119 dubi-

1954 5155 2095 5209 tatio
2119 5156 2300 5225 juvat,
2334 5155 2430 5208 sed
2462 5155 2559 5207 ubi
2589 5154 2683 5207 ille
2711 5155 2918 5220 aiebat,
2952 5153 3192 5208 dicturos
3235 5155 3549 5217 sententias,
3578 5170 3660 5209 me

1959 5243 2093 5312 quid
2121 5246 2241 5312 jam
2285 5244 2627 5311 exploratum
2652 5248 2702 5297 et
2732 5247 3003 5311 cognitum
3050 5243 3323 5310 afferrent,
3386 5243 3663 5298 humiliter

1961 5336 2343 5399 emspectarem,
2371 5330 2645 5384 deberent
2698 5330 2807 5400 ipsi
2836 5329 3135 5398 Augustini
3167 5329 3339 5383 verba
3368 5328 3663 5385 inaudien—

1961 5423 2049 5475 tes
2076 5436 2107 5472 a
2135 5418 2345 5490 duplici
2377 5419 2593 5485 synodo
2620 5418 3049 5489 pronuntiatam
3104 5418 3445 5472 sententiam
3475 5419 3661 5490 sequi.

1963 5506 2236 5562 Mirentur
2253 5523 2386 5561 vero
2444 5507 2788 5561 recentiores
2843 5504 3147 5575 Augustini
3201 5506 3520 5577 ingenium,
3562 5507 3665 5579 qui

1963 5596 2090 5652 ideo
2132 5595 2411 5651 dubitavit
2438 5596 2507 5651 de
2539 5594 2875 5649 necessitate
2931 5594 3292 5663 intentionis,
3342 5595 3478 5667 quia
3506 5594 3665 5651 illam
