3894 6184
415 265 522 319 719

1431 259 1984 315 SUPPLEMENTUM
2025 260 2114 314 AD
2150 259 2382 315 OPERA
2421 263 2476 316 S.
2517 260 2914 316 AUGUSTINI.
3761 281 3842 331 720

416 384 612 454 aliquo
645 385 984 452 argumento
1041 379 1268 434 suaderi
1315 379 1542 434 videbat
1575 398 1586 434 :
1621 387 1674 436 at
1719 381 1854 452 quia
1901 381 2113 438 nullius
2143 383 2186 436 A
2223 382 2402 436 lastici
2433 383 2776 438 Parisienses
2802 383 3093 453 astipulati
3122 387 3274 452 sunt,
3297 384 3542 441 tellurem
3563 395 3840 470 nonubique

417 471 642 526 concilii
671 471 1002 526 auctoritate
1030 469 1253 522 decreta
1297 473 1437 535 erat,
1473 470 1728 539 ejusdem
1781 470 2116 524 modestiam

419 561 673 626 laudent,
705 560 803 630 qui
832 559 899 612 de
930 558 1160 611 incertis
1194 562 1407 612 certam
1451 559 1599 612 ferre
1654 559 1995 613 sententiam
2029 576 2116 613 re-

416 650 648 704 cusavit.
680 648 763 702 Ita
792 664 854 700 ex
879 647 974 700 illa
1007 647 1384 712 dubitatione,
1417 663 1481 700 ex
1515 664 1629 718 qua
1658 648 1966 702 Morainius
2001 652 2116 702 Au-

413 737 706 809 gustinum
737 735 946 806 arguit,
974 735 1128 790 idem
1159 735 1324 789 nobis
1353 751 1527 806 quam
1554 736 1804 790 maxime
1830 753 2118 790 commen-

419 827 640 881 dandus
668 825 845 878 venit.

420 968 611 1036 §VlIl.
649 967 852 1021 Utrum
886 963 1239 1035 Augustinus
1291 963 1502 1036 dixerit
1544 965 1810 1018 tellurem
1854 981 1968 1020 non
1997 981 2120 1020 esse

689 1036 1017 1103 rotundam,
1045 1037 1346 1106 nullosque
1370 1035 1503 1090 dari
1530 1036 1858 1108 antipodas.

486 1183 768 1236 Hactenus
797 1195 1016 1233 errores
1049 1195 1190 1249 quos
1222 1177 1538 1248 Augustino
1571 1177 1780 1248 objecit
1811 1177 2118 1232 Morainius

419 1289 452 1326 a
482 1270 659 1326 sancti
691 1268 871 1323 Patris
929 1268 1060 1321 libri
1110 1267 1591 1338 propulsavimus.
1652 1267 1904 1320 Adamus
1955 1267 2119 1320 nobis

418 1361 591 1416 modo
650 1357 995 1412 refellendus
1025 1361 1128 1422 est,
1183 1355 1284 1427 qui
1314 1355 1396 1408 uti
1427 1356 1648 1409 caeteris
1706 1356 2118 1409 recentioribus

419 1447 736 1504 eruditione
768 1445 1005 1500 inferior
1030 1449 1132 1509 est,
1165 1444 1242 1498 ita
1294 1445 1587 1498 universos
1633 1443 1692 1497 in
1743 1461 1981 1498 censura
2020 1445 2118 1499 ad-

416 1554 610 1592 versus
665 1535 1047 1606 Augustinum
1111 1534 1341 1587 ferenda
1411 1533 1573 1587 facile
1649 1533 1956 1602 superavit.
2021 1533 2118 1586 llic

417 1627 697 1698 quosdam
731 1641 954 1678 errores
987 1625 1055 1677 dc
1078 1623 1396 1692 Augustino
1427 1622 1699 1694 publicat,
1741 1639 1883 1692 quos
1916 1623 2118 1676 Morai-

416 1733 516 1770 nes
543 1715 715 1769 etiam
757 1713 1044 1784 opposuit,
1099 1712 1366 1782 aquibus
1397 1713 1594 1782 procul
1635 1712 1804 1765 fuisse
1859 1717 2116 1765 sanctum

417 1806 709 1860 doctorem
732 1802 1086 1857 ostendimus
1112 1821 1126 1868 ;
1156 1801 1312 1855 addit
1340 1817 1473 1854 vero
1503 1800 1707 1853 dixisse
1747 1800 1982 1869 insuper
2010 1805 2120 1854 Au-

415 1893 710 1966 gustinum
745 1908 756 1945 :
797 1893 1017 1945 Terram
1044 1907 1148 1943 non
1181 1905 1290 1943 esse
1335 1889 1646 1955 rotundum,
1680 1889 1960 1957 nullosque
1991 1890 2121 1942 dari

416 1983 730 2052 antipodas,
761 1997 894 2050 pag.
932 1982 1056 2045 585,
1091 1995 1214 2048 cap.
1265 1981 1315 2032 3.
1365 1977 1570 2031 Eadem
1602 1977 1784 2030 fronte
1815 1994 1926 2047 qua
1958 1978 2119 2032 finxit

415 2070 798 2139 Augustinum
833 2083 1065 2136 negasse
1109 2067 1362 2120 animam
1416 2083 1536 2119 esse
1593 2065 1967 2136 spiritualem,
2026 2066 2118 2119 hic

417 2157 682 2211 eumdem
715 2159 970 2207 sanctum
997 2155 1285 2208 doctorem
1318 2159 1482 2206 terrm
1514 2154 1922 2207 rotunditatem
1954 2153 2116 2223 igno-

416 2261 568 2298 rasse
600 2243 1073 2298 comminiscitur.
1106 2241 1211 2296 Sed
1243 2243 1325 2295 illi
1374 2241 1474 2312 qui
1506 2242 1715 2312 absque
1748 2242 1900 2295 illius
1931 2247 2116 2296 textus

417 2333 796 2403 appellatione
829 2331 897 2384 de
928 2330 1346 2400 Augustino,ut
1368 2331 1526 2398 libet,
1560 2336 1622 2384 ut
1645 2330 1820 2393 lubet,
1847 2333 2118 2400 quaelibet

414 2421 699 2474 affirmare
753 2417 860 2472 sibi
920 2417 1138 2470 licitum
1197 2417 1438 2487 putavit,
1468 2417 1604 2470 satis
1635 2417 1795 2470 facile
1826 2418 1929 2471 fuit
1979 2419 2116 2472 talia

413 2513 682 2579 portenta
732 2506 1082 2577 llipponensi
1114 2505 1345 2576 praesuli
1400 2504 1695 2558 ascribere.
1744 2505 1887 2559 Sane
1921 2509 2112 2577 Augu-

413 2596 615 2653 stinus.
649 2595 746 2648 lib.
782 2610 799 2646 ι
829 2595 897 2647 de
930 2595 1067 2647 Gen.
1103 2593 1173 2647 ad
1206 2592 1339 2661 litt.,
1370 2611 1489 2664 cap.
1528 2595 1612 2657 12,
1654 2599 1863 2648 terram
1914 2601 2112 2648 rotun-

413 2684 544 2738 dam
572 2684 783 2738 fatetur
817 2699 830 2736 :
857 2701 883 2732 α
920 2683 1058 2736 Cum
1083 2681 1261 2749 enim,
1292 2681 1500 2752 inquit,
1556 2687 1734 2736 totam
1777 2688 1989 2737 terram
2018 2685 2113 2738 ad-

411 2772 524 2826 huc
572 2789 718 2842 aqua
779 2775 1016 2842 tegeret,
1073 2769 1220 2823 nihil
1277 2769 1628 2839 impediebat
1679 2776 1743 2825 ut
1797 2789 2012 2842 aquosa
2059 2777 2114 2827 et

411 2877 651 2915 GLUBOSA
685 2859 856 2914 moles
883 2875 951 2912 ex
984 2875 1095 2911 una
1126 2863 1286 2928 parte
1319 2860 1527 2912 faceret
1575 2859 1726 2913 diem
1785 2861 1925 2913 lueis
1965 2878 2112 2931 prte-

2225 471 2596 526 habitahilem
2621 488 2884 542 posuere,
2918 473 3016 526 sed
3049 478 3271 526 tantum
3302 475 3401 528 sub
3438 478 3582 531 zonis
3610 486 3840 551 tempera-

2227 559 2300 614 tis
2325 566 2675 615 cumtamen
2707 561 2878 615 etiam
2929 562 3032 615 sub
3074 561 3290 615 torrida
3338 579 3397 616 ac
3440 571 3661 637 utraque
3687 571 3842 641 frigida

2227 653 2437 704 terram
2466 650 2639 703 incoli
2671 656 2888 704 certum
2921 651 2992 704 sit
3045 651 3186 714 Quid
3246 653 3394 721 quod
3424 655 3688 710 Zacharias
3715 677 3838 731 papa,

2227 739 2466 808 epistola
2495 742 2558 794 tO
2587 739 2657 792 ad
2695 739 3045 792 Bonifacium
3095 739 3304 809 scripta
3355 757 3494 796 anno
3534 747 3648 809 748,
3676 763 3841 816 perver-

2225 843 2343 882 sam
2399 833 2448 881 et
2497 830 2744 895 iniquam
2805 828 3107 882 doctrinam
3164 833 3326 882 vocat
3379 839 3691 887 asserentem
3741 841 3843 906 quod

2227 919 2368 971 alius
2399 916 2630 970 mundus
2663 920 2711 969 et
2760 917 2862 970 alii
2917 917 3152 970 homines
3213 918 3310 970 sub
3363 923 3500 972 terra
3525 922 3664 976 sint?
3694 925 3746 977 Et
3777 927 3842 980 ille

2226 1004 2459 1075 quidem
2492 1006 2781 1074 vulgarem
2835 1003 3174 1058 sententiam
3231 1010 3450 1059 secutus
3487 1017 3582 1062 est.
3630 1011 3721 1062 Nos
3755 1015 3844 1083 qui-

2227 1091 2358 1144 dem
2389 1108 2457 1145 ex
2489 1098 2813 1145 nostrorum
2846 1092 3302 1162 navigationibus
3359 1094 3459 1148 ista
3486 1096 3767 1153 didicimus.
3797 1107 3845 1156 At

2225 1181 2308 1235 uti
2339 1181 2688 1252 sapientibus
2731 1181 2838 1234 illis
2872 1183 3183 1252 majoribus
3209 1183 3432 1244 nostris,
3465 1187 3656 1256 quibus
3682 1189 3848 1244 litteras

2227 1286 2425 1324 omnes
2454 1276 2708 1340 acceptas
2737 1270 2993 1331 ferimus,
3039 1271 3174 1324 vitio
3228 1289 3347 1326 non
3387 1273 3544 1326 datur
3571 1277 3703 1346 quod
3731 1281 3844 1332 tellu-

2227 1375 2348 1412 rem
2373 1375 2434 1413 ex
2469 1359 2671 1428 majori
2699 1364 2857 1430 parte
2888 1359 3321 1414 inhabitabilem
3353 1362 3680 1432 scripserint,
3709 1382 3849 1437 neque

2226 1449 2730 1518 reprehendendus
2787 1448 2943 1501 venit
2993 1448 3364 1519 Augustinus,
3399 1452 3442 1504 si
3491 1453 3721 1506 eamdem
3769 1461 3849 1507 ter-

2225 1553 2348 1590 ram
2397 1553 2460 1590 ex
2504 1537 2764 1608 opposita
2803 1544 2962 1608 parte
3002 1537 3247 1592 habitari
3301 1541 3606 1608 negaverit.
3669 1543 3852 1596 Difﬁcile

2229 1625 2311 1678 illi
2339 1626 2634 1680 videbatur
2670 1629 2920 1696 potuisse
2952 1628 3211 1681 homines
3245 1629 3317 1682 ab
3354 1645 3464 1681 uno
3508 1629 3670 1683 Adam
3698 1647 3853 1700 propa-

2229 1721 2390 1785 gatos
2423 1715 2478 1768 in
2504 1717 2823 1786 oppositam
2878 1723 3043 1770 terrm
3075 1721 3318 1786 partem,
3379 1717 3575 1771 Oceani
3619 1719 3852 1772 immensi-

2227 1809 2340 1856 tate
2374 1805 2627 1874 trajecta,
2660 1806 2832 1858 scmel
2893 1804 3209 1875 navigasse,
3256 1804 3576 1876 iterumque
3615 1812 3725 1874 post
3750 1808 3853 1858 dilu-

2227 1892 2379 1945 vium
2409 1892 2540 1946 illuc
2567 1893 2825 1946 advectos
2857 1894 3046 1956 fuisse,
3090 1895 3427 1964 nullamque
3459 1895 3618 1964 hujus
3655 1896 3721 1947 rei
3747 1897 3849 1948 adeo

2226 1982 2618 2035 memorabilis
2641 1984 3016 2047 mentionem,
3050 1983 3133 2036 vel
3167 1982 3225 2034 in
3247 1983 3427 2035 sacris
3465 1985 3547 2036 vel
3579 1983 3630 2036 in
3663 1985 3854 2052 [l‘OlanlS

2223 2069 2426 2123 litteris
2454 2070 2598 2124 fieri.
2636 2071 2892 2125 Profecto
2925 2073 3217 2142 hucusque
3242 2073 3494 2124 nescitur
3539 2073 3786 2142 quomodo
3809 2089 3854 2124 ex

2225 2159 2448 2228 Europa
2480 2159 2613 2212 illuc
2645 2160 2728 2212 bis
2785 2160 3049 2213 homines
3101 2161 3492 2230 pervenerint.
3547 2162 3721 2231 Itaque
3764 2177 3855 2212 cum

2221 2254 2502 2316 ponentes
2531 2247 2832 2318 antipodas
2877 2250 3200 2318 conjectura
3265 2255 3516 2316 tantum,
3561 2266 3677 2321 qua:
3719 2251 3855 2307 levem

2217 2351 2450 2405 prorsus
2498 2353 2560 2389 ac
2599 2337 2844 2390 debilem
2871 2337 3274 2391 certitudinem
3308 2339 3486 2409 parit,
3540 2341 3602 2392 ad
3639 2339 3688 2392 id
3708 2339 3851 2391 dicen-

2223 2425 2360 2478 dum
2393 2431 2776 2491 moverentur,
2837 2433 2891 2479 et
2933 2427 3284 2496 Augustinus
3330 2429 3621 2498 antipodas
3665 2443 3849 2496 negave-

2222 2512 2312 2576 rit,
2344 2515 2601 2566 omnium
2653 2514 3057 2568 historicorum
3089 2516 3197 2569 fide
3253 2533 3321 2570 ac
3375 2516 3744 2587 antiquissima
3778 2515 3848 2568 Pa-

2222 2607 2374 2655 trum
2403 2603 2710 2656 traditione
2743 2603 3028 2669 suffultus,
3080 2603 3295 2674 potiori
3322 2606 3449 2676 jure
3503 2606 3591 2657 ille
3619 2603 3852 2673 antipodas

2222 2691 2467 2759 sustulit,
2495 2708 2664 2761 quam
2700 2691 2794 2744 alii
2845 2698 3153 2746 astruxere.
3194 2694 3405 2746 Verum
3453 2710 3564 2747 non
3613 2692 3733 2746 adeo
3765 2689 3854 2758 opi-

2222 2781 2316 2834 nio
2349 2797 2562 2850 negans
2592 2781 2888 2852 antipodas
2910 2782 3227 2852 Augustino
3248 2783 3495 2848 inhaesit,
3525 2781 3856 2852 quinaliquau-

2223 2870 2295 2923 do
2328 2871 2548 2924 miserit
2601 2890 2616 2935 ;
2679 2871 2825 2923 libro
2877 2870 3030 2923 enim
3061 2870 3129 2924 de
3162 2872 3364 2926 decem
3424 2871 3733 2941 Categoriis,
3765 2884 3854 2934 cap.

412 2951 616 3013 sentia,
651 2966 713 3002 ex
759 2949 870 3002 alia
922 2954 1149 3001 noctem
1202 2948 1342 3001 lueis
1397 2948 1667 3002 absentia.
1706 2969 1732 2999 »
1769 2949 1830 3002 Et
1873 2949 1970 3004 lib.
2023 2966 2111 3003 xvr
2143 2970 2182 3026 ο
2229 2959 2412 3024 {0,ait
2447 2976 2460 3013 ε
2493 2981 2518 3007 α
2552 2961 2722 3012 Terra
2752 2975 2880 3028 qua:
2921 2959 3143 3013 videtur
3173 2959 3231 3013 in
3295 2960 3485 3014 medio
3546 2959 3733 3027 ubique
3765 2955 3858 3008 sub-

414 3040 481 3092 de
515 3039 629 3092 L‘iv.
667 3037 785 3103 Dei,
819 3053 938 3107 cap.
975 3039 1028 3104 9,
1062 3035 1158 3090 ubi
1189 3036 1256 3089 de
1303 3037 1584 3106 antipodis
1635 3037 1862 3090 disserit
1893 3053 1905 3090 :
1947 3060 1967 3085 ι
2002 3039 2114 3091 Nec

416 3127 736 3191 attendunt,
769 3126 980 3195 inquit,
1028 3124 1251 3179 etiamsi
1307 3125 1494 3194 figura
1546 3125 1886 3195 conglobata
1934 3132 1990 3178 et
2019 3143 2112 3180 ro-

416 3217 590 3268 tunda
645 3215 895 3268 mundus
955 3229 1074 3267 esse
1128 3213 1410 3279 credatur,
1480 3212 1594 3266 sive
1652 3214 1844 3284 aliqua
1893 3213 2112 3269 ratione

414 3309 780 3368 monstretur,
825 3319 942 3356 non
991 3307 1186 3356 tamen
1235 3319 1353 3356 esse
1410 3318 1763 3372 consequens
1820 3307 1885 3356 ut
1939 3304 2111 3358 etiam

413 3395 484 3448 ab
508 3395 606 3447 illa
633 3397 794 3463 parte
829 3408 890 3445 ex
924 3407 1205 3462 aquarum
1255 3390 1519 3460 congerie
1550 3391 1702 3444 nuda
1760 3391 1830 3444 sit
1881 3396 2050 3445 terra.
2083 3412 2109 3444 η

413 3483 612 3538 Nullus
647 3481 841 3550 igitur,
874 3481 928 3533 in
954 3479 1272 3549 Augustino
1305 3479 1512 3548 legitur
1538 3479 1606 3532 de
1652 3479 1869 3533 telluris
1907 3486 2112 3535 rotun-

413 3572 586 3626 ditate
616 3586 795 3638 error,
823 3569 916 3622 sed
946 3585 1011 3622 ea
1043 3573 1178 3622 sunt
1207 3569 1402 3620 inania
1436 3567 1640 3621 Adami
1670 3568 1911 3638 objecta.

484 3661 692 3714 Verum
722 3673 954 3728 negasse
997 3656 1383 3726 Augustinum
1422 3656 1717 3727 antipodas
1750 3673 1864 3710 non
1896 3656 1988 3710 ibo
2016 3656 2110 3710 in-

411 3745 588 3810 ficias,
642 3747 739 3800 sed
793 3747 1088 3814 vulgarem
1137 3745 1434 3798 hominum
1495 3743 1838 3798 sententiam
1883 3750 2110 3799 secutus

413 3842 516 3890 est.
566 3836 824 3889 Testatur
871 3834 1088 3888 Plinius
1154 3850 1426 3903 magnam
1495 3833 1655 3886 litem
1701 3833 1769 3887 de
1819 3833 2110 3902 antipodis

409 3925 582 3980 fuisse
607 3925 756 3978 inter
785 3923 1104 3977 litterarum
1162 3923 1509 3992 professores
1564 3926 1620 3975 et
1649 3923 1866 3992 vulgus.
1893 3924 1966 3975 At
1993 3924 2106 3976 Au-

409 4014 674 4084 gustinus
702 4013 854 4066 haud
912 4009 1134 4082 vulgari
1166 4014 1504 4083 argumento
1532 4009 1590 4064 in
1622 4027 1746 4064 eam
1779 4011 2110 4082 opinionem

413 4103 614 4157 ductus
641 4107 745 4168 est,
777 4116 984 4170 nempe
1013 4099 1164 4171 quod
1197 4101 1517 4171 periculum
1571 4103 1719 4154 esset
1743 4117 1814 4154 ne
1862 4099 1959 4171 qui
2006 4116 2106 4154 no-

408 4191 495 4246 bis
528 4191 764 4244 adversa
793 4189 1031 4260 vestigia
1062 4195 1350 4258 premunt,
1380 4189 1438 4242 in
1471 4189 1675 4243 caelum
1719 4194 1986 4255 ruerent;
2011 4189 2107 4242 sed

2223 3053 2310 3101 tus
2341 3053 2443 3113 est,
2477 3051 2533 3101 et
2559 3048 2856 3118 antipodes
2889 3047 3090 3111 nostri,
3135 3051 3236 3118 qui
3272 3049 3441 3102 nobis
3487 3047 3730 3101 dicuntur
3756 3043 3853 3112 tige-

2221 3155 2281 3191 re
2314 3138 2547 3190 adversa
2577 3137 2832 3206 vestigia,
2870 3137 3074 3190 coelum
3123 3153 3302 3206 super
3334 3155 3392 3191 se
3431 3137 3650 3190 habent.
3681 3154 3704 3184 ι)
3735 3135 3857 3186 Pater

2221 3226 2468 3291 Macedo,
2509 3226 2594 3278 vir
2632 3225 2690 3278 in
2739 3225 3042 3296 Augustini
3071 3225 3320 3279 lectione
3378 3223 3774 3282 versatissimus,
3817 3219 3857 3270 in

2219 3314 2510 3368 volumine
2538 3314 2689 3384 quod
2721 3315 3068 3367 Concentum
3124 3313 3563 3384 euchologicum
3610 3308 3858 3377 inscripsit,

2219 3401 2276 3456 in
2310 3401 2734 3455 commentariis
2770 3403 2839 3456 ad
2869 3401 3189 3456 orationem
3241 3403 3307 3457 in
3354 3403 3494 3456 festo
3524 3400 3690 3455 sancti
3716 3395 3855 3457 Marci,

2217 3490 2438 3544 videtur
2479 3491 2620 3543 velle
2678 3491 2969 3544 insinuare
3017 3492 3344 3546 Americam
3379 3491 3686 3562 Augustino
3740 3487 3859 3538 inno-

2219 3579 2410 3644 tuisse,
2441 3579 2579 3633 dum
2613 3596 2729 3633 non
2755 3596 2870 3634 uno
2903 3581 3028 3634 loco
3074 3589 3332 3651 quatuor
3363 3598 3483 3634 esse
3523 3586 3698 3649 partes
3736 3580 3859 3628 terra

2219 3668 2508 3722 affirmat:
2544 3686 2572 3718 ι(
2629 3668 2819 3722 Mirari
2872 3668 3035 3736 libet,
3084 3669 3300 3740 inquit,
3337 3668 3710 3740 Augustinum
3760 3677 3860 3733 qua-

2217 3761 2347 3810 tuor
2376 3756 2529 3810 orbis
2550 3762 2740 3828 partes
2763 3761 2879 3811 tam
2909 3758 3208 3828 perspicue
3258 3759 3580 3822 nominare,
3609 3754 3751 3826 quasi
3788 3765 3860 3802 sua

2211 3846 2333 3916 jam
2365 3851 2529 3900 aetate
2577 3846 2840 3900 America
2869 3845 3090 3901 detecta
3146 3853 3319 3902 esset.
3365 3868 3391 3898 ι)
3424 3847 3655 3902 Sanctus
3690 3843 3862 3899 doctor,

2216 3933 2316 3987 lib.
2366 3949 2455 3986 xvx
2509 3933 2578 3987 de
2632 3933 2816 3996 Civit.,
2883 3950 3006 4004 cap.
3085 3937 3139 4002 9,
3212 3935 3553 4005 opinionem
3624 3927 3864 3999 antipodas

2218 4022 2601 4076 affirmantem
2664 4021 2840 4076 veluti
2912 4023 3219 4077 absurdam
3291 4023 3492 4095 rejecit
3550 4038 3564 4076 :
3627 4041 3646 4070 ι
3709 4013 3866 4072 Nimis

2217 4128 2350 4182 que,
2382 4111 2590 4182 inquit,
2623 4111 2935 4166 absurdum
2962 4116 3067 4178 est,
3101 4118 3164 4166 ut
3197 4112 3432 4168 dicatur
3484 4111 3694 4182 aliquos
3727 4101 3867 4160 homi-

2217 4218 2316 4254 nes
2346 4217 2412 4254 ex
2441 4201 2545 4255 hac
2577 4201 2637 4254 in
2666 4201 2821 4255 illam
2851 4206 3093 4271 partem,
3127 4202 3341 4256 Oceani
3378 4199 3742 4256 immensitate
3783 4198 3864 4245 tra-

408 4285 530 4334 tum
566 4296 632 4334 ex
663 4295 817 4332 sacra
849 4283 972 4330 tum
995 4293 1062 4330 ex
1088 4277 1327 4348 profana
1377 4277 1612 4330 historia
1642 4277 1887 4331 rationes
1921 4277 2104 4331 consi-
2135 4266 2178 4320 D
2211 4290 2381 4360 καθ’
2408 4289 2674 4360 navigare
2700 4305 2765 4343 ac
2795 4266 3094 4361 ρέιενεηίιςέ
3150 4292 3432 4360 potuisse,
3485 4295 3546 4343 ut
3590 4286 3748 4340 etiam
3780 4277 3865 4331 illic

409 4367 644 4434 deravit,
680 4382 803 4438 qum
843 4364 1290 4435 sapientissimos
1322 4380 1580 4434 quosque
1633 4364 1694 4418 in
1720 4381 1844 4418 eam
1876 4370 2106 4420 senten-

410 4455 549 4508 tiam
579 4459 820 4508 traxere.
860 4453 1033 4523 Ligur
1064 4452 1157 4506 ille
1176 4455 1510 4521 Argonauta
1563 4452 1698 4506 novi
1725 4452 1879 4506 orbis
1909 4453 2105 4507 inven-

407 4548 500 4597 tor
523 4558 636 4596 non
667 4543 737 4596 ab
769 4559 882 4595 uno
916 4540 1172 4612 principe
1199 4541 1506 4594 circulator
1549 4540 1780 4594 habitus
1837 4546 1938 4608 est,
1975 4559 2105 4597 cum

408 4649 466 4685 se
507 4630 576 4684 ad
603 4631 898 4700 antipodas
942 4631 1176 4683 classem
1235 4630 1539 4684 ducturum
1596 4630 1920 4700 pollicetur,
1979 4647 2102 4698 nec,

407 4725 469 4774 ut
501 4718 764 4782 arbitror,
798 4717 1127 4788 Arragoniaa
1160 4735 1256 4772 rex
1305 4718 1589 4787 integram
1623 4735 1830 4790 magno
1860 4720 2104 4790 promis-

407 4808 520 4863 sori
552 4808 722 4862 fidem
757 4807 1038 4877 praestitit,
1075 4807 1170 4862 sed
1213 4824 1340 4878 quae
1369 4812 1454 4861 est
1483 4809 1785 4862 hominum
1840 4808 2106 4862 insatiata

403 4897 632 4970 cupido,
668 4914 846 4968 pauca
877 4895 1102 4967 navigia
1132 4897 1190 4950 in
1222 4913 1382 4968 spem
1412 4897 1566 4951 orbis
1606 4897 1916 4966 naufragiis
1948 4897 2104 4968 obje-

403 4989 565 5056 ctari,
614 4987 674 5040 in
706 4985 847 5039 lucri
907 4987 1028 5040 loco
1081 4987 1354 5054 reposuit.
1417 4985 1753 5051 Macrobius,
1791 4985 1888 5038 lib.
1948 5003 1985 5039 ιι
2033 4986 2103 5040 de

402 5076 636 5131 Somnio
664 5074 967 5146 Scipionis,
1013 5091 1137 5145 cap.
1193 5079 1243 5140 9,
1298 5076 1416 5128 sola
1447 5076 1774 5145 conjectura
1804 5074 2104 5144 antipodas

401 5164 555 5218 credi
585 5164 729 5218 dixit
751 5163 808 5217 in
841 5163 1104 5234 opposita
1135 5163 1290 5216 orbis
1317 5169 1498 5232 parte,
1526 5182 1551 5213 (ε
1588 5164 1740 5233 quod
1771 5167 2003 5234 propter
2027 5163 2100 5216 si-

400 5250 596 5304 milem
650 5253 986 5323 temperiem
1040 5252 1300 5305 similiter
1352 5251 1640 5318 incolitur,
1689 5252 1784 5304 sed
1818 5268 1851 5304 a
1893 5251 2100 5321 quibus

400 5353 515 5391 non
546 5338 708 5392 licuit
740 5357 994 5411 unquam
1026 5340 1214 5407 nobis,
1243 5356 1347 5394 nec
1376 5339 1564 5394 licebit
1613 5355 1941 5410 agnoscere.
1980 5362 2000 5387 η
2033 5341 2101 5395 Et

401 5426 634 5496 quidem
655 5427 998 5497 AristOteles,
1028 5429 1266 5490 Plinius,
1296 5428 1662 5497 Ptolomaeus,
1680 5428 1984 5498 czeterique
2010 5427 2100 5482 hi-

402 5515 614 5583 storici,
629 5519 1024 5589 cosmographi
1037 5535 1099 5573 ac
1111 5516 1438 5589 philosophi
1460 5521 1692 5583 veteres,
1717 5517 1924 5588 quibus
1943 5517 2098 5572 scho-

2218 4395 2282 4434 ex
2313 4395 2428 4433 uno
2460 4379 2555 4433 illo
2585 4379 2774 4450 primo
2805 4379 3036 4434 homine
3067 4395 3250 4450 genus
3290 4379 3684 4433 institueretur
3709 4372 3865 4424 huma-

2215 4484 2375 4522 num.
2438 4488 2464 4519 »
2526 4468 2781 4532 Quatuor
2831 4475 3022 4539 partes
3070 4469 3213 4523 dixit
3264 4467 3643 4539 Augustinus,
3700 4466 3866 4524 nempe

2217 4558 2517 4624 orientem,
2548 4557 2923 4623 occidentem,
2978 4557 3284 4611 meridiem
3319 4563 3376 4611 et
3427 4554 3759 4626 aquilonem.
3805 4544 3866 4595 ηε

2214 4651 2372 4700 tract.
2410 4649 2507 4700 ll8
2547 4646 2606 4699 in
2651 4647 2974 4701 Joannem:
3013 4668 3035 4696 ι
3073 4648 3319 4716 Propter
3383 4644 3537 4717 quod
3590 4639 3716 4696 alibi
3763 4629 3867 4688 dicit

2216 4733 2430 4802 (Matth.
2462 4734 2634 4804 xxrv),
2670 4735 2978 4788 missurum
3029 4751 3085 4787 se
3134 4735 3375 4805 angelos
3437 4749 3590 4792 suos.
3648 4734 3702 4781 ut
3744 4717 3864 4776 colli-

2213 4825 2353 4890 gant
2381 4821 2586 4874 electos
2614 4822 2739 4891 ejus
2767 4838 2800 4874 a
2830 4827 3076 4892 quatuor
3104 4823 3291 4875 ventis
3317 4838 3330 4887 ;
3360 4820 3516 4892 quod
3547 4815 3678 4890 quid
3705 4817 3778 4866 est
3799 4811 3864 4860 ni-

2213 4909 2260 4961 si
2301 4926 2335 4962 a
2389 4915 2638 4980 quatuor
2681 4911 2940 4980 partibus
2993 4910 3212 4976 mundi,
3267 4910 3516 4972 oriente,
3595 4901 3860 4957 occidente,

2212 4999 2479 5069 aquilone
2520 5004 2573 5052 et
2605 4999 2893 5053 meridie?
2925 5018 2952 5050 ››
3001 5002 3071 5053 At
3112 5001 3197 5053 has
3255 5005 3422 5070 parte
3466 4997 3525 5051 in
3574 4989 3735 5047 veteri
3761 4984 3866 5039 orbe

2211 5088 2387 5158 probe
2426 5087 2805 5142 censebantur
2857 5105 2998 5156 esse,
3073 5088 3302 5143 etiamsi
3365 5085 3626 5142 America
3675 5080 3865 5150 ἰεηοη·

2210 5182 2386 5234 retur.

2211 5266 2238 5337 §
2270 5268 2353 5322 1X.
2386 5269 2484 5322 An
2506 5265 2790 5322 sententia
2808 5265 2998 5340 sancti
3020 5264 3330 5340 Augustini
3356 5265 3427 5319 de
3453 5260 3780 5318 simultanea
3798 5265 3865 5304 νθ-

2629 5355 2759 5392 rum
2796 5338 3083 5393 creatione
3107 5338 3182 5393 sit
3216 5353 3482 5392 erronea.

2281 5427 2379 5482 Hic
2400 5427 2571 5482 etiam
2603 5428 2984 5482 recentiorum
3017 5427 3290 5498 querelae,
3322 5425 3439 5478 imo
3465 5433 3725 5480 censurae,
3761 5408 3862 5482 qui-

2206 5517 2310 5571 bus
2327 5516 2614 5588 insignem
2632 5516 3072 5572 sanctidoctoris
3091 5513 3622 5586 interpretationem
3641 5507 3694 5560 in
3714 5517 3818 5570 cap-
3838 5499 3852 5548 ί
