3894 6184
73 287 131 336 I'lt
324 342 331 345 ,
1280 279 1606 335 VINDICUE
1646 279 2189 337 AUGUSTINIANA-S.

3386 289 3492 342 722

71 412 283 464 Geneseos
324 399 617 469 excipiunt,
657 398 985 454 refellenda:
1034 406 1181 455 sunt.
1234 402 1500 473 Magnum
1536 402 1676 455 illud
1708 403 1752 457 A
1790 403 2109 470 Augustino
2156 404 2441 459 recentior
2482 405 2577 460 ille
2625 404 2946 460 afﬁrmavit.
3001 408 3347 463 Corneliusa
3395 412 3491 466 La-

68 498 355 565 ingeniorum
379 494 713 554 monstrum,
746 489 792 541 si
815 506 1055 560 usquam
1090 490 1227 543 alias
1259 491 1316 543 in
1349 491 1681 562 explicando

70 588 376 641 Hexameroue
408 578 797 631 admirabilem
843 578 1215 632 subtilitatem
1266 596 1383 649 prae
1423 598 1481 633 se
1527 579 1679 647 tulit,

70 674 143 727 sed
168 673 396 741 quantum
443 666 569 720 inde
600 666 783 719 laudis
818 666 968 736 apud
999 671 1218 720 veteres
1247 668 1354 722 sibi
1386 685 1680 738 compara-

70 764 144 822 vit,
170 765 345 813 tantum
370 754 827 827 reprehensionis
853 756 1001 824 apud
1038 756 1379 810 recentiores
1409 756 1515 810 sibi
1550 773 1681 809 con-

70 850 206 911 traxit,
250 850 335 898 aut
386 846 513 915 plus
572 844 746 897 etiam
804 843 1056 898 fortasse.
1116 845 1485 915 Augustinus,
1530 845 1677 916 quod

70 938 229 991 ridebat
254 950 337 987 sex
367 934 581 1005 priores
611 932 731 985 dies
763 932 924 1003 queis
958 934 1171 1003 Moyses
1194 935 1471 988 mundum
1502 951 1534 987 a
1568 936 1680 987 Deo

72 1031 248 1080 creatum
284 1023 489 1086 scribit,
540 1021 587 1074 si
636 1021 951 1075 litteraliter
991 1022 1361 1093 accipiantur,
1415 1022 1678 1093 gravissi-

71 1116 142 1170 mis
174 1111 563 1168 difficultatibus
602 1110 827 1181 subjici,
877 1128 1017 1182 quas
1056 1111 1296 1181 ipsemet
1327 1112 1383 1165 in
1414 1112 1571 1165 libris
1600 1112 1679 1177 fde

72 1202 208 1259 Genesi
233 1201 293 1255 ad
329 1201 573 1254 litteram
617 1199 906 1269 proponit,
940 1200 1210 1254 subtilem
1258 1217 1497 1271 prorsus
1530 1217 1592 1254 ac
1622 1218 1681 1255 se

70 1292 233 1359 dignam
272 1287 601 1340 sententiam
643 1287 997 1357 excogitavit,
1045 1304 1255 1358 nempe
1285 1289 1402 1342 dies
1432 1288 1560 1343 illos
1591 1289 1679 1341 in-

70 1376 326 1447 telligendos
356 1391 473 1429 esse
524 1375 780 1444 mystice,
817 1376 981 1445 juxta
1029 1376 1413 1446 cognitionem
1460 1375 1677 1447 angeli-

68 1482 145 1517 cam
186 1465 242 1519 de
282 1464 442 1517 rebus
488 1464 548 1517 in
580 1465 715 1530 Deo,
753 1468 809 1517 et
836 1465 895 1518 in
921 1465 1153 1535 proprio
1184 1481 1413 1537 genere,
1446 1466 1680 1535 etjuxta

67 1554 254 1607 ordinem
283 1569 466 1606 rerum
499 1552 664 1605 simul
692 1569 722 1604 a
747 1554 857 1607 Deo
887 1561 1225 1619 creatarum,
1250 1553 1473 1608 dierum
1506 1552 1677 1607 etiam

66 1642 253 1695 ordinem
282 1641 334 1693 in
360 1641 695 1711 angelorum
724 1644 912 1694 mente
944 1640 1280 1712 designavit.
1316 1643 1468 1696 Hanc
1498 1641 1677 1696 sancti

65 1730 189 1785 Patris
227 1729 649 1799 explicationem
680 1730 748 1783 de
796 1728 1136 1783 simultanea
1165 1746 1357 1784 rerum
1392 1731 1678 1786 creatione

65 1818 231 1887 mystice
281 1819 335 1871 in
377 1835 467 1871 sex
513 1818 638 1871 illos
687 1818 807 1873 dies
862 1818 941 1872 sic
988 1819 1229 1872 divisam
1284 1818 1479 1889 paucis
1509 1818 1685 1873 refert

66 1912 223 1959 sanctus
248 1907 477 1960 Thomas
509 1911 653 1977 part.
714 1923 751 1973 ι,
801 1923 856 1978 q.
910 1908 997 1973 74,
1040 1912 1144 1961 art.
1191 1911 1249 1960 2.
1303 1910 1393 1975 At,
1424 1924 1550 1978 quae
1580 1907 1686 1961 fuit

66 1996 294 2065 Augustini
331 1996 626 2061 modestia,
666 1996 775 2050 hoc
818 2012 849 2049 a
893 2012 951 2050 se
991 1997 1372 2067 excogitatum
1405 1996 1684 2066 interpre-

64 2090 304 2137 tamentum
335 2085 407 2137 ita
443 2084 662 2153 docuit,
707 2089 767 2139 ut
797 2084 1022 2139 meliori
1052 2086 1416 2155 explicationi
1458 2087 1681 2139 nullum

65 2189 100 2225 se
123 2174 461 2243 prajudicium
505 2174 708 2229 atferre
736 2176 876 2227 velle
921 2178 1269 2245 protestatus
1301 2176 1405 2228 sit:
1462 2198 1481 2222 ι
1515 2175 1681 2239 Quis-

66 2262 149 2331 quis
171 2279 301 2333 ergo,
324 2264 532 2335 inquit,
568 2280 681 2317 non
713 2279 858 2331 eam,
885 2280 1058 2334 quam
1086 2280 1190 2334 pro
1223 2269 1418 2317 nostro
1450 2264 1684 2317 modulo

67 2352 121 2403 vel
144 2352 372 2423 indagare
410 2354 496 2408 vel
534 2357 731 2423 putare
763 2353 1077 2423 potuimus,
1109 2352 1205 2405 sed
1229 2353 1399 2405 aliam
1445 2353 1687 2422 requirit

65 2438 104 2491 in
143 2440 332 2494 illorum
384 2442 609 2495 dierum
659 2441 1092 2495 enumeratione
1141 2442 1506 2504 sententiam,
1560 2457 1686 2511 quae

69 2542 145 2581 non
170 2529 210 2581 in
228 2530 511 2601 prophetia
538 2529 798 2599 ﬁgurate,
817 2529 915 2583 sed
931 2530 987 2583 in
1010 2529 1116 2583 hac
1148 2535 1536 2582 creaturarum
1557 2546 1689 2582 con-

68 2615 217 2670 ditione
243 2619 455 2689 proprie
490 2619 812 2689 meliusque
847 2618 1026 2688 possit
1059 2617 1321 2687 intelligi,
1360 2622 1597 2687 quaerat,
1632 2623 1688 2671 et

67 2703 262 2759 divinitus
288 2708 509 2777 adjutus
542 2708 812 2761 inveniat.
839 2706 986 2761 Fieri
1017 2707 1169 2760 enim
1199 2711 1385 2776 potest
1419 2712 1482 2759 ut
1513 2707 1685 2759 etiam

66 2809 134 2862 ego
159 2796 295 2849 aliam
326 2796 407 2850 his
438 2796 651 2850 divinae
696 2795 1003 2865 Scriptura
1051 2794 1235 2848 verbis
1280 2794 1686 2864 congruentiu-

66 2897 144 2934 rem
180 2884 402 2938 fortassis
432 2885 767 2952 inveniam;
813 2900 999 2954 neque
1031 2884 1185 2937 enim
1233 2884 1311 2936 ita
1360 2885 1507 2936 hanc
1548 2899 1682 2935 con-

1791 490 1944 561 pide,
1974 493 2224 546 censoris
2246 510 2548 562 personam
2580 500 2775 549 contra
2805 497 3191 567 Augustinum
3225 498 3489 567 induens,

1792 580 1905 635 ait:
1942 598 1970 631 ‹‹
2005 582 2365 636 Contrarium
2397 584 2602 637 docent
2644 601 2844 639 omnes
2903 586 3000 639 alii
3052 588 3265 652 Patres,
3313 588 3488 658 idque

1792 669 2029 723 omnino
2063 671 2233 724 vincit
2271 672 2507 742 simplex
2540 678 2594 726 et
2630 674 2938 727 bistorialis
2968 675 3218 728 narratio
3252 677 3487 746 Moysis;

1791 774 1968 828 quare
1996 774 2298 812 erroneum
2330 760 2450 829 jam
2480 765 2562 813 est
2616 761 2801 815 dicere
2843 763 3035 816 omnia
3084 780 3200 817 uno
3235 765 3325 817 die
3372 781 3491 819 esse

1791 851 1995 900 creata.
2036 866 2059 898 ι
2096 848 2301 901 Verum
2350 849 2665 918 Augustino
2728 852 3009 904 consentit
3064 852 3349 919 Albertus,
3390 854 3491 923 qui

1790 936 1861 989 ob
1882 935 2258 1006 multiplicem
2303 952 2366 989 ac
2412 936 2731 991 mirabilem
2763 939 3141 994 litteraturam
3175 942 3362 1012 Magni
3391 958 3488 995 co-

1790 1030 2102 1093 gnomento
2142 1024 2451 1093 insignitus
2500 1026 2627 1093 fuit,
2679 1026 2766 1080 his
2814 1028 2981 1096 plane
3031 1028 3244 1083 verbis:
3300 1050 3327 1078 σι
3359 1030 3489 1083 Siue

1790 1112 2124 1183 prtejudicio
2153 1114 2449 1167 sententia
2481 1114 2735 1167 melioris
2765 1114 2986 1169 videtur
3015 1118 3332 1187 Augustino
3355 1134 3489 1172 con-

1791 1201 2174 1267 sentiendum,
2210 1222 2236 1253 »
2298 1207 2442 1273 part.
2487 1220 2502 1255 ι
2563 1202 2831 1267 Summae,
2893 1220 2946 1274 q.
2988 1208 3068 1271 l2,
3121 1206 3188 1259 de
3247 1210 3491 1277 quatuor

1789 1289 2012 1344 coaevis.
2074 1288 2243 1343 Addit
2300 1295 2526 1343 sanctus
2570 1291 2815 1344 Thomas
2871 1292 3132 1360 proxime
3188 1293 3488 1347 laudatus:

1793 1398 1819 1430 α
1857 1379 1984 1431 Ηωο
2036 1378 2230 1449 opinio
2265 1378 2612 1450 (Augustini)
2664 1396 2789 1434 PLL'S
2831 1396 2947 1434 urar
2984 1396 3196 1435 PLACET.
3251 1402 3275 1432 υ
3309 1384 3486 1445 Itane,

1790 1464 2039 1533 Corneli,
2090 1466 2371 1520 sententia
2422 1466 2538 1530 illa,
2588 1483 2761 1537 quam
2831 1469 3094 1523 Albertus
3148 1471 3381 1540 Magnus
3430 1485 3493 1524 ac

1789 1558 2013 1607 sanctus
2044 1554 2301 1615 Thomas,
2340 1556 2809 1610 scholasticorum
2838 1558 3057 1612 lumina
3089 1574 3153 1613 ac
3183 1560 3488 1627 columina,

1788 1643 2035 1714 probant
2062 1648 2117 1697 et
2139 1649 2477 1715 sequuntur,
2511 1646 2614 1698 hac
2632 1650 2796 1699 aetate
2818 1663 3056 1700 erronea
3083 1648 3303 1701 evasit?
3327 1648 3493 1713 Quee-

1792 1749 1928 1787 nam
1960 1733 2116 1786 illam
2146 1733 2368 1803 synodi,
2402 1733 2499 1805 qui
2531 1734 2773 1787 Romani
2807 1736 3098 1805 prmsules,
3134 1752 3262 1805 qua:
3299 1737 3492 1790 docto-

1794 1838 1920 1875 rum
1970 1821 2273 1875 academias
2314 1822 2741 1893 proscripsere?
2796 1827 2880 1876 An
2940 1823 3073 1893 quia
3107 1824 3211 1877 tibi
3266 1826 3493 1896 tuisque

1796 1909 2073 1980 displicet,
2107 1926 2343 1962 erronea
2374 1911 2652 1964 censenda
2684 1912 2813 1964 est?
2854 1913 2926 1965 At
2968 1912 3107 1965 scito
3152 1912 3491 1967 recentiori-

1793 1999 1898 2053 bus
1929 1999 2359 2070 Augustinianis
2404 1999 2725 2053 doctoribus
2755 2000 2992 2070 probari
3047 2001 3338 2069 Cerdensi,
3387 2003 3496 2056 Mo-

1793 2104 1929 2141 reau
1985 2094 2155 2159 atque
2204 2088 2483 2143 Ludovico
2525 2089 2596 2142 ab
2626 2089 2874 2158 Angelis,
2908 2088 3125 2142 doctori
3176 2090 3495 2143 Conimbri-

1793 2176 1967 2243 censi,
1996 2177 2088 2230 lib.
2124 2193 2155 2229 v
2183 2177 2250 2230 de
2291 2178 2413 2230 Vita
2442 2178 2620 2231 sancti
2648 2178 2968 2248 Augustini,
3002 2194 3123 2248 cap.
3155 2181 3205 2245 9,
3234 2178 3332 2231 ubi
3354 2177 3495 2233 alios

1794 2266 1986 2318 Patres
2025 2264 2123 2335 qui
2163 2265 2481 2335 Augustino
2524 2281 2589 2318 ea
2622 2265 2680 2318 in
2732 2282 2791 2319 re
2838 2281 3174 2319 consensere
3214 2265 3492 2336 producit,

1795 2354 2045 2424 atquein
2080 2354 2343 2408 Molinam
2377 2354 2447 2407 ob
2473 2356 2695 2408 Patrem
2735 2355 3146 2424 reprehensum
3188 2355 3494 2418 invehitur,

1795 2442 2019 2495 Tertius
2048 2442 2352 2513 Augustini
2398 2448 2690 2496 accusator
2741 2443 2981 2513 Arriaga
3035 2444 3280 2497 clamat:
3313 2461 3341 2496 α
3382 2444 3489 2496 Ex-

1792 2530 2022 2600 plicatio
2048 2530 2169 2584 haec
2200 2535 2462 2584 censetur
2506 2532 2575 2584 ab
2615 2532 2881 2585 omnibus
2932 2531 3346 2602 improbabilis,
3390 2546 3495 2583 nec

1795 2635 1899 2687 ego
1929 2618 2126 2672 dubito
2156 2619 2294 2689 quin
2352 2619 2397 2671 si
2426 2619 2811 2691 Augustinum
2868 2637 2982 2673 non
3014 2620 3249 2673 haberet
3302 2623 3491 2689 patro-

1795 2723 1954 2769 num,
2016 2706 2310 2759 manifeste
2369 2706 2637 2759 damnata
2684 2707 2881 2760 fuisset
2922 2706 3211 2771 haeretica,
3261 2726 3289 2753 ››
3352 2710 3491 2757 tom.

1796 2798 1863 2861 II,
1896 2796 1954 2849 in
1984 2801 2130 2865 part.
2164 2812 2202 2863 ι,
2231 2795 2439 2863 disput.
2482 2798 2570 2858 28,
2612 2811 2773 2848 num.
2804 2796 2892 2849 40.
2926 2798 2997 2848 At
3021 2793 3354 2848 recentioris
3388 2794 3495 2845 hu-

1788 2885 1882 2954 jus
1922 2900 2083 2937 voces
2115 2883 2502 2953 comprimunt
2532 2884 2645 2937 duo
2676 2882 3009 2937 Parisiensis
3065 2883 3271 2937 scholm
3325 2882 3489 2934 theo-

66 2969 194 3035 ﬁrmo,
220 2978 273 3026 ut
298 2974 482 3040 aliam,
520 2990 649 3044 quae
691 2973 1075 3043 praeponenda
1133 2972 1223 3037 sit,
1275 2971 1520 3025 inveniri
1571 2988 1685 3024 non
1724 2997 1762 3050 ρ
1795 2972 1912 3043 logi
1955 2972 2254 3042 praecipui,
2299 2976 2525 3024 sanctus
2558 2973 2949 3025 Bonaventura
2978 2976 3035 3025 et
3086 2970 3339 3041 Egidius
3374 2971 3486 3023 R0-

66 3074 176 3127 posse
198 3064 537 3117 contendam.
573 3082 600 3112 »
652 3063 747 3116 His
777 3078 833 3115 se
867 3061 1152 3114 munitum
1197 3060 1379 3113 voluit
1415 3060 1685 3113 adversus

66 3148 390 3205 malevolorum
447 3153 733 3206 lectorum
779 3166 1044 3204 censuras
1088 3150 1187 3203 lib.
1232 3166 1279 3202 1v
1328 3150 1394 3202 de
1439 3151 1573 3203 Gen.
1619 3150 1688 3203 ad

67 3236 153 3301 litt,
178 3254 277 3309 cap.
307 3244 389 3295 28.
424 3242 559 3295 Haec
607 3240 726 3293 sola
776 3238 1081 3309 Augustini
1129 3238 1297 3291 verba
1324 3238 1519 3291 solida}
1553 3254 1687 3307 apo-

68 3322 179 3393 logia
214 3328 316 3381 loco
347 3328 611 3383 habenda
654 3334 864 3393 essent,
892 3344 995 3381 nec
1026 3326 1340 3397 quidquam
1374 3342 1565 3379 rursus
1597 3326 1689 3379 ad-

69 3411 250 3469 dendum
297 3418 434 3473 foret
495 3435 603 3489 pro
653 3418 908 3487 ejusdem
952 3416 1443 3486 interpretationis
1492 3416 1687 3469 defen-

68 3500 187 3557 sione.
232 3506 495 3562 Caeterum
568 3523 631 3561 ex
691 3504 899 3560 nostris
968 3504 1343 3575 scriptoribus
1418 3506 1691 3574 magister

70 3590 322 3648 Emmanuel
370 3596 552 3651 Cerda
610 3595 930 3653 Lusitanus.
980 3595 1240 3664 publicus
1290 3593 1350 3645 in
1402 3592 1692 3647 academia

71 3680 427 3741 Cunimbricensi
452 3686 765 3756 theologiae
796 3685 1100 3756 professor,
1136 3685 1193 3738 in
1239 3684 1355 3737 suis
1387 3684 1691 3749 Quodlibe-

72 3768 114 3819 tis
147 3773 458 3845 theologicis,
521 3775 793 3829 acerrime
838 3779 1038 3828 contra
1083 3773 1464 3827 recentiorum
1515 3773 1693 3844 impe-

73 3862 150 3911 tum
170 3865 332 3933 magni
355 3865 611 3918 Parentis
641 3864 982 3919 sententiam
1008 3868 1352 3933 propugnat,
1374 3878 1690 3931 eorumque

72 3948 164 4000 etin
188 3955 516 4008 censurando
552 3952 865 4012 audaciam.
911 3957 965 4006 et
994 3952 1053 4005 in
1085 3950 1479 4020 impugnando
1524 3949 1687 4004 debi-

74 4032 225 4092 litatem
265 4043 539 4111 ostendit;
575 4042 723 4097 idem
756 4057 985 4112 quoque
1012 4040 1281 4110 praestitit
1315 4039 1547 4094 Carolus
1586 4040 1694 4091 Mo-

75 4135 370 4189 reau,noster
415 4130 803 4198 Bituricensis,
858 4128 917 4182 in
968 4128 1233 4182 Vindiciis
1266 4127 1531 4198 pacificis.
1579 4128 1692 4196 Ego

75 4216 372 4272 recentiorum
401 4217 795 4273 accusationes
826 4232 954 4270 cum
979 4222 1234 4270 veterum
1264 4216 1691 4285 theologorum,

1795 3078 2034 3116 manus:
2090 3062 2184 3115 ille
2242 3060 2476 3131 quidem
2532 3060 2593 3112 in
2639 3063 2693 3126 2,
2742 3060 2869 3113 dist.
2940 3062 3026 3125 t3,
3060 3064 3165 3113 art.
3204 3063 3253 3124 l,
3313 3074 3367 3129 q.
3436 3061 3488 3123 1,

1797 3151 2027 3204 scribit:
2075 3168 2104 3203 α
2163 3149 2430 3213 Quamvis
2488 3153 2678 3201 autem
2735 3149 2855 3202 haec
2910 3147 3116 3218 positio
3176 3145 3493 3217 probabilis

1797 3245 1943 3295 esset
1973 3246 2029 3294 et
2061 3240 2431 3305 rationabilis,
2478 3238 2739 3292 catholici
2790 3244 2981 3292 tamen
3014 3243 3359 3293 tractatores.
3400 3236 3499 3307 qui

1797 3330 2179 3400 Augustinum
2228 3328 2402 3382 secuti
2444 3332 2594 3395 sunt,
2629 3328 2774 3380 viam
2818 3328 2986 3381 aliam
3036 3326 3500 3397 approbaverunt

1798 3420 2013 3489 magis;
2049 3440 2069 3467 ι
2106 3418 2209 3471 iste
2237 3416 2417 3483 vero,"
2440 3422 2585 3487 part.
2621 3434 2637 3470 1
2670 3418 2927 3481 Hexam.,
2955 3432 3076 3485 cap.
3129 3418 3232 3469 28:
3296 3434 3323 3465 (ί
3374 3416 3500 3468 Non

1799 3512 2011 3569 autem,
2050 3506 2256 3577 inquit,
2290 3506 2395 3559 ista
2428 3506 2691 3571 dicimus,
2743 3511 2805 3559 ut
2836 3506 3225 3575 improbemus
3269 3502 3497 3572 Opinio-

1798 3612 1931 3649 nem
1957 3594 2283 3665 Augustini,
2318 3610 2446 3665 qua:
2476 3598 2559 3647 est
2591 3594 2754 3647 valde
2786 3594 3005 3647 subtilis
3034 3599 3090 3647 et
3134 3591 3425 3645 solemnis.
3468 3609 3495 3642 »

1798 3684 1907 3738 Sed
1952 3685 2084 3754 quid
2116 3683 2345 3737 tandem
2377 3682 2524 3736 dicat
2579 3682 2674 3736 ille
2704 3682 3009 3752 Augustini
3036 3683 3253 3745 jcensor
3296 3679 3497 3734 Morai-

1799 3790 1899 3827 nes
1933 3772 2255 3826 audiamus.
2288 3772 2386 3825 Ille
2411 3770 2665 3841 quidem,
2700 3772 2942 3823 recitans
2987 3770 3309 3838 catalogum
3343 3783 3498 3821 erro-

1800 3878 1927 3915 rum
1959 3861 2135 3914 sancti
2161 3860 2355 3923 Patris,
2402 3860 2552 3912 hunc
2587 3858 2775 3929 primo
2819 3860 2941 3911 loco
2990 3857 3212 3927 posuit:
3249 3875 3276 3906 (ί
3308 3855 3497 3909 Sensit

1802 3950 1898 4003 ille
1940 3948 2219 4001 mundum
2255 3948 2312 4001 in
2352 3946 2585 4000 instanti
2630 3952 2884 3999 creatum
2938 3944 3131 4010 fuisse,
3183 3948 3314 4012 etc.,
3345 3942 3499 4013 quod

1802 4051 1919 4088 non
1968 4034 2229 4088 convenit
2260 4051 2388 4087 cum
2443 4033 2665 4104 scriptis
2695 4050 2728 4086 a
2758 4035 2943 4103 Moyse
2970 4048 3091 4102 cap.
3123 4049 3139 4085 ι
3197 4033 3498 4097 Geneseos,

1803 4128 1866 4177 ut
1925 4124 2233 4177 ostendunt
2299 4122 2671 4177 accuratiores
2740 4120 3013 4191 theologi,
3086 4118 3498 4190 speciatimque

1806 4213 2034 4278 Suarez,
2090 4211 2296 4266 Molina
2338 4212 2621 4265 MARTINON
2664 4209 2761 4277 (ita
2812 4213 2990 4263 semet
3020 4208 3167 4261 inter
3197 4207 3502 4261 accuratio-

77 4302 308 4370 etquidem
342 4308 665 4377 principum
694 4305 922 4377 judiciis
952 4304 1209 4359 conferre
1240 4305 1391 4370 volo,
1428 4320 1559 4357 nam
1592 4303 1695 4374 qui
1719 4291 1764 4345 Ῐ)
1805 4317 1894 4354 res
1937 4301 2235 4370 theologos
2288 4300 2587 4369 recenset),
2636 4297 3132 4366 communiterque
3177 4294 3433 4365 rejicitur
3470 4310 3503 4347 a

78 4397 254 4447 exactam
296 4397 725 4467 Augustinianae
771 4395 1066 4450 sententia:
1122 4393 1519 4449 defensionem
1552 4392 1695 4447 desi-

77 4474 199 4542 derat.
220 4483 541 4539 Cerdensem
572 4486 746 4555 legat.

122 4565 256 4633 Igitur
300 4573 610 4627 Ludovicus
656 4571 885 4637 Molina,
941 4572 1001 4625 in
1033 4575 1197 4625 tract.
1250 4570 1316 4624 de
1370 4570 1553 4640 Opere
1599 4586 1695 4623 sex

79 4649 251 4723 dierum,
280 4661 414 4732 disp.
453 4666 501 4727 1,
544 4662 623 4716 ita
670 4662 739 4715 de
772 4660 1081 4731 Augustini
1133 4659 1506 4730 explicatione
1544 4658 1698 4729 judi-

76 4748 160 4794 cati
201 4768 222 4793 α
271 4749 551 4819 Exponere
610 4749 669 4803 in
718 4765 783 4803 eo
826 4765 995 4803 sensu
1040 4748 1379 4817 Scripturas,
1429 4753 1513 4799 est
1562 4763 1695 4800 sane

76 4841 214 4886 earnm
240 4839 618 4891 auctoritatem
649 4853 941 4903 enervare,
993 4842 1048 4890 et
1086 4836 1336 4891 ludibrio
1383 4836 1529 4890 forte
1570 4852 1694 4889 eam

76 4929 212 4975 coram
244 4924 556 4981 infidelibus
604 4942 911 4996 exponere.
966 4944 992 4976 »
1034 4930 1106 4979 At
1132 4942 1245 4979 non
1274 4926 1351 4979 ita
1380 4925 1597 4994 abjecte
1629 4925 1698 4979 de

75 5004 305 5077 Augustini
336 5015 807 5085 interpretatione
852 5014 1029 5068 sensit
1082 5030 1327 5084 magnus
1369 5013 1697 5084 theologiaz,

77 5089 155 5145 imo
185 5098 413 5157 Ecclesiae
456 5104 670 5170 doctor,
705 5108 931 5155 sanctus
977 5102 1241 5168 Thomas,
1276 5102 1334 5155 in
1383 5105 1415 5155 2
1462 5101 1691 5156 Senten-

77 5176 247 5253 tiarum,
284 5190 402 5245 dist,
462 5195 541 5255 12,
577 5196 777 5262 quiest.
823 5196 869 5257 l,
900 5195 1004 5244 art.
1056 5194 1125 5244 2:
1175 5210 1201 5240 (ι
1237 5193 1445 5244 Harum
1504 5190 1698 5258 igitur,

78 5263 232 5339 inquit,
260 5280 664 5347 expositionum
699 5280 885 5350 prima
914 5278 1256 5352 (Augustini)
1291 5284 1377 5333 est
1416 5277 1698 5343 subtilior,

80 5359 211 5427 magis
231 5365 293 5419 ab
316 5366 570 5422 irrisione
604 5368 923 5422 inﬁdelium
954 5368 1273 5438 Scripturas
1310 5365 1636 5420 defendens.
1670 5384 1698 5415 »

81 5444 274 5507 “terum
315 5457 561 5527 ejusdem
591 5458 847 5529 Angelici
891 5455 1261 5529 praeceptoris
1305 5459 1525 5510 textum
1572 5469 1703 5507 mox

83 5530 286 5611 Iaudebo,
307 5544 364 5600 in
391 5563 503 5618 quo
528 5548 814 5604 contraria
840 5564 1077 5619 prorsus
1107 5546 1301 5602 scribit
1341 5546 1409 5598 iis
1455 5560 1584 5615 quae
1634 5544 1703 5598 de

1804 4390 2129 4443 doctoribus
2189 4388 2498 4454 catholicis,
2553 4408 2579 4437 ι
2629 4387 2775 4455 disp.
2830 4388 2894 4439 l2
2944 4384 3279 4451 Anti-laus,
3337 4398 3497 4436 num.

1806 4482 1890 4535 32.
1926 4479 2032 4534 Sed
2090 4495 2207 4532 non
2267 4478 2346 4531 ita
2394 4476 2670 4547 judicavit
2714 4473 3016 4544 Dionysius
3074 4472 3499 4537 Carthusianus,

1806 4567 1942 4621 dum
1981 4568 2041 4621 in
2085 4584 2208 4638 cap.
2258 4584 2275 4619 ι
2323 4567 2485 4632 Gen.,
2519 4569 2623 4619 art.
2659 4567 2707 4627 5,
2766 4562 3028 4633 scripsit:
3066 4578 3095 4613 α
3150 4560 3505 4631 Augustinus

1806 4656 2146 4727 excogitavit
2189 4655 2495 4726 quamdam
2570 4652 2986 4723 expositionem
3048 4650 3338 4718 subtilem,
3403 4663 3507 4718 per

1807 4761 1977 4817 quam
2010 4743 2263 4798 defendit
2290 4742 2641 4809 Scripturam
2669 4741 2740 4793 ab
2779 4739 3041 4794 irrisione
3068 4736 3418 4808 hujusmodi,
3448 4740 3506 4789 et

1805 4838 1997 4888 tamen
2029 4832 2261 4886 salvavit
2290 4831 2594 4900 Scripturas
2625 4834 2682 4883 et
2710 4830 2845 4883 ﬁdei
2888 4830 3201 4882 veritatem.
3234 4847 3260 4878 ››
3288 4828 3348 4880 Et
3378 4828 3506 4877 ante

1805 4922 1995 4993 ipsum
2039 4925 2265 4974 sanctus
2291 4920 2557 4983 Thomas,
2606 4918 2841 4971 recitata
2892 4916 3196 4987 Augustini
3226 4919 3282 4969 et
3331 4914 3509 4966 altera

1807 5011 2050 5064 aliorum
2104 5011 2333 5063 Patrum
2370 5006 2762 5077 explicatione,
2817 5006 3040 5077 inquit:
3103 5024 3130 5055 ‹‹
3192 5005 3508 5072 Utrumque

1808 5115 2040 5152 sensum
2086 5096 2511 5151 circumstantia
2543 5095 2745 5151 litterae
2775 5093 3007 5164 patitur,
3041 5114 3068 5140 »
3102 5092 3161 5144 in
3207 5094 3239 5145 2
3272 5089 3508 5145 Senten-

1808 5187 2018 5240 tiarum
2070 5186 2164 5239 cit.
2202 5186 2297 5239 Nae
2351 5188 2580 5237 sanctus
2627 5182 2894 5247 Thomas,
2942 5179 3205 5233 Albertus
3249 5179 3506 5246 Magnus,

1811 5280 2037 5331 sanctus
2090 5276 2485 5329 Bonaventura
2534 5277 2590 5326 et
2634 5270 2887 5342 Egidius
2917 5271 3209 5323 Romanus
3239 5266 3389 5320 inter
3422 5282 3511 5341 ac-

1810 5365 2123 5419 curatiores
2144 5363 2439 5434 theologos
2463 5361 2700 5415 minime
2718 5356 3047 5413 recensendi
3065 5357 3238 5410 sunt?
3261 5357 3512 5409 Eruntne

1811 5454 1897 5508 illi
1951 5454 2018 5508 de
2074 5452 2278 5506 ultima
2332 5454 2727 5524 theologorum
2784 5448 2970 5519 plebe,
3031 5450 3320 5500 senatores
3375 5459 3509 5499 vero

1812 5544 2043 5611 Suarez,
2076 5542 2283 5598 Molina
2303 5545 2359 5595 et
2378 5542 2653 5596 Martinon
2674 5541 2703 5591 ?
2734 5538 2852 5590 lmo
2878 5535 3139 5591 omnium
3165 5531 3513 5589 nobilissimi
