3894 6184
340 208 446 262 ’723

1351 206 1907 264 SUPPLEMENTUM
1945 208 2038 262 AD
2075 206 2308 262 OPERA
2345 208 2399 262 S.
2443 208 2838 265 AUGUSTINI.
3283 215 3286 218 ’
3698 231 3782 286 ’724

343 321 432 378 illi
459 327 616 394 sunt,
647 321 858 396 quibus
887 328 943 378 et
972 324 1182 379 Suarez
1206 328 1263 378 et
1295 325 1502 380 Molina
1540 330 1860 398 assurgant,
1890 327 2034 381 Mar-
2072 333 2113 388 Α
2152 326 2495 397 probatione
2525 342 2593 381 ex
2627 326 2894 399 originali
2943 327 3064 382 solo
3094 331 3320 400 peccato
3357 337 3473 388 orta
3497 336 3780 402 Calviniana

345 413 512 468 tinon
539 429 674 468 vero
702 429 806 467 nec
835 413 1035 468 eadem
1066 429 1195 466 cum
1220 413 1330 467 illis
1357 414 1448 468 die
1483 417 1830 470 nominetur.

419 503 566 558 Illud
603 502 833 574 quidem
863 499 1213 571 principium
1253 502 1590 574 theologica
1650 504 1854 558 schola
1893 502 2044 573 judi-

348 593 497 649 cium
552 595 621 648 de
659 593 840 646 sancti
881 591 1186 662 Augustini
1247 592 1722 664 interpretatione
1771 593 1898 658 fuit,
1954 593 2046 647 cui

350 697 485 735 sane
517 680 612 733 alii
641 684 770 733 ante
815 681 1204 748 Augustinum
1254 682 1404 735 viam
1450 688 1814 751 aperuerant.
1857 682 2044 751 Philo,

349 771 716 825 Hebraorum
746 769 925 832 Plato,
978 785 1344 824 communem
1387 771 1726 826 sententiam
1761 772 1832 826 de
1876 788 2048 843 opere

344 875 441 914 sex
467 858 691 913 dierum
732 873 851 911 non
897 859 1068 912 modo
1119 859 1336 928 rejecit,
1387 875 1586 913 verum
1627 860 1802 914 etiam
1845 860 2044 928 irrisit,

343 947 443 1002 lib.
503 965 522 1001 1
576 947 826 1017 Allegor.
877 947 1180 1018 inquiens:
1217 967 1244 998 α
1277 947 1602 1002 Rusticana
1669 949 2048 1021 simplicitatis

344 1053 464 1090 esse
520 1040 723 1105 putare
781 1051 876 1088 sex
935 1035 1157 1103 diebus,
1213 1041 1312 1090 aut
1343 1036 1540 1108 utique
1590 1044 1744 1092 certo
1792 1044 2049 1110 tempore

343 1126 626 1179 mundum
651 1139 769 1177 esse
795 1127 1070 1178 creatum.
1105 1143 1133 1175 ν
1177 1125 1250 1178 Ex
1281 1125 1486 1179 Gracis
1516 1127 1774 1182 Clemens
1801 1128 2049 1182 Alexan-

344 1218 564 1283 drinus,
614 1216 717 1270 lib.
745 1231 809 1283 vi
852 1216 1222 1282 Stromatum,
1284 1217 1546 1271 eamdem
1609 1218 2048 1288 explicationem

344 1310 570 1360 secutus
602 1308 705 1368 est,
749 1319 922 1373 quam
967 1303 1118 1373 apud
1169 1303 1397 1358 Latinos
1447 1311 1641 1359 noster
1694 1308 2048 1378 Augustinus

345 1409 518 1466 quam
571 1392 816 1447 maxime
870 1391 1194 1446 illustravit.
1249 1393 1413 1447 Illam
1453 1394 1627 1448 etiam
1676 1396 1822 1451 tanti
1865 1396 2047 1452 fecere

344 1482 596 1536 universi
631 1480 949 1535 scholastici
1001 1481 1283 1551 doctores,
1314 1487 1378 1536 ut
1424 1499 1634 1554 magno
1669 1485 1859 1539 studio
1906 1485 2045 1540 alla-

341 1571 603 1627 borarint
629 1570 690 1624 in
720 1569 1053 1639 explicanda
1081 1570 1364 1626 sententia
1407 1573 1712 1642 Augustini
1756 1574 1824 1628 de
1849 1574 2045 1645 cogni-

343 1660 496 1715 tione
528 1659 625 1712 illa
662 1658 943 1712 matutina
989 1663 1045 1712 et
1095 1659 1419 1730 vespertina
1463 1677 1684 1729 rerum,
1727 1657 1956 1734 nempe
1986 1663 2047 1718 in

343 1748 535 1803 divina
563 1753 767 1800 natura
810 1751 866 1799 et
895 1745 955 1800 in
991 1762 1048 1800 se
1079 1747 1237 1818 ipsis.
1300 1748 1384 1802 Ita
1434 1748 1504 1803 de
1551 1766 1686 1805 vero
1744 1751 2050 1823 Augustini

345 1852 512 1890 sensu
541 1835 691 1889 inter
715 1851 772 1888 se
806 1851 922 1888 non
949 1835 1146 1889 leviter
1174 1835 1401 1907 litigant
1431 1837 1692 1893 doctores
1725 1840 2051 1895 scholarum

341 1924 630 1997 principes
684 1923 948 1978 Albei-tus
981 1925 1235 1994 Magnus,
1278 1931 1428 1995 part.
1471 1927 1793 1999 ISumma,
1843 1945 1901 2000 q.
1964 1931 2049 1996 t2,

343 2019 450 2070 art.
483 2017 514 2068 6
536 2018 590 2068 et
617 2018 648 2066 7
678 2030 692 2080 ;
753 2018 980 2068 sanctus
1011 2015 1278 2083 Thomas,
1311 2021 1459 2086 part.
1493 2031 1511 2070 ι
1565 2033 1619 2085 q.
1654 2021 1746 2086 58,
1779 2023 1887 2073 art.
1920 2022 1952 2073 6
1997 2021 2054 2072 et

345 2102 481 2158 dist.
512 2105 564 2169 3,
598 2106 798 2172 quast.
827 2105 896 2169 9;
959 2103 1232 2172 zEgidius,
1266 2110 1415 2174 part.
1467 2121 1485 2160 ι
1538 2106 1867 2173 Hexamer.,
1925 2123 2050 2178 cap.

343 2193 436 2257 29,
467 2194 524 2243 et
561 2188 753 2242 caeteri
799 2192 1200 2256 communiter,
1229 2208 1374 2262 quos
1422 2208 1538 2248 non
1586 2195 1708 2248 sine
1763 2195 1931 2249 laude
1992 2195 2055 2249 in

347 2279 551 2334 eadem
581 2277 885 2347 Augustini
929 2285 1121 2332 mente
1153 2279 1476 2350 indaganda
1526 2282 1737 2336 imitati
1785 2288 1918 2338 sunt
1962 2284 2054 2338 Je-

349 2363 565 2418 suitica
596 2365 804 2418 schola
853 2364 1048 2432 duces,
1080 2365 1287 2420 Suarez
1318 2367 1420 2421 lib.
1453 2383 1471 2421 1
1503 2368 1572 2422 de
1604 2369 1788 2440 Opere
1815 2386 1909 2424 sex
1935 2371 2054 2424 die-

348 2469 498 2519 rum,
529 2469 652 2523 cap.
692 2456 794 2521 lO;
847 2454 1120 2524 Vasquez,
1152 2460 1300 2524 part.
1347 2471 1383 2521 1,
1445 2455 1659 2527 disput.
1709 2461 1800 2524 5t,
1831 2474 1956 2530 cap.
1997 2460 2050 2512 2.

349 2542 509 2596 Mitto
539 2542 632 2595 hic
682 2557 810 2612 qua
841 2557 906 2595 ex
941 2541 1290 2609 Cassiodoro,
1350 2544 1590 2614 Isidoro,
1633 2547 1850 2601 Junilio
1895 2547 2053 2601 aliis-

350 2644 461 2699 que
491 2628 551 2682 in
579 2627 1136 2683 commendationem
1191 2631 1624 2702 Augustiniana
1665 2633 2055 2704 explicationis

347 2717 640 2772 adducunt
671 2717 918 2772 Lusitani
948 2718 1124 2772 nostri
1177 2717 1432 2774 doctores
1487 2721 1666 2776 Cerda
1709 2727 1766 2776 et
1818 2723 2056 2778 Ludovi-

349 2822 447 2860 cus
471 2806 541 2859 ab
569 2807 823 2876 Angelis.
857 2808 917 2861 P.
949 2806 1202 2877 Macedo,
1233 2807 1293 2861 in
1327 2809 1507 2864 altero
1536 2810 1854 2880 theologica
1896 2815 2053 2866 tomo

2155 415 2256 470 illa
2282 414 2476 486 opinio
2507 415 2824 470 deducatur
2851 432 2980 469 vere
3023 433 3095 470 an
3124 425 3452 488 apparenter
3477 428 3716 485 tantum?
3737 436 3780 489 Si

2155 503 2410 574 primum
2453 503 2626 572 dicat,
2674 509 2809 558 tunc
2838 503 3004 558 faciet
3042 506 3418 575 Augustinum
3459 527 3520 565 ex
3567 516 3781 576 Ecclesia:

2156 592 2386 646 doctore
2416 591 2730 647 Calviniani
2759 593 2970 648 erroris
2999 595 3352 665 magistrum,
3396 601 3540 668 quod
3579 603 3784 675 impium

2156 685 2242 734 est
2270 681 2554 751 cogitare;
2587 681 2635 734 si
2671 698 2801 734 vero
2840 684 3086 736 alterum
3130 683 3390 753 afﬁrmet,
3420 687 3616 744 videbit
3641 699 3786 751 sancti

2153 769 2460 840 Augustini
2512 769 2852 824 sententiam
2918 787 3036 824 non
3082 772 3256 826 modo
3309 789 3498 844 reapse
3553 795 3660 834 non
3693 799 3788 838 esse

2157 858 2499 912 Calviniana
2531 858 2832 926 hareseos,
2866 859 2958 929 [ut
3016 876 3316 930 perperam
3348 869 3519 932 putat,
3565 875 3787 938 matrem,

2156 947 2252 1002 sed
2283 963 2472 1019 neque
2501 948 2757 1018 afﬁnem,
2795 953 2851 1001 et
2885 947 3098 1018 optime
3130 965 3261 1002 cum
3297 951 3593 1008 Calviniani
3620 962 3792 1014 erroris

2156 1036 2544 1090 confutatione
2584 1053 2748 1108 posse
2799 1037 3085 1108 componi.
3148 1039 3305 1092 Unde
3361 1039 3548 1108 igitur,
3593 1046 3791 1118 Adame,

2153 1125 2266 1179 tale
2296 1130 2618 1178 monstrum
2645 1123 2906 1179 tinxisti?
2929 1128 3017 1178 An
3052 1126 3209 1196 quod
3238 1126 3320 1180 ita
3348 1127 3646 1185 Calvinista
3673 1137 3790 1189 arbi-

2154 1215 2426 1269 trantur?
2450 1212 2549 1266 sed
2575 1211 2621 1266 si
2651 1213 2854 1266 horum
2882 1213 3215 1283 prmjudicia
3237 1216 3506 1286 sequeris,
3527 1218 3637 1288 jam
3668 1229 3795 1292 pote-

2154 1317 2247 1355 ras
2301 1300 2622 1354 universam
2671 1301 2975 1372 Augustini
3032 1301 3368 1371 doctrinam,
3409 1304 3520 1358 imo
3569 1313 3620 1361 et
3645 1325 3795 1364 sacros

2154 1387 2374 1442 codices
2412 1388 2761 1459 ,compendio
2808 1388 3066 1455 horrere,
3116 1406 3249 1444 nam
3279 1391 3612 1460 Calvinista,
3663 1406 3797 1468 quot-

2156 1480 2296 1548 quot
2337 1477 2622 1530 haresum
2653 1480 2919 1547 portenta
2951 1477 3237 1545 nutriunt,
3274 1495 3347 1533 ne
3375 1487 3616 1536 veterum
3643 1492 3798 1555 patro-

2155 1565 2304 1620 cinio
2361 1565 2564 1620 nudati
2600 1565 2920 1629 videantur,
2971 1567 3076 1621 sub
3125 1584 3304 1623 sacra
3334 1569 3623 1641 Scriptura
3665 1579 3799 1646 atque

2155 1655 2587 1727 Augustiniana
2616 1659 2766 1726 toga
2796 1655 3139 1726 quibusdam
3174 1657 3354 1712 veluti
3400 1659 3608 1714 laciniis
3633 1663 3798 1718 eadem

2158 1745 2458 1799 obvolvere
2483 1748 2602 1797 tota
2627 1748 2746 1797 arte
2767 1748 3068 1798 conantur.

2229 1832 2272 1888 Ο
2301 1832 2518 1886 utinam
2549 1833 2720 1886 hocce
2750 1832 2968 1886 Calvini
3006 1833 3242 1888 effatum
3275 1850 3350 1889 ex
3377 1837 3665 1908 Augustini
3704 1855 3803 1894 sen-

2159 1922 2340 1976 tentia
2379 1921 2686 1976 deductum
2715 1921 3052 1992 protulisses
3079 1928 3088 1975 !
3116 1923 3274 1977 nulla
3301 1924 3459 1978 nobis
3489 1927 3718 1996 ejusdem
3740 1945 3804 1981 re-

2158 2011 2393 2066 fellendi
2424 2010 2726 2064 difﬁcultas
2751 2015 2919 2078 esset,
2951 2010 3051 2081 qui
3080 2011 3348 2066 tenebras
3377 2029 3489 2067 non
3517 2015 3704 2075 invehi,
3731 2015 3801 2068 sed

2159 2099 2348 2171 fugari
2377 2099 2512 2153 solis
2549 2097 3164 2170 prasentiaunovimus.
3197 2100 3310 2155 Sed
3337 2118 3464 2156 cum
3491 2104 3694 2158 nullum
3718 2105 3802 2157 tale

2161 2189 2371 2260 dogma
2412 2186 2808 2258 appellaveris,
2841 2203 2907 2240 eo
2939 2187 3164 2242 silentio
3202 2205 3321 2242 non
3373 2191 3600 2245 obscure
3625 2191 3798 2261 signiﬁ-

2160 2278 2299 2331 casti
2327 2293 2442 2330 non
2487 2292 2607 2330 esse
2653 2276 2794 2330 illud
2826 2276 3059 2346 quidem
3089 2279 3520 2348 Augustiniana
3557 2279 3801 2334 sententiae

2159 2366 2365 2432 ﬁlium,
2393 2365 2492 2418 sed
2522 2382 2552 2418 e
2582 2370 2681 2418 tuo
2712 2365 2944 2420 cerebro
2974 2370 3172 2420 natum
3193 2369 3554 2437 ﬁgmentum,
3582 2369 3624 2422 si
3647 2374 3798 2422 tamen

2159 2455 2403 2525 vigilans
2431 2454 2528 2508 illa
2557 2453 2851 2524 scripsisti.
2877 2454 2983 2508 Sed
3008 2470 3134 2526 age,
3166 2456 3463 2510 videamus
3491 2473 3648 2527 quam
3669 2457 3801 2525 longe

2161 2542 2340 2596 sancti
2385 2542 2692 2616 Augustini
2738 2543 3020 2597 sententia
3065 2544 3134 2598 de
3181 2545 3580 2615 reprobatione
3617 2561 3678 2598 ex
3715 2543 3805 2596 solo

2160 2637 2388 2704 peccato
2419 2630 2688 2703 originali
2704 2635 2828 2685 orta
2856 2631 3025 2686 distet
3052 2631 3122 2686 ab
3153 2648 3356 2686 errore
3413 2633 3637 2689 Calvini.
3680 2632 3806 2686 Certa

2162 2725 2354 2776 sancta
2419 2719 2740 2791 Augustino
2810 2719 3095 2774 sententia
3157 2721 3337 2789 stetit,
3399 2721 3804 2793 reprobationem

2162 2825 2486 2881 supponere
2552 2809 2872 2863 necessario
2939 2814 3240 2880 peccatum
3300 2812 3499 2865 saltem
3553 2808 3800 2880 originale.

351 2895 724 2950 Collationum
756 2895 825 2950 de
864 2895 1117 2966 Angelis,
1154 2896 1475 2952 doctissime
1519 2898 1700 2952 sancti
1730 2900 1912 2954 Patris
1967 2899 2052 2954 in-
2087 2925 2127 2983 ο
2161 2900 2346 2964 Quare
2393 2915 2622 2954 versans
2655 2899 2751 2952 illa
2789 2898 2950 2952 Pauli
2981 2899 3051 2953 ad
3100 2900 3276 2954 Rom.
3319 2917 3392 2967 1x,
3428 2905 3510 2966 11,
3555 2903 3644 2954 13;
3697 2898 3805 2950 Cum

347 2983 816 3055 terpretationem
857 2984 1110 3038 defendit
1161 2985 1370 3054 (Collat.
1401 2989 1455 3052 6,
1509 2986 1634 3056 dif/2
1685 2987 1762 3058 2),
1797 2988 1894 3042 ubi
1919 2989 2049 3058 plu-

350 3088 439 3126 res
468 3072 808 3126 recentiores
838 3072 1034 3126 laudat
1081 3073 1180 3144 qui
1211 3073 1514 3145 Augustini
1544 3076 1886 3130 sententiam
1933 3093 2052 3131 am-
2102 3068 2104 3070 ’

350 3160 562 3234 plexati
592 3165 742 3215 sunt.
780 3161 1015 3215 Interim
1047 3162 1320 3234 legendus
1349 3162 1584 3217 omnino
1618 3168 1702 3217 est
1730 3163 1881 3218 idem
1934 3168 2048 3219 Au-

351 3248 614 3319 gustinus
643 3247 744 3302 lib.
773 3265 847 3302 xu
880 3250 1152 3318 Confess.,
1186 3251 1282 3304 ubi
1313 3267 1346 3304 a
1376 3267 1498 3320 cap.
1553 3252 1618 3306 14
1648 3269 1827 3324 usque
1855 3253 1925 3308 ad
1957 3257 2047 3320 32,

352 3352 465 3406 quo
495 3336 641 3390 liber
673 3336 768 3390 ille
802 3338 1104 3400 clauditur,
1137 3340 1354 3409 justam
1401 3338 1510 3393 sibi
1535 3341 1859 3410 apologiam
1890 3358 2052 3412 para-

350 3424 448 3489 vit,
485 3441 598 3496 qua
626 3441 758 3478 suas
787 3425 848 3479 in
871 3427 1120 3497 Moysem
1141 3427 1645 3499 interpretationes
1678 3431 2052 3501 suggillantes

352 3513 528 3567 solide
558 3514 887 3570 confutavit.

352 3659 378 3724 §
409 3656 470 3710 X.
501 3657 752 3732 Sanctus
763 3656 1130 3732 Augustinus
1152 3674 1266 3712 non
1287 3656 1502 3715 erravit
1526 3660 1833 3716 asserenda
1853 3678 2052 3732 pecca-

528 3731 650 3782 tum
683 3726 970 3800 originale
1003 3745 1126 3784 esse
1161 3745 1401 3785 causam
1430 3726 1868 3803 reprobationiai

418 3869 728 3936 Adesdum,
780 3871 994 3938 lector;
1034 3887 1169 3925 nam
1217 3871 1532 3928 immanem
1580 3889 1813 3945 prorsus
1853 3877 2050 3946 Augu-

351 3959 498 4014 stino
529 3976 778 4014 errorem
803 3960 999 4030 objicit
1025 3960 1450 4030 Adamus,dum
1471 3978 1596 4032 cap.
1617 3965 1668 4028 3,
1695 3978 1824 4034 pag.
1855 3966 1978 4032 584,
1998 3969 2053 4018 et

349 4064 471 4118 cap.
496 4051 549 4115 6,
571 4064 708 4119 pag.
732 4051 854 4115 614,
874 4049 1462 4121 scribitAugustinum
1484 4052 1724 4104 sensisse
1746 4053 1915 4106 solum
1931 4069 2052 4122 pec-

348 4143 529 4192 catum
557 4139 784 4206 originis
806 4154 916 4192 esse
954 4153 1172 4192 causam
1209 4140 1603 4209 reprobationis
1648 4141 2047 4197 damnatorum.

2156 2989 2394 3044 nondum
2445 2990 2566 3042 nati
2614 2989 2847 3054 fuissent
2891 2993 2988 3041 aut
3045 2989 3266 3057 aliquid
3319 2991 3442 3043 boni
3486 2991 3693 3057 egissent
3737 2988 3809 3037 aut

2157 3080 2310 3145 mali,
2342 3082 2483 3143 etc.,
2513 3076 2676 3132 Jacob
2707 3075 2896 3144 dilexi,
2940 3078 3088 3130 Esau
3153 3083 3338 3132 autem
3395 3078 3512 3131 odio
3565 3076 3727 3139 habui,
3766 3072 3809 3125 in

2159 3165 2366 3238 quibus
2395 3164 2578 3218 verbis
2609 3163 2936 3235 reprobatio
2990 3166 3136 3219 Esau
3185 3166 3540 3238 designatur,
3586 3162 3804 3217 eamdem

2157 3259 2452 3326 peccatum
2484 3253 2722 3323 originis
2757 3268 3079 3323 supponere
3108 3254 3324 3310 docuit.
3383 3257 3447 3309 In
3483 3253 3704 3324 epistola
3733 3252 3806 3303 105

2158 3343 2272 3397 ait:
2308 3361 2336 3394 α
2366 3342 2512 3406 Quid
2549 3342 2745 3396 oderat
2772 3341 2832 3395 in
2873 3343 3018 3396 Esau
3047 3349 3363 3414 antequam
3390 3344 3607 3398 fecisset
3633 3338 3807 3410 aliquid

2157 3431 2317 3498 mali,
2347 3431 2458 3484 nisi
2486 3431 2763 3501 originale
2786 3433 3129 3501 peccatum?
3159 3452 3187 3482 ι
3214 3434 3285 3486 Et
3313 3434 3412 3486 lib.
3446 3450 3463 3485 1
3485 3431 3550 3485 ad
3578 3425 3810 3498 Simplic,

2159 3534 2214 3590 q.
2249 3523 2300 3580 2,
2333 3517 2528 3572 scribit
2555 3535 2568 3572 :
2602 3537 2627 3567 α
2664 3519 2790 3572 Non
2819 3517 2999 3588 igitur
3025 3518 3148 3573 odit
3189 3520 3343 3573 Deus
3374 3521 3514 3573 Esau
3541 3518 3810 3575 hominem,

2159 3607 2255 3662 sed
2305 3608 2446 3662 Esau
2519 3618 2898 3676 peccatorem.
2956 3625 2986 3658 »
3054 3606 3216 3672 Quod
3269 3607 3500 3679 quidem
3555 3608 3808 3675 peccatum

2160 3712 2275 3750 non
2326 3711 2446 3750 esse
2499 3695 2713 3749 factum
2744 3709 2778 3748 a
2808 3695 2946 3762 Deo,
3004 3695 3104 3766 qui
3157 3695 3445 3749 bonorum
3499 3699 3704 3746 tantum
3749 3691 3813 3740 est

2159 3789 2375 3851 auctor,
2407 3783 2620 3838 ibidem
2650 3783 2855 3855 probat
2882 3784 3227 3838 concludens
3254 3801 3268 3839 :
3305 3806 3333 3837 tl
3363 3785 3492 3840 Odit
3513 3783 3654 3836 enim
3678 3782 3724 3831 in
3751 3777 3812 3828 eis

2159 3873 2537 3944 impietatem,
2567 3889 2743 3944 quam
2775 3872 2896 3944 ipse
2923 3887 3040 3926 non
3069 3873 3224 3928 facit.
3252 3896 3273 3923 ι
3301 3875 3484 3938 Quare
3511 3871 3657 3924 nullo
3684 3871 3813 3938 pacto

2161 3964 2342 4018 Deum
2385 3965 2645 4017 futurum
2697 3964 2917 4032 justum
2950 3968 3259 4032 asseverat,
3304 3963 3350 4016 si
3385 3961 3635 4015 homines
3661 3969 3814 4024 repro-

2159 4049 2319 4104 baret
2347 4052 2506 4105 nullo
2557 4050 2616 4104 in
2646 4050 2783 4121 ipsis
2835 4049 3110 4104 existente
3154 4058 3427 4121 peccato:
3467 4073 3486 4097 ι
3548 4050 3611 4101 Ut
3650 4051 3811 4110 autem

2161 4140 2376 4194 odisset
2418 4141 2582 4206 Esau,
2615 4139 2727 4194 nisi
2771 4139 3068 4211 injustitia
3101 4142 3337 4208 merito,
3387 4141 3652 4210 injustam
3679 4138 3763 4194 est,
3792 4150 3810 4178 ιι

349 4228 554 4281 Postea
583 4242 706 4296 cap.
732 4215 967 4298 tO,pag.
999 4231 1120 4293 667,
1148 4227 1293 4282 hanc
1314 4229 1573 4282 eamdem
1591 4230 1897 4300 Augustini
1918 4246 2044 4284 sen-
2077 4222 2122 4277 Β
2159 4229 2298 4284 ibid.
2333 4231 2397 4284 Et
2421 4229 2587 4300 epist.
2625 4232 2723 4285 105
2779 4229 2851 4284 ad
2881 4229 3184 4284 Paulinum
3209 4247 3222 4285 :
3261 4231 3460 4298 (1,ch
3490 4241 3662 4280 massa
3687 4221 3727 4274 si
3747 4234 3813 4272 es-

349 4315 589 4369 tentiam
599 4315 856 4385 sequenti
873 4331 1112 4369 censura
1135 4316 1493 4388 perstringit:
1511 4317 1655 4370 «Sed
1671 4319 1716 4370 si
1740 4317 1845 4371 iste
1859 4319 2055 4373 doctor

351 4405 586 4474 (nempe
621 4404 974 4474 Augustinus
1015 4405 1253 4459 adderet
1281 4411 1579 4475 peccatum
1610 4407 1889 4477 originale
1932 4425 2052 4464 esse

353 4493 532 4546 solam
564 4508 794 4547 causam
833 4493 1271 4562 reprobationis,
1319 4500 1376 4547 et
1406 4510 1528 4547 esse
1576 4493 1634 4548 id
1689 4512 1802 4566 quo
1845 4498 1916 4551 ad
1948 4499 2054 4552 sal-

351 4585 510 4633 vatos
539 4594 573 4632 a
605 4579 891 4634 damnatis
912 4583 1258 4650 separandos
1309 4590 1574 4637 movetur
1601 4585 1771 4650 Deus,
1807 4601 1926 4639 non
1956 4603 2048 4640 so-

350 4667 473 4722 lum
495 4683 602 4738 pro
633 4668 805 4739 hujus
827 4668 1116 4738 opinionis
1144 4671 1474 4726 defensione
1505 4679 1752 4728 mortem
1782 4680 2051 4745 oppetere

352 4758 511 4820 nolo,
548 4756 648 4810 sed
692 4758 861 4812 credo
891 4757 1032 4812 mihi
1060 4759 1228 4814 licere
1272 4762 1430 4816 illam
1477 4762 1733 4831 horrere,
1765 4766 1899 4834 quia
1927 4781 2050 4819 ma-

351 4853 438 4902 ter
462 4850 551 4901 est
577 4845 733 4900 illius
766 4861 938 4918 quam
973 4847 1236 4902 Calvinus
1265 4855 1422 4904 tanta
1469 4851 1764 4922 impietate
1796 4868 1860 4906 ac
1888 4854 2048 4908 rabie

347 4941 513 5007 urget
547 4940 744 4990 contra
779 4935 1105 4991 Ecclesiam.
1138 4958 1159 4987 ι
1213 4939 1348 5004 Quis
1395 4945 1588 4994 autem
1630 4941 1703 4994 sit
1749 4941 1855 4994 iste
1888 4956 2050 4995 error

345 5024 780 5096 Augustiniaua
809 5026 1106 5081 sententia
1142 5027 1296 5083 ﬁlius
1325 5027 1616 5095 subticuit,
1648 5033 1734 5084 sat
1779 5029 1934 5083 enim
1964 5029 2048 5084 illi

346 5113 455 5168 fuit
479 5116 660 5168 sancti
715 5113 963 5168 doctoris
1006 5121 1305 5182 assertum,
1364 5116 1691 5170 Calvinismi
1741 5118 2046 5188 agnatione

348 5201 587 5271 objecta,
651 5217 769 5257 non
823 5208 1151 5275 suspectum
1200 5204 1394 5270 modo,
1427 5206 1522 5260 sed
1569 5210 1626 5259 et
1653 5222 1892 5260 exosum
1922 5208 2047 5261 red-

347 5289 498 5343 dere.
533 5290 711 5344 Porro
742 5291 1070 5364 quicunque
1100 5294 1204 5347 iste
1237 5308 1398 5347 error
1419 5294 1672 5365 ﬁngatur
1693 5311 1761 5348 ex
1789 5295 1888 5349 illa
1913 5311 2044 5349 sen-

346 5375 526 5431 tentia
553 5379 732 5432 sancti
759 5381 1010 5436 doctoris
1047 5382 1238 5436 illatus
1267 5399 1299 5436 a
1321 5382 1574 5453 Calvino,
1621 5383 2042 5455 interrogatum

342 5461 514 5520 velim
538 5463 824 5547 Adamum
856 5484 997 5525 num
1025 5486 1094 5526 ex
1123 5471 1274 5528 thesi
1299 5471 1480 5526 sancti
1515 5472 1825 5543 Augustini
1853 5473 1922 5529 de
1951 5489 2040 5528 re-

2161 4325 2246 4372 set
2272 4319 2351 4372 ita
2377 4318 2588 4388 media,
2618 4323 2681 4373 ut
2711 4317 3200 4389 quemadmodum
3259 4320 3402 4372 nihil
3433 4316 3584 4382 boni,
3639 4313 3708 4365 ita
3735 4321 3813 4360 nec

2159 4408 2297 4462 mali
2319 4407 2541 4480 aliquid
2571 4411 2906 4476 mereretur,
2945 4423 3065 4461 non
3085 4407 3302 4462 frustra
3325 4407 3607 4461 videretur
3633 4395 3808 4467 iniqui-

2160 4501 2264 4562 tas,
2296 4501 2362 4550 ut
2409 4513 2475 4550 ex
2521 4512 2588 4550 ea
2619 4512 2748 4550 vasa
2800 4496 3009 4550 ﬁerent
3061 4496 3122 4550 in
3154 4496 3634 4551 contumeliam.»
3688 4490 3813 4542 Idt'm

2158 4585 2334 4640 habet
2358 4585 2526 4657 epist.
2561 4588 2656 4640 157
2706 4584 2776 4639 ad
2796 4585 3114 4656 ,Optatum:
3154 4605 3182 4636 ‹‹
3213 4585 3412 4640 Merito
3459 4589 3641 4636 autem
3689 4573 3812 4628 vide-

2158 4677 2317 4726 retur
2353 4673 2633 4744 injustum
2663 4673 2815 4745 quod
2861 4673 3008 4728 ﬁunt
3035 4689 3168 4727 vasa
3195 4674 3311 4728 ira
3359 4674 3424 4726 ad
3453 4668 3812 4742 perditionem.

2157 4759 2205 4814 si
2237 4777 2353 4815 non
2377 4765 2522 4814 esset
2566 4760 2690 4831 ipsa
2731 4761 2999 4816 universa
3028 4778 3094 4816 ex
3121 4762 3304 4817 Adam
3360 4775 3541 4816 massa
3569 4755 3811 4812 damnata.

2155 4849 2314 4914 Quod
2345 4865 2482 4921 ergo
2512 4847 2660 4904 ﬁunt
2705 4848 2838 4904 inde
2867 4851 3147 4906 nascendo
3178 4867 3311 4905 vasa
3349 4851 3470 4918 ira,
3514 4845 3737 4918 pertinet
3761 4835 3814 4889 ad

2155 4939 2407 4994 debitam
2455 4954 2707 5010 poenam.
2768 4958 2796 4991 ››
2853 4939 2998 4994 Hinc
3045 4947 3247 4996 contra
3295 4940 3626 5010 Pelagianos
3678 4928 3815 4996 urget

2155 5029 2336 5083 Deum
2391 5028 2652 5083 futurum
2697 5027 2980 5099 injustam
3027 5029 3074 5083 si
3116 5047 3328 5101 pueros
3375 5028 3671 5082 morientes
3713 5017 3814 5070 sine

2153 5122 2386 5188 peccato
2410 5117 2669 5189 originis,
2701 5116 2833 5172 licet
2875 5133 2992 5172 non
3024 5118 3214 5174 forent
3270 5116 3558 5188 baptizati,
3612 5111 3812 5164 damna-

2152 5212 2259 5272 ret,
2293 5206 2526 5261 dicens:
2565 5224 2594 5258 α
2626 5206 2817 5261 Bonus
2857 5211 2943 5260 est
2975 5206 3145 5273 Deus,
3190 5207 3384 5276 justus
3431 5209 3511 5258 est
3539 5203 3700 5262 Deus;
3724 5207 3808 5264 p0-

2151 5299 2261 5350 test
2279 5294 2500 5367 aliquos
2533 5294 2654 5350 sine
2694 5293 2863 5350 bonis
2901 5294 3124 5350 meritis
3152 5295 3422 5362 liberare,
3479 5291 3605 5361 quia
3656 5287 3807 5338 bonus

2151 5388 2257 5452 est,
2296 5399 2413 5438 non
2441 5387 2628 5455 potest
2681 5398 3036 5455 quemquam
3091 5383 3216 5436 sine
3274 5379 3492 5437 meritis
3548 5377 3804 5461 damnare.

2149 5473 2288 5547 quia
2308 5473 2492 5544 justus
2523 5476 2626 5541 est,
2669 5489 2699 5524 ιι
2727 5471 2826 5527 lib.
2861 5489 2921 5528 ut
2963 5477 3159 5528 contra
3185 5471 3323 5538 Jul.,
3379 5484 3498 5539 cap.
3532 5467 3615 5520 t8.
3649 5459 3801 5515 Pluri-
