3946 6176
84 226 230 278 ’725
1443 226 1765 284 νΙΝΒῘΟῙιΕ
1804 226 2345 286 ΑυαυδΤΙΝΙΑΝᾸΕ.
3531 232 3637 286 ’726

82 360 223 400 ma
278 346 351 401 ad
420 346 610 418 ipsum
674 346 1041 417 probandum
1099 347 1277 402 sancti
1328 348 1510 403 Patris
1566 349 1834 405 testimo-
1871 353 1914 407 Α
1945 351 2277 408 ediametro
2324 368 2456 408 cum
2494 351 2713 408 Calvini
2756 367 2950 408 errore
2993 353 3063 408 de
3092 353 3490 425 reprobatione
3515 371 3638 410 ma-

80 434 229 488 nia
263 435 474 507 passim
512 434 679 488 obvia
725 440 877 489 sunt.
932 436 1078 505 Ergo
1123 435 1243 489 hinc
1290 435 1403 490 fixa
1446 442 1828 509 constansque
1934 439 2124 494 lorum
2162 446 2291 495 ante
2321 440 2722 512 praevisionem
2766 441 2980 511 peccati
3026 445 3424 512 pugnantem?
3470 445 3533 498 Et
3559 449 3639 499 ta-

78 523 447 595 Augustino
494 524 775 577 sententia
800 524 929 592 fuit,
980 524 1272 578 neminem
1303 540 1337 579 a
1376 526 1489 579 Deo
1512 530 1643 580 ante
1673 543 1826 597 prae-
1934 544 2087 591 men,
2122 529 2169 583 si
2193 530 2411 600 superis
2442 530 2644 601 placet,
2688 547 2859 584 ausus
2894 535 2977 584 est
3010 530 3261 598 Adamus
3291 548 3414 585 eam
3436 534 3635 603 Augu-

78 612 405 667 visionem
434 611 647 682 peccati
679 613 879 666 saltem
922 612 1216 683 originalis
1254 613 1569 684 reprobari.
1603 617 1671 668 At
1703 616 1826 669 Cal-
1934 617 2069 670 stini
2095 617 2437 671 sententiam
2486 618 2829 673 Calvinianaa
2870 618 3074 672 hieresi
3106 636 3220 672 non
3248 618 3635 690 propinquam

81 700 296 755 vinus
321 701 377 754 in
392 701 735 769 contrariam
762 716 993 771 prorsus
1020 706 1243 771 partem
1273 700 1393 767 ivit,
1422 702 1617 756 dicens
1646 705 1827 757 Deum
1932 704 2244 775 publicare,
2288 704 2385 758 sed
2425 705 2996 776 propinquissimam,
3041 712 3283 760 matrem
3333 707 3485 760 enim
3522 708 3637 760 haz~

1933 808 2122 848 reseos
2174 792 2535 859 asseveravit,
2588 809 2718 847 cum
2788 798 2978 848 tamen
3050 795 3383 849 Calvinistas
3450 794 3635 850 valide

1930 888 2158 953 premat
2211 899 2276 937 ac
2319 882 2573 936 suﬁ'ocet.
2628 884 2929 937 Decretum
2973 884 3080 938 hoc
3120 884 3513 940 Calvinianum
3542 900 3633 938 re-

1930 972 2139 1041 probos
2166 970 2225 1024 in
2259 976 2489 1041 peccata
2530 971 2877 1041 compellens
2928 977 3109 1025 mater
3147 976 3230 1026 est
3259 972 3517 1026 omnium
3542 987 3631 1025 er-

1930 1076 2126 1114 rorum
2149 1077 2293 1131 quos
2324 1061 2382 1113 in
2412 1059 2653 1113 materia
2699 1058 2769 1113 de
2800 1059 3337 1129 'praedestinatione,
3371 1060 3554 1131 gratia
3581 1064 3638 1114 et

1931 1149 2110 1203 libero
2143 1149 2379 1203 arbitrio
2408 1148 2672 1203 Calvinus
2702 1148 3007 1218 congessit.
3038 1149 3173 1202 Inde
3200 1150 3353 1203 enim
3385 1150 3635 1203 hominis

1930 1238 2160 1292 libertas
2200 1237 2491 1303 evertitur,
2529 1235 2831 1291 necessitas
2871 1237 2941 1290 ad
2992 1238 3344 1306 peccandum
3388 1238 3637 1309 imponi—

1931 1331 2045 1394 tur,
2077 1327 2248 1381 fatale
2281 1326 2572 1381 decretum
2618 1324 2937 1381 Stoicorum
2976 1325 3291 1395 inducitur,
3348 1328 3495 1381 Deus
3526 1327 3635 1380 cri-

1930 1416 2155 1469 minum
2182 1420 2379 1469 auctor
2414 1415 2761 1485 publicatur,
2804 1419 2860 1468 et
2913 1414 3070 1469 mille
3100 1415 3431 1484 hujusmodi
3470 1431 3634 1468 erro—

1928 1520 2061 1559 rum
2090 1508 2352 1575 portenta
2380 1509 2514 1558 nata
2564 1507 2715 1573 sunt,
2752 1519 3000 1575 quorum
3051 1503 3275 1557 nullum
3324 1519 3391 1557 ex
3419 1518 3635 1557 memo-

1930 1598 2052 1647 rata
2090 1593 2269 1647 sancti
2299 1593 2482 1647 Patris
2514 1593 2798 1647 sententia
2829 1592 3067 1646 derivat.

2003 1683 2097 1736 Est
2125 1681 2301 1752 igitur
2325 1682 2562 1747 celebris,
2596 1684 2657 1734 ut
2683 1681 2762 1735 ait
2801 1682 3046 1735 Joannes
3078 1697 3111 1735 a
3158 1680 3362 1735 Sancto
3393 1680 3629 1747 Thoma,

80 806 225 843 suo
257 790 486 843 decreto
512 789 773 843 homines
814 806 930 843 non
958 790 1142 843 solum
1178 790 1484 861 reprobare
1513 796 1644 845 ante
1679 809 1825 863 prae-

74 875 305 929 visum
345 893 545 931 eorum
593 881 909 949 peccatum,
955 893 1155 931 verum
1212 877 1383 932 etiam
1423 896 1492 933 ex
1525 879 1718 934 divina
1738 896 1825 935 re-

80 966 454 1035 probatione
484 966 787 1020 hominum
816 970 1047 1036 peccata
1071 965 1218 1020 ﬁeri.
1261 966 1323 1021 Id
1354 967 1477 1021 fuse
1515 968 1689 1024 tradit
1722 970 1823 1025 lib.

81 1071 167 1107 ιιι
203 1055 418 1119 Instit.,
471 1071 595 1125 cap.
628 1058 696 1109 22
746 1061 802 1108 et
825 1059 913 1110 23.
968 1055 1121 1109 Dabo
1157 1057 1438 1110 nonnulla
1476 1058 1821 1115 testimonia.

78 1142 326 1197 Scribit
354 1160 475 1214 cap.
505 1143 645 1215 23,§
673 1148 709 1200 4
741 1159 754 1198 :
788 1165 815 1192 «
852 1145 1055 1198 Fateor
1084 1161 1218 1199 sane
1244 1145 1305 1198 in
1345 1146 1511 1214 hanc,
1538 1163 1653 1217 qua
1672 1162 1825 1201 nunc

80 1232 324 1301 illigati
354 1237 506 1299 sunt,
553 1232 898 1286 conditionis
938 1232 1229 1288 miseriam
1256 1233 1359 1288 Dei
1404 1235 1695 1289 voluntate
1726 1236 1823 1289 de-

76 1320 319 1374 cidisse
347 1320 644 1374 universos
675 1321 824 1375 ﬁlios
856 1322 1024 1388 Adaz;
1055 1327 1225 1393 atque
1264 1322 1324 1377 id
1355 1328 1439 1377 est
1477 1324 1632 1394 quod
1660 1324 1822 1407 prin-

78 1409 265 1479 cipio
307 1409 587 1476 dicebam,
636 1410 995 1464 redeundum
1039 1411 1269 1465 tandem
1311 1426 1539 1482 semper
1586 1429 1707 1466 esse
1754 1413 1823 1468 ad

78 1499 309 1553 solum
342 1498 550 1554 divina:
578 1499 887 1553 voluntatis
908 1499 1231 1555 arbitrium.
1283 1521 1306 1549 ι
1331 1502 1396 1555 Et
1426 1505 1454 1569 §
1482 1506 1513 1555 7
1542 1518 1555 1555 :
1592 1501 1823 1556 Disertis

73 1587 306 1641 verbis
332 1588 440 1640 hoc
469 1592 692 1642 exstare
722 1592 955 1658 negant,
991 1588 1283 1643 decretum
1312 1589 1485 1644 fuisse
1518 1606 1551 1644 a
1588 1592 1724 1657 Deo,
1759 1595 1824 1645 ut

75 1691 211 1729 sua
271 1676 583 1730 defectione
628 1676 841 1747 periret
867 1678 1069 1733 Adam.
1101 1696 1130 1731 γ)
1168 1679 1231 1732 Et
1272 1683 1466 1749 postea
1507 1695 1520 1733 :
1556 1700 1582 1728 α
1616 1681 1820 1735 Decre-

76 1770 231 1818 tum
274 1764 506 1835 quidem
555 1765 829 1819 horribile
877 1765 1080 1835 fateor,
1120 1765 1364 1820 inﬁciari
1412 1771 1608 1821 tamen
1646 1783 1818 1823 nemo

72 1853 344 1924 poterit,
400 1854 543 1925 quin
586 1854 935 1923 praesciverit
988 1856 1134 1909 Deus
1192 1871 1364 1927 quem
1408 1855 1623 1910 exitum
1672 1861 1820 1911 esset

75 1943 416 1998 habiturus
440 1944 612 1997 homo
642 1948 952 2015 antequam
984 1944 1172 2014 ipsum
1215 1944 1503 2011 conderet,
1530 1950 1585 1999 et
1608 1946 1817 2000 idcirco

75 2032 465 2103 praesciverit
493 2032 629 2104 quia
659 2033 884 2087 decreto
914 2048 1017 2087 suo
1046 2033 1427 2088 ordinaverat.
1454 2052 1481 2084 ι)
1516 2035 1669 2089 Idem
1694 2038 1721 2103 §
1751 2040 1768 2090 1
1801 2051 1815 2090 :

82 2142 110 2170 ε
161 2120 410 2175 Minime
431 2125 881 2176 consentaneum
911 2127 995 2176 est
1015 2122 1497 2192 praeparationem
1527 2124 1597 2178 ad
1630 2124 1819 2178 interi-

78 2214 235 2263 tum
261 2210 373 2263 alio
394 2210 697 2264 transferre
721 2226 894 2282 quam
912 2212 982 2266 ad
1004 2228 1276 2266 arcanum
1300 2212 1606 2266 consilium
1636 2214 1760 2267 Dei.
1790 2234 1813 2263 ι

83 2300 165 2353 Et
200 2316 338 2370 cap.
381 2302 471 2365 22,
514 2298 543 2371 §
578 2302 632 2354 11
673 2317 686 2353 :
724 2318 752 2350 «
785 2297 843 2354 Si
868 2315 985 2353 non
1022 2315 1328 2369 possumus
1360 2300 1642 2355 rationem
1673 2300 1814 2354 assi-

84 2403 290 2457 gnare
322 2402 424 2440 cur
468 2403 599 2441 suos
649 2387 1037 2441 misericordia
1068 2387 1357 2458 dignetur,
1404 2388 1511 2442 nisi
1541 2389 1817 2459 quoniam

86 2476 193 2529 illi
228 2475 310 2529 ita
340 2476 548 2545 placet,
579 2491 765 2547 neque
794 2476 965 2530 etiam
1001 2475 1060 2529 in
1097 2476 1221 2529 aliis
1250 2476 1622 2547 reprobandis
1660 2477 1815 2532 aliud

85 2563 456 2620 habebimus
487 2580 661 2635 quam
708 2564 832 2634 ejus
870 2565 1245 2620 voluntatem.
1278 2586 1305 2614 n
1362 2567 1645 2620 Praeterea
1689 2583 1811 2637 cap.

86 2656 196 2719 23,
244 2656 382 2720 §9z
422 2671 449 2703 (ι
480 2653 841 2708 Excusabiles
883 2654 1169 2724 peccando
1225 2654 1424 2708 haberi
1478 2656 1679 2709 volunt
1726 2672 1814 2708 re-

83 2741 298 2812 probi,
344 2740 481 2811 quia
504 2741 746 2796 evadere
774 2746 1071 2813 nequeunt
1096 2742 1369 2813 peccandi
1400 2743 1811 2810 necessitatem,
1923 2743 2010 2797 uti
2041 2744 2113 2798 ad
2164 2748 2417 2797 mentem
2454 2743 2712 2813 Angelici
2749 2742 3116 2813 praeceptoris
3145 2743 3407 2796 eamdem
3431 2741 3626 2795 defen-

84 2830 435 2901 prmsertim
483 2846 615 2884 cum
643 2830 746 2885 Dei
791 2830 1149 2885 ordinatione
1185 2831 1292 2886 sibi
1323 2831 1615 2901 injiciatur
1641 2831 1814 2902 hujus
1924 2832 2069 2886 dunt
2092 2831 2518 2901 praeclarissimi
2538 2830 2895 2885 Dominicani
2916 2830 3161 2884 instituti
3184 2830 3452 2900 theologi,
3482 2831 3627 2884 Tho-

88 2919 269 2973 modi
316 2919 639 2974 necessitas.
691 2920 803 2973 Nos
848 2934 982 2974 vero
1010 2919 1142 2974 inde
1186 2936 1464 2990 negamus
1511 2920 1619 2974 rite
1650 2936 1813 2974 excu—
1850 2943 1887 2998 ρ
1924 2936 2046 2974 mas
2085 2921 2154 2974 de
2188 2922 2413 2988 Lemos,
2448 2919 2866 2975 illustrissimus
2914 2918 3129 2988 Godoy,
3177 2920 3336 2973 Joan.
3374 2918 3626 2991 Baptista

1930 1770 2211 1825 sententia
2234 1770 2413 1824 sancti
2448 1770 2752 1841 Augustini
2796 1774 3092 1841 peccatum
3142 1768 3419 1839 originale
3458 1769 3632 1823 fuisse

1928 1876 2159 1914 causam
2197 1858 2612 1930 reprobationis
2659 1858 2920 1912 omnium
2980 1858 3406 1924 damnatorum,
3456 1874 3630 1927 quam

1927 1964 2079 2018 saepe
2127 1948 2321 2003 docuit
2369 1952 2597 2001 sanctus
2644 1949 2830 2013 Pater,
2881 1946 3049 2016 epist.
3105 1948 3201 2000 l05
3257 1946 3326 1999 ad
3383 1945 3628 2011 Sixtum,

1930 2040 2030 2093 106
2063 2038 2132 2092 ad
2164 2038 2489 2103 Paulinum,
2526 2040 2620 2091 l57
2656 2037 2727 2090 ad
2749 2037 3043 2107 Optatum,
3064 2035 3126 2089 in
3153 2034 3479 2089 Euchiridio
3502 2051 3625 2104 cap.

1928 2129 1994 2181 98
2036 2131 2092 2180 et
2120 2130 2210 2195 99,
2248 2126 2348 2179 lib.
2384 2142 2422 2179 ιι
2460 2125 2533 2178 ad
2572 2124 2780 2190 Bonif.,
2812 2141 2935 2194 cap.
2967 2128 3024 2178 7.
3066 2123 3193 2178 Alia
3229 2123 3478 2194 plurima
3507 2123 3631 2177 loca

1925 2215 2187 2286 designat
2229 2213 2460 2269 Cortina
2508 2215 2571 2268 P.
2626 2213 2851 2268 Macedo
2905 2212 3054 2266 thesi
3090 2215 3179 2266 20.
3240 2211 3628 2283 Augustinum

1926 2306 2117 2355 secuta
2168 2306 2253 2356 est
2274 2302 2396 2371 ejus
2435 2301 2647 2367 schola,
2684 2301 3017 2370 Fulgentius
3051 2300 3145 2356 lib.
3196 2318 3212 2354 ι
3254 2300 3323 2353 de
3382 2300 3629 2353 Veritate

1925 2390 2191 2461 praedast.
2249 2395 2304 2444 et
2332 2394 2496 2460 grat.,
2549 2390 2741 2444 statim
2784 2394 2914 2459 post
2956 2388 3186 2444 initium
3220 2403 3234 2457 ;
3268 2390 3536 2458 Prosper,
3557 2387 3630 2442 ad

1925 2479 2230 2549 septimam
2279 2478 2658 2549 objectionem
2685 2479 2975 2534 Gallorum
3018 2495 3032 2545 ;
3065 2478 3314 2532 Africani
3345 2480 3540 2532 Patres
3571 2478 3630 2530 in

1924 2566 2185 2622 Sardinia
2233 2569 2476 2634 exsules,
2527 2568 2587 2621 in
2619 2567 2861 2637 epistola
2893 2566 3186 2637 synodica,
3233 2582 3362 2636 cap.
3418 2570 3478 2631 6;
3508 2582 3630 2619 san-

1923 2660 2046 2710 ctus
2104 2656 2371 2724 Thomas,
2419 2672 2476 2726 q.
2507 2658 2538 2709 6
2569 2656 2637 2709 de
2684 2655 2953 2723 Veritate,
3002 2659 3108 2708 art.
3159 2657 3214 2716 2,
3255 2655 3325 2707 ad
3357 2657 3418 2720 9;
3470 2654 3620 2707 unde

89 3008 242 3073 sari,
297 3007 768 3079 quandoquidem
813 3007 913 3063 Dei
961 3008 1327 3071 ordinationi,
1381 3025 1494 3079 qua
1536 3026 1594 3062 se
1639 3008 1811 3063 exitio

89 3096 426 3151 destinatos
476 3102 929 3168 conquerantur,
973 3114 1075 3152 sua
1124 3101 1348 3152 constet
1386 3098 1627 3168 aequitas
1648 3098 1812 3152 nobis

89 3185 346 3257 quidem
375 3184 688 3256 incognita,
721 3187 821 3241 sed
864 3186 947 3241 illi
978 3186 1312 3241 certissima.
1361 3206 1390 3235 »
1424 3188 1539 3241 Hoc
1576 3187 1727 3241 idem
1758 3191 1816 3241 et

89 3274 397 3345 copiosius
444 3276 651 3347 repetit
676 3275 738 3331 in
778 3276 924 3331 libro
957 3276 1026 3331 de
1066 3281 1278 3331 aeterna
1308 3276 1409 3330 Dei
1440 3276 1813 3331 Pracdestina-

87 3367 295 3435 tione,
366 3382 492 3437 pag.
546 3368 647 3421 917
716 3366 985 3421 editionis
1037 3366 1376 3422 Genevensis
1427 3367 1564 3421 anni
1622 3370 1755 3422 1552
1798 3382 1811 3421 :

93 3476 125 3505 ‹‹
167 3454 471 3519 Quomodo
510 3460 703 3509 autem
751 3454 853 3510 Dei
898 3455 1253 3525 praescientia
1284 3460 1340 3510 et
1383 3455 1606 3510 decreto
1645 3458 1817 3509 statu-

90 3550 235 3598 tum
287 3542 462 3597 fuerit
498 3544 649 3615 quod
677 3543 746 3599 de
783 3544 1017 3599 homine
1046 3543 1304 3599 futurum
1333 3549 1471 3606 erat,
1514 3560 1700 3615 neque
1730 3549 1813 3598 ta-
1842 3533 1851 3540 ’

94 3649 246 3687 men
276 3633 338 3686 in
385 3633 568 3702 culpa:
615 3632 945 3687 societatem
983 3633 1294 3687 trahendus
1342 3634 1413 3687 sit
1437 3635 1607 3701 Deus,
1651 3632 1815 3704 quasi

95 3722 582 3792 transgressionis
634 3722 723 3776 vel
779 3726 979 3776 auctor
1023 3722 1097 3776 sit
1151 3723 1239 3776 vel
1282 3722 1647 3792 approbator,
1682 3737 1814 3777 cum

98 3812 286 3881 longe
334 3812 502 3865 altius
535 3811 805 3866 humana:
843 3810 1049 3866 mentis
1097 3810 1447 3881 perspicacia
1490 3828 1609 3865 esse
1649 3827 1814 3865 arca-

98 3916 251 3954 num
288 3900 476 3970 palam
497 3900 588 3966 sit,
620 3915 693 3954 ne
724 3899 1110 3970 ignorantiam
1140 3899 1306 3953 fateri
1347 3899 1575 3970 pudeat.
1612 3921 1639 3949 »
1674 3899 1815 3954 Hinc

99 3988 411 4055 Zanchius,
466 3988 567 4043 lib.
598 4005 633 4043 v
688 3989 756 4045 de
782 3990 993 4044 Natura
1023 3989 1142 4055 Dei,
1176 4004 1300 4058 cap.
1341 3992 1394 4053 2,
1442 3988 1521 4042 ait
1556 4004 1569 4043 :
1627 4009 1654 4036 «
1688 3989 1815 4043 Fuit

101 4080 221 4133 hoc
276 4078 549 4148 primum,
606 4078 758 4149 quod
810 4078 880 4132 de
922 4072 1180 4148 reprobis
1228 4077 1524 4131 constituit
1566 4077 1713 4130 Deus
1744 4076 1813 4131 ab

104 4174 353 4233 aeterno,
396 4183 604 4238 nempe
663 4165 1045 4237 quorumdam
1090 4164 1390 4219 hominum
1455 4165 1524 4219 ad
1574 4164 1814 4219 exitium

1924 3011 2215 3075 Gonettus,
2248 3013 2385 3063 tom.
2435 3009 2504 3063 IV
2548 3009 2740 3079 Clypei
2778 3007 3125 3074 Thomistici,
3158 3008 3303 3079 disp.
3336 3012 3388 3071 5,
3430 3012 3538 3064 art.
3568 3010 3622 3073 3,

1921 3098 2020 3169 qui
2058 3098 2277 3168 priores
2324 3097 2453 3151 illos
2496 3114 2561 3151 ex
2616 3098 2731 3150 suis
2780 3097 3036 3151 doctores
3078 3096 3231 3151 citat.
3273 3096 3383 3151 Sed
3430 3112 3498 3150 ex
3534 3111 3623 3150 so-

1920 3187 2123 3242 cietate
2150 3184 2470 3257 Augustino
2496 3184 2877 3249 astipulantur
2896 3185 3101 3240 Suarez
3132 3185 3190 3237 in
3208 3189 3356 3255 part.
3386 3201 3423 3251 1,
3445 3184 3540 3238 lib.
3563 3200 3622 3252 v,

1922 3277 1990 3331 de
2039 3274 2372 3345 Reprobat.,
2406 3289 2531 3343 cap.
2574 3278 2639 3339 5;
2699 3274 2967 3344 Vasquez,
3021 3271 3232 3344 disput.
3290 3276 3380 3340 95,
3410 3288 3532 3343 cap.
3565 3273 3621 3334 4,

1919 3381 2080 3420 num.
2110 3368 2194 3431 l7,
2225 3368 2282 3418 et
2332 3379 2456 3433 cap.
2490 3366 2542 3429 9,
2591 3377 2751 3417 num.
2785 3365 2891 3429 60;
2935 3361 3065 3416 licet
3108 3361 3329 3415 varient
3370 3361 3524 3415 inter
3564 3376 3622 3414 se

1919 3454 2067 3507 circa
2094 3452 2329 3507 modum
2359 3468 2473 3523 quo
2498 3456 2791 3523 peccatum
2815 3450 3094 3520 originale
3127 3450 3199 3505 sit
3224 3467 3393 3504 causa
3431 3466 3625 3521 repro-

1919 3543 2165 3598 bationis
2190 3559 2202 3596 :
2224 3541 2317 3596 hic
2342 3541 2497 3595 enim
2528 3541 2663 3595 dicit
2693 3556 2812 3594 esse
2826 3544 3117 3611 peccatum
3142 3539 3422 3611 originale
3452 3543 3625 3608 prout

1921 3636 2005 3687 est
2032 3632 2090 3686 in
2122 3631 2307 3703 primo
2348 3634 2605 3700 parente,
2640 3645 2755 3701 quo
2822 3628 3020 3699 gratiae
3054 3643 3324 3698 congruae
3364 3626 3621 3697 negatio-

1921 3737 2054 3775 nem
2085 3718 2387 3790 nepotibus
2420 3717 2662 3784 meruit;
2694 3716 2790 3770 ille
2821 3733 2953 3771 vero
3005 3732 3133 3771 eam
3171 3716 3286 3770 vim
3318 3716 3623 3771 demerito—

1920 3811 2066 3864 riam
2112 3809 2346 3880 ipsimet
2379 3812 2608 3878 peccato
2648 3805 3112 3876 originali,prout
3164 3805 3345 3859 inﬁcit
3368 3805 3623 3874 singulos

1922 3914 2202 3970 quosque,
2263 3898 2447 3950 inesse
2497 3895 2821 3949 arbitratur.
2889 3894 3087 3948 Melius
3148 3893 3389 3947 Didacus
3456 3893 3619 3958 Ruiz,

1921 3986 2305 4041 recentiorum
2347 3983 2788 4049 eruditissimus,
2828 3981 2887 4035 id
2925 3981 3115 4051 ipsum
3154 3980 3397 4050 explicat
3428 3984 3486 4033 at
3515 3981 3623 4035 late

1923 4075 2177 4131 defendit
2200 4073 2409 4142 disput.
2437 4074 2502 4127 14
2526 4072 2595 4126 de
2622 4070 3151 4134 Praedestinatione,
3186 4074 3319 4123 sect.
3356 4070 3390 4122 4
3420 4073 3475 4121 et
3501 4085 3618 4139 seq.

1920 4165 2031 4221 Sed
2061 4164 2131 4217 ad
2162 4161 2539 4231 objectionem
2569 4159 2771 4213 Adami
2798 4159 3189 4228 repellendam
3225 4156 3469 4211 referam
3515 4156 3620 4211 de-

104 4254 532 4323 sempileruum
576 4253 900 4320 destinatio,
942 4252 1009 4307 ad
1040 4253 1146 4308 hoc
1178 4258 1368 4306 autem
1399 4252 1659 4307 ordinata
1688 4252 1812 4306 fue-
1847 4242 1887 4295 Ῑ)
1927 4256 2149 4305 cretum
2178 4265 2291 4320 quo
2314 4247 2617 4318 Augustini
2647 4246 2989 4301 sententiam
3019 4247 3088 4300 de
3120 4246 3526 4317 reprobatione
3558 4261 3623 4299 ex

106 4348 252 4397 runt
300 4343 555 4412 ipsorum
606 4346 853 4413 peccata.
907 4360 935 4394 ››
976 4342 1121 4412 Ergo
1167 4340 1381 4396 Calvini
1419 4340 1703 4395 sententia
1732 4346 1817 4396 est

108 4435 301 4488 Deum
349 4448 450 4485 suo
498 4430 846 4486 immutabili
899 4429 1125 4485 decreto
1164 4428 1428 4485 homines
1476 4430 1535 4484 in
1584 4435 1816 4501 peccata

108 4520 457 4591 impellere;
492 4520 644 4574 unde
698 4519 1023 4589 reprobatio
1071 4518 1169 4574 Dei
1212 4518 1496 4574 antecedit
1529 4519 1818 4589 praavisio-

105 4627 251 4665 nem
286 4614 669 4680 peccatorum,
723 4625 874 4680 quae,
910 4612 974 4662 ut
994 4608 1168 4672 aiunt,
1207 4612 1341 4662 sunt
1378 4608 1609 4662 eﬁ'ectus
1639 4608 1818 4678 ipsius

105 4699 556 4769 reprobationis.
590 4697 692 4752 Sed
743 4697 881 4768 quid
924 4696 1185 4767 pluribus
1226 4714 1357 4765 ego,
1404 4697 1567 4767 quasi
1603 4697 1819 4752 Calvini

106 4787 316 4859 opinio
342 4788 608 4842 omnibus
642 4790 771 4841 nota
800 4801 915 4840 non
946 4787 1036 4851 sit,
1071 4802 1201 4841 cum
1229 4786 1502 4841 idemmet
1542 4786 1816 4854 Adamus,

104 4893 252 4948 cap.
295 4879 376 4945 14,
400 4894 536 4949 pag.
577 4880 703 4943 725,
738 4880 931 4947 aperte
960 4875 1019 4931 id
1049 4876 1315 4941 fateatur,
1357 4875 1609 4930 scribens
1640 4875 1820 4931 Calvi-

105 4982 261 5021 num
310 4965 497 5020 dicere
550 4986 579 5015 α
631 4968 811 5021 Deum
851 4965 1185 5019 subtrahere
1234 4964 1429 5020 lumen
1477 4968 1534 5019 et
1578 4965 1821 5036 gratiam

105 5055 497 5110 necessariam
541 5056 608 5109 ad
649 5056 889 5108 salutem
932 5054 1200 5108 omnibus
1240 5053 1352 5107 illis
1387 5070 1636 5125 quorum
1667 5053 1823 5108 dam-

107 5144 417 5199 nationem
450 5144 695 5199 decrevit
733 5148 860 5198 ante
885 5145 969 5197 vel
1002 5147 1131 5214 post
1157 5142 1433 5197 visionem
1458 5142 1674 5213 peccati
1704 5142 1821 5197 ori-

111 5233 350 5305 ginalis.
389 5254 410 5281 1
466 5235 667 5299 Porro,
704 5233 750 5286 si
785 5232 963 5287 sancti
1009 5231 1315 5302 Augustini
1364 5235 1419 5285 et
1449 5230 1663 5287 Calvini
1693 5247 1823 5286 sen-

113 5319 319 5375 tentia!
351 5320 787 5375 contradictorie
813 5324 1203 5390 opponuntur,
1238 5334 1352 5389 quo
1373 5317 1601 5389 longius
1629 5317 1702 5372 ab
1726 5318 1823 5372 illo

116 5407 343 5463 Calvini
389 5424 601 5472 errore,
651 5424 1052 5481 quemcunque
1079 5408 1282 5478 ﬁngas,
1327 5407 1591 5463 recedere
1630 5422 1826 5477 possu-

120 5513 278 5562 mus,
306 5514 482 5570 quam
510 5499 831 5557 accedendo
864 5498 938 5556 ad
980 5497 1323 5556 sententiam
1368 5496 1545 5553 sancti
1581 5495 1827 5551 doctoris

1921 4344 2154 4414 peccato
2182 4338 2450 4409 originali
2483 4342 2669 4391 ortam
2701 4336 2955 4407 theologi
2993 4335 3278 4390 societatis
3318 4334 3623 4389 defendere

1914 4429 2066 4503 jussi
2088 4433 2220 4482 sunt
2240 4444 2271 4481 a
2294 4427 2529 4483 Claudio
2543 4425 2852 4497 Aquaviva,
2876 4424 3146 4501 praefecto
3175 4424 3350 4479 totius
3370 4423 3623 4479 familiae.

1925 4519 2096 4587 Olim,
2129 4522 2193 4571 ut
2223 4517 2405 4589 capite
2439 4519 2491 4582 3,
2526 4514 2553 4587 §
2595 4520 2648 4583 7,
2676 4513 2945 4580 diximus,
2994 4514 3305 4584 impressus
3355 4517 3439 4567 est
3482 4513 3629 4568 liber

1927 4609 1996 4663 de
2023 4607 2264 4663 Ratione
2301 4606 2623 4660 studiorum
2671 4603 2975 4670 societatis,
3017 4605 3238 4669 Romae,
3272 4618 3421 4656 anno
3468 4604 3623 4669 1586,

1926 4696 2204 4751 universis
2248 4693 2597 4766 pr0p0situs,
2653 4698 2717 4745 ut
2764 4693 2967 4762 regula
3014 4696 3071 4745 et
3120 4691 3375 4746 discendi
3413 4695 3470 4745 et
3524 4691 3626 4745 do-

1927 4785 2094 4841 cendi
2124 4789 2250 4855 post
2286 4798 2539 4837 annuam
2578 4797 2675 4835 sex
2714 4780 3029 4851 insignium
3072 4780 3370 4835 doctorum
3397 4779 3630 4834 societa-

1927 4874 1999 4929 tis
2015 4872 2483 4944 disputationem,
2506 4869 2981 4940 aclongissimum
3001 4886 3262 4924 examen.
3296 4869 3381 4924 Ibi
3411 4872 3625 4931 autem,

1927 4964 1988 5018 in
2014 4963 2179 5017 titulo
2210 4961 2278 5016 de
2296 4960 2636 5031 opinionum
2662 4959 2903 5029 delectu,
2926 4960 3125 5030 regula
3143 4962 3195 5025 6,
3214 4974 3345 5029 pag.
3387 4958 3471 5021 14,
3501 4971 3626 5025 pro.

1928 5050 2165 5123 ponitur
2208 5054 2266 5105 et
2310 5049 2542 5119 eligitur
2581 5048 2905 5103 deﬁnienda
2938 5053 2994 5102 et
3024 5047 3300 5103 tradenda
3349 5044 3631 5099 universa

1932 5140 2142 5195 scholae
2192 5138 2476 5193 societatis
2526 5138 2647 5192 haec
2694 5137 3010 5209 propositio
3062 5138 3125 5190 l2
3160 5151 3174 5188 :
3209 5153 3236 5185 α
3269 5135 3394 5188 Non
3444 5132 3631 5187 solum

1934 5245 2001 5283 ex
2028 5233 2189 5299 parte
2210 5233 2401 5282 nostra
2433 5227 2591 5282 nulla
2620 5226 2729 5283 fuit
2756 5227 2901 5281 ratio
2932 5242 3029 5279 seu
3056 5222 3304 5278 conditio
3345 5221 3633 5294 praedesti-

1933 5317 2227 5385 nationis;
2276 5315 2372 5369 sed
2424 5332 2611 5387 neque
2656 5316 2914 5369 absolute
2957 5311 3257 5367 dicendum
3295 5316 3381 5365 est
3421 5327 3541 5365 esse
3570 5312 3633 5366 in

1936 5412 2132 5461 nostra
2188 5408 2465 5477 potestate
2496 5410 2561 5459 ut
2596 5401 3091 5475 praedestinemur,
3148 5416 3252 5454 nec
3296 5399 3437 5454 salvi
3493 5398 3635 5454 fient

1935 5496 2064 5564 ulli,
2114 5494 2224 5551 nisi
2276 5493 2685 5566 praedestinati.
2749 5511 2771 5542 ο
2834 5491 2900 5545 Et
2936 5492 3048 5546 l3:
3098 5506 3128 5540 (ί
3170 5488 3634 5561 Reprobationis,
