3894 6184
335 253 436 304 727

1350 243 1910 301 SUPPLEMENTUM
1949 245 2040 298 AD
2078 244 2309 300 OPERA
2347 246 2400 298 S.
2442 242 2830 300 AUGUSTINI.

3708 250 3789 300 728

337 389 451 444 qua
480 370 674 428 caeteri
704 371 966 426 homines
995 367 1251 424 excidere
1277 367 1345 422 ab
1377 368 1579 423 ultimo
1618 366 1731 422 ﬁne
1770 366 2033 450 permissi
2060 371 2105 424 A
2148 371 2232 438 10,
2264 369 2404 423 duce
2436 371 2626 423 sancto
2656 366 2998 439 Augustino,
3031 365 3131 437 qui
3168 365 3499 422 catholicam
3535 368 3793 426 veritatem

338 466 490 528 sunt,
525 477 694 515 causa
723 460 832 514 fuit
852 462 1147 530 peccatum
1165 456 1466 527 originale.
1491 477 1518 506 )›
1545 459 1673 511 Πωο
1701 456 1802 511 ibi.
1844 458 2045 511 Jamne

337 550 513 618 vides,
545 551 742 621 jamue
764 548 961 615 sentis,
984 547 1218 612 Adame,
1247 561 1374 617 quae
1400 545 1471 599 sit
1491 545 2041 615 sapientissimorum

336 644 593 693 veterum
620 644 850 691 tuorum
885 637 1285 705 theologorum
1319 634 1640 688 reverentia
1674 651 1810 705 erga
1847 638 2040 704 Augu-

338 728 470 784 stini
497 725 837 781 sententiam
858 725 926 779 de
955 723 1363 794 reprobatione
1377 739 1442 776 ex
1475 725 1595 776 solo
1625 723 1892 794 originali
1913 739 2040 792 pec-

341 823 465 871 cato
496 813 760 886 primitus
791 812 1065 879 derivata,
1091 829 1263 883 quam
1279 816 1493 881 tamen,
1514 828 1634 883 prae
1657 817 1749 865 tua
1765 810 2041 882 singulari

345 905 582 977 pietate,
617 902 941 957 eruditione
972 918 1035 954 ac
1073 902 1192 954 zelo
1233 903 1449 954 horrere
1486 906 1539 954 te
1565 900 1723 967 dicis,
1749 905 1811 953 ut
1858 902 2042 956 Calvi-

335 995 494 1049 niani
520 990 726 1046 erroris
757 997 986 1046 matrem
1015 995 1042 1045 ?
1067 989 1305 1044 Plurimi
1329 989 1559 1060 quidem
1578 987 1829 1059 theologi
1860 988 2042 1042 varios

338 1083 537 1138 modos
550 1081 946 1152 excogitarunt
959 1097 1030 1150 qu
1043 1080 1164 1133 ibus
1179 1095 1302 1132 eam
1319 1078 1496 1132 sancti
1517 1080 1710 1132 Patres
1731 1077 2042 1131 doctrinam

338 1172 684 1243 explicarent
698 1176 869 1241 atque
883 1169 1270 1223 defenderent.
1288 1167 1619 1222 Dominicus
1635 1169 1876 1229 Bannez,
1892 1173 2040 1237 part.

341 1280 379 1329 ι,
397 1278 451 1332 q.
469 1264 557 1325 23,
580 1264 685 1312 art.
703 1263 755 1325 5,
773 1258 1027 1329 quicque
1043 1257 1447 1327 explicationes
1458 1256 1651 1319 refert,
1669 1272 1913 1327 quarum
1928 1256 2044 1309 nul-

340 1352 454 1405 lam
479 1347 990 1419 probat.Quinque
1026 1346 1195 1420 etiam
1227 1346 1429 1399 modos
1457 1351 1712 1399 recenset
1749 1345 2037 1410 Gonettus,

343 1439 483 1508 cit.§
523 1440 575 1502 6,
608 1452 751 1507 quos
779 1435 1036 1505 singulos
1065 1434 1124 1488 in
1149 1435 1402 1504 ipsorum
1433 1433 1834 1505 probabilitate
1865 1433 2041 1486 relin-

345 1527 489 1596 quit.
544 1526 657 1596 Ego
694 1525 858 1595 juxta
899 1523 1217 1578 doctrinam
1260 1523 1441 1577 sancti
1485 1522 1788 1594 Augustini
1833 1522 1914 1576 ita
1942 1522 2043 1576 dif-

343 1613 585 1668 ﬁcillimi
633 1613 888 1684 mysterii
936 1613 1275 1666 solutionem
1321 1629 1605 1683 propono,
1663 1628 1849 1683 neque
1889 1612 2043 1666 enim

345 1703 506 1758 facile
529 1709 613 1758 est
645 1703 848 1757 divina:
873 1703 1180 1756 voluntatis
1207 1718 1414 1756 arcana
1455 1701 1654 1756 rimari
1702 1719 1715 1757 :
1743 1701 1872 1773 quis
1889 1702 2043 1755 enim

347 1795 707 1849 consiliarius
739 1793 860 1863 ejus
886 1792 997 1846 fuit
1024 1794 1052 1846 ?

419 1887 648 1940 Certum
678 1883 885 1954 dogma
912 1886 997 1936 est
1041 1880 1336 1936 hominem
1382 1895 1446 1933 ex
1468 1882 1700 1950 peccato
1743 1877 1917 1950 primi
1946 1895 2045 1949 pa-

347 1975 526 2029 rentis
576 1971 818 2027 evasisse
869 1987 1114 2024 massam
1173 1968 1526 2039 perditionis,
1587 1968 1665 2021 ita
1720 1973 1784 2022 ut
1832 1969 2050 2021 seclusa

349 2064 532 2135 gratia
558 2060 953 2131 Redemptoris
974 2076 1268 2129 nunquam
1299 2059 1430 2112 inde
1461 2056 1578 2110 suis
1600 2056 1812 2110 viribus
1836 2056 2051 2127 potuis-

351 2157 435 2207 set
465 2166 784 2220 resurgere,
814 2149 967 2220 quod
993 2148 1129 2201 oliui
1154 2148 1223 2201 ab
1257 2146 1587 2200 Innocentio
1615 2147 1636 2200 Ι
1671 2149 1727 2198 et
1771 2144 2050 2199 Africanis

352 2240 602 2293 conciliis
634 2243 827 2291 contra
863 2236 1199 2306 Pelagionas
1243 2240 1526 2289 statutum
1573 2235 1700 2288 fuit.
1750 2236 2053 2289 Evaserant

349 2328 527 2398 igitur
557 2343 756 2379 omnes
779 2324 1041 2379 homines
1082 2324 1140 2376 in
1171 2323 1388 2376 Adamo
1410 2328 1613 2377 natura
1630 2323 1734 2377 filii
1764 2323 1886 2390 irae,
1917 2324 2050 2377 sub-

347 2416 486 2486 jecti
516 2413 782 2484 potestati
814 2413 1111 2478 daemonis,
1142 2411 1362 2466 inimici
1394 2412 1496 2466 Dei
1517 2417 1573 2466 et
1603 2411 1828 2482 indigni
1868 2412 2053 2483 quali-

356 2505 453 2558 bet
480 2504 680 2571 gratia.
714 2502 843 2556 facti
874 2502 1161 2571 objectum
1193 2501 1370 2555 divini
1393 2501 1509 2555 odii
1547 2506 1716 2572 atque
1754 2501 2042 2555 vindictae.

359 2593 643 2646 Potuisset
672 2606 896 2644 summa
941 2590 1203 2644 Numinis
1250 2589 1492 2660 justitia,
1538 2590 1792 2661 qualibet
1829 2592 1916 2644 vel
1948 2589 2053 2643 mi-

357 2681 515 2734 nima
562 2679 745 2750 gratia
786 2685 1012 2750 negata,
1074 2678 1132 2732 in
1179 2684 1458 2732 aeternum
1506 2694 1687 2746 genus
1738 2680 2056 2733 humanum

358 2769 625 2840 originali
657 2773 885 2838 peccato
917 2768 1190 2822 infectum
1222 2773 1501 2838 perpetua
1551 2767 1916 2822 damnatione
1944 2784 2056 2838 pu-

356 2858 502 2912 nire.
540 2858 740 2910 Docuit
771 2857 874 2909 hoc
896 2856 1244 2927 Augustinus
1294 2855 1625 2926 saepissime.
1674 2856 1738 2909 In
1797 2855 2053 2910 Enchiri-

2151 458 2376 528 integro
2421 457 2713 512 volumine
2762 458 2832 511 de
2873 458 3033 510 Dono
3076 456 3502 526 perseverantia:
3539 457 3796 529 inscripto,

2152 547 2491 602 solidissime
2569 552 2766 601 contra
2835 543 3354 615 Semi-Pelagianos
3431 549 3796 617 propugnavit.

2151 637 2327 691 Porro
2374 637 2496 690 haec
2553 642 2638 690 est
2697 635 3018 690 differentia
3063 634 3212 687 inter
3242 638 3534 705 utramque
3563 637 3799 705 privatio-

2151 741 2304 789 nem,
2343 725 2491 796 quod
2515 725 2753 796 privatio
2786 724 2982 792 gratiae
3023 721 3417 776 sanctiﬁcautis
3457 724 3542 776 vel
3569 723 3651 777 est
3684 724 3804 796 ipsa-

2150 819 2269 868 met
2291 814 2540 868 formatis
2571 813 2713 868 ratio
2740 812 2973 884 peccati,
3003 813 3088 865 vel
3114 816 3198 864 est
3237 811 3546 864 necessario
3586 827 3804 867 connexa

2151 920 2281 958 cum
2329 908 2585 974 peccato;
2645 904 2823 956 altera
2866 918 3000 955 vero
3043 900 3303 972 privatio,
3334 917 3536 971 nempe
3567 902 3803 970 potentia

2149 992 2408 1063 proxime
2447 990 2721 1062 expeditas
2753 990 2820 1044 ad
2852 991 3332 1060 perseverandum
3365 993 3470 1042 stat
3498 1005 3621 1042 cum
3654 991 3802 1059 gratia

2153 1080 2536 1135 sanctiﬁcante
2571 1097 2583 1134 :
2618 1078 2793 1133 sancti
2825 1078 2979 1131 enim
3010 1083 3177 1130 orant
3215 1081 3278 1130 ut
3316 1078 3461 1130 Deus
3507 1077 3669 1130 donet
3714 1078 3802 1131 illis

2150 1167 2654 1240 perseverantiam,
2685 1183 2798 1221 non
2825 1167 3004 1237 igitur
3049 1166 3205 1219 illam
3262 1165 3492 1231 habent,
3535 1168 3591 1218 ut
3635 1165 3804 1236 probat

2149 1258 2500 1328 Augustinus
2529 1273 2651 1327 cap.
2685 1259 2774 1323 2‘5,
2803 1272 2904 1327 per
2937 1260 3115 1308 totum
3145 1274 3159 1321 ;
3189 1254 3330 1308 alias
3361 1254 3514 1306 enim
3550 1269 3660 1305 non
3687 1257 3807 1306 esset

2152 1347 2393 1418 speciale
2429 1347 2530 1400 Dei
2579 1345 2920 1400 beneficium
2971 1361 3003 1397 a
3049 1344 3231 1414 gratia
3267 1342 3677 1412 justiticationis
3713 1342 3803 1396 dis-

2150 1436 2422 1502 tinctum;
2459 1435 2606 1489 unde
2636 1450 2739 1505 per
2751 1433 2991 1504 gratiam
3012 1431 3459 1485 sanctificantem
3486 1447 3594 1483 non
3623 1431 3808 1483 tollitur

2149 1525 2272 1596 ipsa
2297 1524 2538 1595 privatio
2568 1523 2838 1594 potentiae
2869 1521 3126 1593 proxime
3177 1521 3457 1590 expedita:
3491 1519 3561 1572 ad
3597 1535 3808 1590 perseve-

2150 1603 2417 1668 randum.
2451 1614 2580 1666 Haec
2608 1627 2740 1666 vero
2788 1611 3027 1681 privatio
3055 1615 3140 1664 est
3161 1610 3216 1662 in
3247 1625 3479 1679 poenam
3507 1606 3680 1679 lprimi
3701 1624 3809 1678 pec-

2155 1703 2285 1768 cati,
2321 1701 2485 1757 sicuti
2513 1701 2684 1754 etiam
2705 1699 2944 1772 privatio
2977 1699 3347 1766 subjectionis
3388 1697 3812 1768 concupiscentiae

2157 1796 2417 1862 respectu
2429 1789 2689 1856 rationis,
2705 1793 2759 1842 et
2775 1790 2904 1842 licet
2921 1789 2976 1842 in
2990 1788 3276 1857 baptismo
3291 1789 3432 1841 nihil
3451 1793 3526 1841 est
3550 1787 3812 1839 damnatio-

2156 1881 2242 1934 m’s
2264 1881 2334 1933 iis
2363 1880 2595 1949 quivere
2623 1878 2920 1946 consepulti
2946 1881 3070 1930 sunt
3100 1892 3217 1930 cum
3240 1877 3459 1932 Christo
3479 1890 3572 1944 per
3589 1875 3813 1942 baptisma

2157 1970 2217 2022 in
2245 1972 2486 2033 mortem,
2517 1970 2584 2019 ut
2607 1965 3100 2019 aitTridentinnm
3137 1964 3195 2017 in
3244 1965 3474 2018 decreto
3514 1964 3579 2018 de
3621 1965 3810 2016 Peccato

2161 2055 2447 2126 originali,
2498 2054 2649 2125 quod
2707 2053 2927 2108 dixerat
2974 2059 3141 2107 antea
3186 2053 3542 2122 Augustinus
3586 2052 3674 2106 lib.
3712 2069 3726 2105 ι
3758 2049 3811 2102 ad

2161 2145 2432 2209 Bonifac.,
2469 2160 2590 2214 cap.
2656 2145 2718 2198 l0
2754 2160 2766 2196 :
2809 2144 2976 2197 Nulla
3012 2158 3135 2210 ergo
3183 2143 3553 2196 condemnatio
3596 2146 3666 2195 est
3706 2155 3811 2194 nunc

2162 2235 2245 2289 his
2271 2236 2366 2303 qui
2393 2236 2580 2287 suntin
2610 2233 2822 2290 Christo
2838 2235 2981 2298 Iesu,
3016 2248 3126 2286 non
3163 2231 3219 2287 id
3262 2232 3599 2302 intelligitur
3635 2231 3696 2284 de
3723 2245 3809 2299 pce-

2162 2322 2512 2387 nalitatibus,
2535 2322 2615 2375 ita
2643 2322 2796 2375 enim
2824 2322 3134 2392 loquuntur
3159 2321 3439 2390 theologi,
3466 2321 3556 2374 sed
3579 2321 3642 2374 de
3664 2321 3809 2389 culpa,

2162 2412 2323 2482 cujus
2349 2411 2490 2464 nihil
2522 2416 2780 2464 remanet
2811 2416 2934 2481 post
2954 2410 3307 2481 baptismum
3341 2427 3354 2464 :
3385 2411 3497 2465 illa:
3518 2411 3662 2464 enim
3680 2409 3812 2463 etiam

2163 2505 2292 2571 post
2320 2499 2668 2570 baptismum
2700 2515 3043 2554 remansere.

2236 2591 2389 2644 Hanc
2420 2588 2795 2660 privationem
2826 2589 3081 2642 relictam
3132 2604 3257 2642 esse
3316 2588 3375 2641 in
3427 2602 3643 2659 poenam
3682 2584 3815 2655 primi

2165 2679 2378 2752 peccati
2408 2679 2550 2731 adeo
2576 2683 2773 2732 notum
2801 2677 2964 2731 estin
2993 2677 3170 2731 sancti
3216 2676 3522 2747 Augustini
3567 2673 3814 2738 sententia,

2165 2774 2233 2822 ut
2257 2769 2342 2822 vel
2370 2768 2478 2838 ipsi
2505 2766 2986 2836 Semi-Pelagiani
3038 2767 3143 2819 hoc
3188 2782 3256 2819 ex
3301 2765 3609 2835 Augustino
3646 2777 3814 2833 suppo-

2167 2873 2304 2912 nere
2335 2858 2584 2911 solerent
2612 2862 2809 2911 contra
2835 2856 3024 2926 ipsum
3071 2860 3400 2927 arguentes.
3455 2853 3679 2916 Etenim,
3718 2864 3817 2903 cum

360 2945 474 3011 dio,
507 2961 625 3014 cap.
666 2947 731 2998 99
767 2961 779 2998 :
813 2963 838 2994 (ι
877 2944 1233 3009 Universum,
1268 2943 1348 2997 ait
1376 2959 1555 3014 genus
1586 2944 1903 2998 humanum
1941 2950 2057 2999 tam
2091 2967 2128 3022 (ς
2168 2946 2410 3017 probare
2439 2945 2651 3000 vellent
2677 2944 2982 3008 Adamum,
3017 2959 3082 2997 eo
3109 2943 3264 3014 quod
3305 2939 3714 3012 perseverantia:
3746 2937 3818 2990 do-

353 3035 510 3105 juste
534 3033 753 3102 judicio
780 3032 972 3086 divino
1005 3032 1064 3086 in
1119 3033 1428 3103 apostatica
1473 3033 1657 3086 radice
1702 3033 2058 3101 damnatum,

363 3128 424 3176 ut
454 3122 674 3175 etiamsi
701 3121 892 3174 nullus
923 3120 1054 3174 inde
1085 3120 1445 3186 liberaretur,
1480 3136 1647 3174 nemo
1679 3126 1829 3174 recte
1873 3126 2066 3192 posset

364 3210 464 3264 Dei
493 3209 818 3278 vituperare
850 3208 1154 3278 justitiam,
1189 3215 1246 3262 et
1275 3208 1374 3279 qui
1415 3210 1746 3278 liberantur,
1789 3209 1868 3264 sic
1894 3226 2066 3280 opor-

364 3299 538 3353 tuisse
565 3297 814 3363 liberari,
841 3301 904 3350 ut
933 3312 1000 3351 ex
1032 3297 1297 3368 pluribus
1339 3313 1455 3350 non
1496 3297 1749 3351 liberatis
1795 3304 1966 3370 atque
2006 3299 2065 3352 in

364 3385 730 3440 damnatione
773 3385 1090 3454 justissima
1142 3384 1424 3438 derelictis
1478 3386 1874 3440 ostenderetur
1927 3387 2066 3458 quid

365 3473 668 3529 meruisset
695 3475 955 3526 universa
985 3473 1340 3544 conspersio,
1378 3478 1433 3527 et
1454 3490 1567 3544 quo
1599 3475 1770 3527 etiam
1802 3474 1938 3528 istos
1970 3476 2066 3529 de-

367 3565 552 3619 bitum
577 3563 860 3633 judicium
896 3562 994 3617 Dei
1021 3563 1272 3629 duceret,
1309 3563 1420 3616 nisi
1451 3565 1572 3633 ejus
1614 3563 1867 3618 indebita
1898 3565 2068 3618 mise-

369 3651 611 3706 ricordia
636 3651 981 3706 subveniret.
1031 3672 1052 3699 ι
1097 3651 1317 3705 Similia
1355 3651 1525 3705 habet
1565 3651 1661 3706 lib.
1716 3653 1786 3707 de
1829 3653 2068 3724 Correp-

369 3741 524 3797 tione
556 3745 612 3794 et
639 3745 766 3810 grat
795 3782 807 3805 ,
842 3756 964 3810 cap.
1008 3743 1102 3805 tO;
1141 3739 1234 3792 lib.
1271 3739 1340 3792 de
1375 3741 1530 3793 Dono
1575 3757 1814 3810 persev.,
1856 3759 1978 3812 cap.
2013 3745 2066 3810 8,

367 3829 678 3896 initio;lib.
707 3828 775 3882 de
800 3828 1305 3882 Praedestinatione
1327 3835 1677 3889 sanctorum,
1708 3846 1829 3900 cap.
1864 3834 1914 3885 8.
1944 3832 2071 3886 Ηωε

368 3918 632 3986 exemplo
661 3917 1000 3988 angelorum
1030 3917 1313 3971 malorum
1343 3917 1645 3972 confirmat
1687 3935 1808 3989 cap.
1845 3921 1910 3972 27
1963 3921 2070 3973 Eu-

370 4007 597 4062 chiridii
624 4023 636 4060 :
675 4026 702 4057 «
736 4006 800 4060 Et
831 4005 1138 4076 siquidem,
1170 4006 1379 4077 inquit,
1408 4005 1471 4060 in
1517 4007 1723 4061 melius
1770 4008 2072 4062 hominum

370 4094 840 4151 reformationem
884 4095 1102 4149 nullam
1146 4111 1380 4164 prorsus
1419 4111 1538 4148 esse
1594 4096 1884 4164 voluisset,
1927 4097 2074 4152 sicut

370 4182 684 4252 impiorum
707 4182 862 4236 nulla
883 4187 967 4235 est
990 4183 1351 4253 angelorum,
1388 4199 1503 4237 non
1525 4183 1814 4239 immerito
1834 4186 2013 4240 tieret.
2042 4205 2068 4237 η

2171 3051 2311 3090 num
2341 3050 2456 3088 non
2485 3033 2786 3101 acceperit,
2818 3033 2938 3086 sine
2963 3033 3128 3102 culpa
3174 3032 3467 3094 cecidisse,
3527 3028 3728 3082 solitam
3772 3041 3816 3077 ac

2172 3124 2515 3178 familiarem
2559 3121 2876 3193 Augustino
2932 3121 3377 3191 responsionem
3438 3118 3816 3191 prgecludentes,

2172 3212 2251 3265 ita
2295 3211 2601 3276 instabant,
2663 3213 2804 3263 teste
2852 3208 3062 3263 Hilario
3105 3208 3163 3262 in
3204 3209 3449 3278 epistola
3483 3207 3550 3261 ad
3595 3203 3817 3275 Augusti-

2174 3316 2310 3354 num
2347 3315 2360 3353 :
2399 3320 2420 3348 ι
2467 3301 2658 3370 Neque
2697 3299 2850 3352 enim
2890 3297 2997 3352 dici
3020 3302 3205 3368 potest
3257 3299 3384 3351 ideo
3429 3313 3538 3350 non
3589 3294 3819 3362 accepisse

2175 3389 2310 3461 quia
2344 3404 2461 3441 non
2485 3393 2568 3440 est
2598 3387 2870 3441 discretus
2901 3404 2933 3440 a
2964 3402 3147 3440 massa
3177 3385 3515 3457 perditionis
3541 3384 3715 3454 gratiae
3739 3380 3821 3432 lar-

2160 3477 2378 3549 ,gitate;
2405 3475 2660 3529 nondum
2694 3475 2906 3546 quippe
2946 3480 3065 3528 erat
3121 3475 3220 3528 illa
3266 3476 3326 3528 in
3365 3490 3569 3546 genere
3613 3472 3818 3526 humano

2176 3564 2514 3637 perditionis
2545 3580 2746 3628 massa,
2783 3569 3092 3634 antequam
3122 3571 3431 3633 peccasset,
3465 3579 3526 3615 ex
3551 3577 3654 3632 quo
3681 3559 3821 3610 tracta

2178 3660 2263 3708 est
2282 3654 2442 3724 origo
2481 3652 2695 3706 vitiata.
2749 3673 2770 3700 ι
2827 3653 2973 3722 Ergo
3015 3657 3370 3722 supponunt,
3416 3653 3573 3722 juxta
3619 3650 3820 3701 mentem

2178 3739 2357 3793 sancti
2387 3739 2647 3805 doctoris,
2678 3739 3058 3810 privationem
3094 3739 3373 3810 potentias
3419 3738 3660 3810 proxime
3687 3746 3819 3800 expe-

2179 3828 2310 3883 ditae
2331 3829 2398 3881 ad
2443 3828 2922 3898 perseverandum
2963 3845 3084 3882 esse
3133 3845 3365 3899 pcenam
3408 3843 3599 3882 mLIsSIB
3637 3824 3819 3894 peccato

2182 3917 2448 3987 originali
2487 3917 2752 3984 infectm;
2798 3916 2890 3971 cui
2937 3925 3282 3988 argumento
3329 3917 3592 3971 solvendo
3639 3917 3821 3965 sanctus

2180 4007 2376 4061 doctor
2413 4022 2587 4060 aurea
2615 4007 2712 4060 illa
2736 4006 2844 4061 tria
2883 4006 3070 4077 capita
3099 4009 3167 4061 de
3191 4007 3558 4077 Correptione
3582 4008 3632 4057 et
3656 3997 3821 4072 gratia,

2179 4111 2386 4166 nempe
2418 4098 2500 4159 10,
2536 4099 2592 4150 11
2639 4099 2693 4148 et
2726 4098 2810 4161 t2,
2857 4096 3124 4149 exaravit.
3181 4097 3244 4150 In
3297 4097 3392 4150 illo
3413 4112 3533 4165 cap.
3583 4096 3633 4147 11
3668 4089 3819 4159 palam

2181 4185 2436 4238 concedit
2465 4183 2740 4238 auxilium
2773 4183 2844 4238 ad
2888 4185 3369 4255 perseverandum
3403 4185 3460 4237 in
3492 4193 3698 4254 poenam
3730 4187 3824 4245 pec-

371 4271 566 4341 Itaque
593 4270 651 4323 in
691 4269 787 4324 illa
811 4286 994 4324 massa
1024 4271 1361 4341 perditionis
1394 4272 1567 4325 homo
1599 4273 1774 4327 evasit
1800 4274 2072 4344 indignus
2112 4262 2153 4316 Ι)
2185 4273 2294 4326 cati
2338 4273 2552 4340 deesse,
2591 4271 2745 4342 quod
2790 4276 2982 4326 tamen
3014 4288 3129 4326 non
3175 4273 3366 4343 potuit
3409 4273 3593 4326 deesse
3648 4259 3823 4332 angelis

371 4363 490 4412 tota
519 4357 663 4411 serie
705 4358 1040 4428 gratiarum,
1091 4375 1232 4430 quas
1271 4359 1423 4412 inter
1471 4359 1673 4429 primae
1713 4367 1846 4415 sunt
1894 4363 2076 4432 gratia

367 4444 707 4513 justiticans,
757 4461 860 4516 per
919 4460 1092 4516 quam
1143 4445 1319 4498 homo
1378 4446 1591 4499 accedit
1638 4448 1708 4501 ad
1760 4449 1960 4517 Deum,
2022 4455 2077 4504 et

373 4531 559 4603 gratia
589 4533 1025 4600 perseverantiae
1053 4532 1262 4600 tinalis,
1293 4548 1397 4602 per
1416 4549 1586 4604 quam
1619 4535 1791 4590 homo
1815 4553 1932 4591 non
1963 4555 2079 4592 am-

373 4619 527 4692 plius
555 4624 741 4690 potest
778 4621 1037 4675 recedere
1069 4637 1101 4674 a
1134 4621 1265 4675 Deo.
1303 4622 1480 4675 Homo
1530 4623 1706 4693 igitur
1734 4641 1800 4679 ex
1847 4633 2076 4695 peccato

375 4707 644 4779 originali
692 4707 895 4762 incidit
945 4708 1006 4762 in
1039 4709 1416 4779 privationem
1467 4713 1665 4782 gratiae
1709 4712 2076 4784 justiticantis

374 4800 432 4852 et
453 4796 514 4850 in
537 4795 914 4867 privationem
956 4799 1227 4868 potentiae
1259 4801 1520 4870 proxime
1549 4801 1824 4873 expeditae
1856 4804 1925 4856 ad
1951 4819 2078 4873 per-

374 4885 754 4940 severandum
783 4885 842 4938 in
874 4887 1051 4940 semel
1083 4893 1309 4960 accepta
1339 4888 1522 4958 gratia
1542 4890 1910 4960 justiticaute,
1947 4907 2076 4962 quas

371 4974 722 5045 privationes
754 4990 884 5028 cum
922 4975 1232 5047 respiciant
1271 4977 1518 5030 diversas
1558 4978 1794 5045 formas,
1837 4979 2076 5034 diversa

373 5063 548 5117 etiam
581 5068 715 5118 sunt
748 5063 898 5118 inter
940 5080 1021 5131 se,
1056 5071 1112 5118 et
1142 5081 1257 5118 una
1286 5065 1406 5119 sine
1452 5067 1630 5120 altera
1661 5067 1862 5120 donari
1895 5085 1928 5121 a
1961 5069 2075 5122 Deo

371 5157 579 5222 potest,
611 5158 673 5207 ut
698 5159 917 5208 certum
941 5159 1113 5209 estex
1144 5154 1407 5209 fidelibus
1436 5156 1533 5226 qui
1560 5155 1929 5225 damnantur,
1953 5157 2076 5228 qui-

372 5238 479 5292 bus
519 5239 677 5294 dedit
708 5241 858 5295 Deus
889 5240 1129 5311 gratiam
1155 5241 1586 5312 justificantem,
1622 5244 1732 5296 illis
1764 5249 1957 5297 tamen
1978 5260 2075 5298 ne-

371 5324 525 5395 gavit
553 5327 795 5396 gratiam
825 5329 1263 5400 perseverantiie
1292 5329 1501 5384 ﬁnalis.
1538 5330 1675 5384 Hinc
1700 5347 2073 5402 perseveran-

372 5412 509 5466 tiam
550 5429 671 5466 esse
723 5430 789 5469 ea:
837 5419 1064 5486 speciali
1105 5421 1317 5472 auxilio
1362 5420 1460 5472 Dei
1507 5419 1698 5473 docuit
1741 5420 2074 5475 Tridentina

374 5501 625 5571 synodus
654 5517 790 5558 sess.
835 5508 887 5574 6,
918 5523 1042 5562 can.
1085 5510 1175 5577 22,
1214 5511 1270 5562 et
1295 5506 1431 5562 olim
1475 5509 1820 5564 Arausicana
1848 5527 1908 5576 ιι,
1939 5526 2063 5565 can.

2187 4361 2270 4414 vel
2308 4362 2556 4415 Adamo:
2593 4378 2622 4412 ‹‹
2668 4360 2725 4415 Si
2769 4364 2982 4430 autem,
3025 4361 3347 4432 inquit,hoc
3390 4357 3712 4430 adjutorium
3758 4347 3822 4400 vel

2185 4451 2387 4518 angelo
2405 4448 2491 4502 vel
2519 4447 2762 4516 homini,
2796 4464 2925 4502 cum
2954 4449 3208 4518 primum
3237 4449 3367 4503 facti
3400 4455 3548 4514 sunt,
3579 4442 3820 4499 defuisset,

2186 4537 2464 4608 quoniam
2499 4553 2616 4591 non
2654 4537 2782 4591 talis
2829 4543 3035 4592 natura
3077 4537 3223 4592 facta
3245 4544 3368 4592 erat
3413 4542 3477 4591 ut
3521 4535 3631 4588 sine
3667 4529 3821 4584 divino

2185 4625 2472 4696 adjutorio
2492 4630 2682 4697 posset
2702 4642 2933 4680 manere
2955 4627 3001 4680 si
3023 4627 3206 4689 vellet,
3233 4643 3350 4695 non
3369 4626 3562 4697 utique
3586 4639 3677 4676 sua
3693 4618 3824 4685 culpa

2185 4714 2526 4769 cecidissent
2570 4735 2585 4783 ;
2623 4715 2974 4786 adjutorium
3022 4717 3236 4787 quippe
3293 4715 3559 4771 defuisset
3597 4711 3702 4763 sine
3735 4717 3821 4775 quo

2184 4818 2417 4857 manere
2447 4818 2564 4856 non
2592 4807 2840 4873 possent.
2895 4804 3054 4857 Nunc
3087 4809 3281 4858 autem
3322 4804 3524 4875 quibus
3559 4800 3700 4854 deest
3738 4791 3822 4845 tale

2183 4891 2555 4962 adjutorium,
2582 4892 2704 4962 jam
2737 4908 2899 4963 pcena
2926 4892 3141 4964 peccati
3170 4899 3272 4956 est,
3318 4892 3523 4963 quibus
3555 4893 3725 4942 autem
3749 4879 3821 4932 da-

2182 4985 2294 5042 tur,
2345 4980 2660 5035 secundum
2697 4981 2940 5052 gratiam
2982 4982 3166 5036 datur.
3212 4999 3238 5032 ι)
3284 4982 3405 5036 Non
3444 4981 3620 5050 potest
3663 4976 3821 5026 autem

2182 5068 2501 5138 intelligere
2526 5069 2880 5140 Augustinus
2911 5069 3022 5124 nisi
3047 5069 3106 5124 in
3136 5086 3365 5140 poenam
3395 5067 3600 5139 peccati
3626 5056 3822 5129 originis

2184 5157 2399 5211 donum
2436 5158 2877 5228 perseverantiae
2929 5159 3156 5230 negari;
3198 5175 3327 5213 nam
3367 5156 3678 5226 baptizatus:
3717 5157 3820 5198 Cum

2181 5245 2436 5317 primum
2463 5245 2749 5300 lethaliter
2787 5246 3056 5317 peccavit,
3097 5246 3277 5301 caruit
3322 5245 3469 5300 dono
3511 5247 3822 5313 perseveran-

2182 5335 2276 5390 tiae
2301 5335 2362 5389 in
2388 5334 2539 5389 bono
2590 5336 2764 5390 semel
2827 5341 3054 5407 accepto
3084 5352 3098 5402 ;
3132 5351 3265 5406 ergo
3297 5335 3354 5388 in
3396 5345 3610 5403 poenam
3641 5317 3819 5396 peccati

2181 5423 2477 5496 originalis
2503 5423 2611 5479 fuit
2632 5441 2664 5477 a
2695 5426 2809 5480 Deo
2843 5425 3206 5496 denegatum.
3242 5424 3393 5478 Idem
3421 5419 3577 5474 tradit
3597 5419 3690 5470 late
3716 5425 3814 5478 cap.

2182 5514 2214 5565 8
2244 5513 2313 5566 de
2333 5513 2488 5567 Dono
2507 5514 2965 5584 perseverantia,
2997 5514 3092 5569 ubi
3114 5511 3389 5586 quaerenti
3407 5526 3499 5564 cur
3515 5499 3811 5576 quibusdam.
