3946 6176
104 284 204 335 729

1417 276 1734 332 VINDICI/E
1774 277 2317 334 AUGUSTINIAN/E.

3494 286 3601 339 730

104 406 199 473 qui
223 417 337 457 eum
386 400 657 454 coluerunt
687 400 823 452 bona
848 399 981 469 fide,
1022 413 1364 469 perseverare
1410 415 1580 469 usque
1617 400 1692 454 ad
1714 402 1785 470 ﬂ—
1816 403 1861 457 A
1899 401 2081 454 ritatis
2111 402 2369 463 ostendit,
2403 400 2499 473 qui
2531 408 2885 457 sacramento
2933 403 3167 475 quidem
3208 404 3599 460 circumcisio-

106 508 223 544 nem
251 506 351 543 non
402 487 569 548 dedit,
618 486 925 557 respondet
963 486 1445 557 perseverantiam
1501 504 1615 542 non
1671 505 1792 543 esse

110 579 346 633 debitam
377 580 617 641 naturze,
650 576 746 629 sed
774 591 893 628 esse
925 575 1167 645 gratiam
1198 592 1325 645 qua:
1357 581 1542 646 potest
1572 577 1793 647 negari;

114 685 210 722 cur
254 672 439 720 autem
482 666 764 735 negetur,”
791 665 967 718 tradit
1014 664 1177 717 initio
1228 664 1427 735 capitis
1461 682 1472 718 :
1514 687 1533 713 α
1574 667 1644 719 Ex
1676 683 1792 719 uno

114 757 333 830 quippe,
364 754 569 825 inquit,
601 770 800 806 omnes
839 752 897 806 in
929 754 1466 808 condemnationem
1500 772 1614 807 non
1642 756 1790 825 inju-

109 852 242 898 stam
273 842 507 913 judicaii
538 846 670 894 sunt
701 841 804 909 ire,
840 841 934 893 sed
961 841 1195 911 justam.
1226 842 1333 906 Qui
1356 858 1491 912 ergo
1519 843 1795 896 liberatur

108 932 339 1004 gratiam
360 930 579 1001 diligat,
612 930 709 999 qui
742 945 857 982 non
882 929 1152 983 liberatur
1167 930 1421 983 debitum
1447 936 1734 999 agnoscat.
1764 952 1789 979 ››

111 1025 251 1076 Hanc
281 1018 765 1090 perseverantiam
819 1024 929 1071 tam
972 1033 1226 1085 maguum
1277 1018 1583 1088 bene/icium
1635 1023 1796 1072 vocat

107 1112 196 1166 lib.
229 1110 295 1163 de
337 1108 709 1179 Correptione
745 1112 801 1161 et
838 1111 1018 1177 grat.,
1068 1123 1190 1177 cap.
1239 1110 1291 1173 8,
1332 1107 1390 1160 in
1420 1108 1555 1177 ﬁne,
1608 1112 1663 1161 et
1693 1109 1797 1161 hac

107 1200 217 1253 sola
244 1197 491 1252 discerni
548 1197 755 1250 electos
801 1212 833 1248 a
876 1212 1057 1249 massa
1096 1196 1435 1266 perditionis
1478 1198 1681 1267 probat
1728 1214 1792 1251 ex

108 1286 350 1357 professo
376 1302 503 1355 cap.
537 1288 567 1339 8
586 1291 641 1338 et
670 1288 699 1339 9
722 1284 875 1338 illius
902 1284 1052 1348 libri,
1070 1289 1124 1338 et
1147 1300 1341 1338 rursus
1364 1286 1507 1339 libro
1530 1286 1597 1339 de
1639 1287 1796 1340 Dono

109 1375 557 1448 perseverantiae,
627 1391 746 1444 cap.
798 1373 998 1427 itidem
1032 1375 1063 1427 8
1113 1378 1168 1427 et
1206 1377 1257 1427 9.
1305 1374 1451 1428 Hinc
1488 1392 1611 1445 cap.
1660 1381 1690 1429 '7
1729 1376 1797 1429 de

108 1463 470 1534 Correptione
504 1469 560 1516 et
590 1467 735 1533 grat.
787 1462 865 1515 ait
899 1478 911 1515 :
946 1480 974 1512 (ι
1006 1464 1077 1515 At
1104 1478 1208 1532 per
1255 1463 1360 1515 hoc
1406 1468 1463 1516 et
1488 1464 1587 1533 qui
1620 1464 1797 1517 Evan-

108 1553 312 1624 gelium
334 1568 452 1605 non
482 1551 804 1618 audierunt,
830 1538 1004 1622 et’qui
1027 1567 1093 1604 eo
1119 1551 1309 1605 audito
1328 1552 1389 1605 in
1408 1553 1611 1605 melius
1641 1569 1797 1606 com-

107 1640 299 1694 mutati
356 1639 842 1709 perseverantiam
900 1656 1016 1692 non
1074 1646 1432 1711 acceperunt,
1494 1646 1623 1709 etc.,
1682 1658 1797 1695 non

109 1733 234 1783 sunt
264 1729 333 1782 ab
375 1730 475 1782 illa
503 1728 905 1798 conspersione
938 1728 1184 1794 discreti,
1220 1746 1393 1799 quam
1424 1734 1641 1783 constat
1678 1747 1797 1783 esse

108 1818 450 1885 damnatam,
484 1816 750 1870 euntibus
781 1816 1047 1870 omnibus
1071 1833 1138 1871 ex
1167 1833 1281 1871 uno
1299 1818 1357 1871 in
1379 1819 1802 1872 condemnatio-

111 1923 253 1960 nem.
287 1926 313 1957 η
348 1908 412 1960 Et
438 1910 638 1977 postea
668 1905 859 1958 statim
885 1922 897 1959 :
934 1924 961 1955 «
993 1906 1077 1959 Ab
1107 1906 1202 1959 illa
1229 1907 1567 1976 perditionis
1592 1925 1798 1974 massa,

114 2012 232 2066 qua:
263 1996 404 2049 facta
438 2000 524 2049 est
557 2011 661 2064 per
692 1994 942 2064 primum
966 1995 1460 2063 Adam,debemus
1481 1996 1801 2065 intelligere

114 2084 389 2139 neminem
423 2100 590 2154 posse
622 2083 890 2147 discerni,
925 2082 1033 2136 nisi
1064 2084 1216 2154 quod
1240 2085 1343 2137 hoc
1373 2085 1583 2138 donum
1608 2086 1800 2151 habet,

117 2174 363 2244 quisquis
422 2174 613 2239 habet,
674 2173 826 2243 quod
885 2172 1069 2243 gratia
1136 2174 1439 2228 Salvatoris
1496 2174 1729 2245 accepit.
1778 2195 1799 2222 ι

116 2263 284 2333 Igitur
309 2279 371 2316 ex
405 2262 728 2333 Augustino
759 2278 826 2315 ex
859 2263 991 2315 Adae
1026 2270 1254 2333 peccato
1289 2251 1591 2316 incidimus
1614 2264 1669 2316 in
1694 2263 1805 2334 pri-

117 2352 385 2404 vationem
436 2352 572 2405 doni
601 2352 1058 2421 perseverantius,
1104 2353 1255 2423 quod
1304 2353 1551 2424 gratuito
1582 2358 1805 2406 tantum

120 2457 147 2492 a
173 2441 453 2494 Salvatore
484 2440 900 2511 przedestinatis
932 2441 1192 2495 donatur.
1225 2442 1471 2495 Privatio
1516 2458 1646 2494 vero
1693 2443 1805 2495 hu-

115 2529 197 2598 jus
224 2534 335 2583 tam
355 2528 828 2600 magnibenelicii
850 2533 935 2583 est
959 2544 1126 2583 causa
1160 2531 1540 2584 damnationis
1568 2530 1801 2597 illativa;

122 2618 436 2689 quicunque
452 2618 603 2671 enim
619 2623 771 2671 caret
784 2618 935 2671 dono
968 2619 1405 2687 perseverantia:
1421 2620 1547 2673 dam
1560 2620 1747 2672 nabitu
1761 2636 1803 2685 r;

121 2708 256 2760 unde
285 2711 486 2777 aperte
519 2706 1125 2775 deduciturpcccatum
1151 2706 1427 2777 originale
1448 2724 1566 2761 esse
1580 2723 1805 2759 causam

122 2795 554 2867 reprobationis.
612 2796 730 2849 Uno
774 2795 944 2848 verbo
998 2796 1301 2848 concludo:
1373 2796 1634 2849 Carentia
1675 2796 1809 2849 doni

121 2884 551 2955 perseverantiae
583 2888 667 2937 est
691 2899 859 2936 causa
904 2883 1303 2949 damnationis,
1361 2884 1458 2937 sed
1513 2890 1809 2953 peccatum

126 2974 382 3043 originale
466 2977 548 3027 est
611 2989 780 3025 causa
834 2972 1097 3026 carentiaa
1150 2972 1289 3027 doni
1346 2973 1876 3058 perseverantiaa,C

125 3080 247 3133 ergo
277 3067 577 3133 peccatum
609 3061 885 3132 originale
914 3066 1177 3115 estcausa
1198 3061 1598 3115 damnationis.
1630 3061 1809 3116 Minor

126 3157 199 3205 est
225 3150 551 3223 Augustini,
587 3154 642 3204 et
671 3149 933 3219 superius
963 3150 1135 3203 etiam
1166 3151 1405 3220 probata
1421 3156 1504 3203 est
1544 3149 1677 3220 quia
1707 3164 1811 3218 per

127 3246 401 3309 peccatum
435 3239 712 3309 originale
746 3240 917 3293 homo
949 3243 1033 3292 est
1062 3238 1333 3308 indignus
1364 3243 1481 3291 tota
1504 3237 1647 3291 serie
1675 3253 1811 3307 gra—

130 3326 339 3395 tiarum,
372 3332 435 3383 et
466 3329 595 3381 licet
625 3328 696 3381 sit
743 3328 1083 3398 baptizatus,
1122 3328 1305 3381 adhuc
1344 3328 1509 3380 habet
1543 3326 1812 3396 privatio-

133 3430 252 3467 nem
279 3417 409 3469 doni
441 3416 899 3486 perseverantiae,
947 3432 1075 3487 quae
1103 3420 1186 3469 est
1234 3414 1474 3486 speciale
1511 3415 1608 3469 Dei
1639 3416 1812 3469 bene-

131 3501 325 3557 ﬁcium.
360 3506 540 3575 Major
570 3521 685 3557 non
708 3506 786 3558 ita
815 3504 1189 3575 intelligenda
1210 3510 1292 3557 est
1314 3504 1475 3574 quasi
1497 3504 1594 3557 illa
1624 3519 1815 3557 caren-

130 3592 202 3646 tia
224 3594 293 3647 sit
319 3611 493 3647 causa
520 3610 622 3665 per
651 3610 710 3647 se
741 3592 1141 3658 damnationis,
1173 3592 1267 3646 sed
1290 3598 1511 3646 tantum
1543 3598 1815 3663 tanquam

131 3696 233 3736 non
276 3699 578 3737 removens
611 3682 939 3754 prohibens,
976 3682 1149 3736 homo
1184 3681 1336 3735 enim
1363 3681 1725 3753 justiﬁcatus,
1768 3681 1815 3734 si

131 3772 430 3827 tentatione
461 3771 617 3843 gravi
649 3773 922 3842 pulsetur,
974 3776 1030 3825 et
1057 3773 1163 3825 stet
1211 3770 1316 3824 sub
1368 3770 1685 3841 privatione
1714 3786 1813 3840 po-

131 3862 306 3915 tentia:
337 3861 601 3932 proxime
632 3862 907 3931 expedita:
947 3860 1015 3914 ad
1061 3860 1543 3930 perseverandum
1600 3858 1818 3912 infalli—

130 3949 301 4004 biliter
329 3950 687 4017 succumbet,
717 3950 776 4003 ni
808 3952 954 4004 Deus
990 3948 1221 4021 speciali
1252 3948 1464 4002 auxilio
1500 3948 1672 4001 donet
1702 3948 1819 4001 vim

130 4037 539 4104 perseverandi,
569 4038 721 4110 quod
752 4038 1049 4101 auxilium,
1080 4054 1209 4091 cum
1244 4053 1311 4090 ex
1355 4036 1539 4107 primo
1588 4041 1819 4107 peccato

134 4140 235 4178 non
264 4127 542 4181 debeatur
572 4127 813 4191 homini,
840 4127 990 4197 juste
1023 4144 1053 4179 a
1087 4128 1200 4180 Deo
1232 4126 1430 4196 negari
1450 4130 1659 4196 potest.
1683 4125 1819 4178 Vide

137 4228 253 4284 quas
282 4215 392 4269 dixi
424 4215 711 4285 superius,
744 4231 866 4285 cap.
904 4217 954 4277 3,
988 4213 1015 4286 ς
1048 4217 1098 4267 6.

201 4302 322 4357 Hac
353 4304 635 4357 sententia
680 4304 748 4357 de
798 4302 1195 4372 reprobatione
1243 4318 1309 4356 ex
1359 4305 1590 4365 peccato
1643 4300 1818 4372 origi-

140 4390 244 4444 nali
281 4396 401 4445 orta
452 4392 750 4446 deducitur
787 4391 957 4445 etiam
1001 4407 1067 4444 ex
1102 4391 1343 4462 epistola
1385 4391 1655 4462 synodica
1711 4392 1818 4445 Pa—

142 4481 278 4533 trum
315 4480 715 4534 Africanorum
744 4479 802 4533 in
858 4479 1117 4534 Sardinia
1174 4481 1457 4545 exsulum,
1502 4480 1601 4533 ubi
1632 4496 1755 4550 cap.
1791 4482 1820 4532 6

142 4564 427 4637 inquiunt:
472 4587 499 4617 «
532 4568 758 4622 Dixistis
799 4568 991 4639 itaque
1022 4568 1195 4639 quod,
1234 4570 1374 4622 Esau
1406 4572 1463 4622 et
1493 4569 1659 4622 Iacob
1692 4584 1821 4622 nec-

142 4653 264 4709 dum
294 4657 460 4722 natis,
487 4657 659 4710 Jacob
690 4672 792 4727 per
820 4656 1267 4711 misericordiam
1310 4657 1618 4729 gratuitam
1658 4658 1820 4728 eligi-

142 4748 242 4811 tur,
277 4745 418 4799 Esau
452 4750 645 4799 autem
677 4745 945 4816 originali
972 4751 1201 4816 peccato
1234 4747 1495 4801 detentus
1530 4747 1684 4817 justo
1729 4746 1822 4817 ju-

139 4829 273 4885 dicio
305 4834 401 4888 Dei
450 4838 538 4888 est
586 4834 715 4888 odio
772 4835 1015 4888 habitus.
1080 4834 1166 4888 Illi
1220 4851 1249 4889 e
1294 4835 1581 4889 contrario
1628 4835 1826 4890 dicunt

140 4917 193 4972 in
239 4922 379 4976 Esau
424 4924 668 4993 ﬁguram
717 4939 836 4976 esse
883 4922 1080 4994 populi
1121 4923 1451 4978 Iudaeorum
1496 4940 1564 4979 ex
1619 4922 1825 4978 futuris

142 5010 294 5063 malis
344 5013 613 5083 operibus
653 5011 1109 5077 condemnandi;
1161 5012 1221 5065 in
1270 5013 1442 5067 Iacob
1490 5028 1622 5067 vero
1672 5013 1824 5083 ﬁgu-

142 5113 254 5153 ram
283 5116 403 5155 esse
434 5101 631 5173 populi
678 5100 937 5173 gentium
984 5116 1050 5154 ex
1102 5101 1307 5154 futuris
1344 5101 1612 5172 operibus
1658 5100 1825 5154 bonis

140 5188 403 5243 salvandi.
436 5192 561 5245 Haec
592 5190 728 5257 duo,
762 5206 891 5262 quae
939 5190 1164 5260 singula
1214 5190 1557 5260 proponitis,
1606 5190 1825 5244 bonum

144 5280 239 5341 est,
271 5282 333 5331 ut
390 5279 661 5333 catholica
709 5278 1079 5333 consensione
1105 5278 1376 5349 jungatis.
1416 5300 1437 5326 ι
1472 5280 1668 5349 Itaque
1723 5294 1827 5349 per

145 5363 289 5433 ipsos
315 5368 655 5423 catholicum
704 5373 787 5422 est
839 5368 1026 5422 dicere
1076 5368 1217 5421 Esau
1274 5366 1541 5439 originali
1597 5372 1825 5437 peccato

145 5455 428 5512 detentum
454 5461 610 5531 justo
661 5459 878 5532 judicio
940 5458 1038 5513 Dei
1097 5474 1215 5512 esse
1265 5458 1393 5512 odio
1442 5456 1722 5513 habitum.
1757 5460 1828 5513 At

146 5558 257 5613 cap.
288 5550 317 5599 7
353 5549 639 5603 scribunt:
680 5571 703 5599 ι
739 5550 799 5602 In
827 5550 969 5603 Esau
999 5564 1132 5603 vero
1158 5547 1443 5618 judicium
1465 5547 1635 5619 justas
1664 5562 1825 5601 seve-

1902 490 1990 543 nis
2022 495 2217 544 octavo
2249 492 2336 545 die
2378 491 2689 545 secundum
2750 500 3003 546 tenorem
3065 494 3271 547 divinas
3326 495 3597 548 censtitu-

1901 580 2073 632 tionis
2122 584 2373 650 accepto,
2430 586 2590 633 reatu
2650 582 2865 651 peccati
2917 582 3211 651 originalis
3266 583 3466 649 caruit,
3502 583 3594 636 sed

1900 685 2004 739 per
2052 670 2371 739 nequitiam
2434 670 2617 722 cordis
2661 670 2719 723 in
2762 672 3013 724 hominis
3061 672 3270 725 terreni
3321 677 3598 725 vetustate

1899 758 2236 828 permansit,
2300 756 2451 809 illius
2507 757 2585 809 ibi
2630 758 2845 827 judicio
2904 760 3227 824 derelictus,
3277 760 3373 830 qui
3425 760 3600 830 gratis

1901 845 2079 898 salvat
2104 846 2370 914 justeque
2403 844 2655 896 damnat.
2694 867 2718 893 υ
2759 848 2830 898 At
2874 848 3011 899 Esau
3060 863 3173 899 non
3224 852 3307 899 est
3336 848 3601 899 detentus

1903 931 2169 1002 originali
2202 936 2429 1002 peccato
2459 933 2772 986 secundum
2808 939 3047 995 reatum,
3096 951 3230 1003 ergo
3285 935 3600 988 secundum

1903 1020 2119 1089 aliquid
2151 1021 2221 1073 ab
2266 1021 2388 1089 ipso
2438 1021 2704 1090 originali
2751 1027 3061 1087 causatum,
3108 1029 3190 1077 est
3229 1024 3380 1076 enim
3413 1024 3603 1077 dereli-

1903 1110 2245 1177 ctusjudz’cio
2281 1110 2403 1177 Dei,
2435 1109 2585 1180 quod
2636 1114 2719 1161 est
2770 1126 2961 1163 carere
3021 1112 3170 1164 dono
3230 1129 3601 1182 perseveran-

1902 1196 2034 1266 tiae;
2070 1215 2223 1263 nam,
2258 1204 2321 1251 ut
2350 1215 2521 1268 supra
2552 1197 2893 1266 inferebam,
2928 1199 3225 1269 permissio
3258 1201 3429 1270 primi
3468 1218 3600 1272 pec~

1904 1288 2011 1340 cati
2060 1287 2294 1340 actualis
2349 1286 2414 1340 ﬁt
2467 1288 2619 1357 justo
2672 1286 2888 1357 judicio
2950 1287 3047 1341 Dei
3100 1290 3362 1357 negantis
3389 1290 3601 1343 donum

1904 1375 2341 1448 perseverantia:
2406 1376 2464 1429 in
2511 1376 2662 1429 bono
2703 1376 2941 1445 justitim
2990 1393 3092 1447 per
3131 1377 3481 1446 baptismum
3513 1395 3605 1432 ac-

1906 1469 2081 1534 ceptm
2106 1482 2118 1531 ;
2143 1469 2197 1518 at
2225 1480 2289 1518 ex
2312 1464 2631 1536 Augustino
2664 1464 2805 1519 illud
2845 1464 3059 1518 donum
3100 1472 3343 1536 negatur
3374 1466 3432 1518 in
3479 1484 3602 1537 pm-

1907 1570 2038 1607 nam
2072 1553 2288 1623 peccati
2333 1570 2450 1607 non
2505 1553 2761 1621 actualis,
2827 1569 2960 1607 nam
3015 1553 3083 1607 de
3130 1554 3316 1625 primo
3375 1559 3605 1625 peccato

1908 1643 2114 1696 actuali
2146 1643 2350 1713 loquor
2378 1660 2390 1709 ;
2426 1658 2561 1712 ergo
2593 1642 2653 1695 in
2682 1658 2906 1712 pmnam
2940 1642 3255 1712 originalis.
3292 1645 3354 1696 In
3407 1644 3608 1697 eadem

1911 1731 2282 1803 explicatione
2310 1737 2392 1785 est
2422 1738 2647 1784 sanctus
2705 1731 3008 1802 Gregorius
3057 1749 3224 1802 papa,
3259 1732 3318 1785 in
3362 1734 3500 1803 psal.
3537 1750 3606 1799 ει,

1911 1820 1982 1874 ad
2011 1818 2349 1872 versiculum
2379 1836 2389 1873 :
2427 1822 2566 1887 Quia
2596 1822 2824 1873 cinerem
2860 1825 3119 1888 tanquam
3144 1837 3340 1888 panem
3370 1821 3607 1874 mandu-

1911 1910 2127 1973 cabam;
2165 1909 2241 1961 sic
2290 1909 2445 1961 enim
2486 1909 2595 1961 ait:
2631 1930 2652 1956 ι
2692 1910 2752 1961 Et
2792 1925 2919 1961 cum
2962 1915 3127 1977 juxta
3160 1910 3419 1978 Apostoli
3481 1926 3610 1963 sen-

1916 1997 2172 2062 tentiam,
2209 1997 2385 2064 Neque
2417 1998 2637 2050 volentis
2680 2013 2848 2066 neque
2876 2000 3160 2063 currentis,
3222 1998 3315 2051 scd
3362 2000 3611 2052 miseren-

1912 2086 1982 2137 τῖε
2008 2085 2079 2137 sit
2126 2084 2246 2148 Dei,
2285 2083 2423 2136 alios
2454 2084 2553 2154 qui
2583 2091 2916 2138 corruerant
2948 2085 3390 2139 misericorditer
3419 2085 3611 2156 erigit,

1914 2171 2055 2225 alios
2087 2171 2187 2242 qui
2238 2178 2380 2226 stare
2437 2173 2795 2239 videbantur,
2856 2177 3057 2227 cadere
3106 2175 3258 2243 juste
3310 2174 3610 2245 permittit.

1916 2261 1989 2314 Ex
2016 2266 2244 2331 peccato
2277 2278 2524 2333 namque
2558 2263 2728 2332 primi
2764 2263 3017 2333 parentis
3059 2263 3383 2333 accepimus
3433 2269 3497 2317 ut
3543 2279 3615 2317 ne

1914 2349 1975 2403 in
2008 2350 2375 2421 ipsajustitia
2405 2351 2635 2405 stabiles
2678 2368 2797 2405 esse
2842 2352 3147 2422 possimus.
3180 2372 3207 2402 ι)
3258 2352 3418 2417 Quod
3463 2352 3616 2406 idem

1916 2444 2001 2493 est
2030 2440 2177 2510 quod
2213 2439 2491 2505 dicebam,
2522 2440 2761 2494 subiisse
2818 2457 2923 2493 nos
2980 2440 3359 2509 privationem
3410 2445 3613 2511 poten-

1914 2527 2009 2582 tize
2043 2528 2301 2599 proxime
2344 2529 2620 2599 expeditae
2660 2529 2730 2582 ad
2786 2530 3289 2599 perseverandum.
3343 2545 3471 2599 qua:
3504 2544 3618 2582 non

1915 2618 2170 2671 aufertur
2199 2617 2309 2671 nisi
2361 2633 2428 2670 ex
2481 2618 2701 2687 speciali
2746 2619 2956 2669 aurilio
3016 2616 3131 2669 Dei.
3167 2616 3310 2686 Lege
3360 2623 3617 2669 sanctum

1916 2709 2257 2776 Prosperum
2292 2706 2349 2759 in
2380 2706 2547 2777 Resp.
2584 2706 2650 2759 ad
2697 2711 2726 2759 7
2770 2708 3082 2759 Gallorum.

1988 2796 2170 2865 Igitur
2212 2794 2519 2865 praecipua:
2575 2810 2760 2864 poenae
2794 2794 3003 2846 relictae
3044 2810 3112 2847 ex
3158 2797 3387 2863 peccato
3445 2790 3621 2862 origi-

1916 2883 2035 2936 nali
2066 2888 2198 2936 sunt
2227 2881 2686 2951 concupiscentia
2715 2887 2771 2935 et
2816 2881 3057 2951 privatio
3110 2881 3386 2952 potentiae
3424 2879 3617 2952 proxi-

1918 2988 2009 3025 me
2062 2971 2342 3042 expeditze
2390 2972 2459 3024 ad
2518 2972 3020 3043 perseverandum.
3086 2969 3621 3040 Concupiscentiam

1920 3060 2175 3114 relictam
2207 3077 2323 3113 esse
2356 3061 2421 3113 ad
2459 3076 2700 3130 agonem
2729 3061 2936 3130 dogma
2966 3060 3101 3114 ﬁdei
3130 3067 3232 3125 est,
3288 3077 3355 3115 ex
3386 3060 3621 3114 Triden-

1920 3150 2039 3203 tino
2071 3148 2130 3202 in
2162 3149 2384 3202 decreto
2433 3149 2501 3202 de
2534 3151 2765 3203 Peccato
2807 3150 3098 3219 originali,
3135 3166 3249 3220 qua
3279 3150 3347 3203 de
3403 3165 3461 3203 re
3515 3150 3623 3202 ele-

1922 3243 2125 3308 ganter
2146 3237 2499 3308 Augustinus
2532 3238 2628 3292 lib.
2661 3256 2696 3292 u
2727 3244 2923 3292 contra
2948 3240 3084 3306 Jul.,
3109 3255 3227 3309 cap.
3262 3240 3327 3292 4ε
3359 3256 3387 3289 ι(
3421 3238 3624 3292 Contra

1923 3343 2096 3398 quam
2148 3334 2536 3397 regeneratus,
2570 3328 2614 3380 si
2657 3328 2777 3398 jam
2828 3328 3046 3381 ratione
3104 3327 3306 3392 utitur,
3340 3327 3436 3380 illo
3466 3343 3625 3397 spec-

1924 3422 2079 3471 tante
2112 3422 2280 3487 atque
2332 3416 2630 3485 adjuvante
2681 3418 2837 3471 velut
2866 3417 2923 3471 in
2964 3432 3145 3487 agone
3180 3416 3456 3487 conﬂigit,
3492 3415 3627 3487 quia

1924 3507 2103 3559 virtus
2134 3506 2191 3559 in
2224 3506 2557 3560 inﬁrmitate
2589 3506 2905 3577 perﬁcitur,
2948 3506 3085 3559 dum
3119 3512 3316 3560 contra
3374 3506 3480 3559 hoc
3530 3522 3628 3559 no-

1926 3600 2128 3661 strum,
2161 3596 2310 3667 quod
2366 3595 2644 3665 ajustitia
2698 3595 2907 3659 deﬁcit,
2954 3594 3053 3648 illo
3096 3599 3309 3661 nostro,
3356 3593 3508 3665 quod
3557 3593 3627 3646 ad

1920 3683 2204 3754 justitiam
2276 3683 2518 3754 proﬁcit,
2590 3683 2892 3736 dimicetur
2964 3687 3025 3736 ut
3054 3681 3315 3736 vincente
3373 3681 3626 3752 profectu

1928 3779 2112 3827 totum
2144 3778 2339 3841 surgat
2377 3772 2432 3824 in
2468 3771 2692 3836 melius,
2725 3787 2841 3824 non
2874 3770 3131 3823 vincente
3174 3770 3397 3824 defectu
3445 3774 3628 3823 totum

1929 3865 2125 3932 vergat
2163 3860 2221 3915 in
2260 3860 2441 3930 pejus.
2484 3878 2509 3909 »
2542 3860 2673 3913 Ideo
2705 3874 2837 3913 vero
2871 3859 2988 3911 haec
3026 3874 3222 3928 pugna
3252 3857 3493 3928 poenalis
3526 3874 3628 3909 no-

1928 3950 2016 4004 bis
2063 3949 2159 4003 Dei
2184 3948 2403 4020 judieio
2434 3948 2632 4001 relicta
2683 3952 2785 4011 est,
2820 3951 2882 3999 ut
2911 3947 3104 4009 homo,
3140 3944 3437 4017 propriam
3468 3944 3631 3999 inﬁr-

1931 4037 2186 4091 mitatem
2217 4052 2586 4106 cognoscens,
2648 4035 2955 4088 elationem
3012 4033 3169 4087 illam
3230 4050 3343 4105 qua
3400 4033 3539 4087 olim
3570 4033 3631 4087 in

1929 4125 2193 4195 paradiso
2253 4129 2447 4176 contra
2508 4122 2813 4176 Dominum
2870 4122 3202 4192 superbivit,
3262 4122 3631 4193 deprimeret,

1932 4220 2103 4285 atque
2134 4212 2390 4266 divinum
2440 4212 2717 4265 auxilium
2776 4210 3015 4281 supplex
3068 4211 3426 4282 imploraret.
3486 4211 3633 4264 Audi

1929 4302 2312 4373 Augustinum
2345 4300 2442 4354 lib.
2478 4317 2527 4354 iv
2558 4305 2754 4353 contra
2785 4300 2918 4366 Jul.,
2946 4315 3067 4369 cap.
3101 4303 3172 4353 2:
3215 4323 3234 4346 α
3270 4300 3377 4354 Sed
3409 4299 3543 4370 quia
3574 4298 3632 4353 in

1931 4393 2039 4447 ista
2064 4394 2313 4446 humana
2346 4389 2571 4443 miseria
2603 4389 2763 4461 pejor
2810 4388 2985 4442 hostis
3042 4393 3124 4442 est
3154 4389 3400 4442 cavenda
3431 4403 3631 4458 super-

1930 4481 2044 4548 bia,
2074 4482 2204 4534 ideo
2234 4480 2509 4534 nimirum
2538 4494 2654 4532 non
2703 4476 2931 4549 penitus
2960 4477 3343 4548 exstinguitur
3372 4477 3431 4531 in
3465 4493 3633 4531 carne

1932 4570 2348 4623 continentium
2382 4572 2707 4622 sanctorum
2747 4568 2844 4620 illa
2880 4566 3358 4636 concupiscentia,
3412 4571 3475 4620 ut
3504 4583 3634 4620 cum

1932 4666 2224 4731 pugnatur
2274 4657 2541 4710 adversus
2592 4672 2738 4722 eam,
2796 4655 3184 4726 periculorum
3236 4671 3470 4709 suorum
3505 4656 3634 4709 ani-

1932 4764 2060 4800 mus
2090 4746 2483 4810 admoneatur,
2510 4760 2577 4797 ne
2608 4759 2840 4798 securus
2872 4744 3121 4809 infletur,
3158 4743 3338 4798 donec
3383 4745 3635 4798 humana

1934 4836 2209 4908 fragilitas
2241 4833 2311 4887 ad
2341 4838 2557 4887 tantam
2613 4832 3026 4902 perfectionem
3076 4832 3371 4902 perveniat
3424 4830 3633 4885 sanita-

1932 4924 2024 4990 tis,
2060 4924 2157 4979 ubi
2192 4924 2350 4977 nulla
2406 4919 2643 4993 putredo
2686 4921 2953 4991 lascivim,
3003 4923 3192 4975 nullus
3223 4927 3413 4975 tumor
3442 4935 3637 4989 super-

1933 5015 2043 5068 bis:
2063 5013 2423 5067 formidetur.
2459 5030 2486 5061 ι)
2522 5011 2675 5065 Idem
2708 5012 2923 5082 pariter
2952 5009 3258 5064 dicendum
3300 5012 3383 5061 est
3421 5007 3489 5061 de
3517 5008 3637 5077 pri-

1933 5103 2157 5157 vatione
2191 5102 2360 5171 hujus
2388 5101 2657 5171 potentia:
2685 5100 2945 5171 proxime
3001 5097 3278 5166 expeditae
3334 5096 3403 5150 ad
3441 5112 3633 5167 perse-

1934 5192 2269 5259 verandum,
2323 5207 2530 5260 nempe
2587 5190 2843 5244 relictam
2897 5187 3051 5240 illam
3086 5186 3153 5239 ad
3182 5199 3424 5257 agonem
3482 5191 3539 5240 et
3568 5186 3636 5241 ad

1934 5283 2246 5337 humanam
2316 5278 2639 5350 superbiam
2704 5273 3185 5339 contundendam,
3247 5273 3395 5327 unde
3426 5290 3635 5329 concu-

1935 5370 2207 5443 piscentia
2240 5373 2294 5423 et
2324 5368 2561 5439 privatio
2602 5366 2709 5420 ista
2740 5362 2913 5418 veluti
2941 5362 3229 5416 foederata:
3284 5363 3508 5417 homini
3540 5365 3630 5419 in-

1937 5458 2236 5523 sidiantur,
2282 5473 2344 5511 ac
2400 5461 2598 5511 mutuo
2653 5472 2711 5508 se
2754 5455 2990 5524 juvant:
3057 5468 3124 5507 ex
3177 5452 3638 5525 concupiscentia

1936 5546 2093 5602 enim
2120 5545 2425 5600 inclinante
2454 5545 2525 5599 ad
2555 5546 2851 5614 peccatum
2882 5541 3224 5613 impotentia
3248 5547 3304 5596 et
3336 5542 3639 5597 inﬁrmitas
