3894 6184
270 217 369 269 ’731

1286 214 1839 272 SUPPLEMENTUM
1878 213 1969 267 AD
2005 210 2238 267 OPERA
2276 213 2332 267 S.
2373 213 2767 270 AUGUSTINI.
3651 223 3741 275 732

273 335 458 390 standi
487 336 549 390 in
577 335 729 390 bono
759 337 1049 408 proposito
1081 337 1320 407 justitia
1355 338 1595 392 fovetur.
1645 339 1816 392 Docet
1859 336 1966 390 hoc
1995 337 2039 391 A
2077 333 2264 405 capita
2298 337 2353 389 ll
2391 338 2447 390 et
2482 339 2545 391 l2
2575 337 2832 408 scripsit;
2867 354 3044 393 unam
3082 342 3136 392 et
3166 338 3401 393 alteram
3428 343 3738 399 sententiam

272 426 566 495 eleganter
596 431 793 481 auctor
825 426 952 480 libri
984 444 1021 480 Il
1053 426 1120 480 de
1149 427 1453 481 Vocatione
1483 430 1666 498 gent.,
1699 443 1822 497 cap.
1867 428 1970 479 28:

274 532 303 567 α
336 515 400 567 In
424 515 643 568 cateris
673 531 826 581 vero,
856 513 1066 582 inquit,
1101 514 1435 569 hominibus
1478 517 1655 571 donec
1685 533 1814 570 caro
1844 531 1975 569 con-

275 602 517 673 cupiscit
545 603 812 656 adversus
846 602 1132 672 spiritum,
1174 608 1227 657 et
1256 604 1489 674 spiritus
1537 605 1805 659 adversus
1849 620 1975 658 car-

280 708 437 759 nem,
471 696 527 745 et
564 692 740 744 donec
783 690 1017 759 spiritus
1066 692 1297 761 quidem
1360 698 1662 764 promptus
1708 698 1811 762 est,
1844 710 1974 748 caro

276 787 466 833 autem
500 779 748 843 inﬁrma,
782 779 1267 835 incommutabilis
1314 783 1493 836 animi
1532 783 1809 837 fortitudo
1854 798 1974 838 non

274 873 463 939 potest
518 867 779 937 reperiri,
840 869 1115 938 quoniam
1170 887 1283 924 non
1342 871 1529 941 hujus,
1580 873 1678 926 sed
1740 872 1974 926 alterius

273 956 403 1010 vita
447 961 532 1009 est
588 972 718 1009 vere
772 957 1023 1026 perfecta
1064 964 1118 1013 et
1170 976 1368 1014 secura
1421 960 1680 1015 felicitas.
1728 961 1792 1014 In
1831 977 1973 1031 pra-

276 1045 451 1098 sentis
481 1050 672 1098 autem
711 1046 908 1115 agonis
966 1047 1202 1116 incerto,
1262 1050 1361 1103 ubi
1416 1054 1538 1103 tota
1592 1049 1705 1103 vita
1737 1049 1974 1103 tentatio

274 1140 378 1199 est,
412 1138 466 1188 et
494 1134 564 1187 ab
595 1134 887 1189 insidianti
915 1137 1182 1206 superbia
1211 1154 1313 1191 nec
1348 1138 1469 1208 ipsa
1498 1141 1582 1191 est
1627 1143 1751 1191 tuta
1796 1137 1971 1191 victo-

279 1222 385 1289 ria,
413 1223 811 1277 mutabilitatis
855 1225 1109 1295 periculo
1152 1242 1267 1280 non
1298 1232 1541 1282 caretur.
1591 1229 1655 1281 Et
1697 1226 1825 1280 licet
1876 1225 1970 1280 in-

275 1311 531 1364 numeris
587 1312 796 1364 sanctis
849 1313 967 1365 suis
1023 1314 1197 1368 donet
1252 1316 1521 1370 virtutem
1570 1314 1973 1387 perseverandi

272 1416 451 1471 usque
484 1400 540 1454 in
573 1400 747 1454 ﬁnem
781 1401 973 1455 divina
1002 1404 1298 1473 protectio,
1333 1422 1363 1458 a
1412 1406 1585 1459 nullis
1628 1409 1820 1459 tamen
1866 1420 1970 1458 au-

269 1488 396 1542 fert.
434 1488 588 1557 quod
620 1488 758 1558 ipsis
805 1498 1087 1561 repugnat
1143 1509 1207 1545 ex
1263 1493 1423 1564 ipsis,
1486 1498 1553 1547 ut
1594 1494 1655 1547 in
1702 1492 1970 1547 omnibus

271 1575 474 1628 studiis
504 1591 704 1628 eorum
732 1580 904 1646 atque
935 1578 1229 1633 conatibus
1286 1597 1512 1651 semper
1539 1582 1687 1635 inter
1726 1597 1786 1635 se
1817 1581 1967 1635 nolle

272 1669 331 1717 et
384 1663 523 1717 velle
576 1663 887 1719 decertent.
919 1687 948 1715 »
1012 1669 1126 1720 Hoc
1175 1669 1365 1738 ipsum
1422 1671 1691 1724 docuerat
1745 1674 1974 1724 sanctus

276 1754 443 1807 Pater
473 1752 574 1807 lib.
609 1752 677 1806 de
710 1754 868 1807 Dono
926 1759 1385 1825 perseverantia,
1436 1775 1559 1830 cap.
1617 1763 1667 1824 8,
1716 1758 1834 1825 ubi,
1884 1775 1974 1812 re-

274 1842 560 1913 spondens
591 1843 877 1911 quarenti
908 1860 1009 1897 cur
1062 1846 1218 1899 ﬁdeli
1276 1848 1425 1901 Deus
1477 1848 1719 1919 deneget
1756 1848 1973 1902 donum

269 1930 696 2002 perseveratia,
736 1932 856 1986 ait:
896 1954 920 1982 ε
956 1934 1104 1987 Deus
1144 1939 1337 1990 autem
1395 1936 1601 1990 melius
1649 1952 1770 1990 esse
1819 1936 1973 2007 judi-

270 2020 416 2073 cavit
468 2020 707 2074 miscere
772 2022 1053 2092 quosdam
1118 2040 1234 2079 non
1302 2028 1760 2096 perseveraturos
1819 2029 1972 2079 certo

268 2124 514 2163 numero
554 2113 877 2163 sanctorum
922 2127 1179 2177 suorum,
1228 2118 1293 2166 ut
1334 2113 1541 2184 quibus
1586 2130 1705 2167 non
1747 2113 1976 2185 expedit

272 2196 333 2251 in
384 2198 556 2269 hujus
606 2198 739 2253 vita
770 2200 1085 2254 tentatione
1117 2201 1408 2271 securitas,
1440 2218 1558 2256 non
1590 2202 1810 2273 possint
1852 2218 1973 2257 esse

270 2286 478 2355 securi,
513 2287 723 2341 multos
755 2287 908 2342 enim
957 2306 990 2343 a
1022 2290 1340 2359 perniciosa
1387 2292 1635 2346 elatione
1685 2291 1969 2363 reprimit,

270 2376 429 2446 quod
474 2376 555 2430 ait
597 2378 946 2447 Apostolus:
994 2380 1339 2448 Quapropter
1385 2383 1483 2449 qui
1533 2380 1751 2435 videtur
1804 2386 1971 2447 stare,

268 2465 456 2520 videat
475 2480 540 2519 ne
560 2466 721 2520 cadat
747 2468 793 2535 (Ι
825 2468 945 2523 Cor.
984 2482 1040 2533 Χ,
1071 2470 1172 2536 l2).
1209 2469 1505 2523 Voluntate
1550 2469 1706 2524 enim
1741 2485 1843 2524 sua
1881 2486 1975 2524 ca-

270 2553 356 2608 dit
384 2553 483 2624 qui
517 2554 689 2623 cadit,
741 2558 797 2609 et
852 2556 1141 2610 voluntate
1200 2558 1299 2611 Dei
1356 2561 1465 2611 stat
1494 2557 1594 2629 qui
1621 2562 1748 2624 stat,
1779 2577 1807 2609 »
1863 2563 1970 2614 etc.

271 2642 411 2697 Hinc
438 2659 818 2715 quacumque
849 2649 1043 2699 contra
1073 2645 1219 2699 hanc
1260 2645 1640 2715 privationem
1681 2647 1851 2718 objici
1880 2663 1973 2701 so-

269 2732 412 2799 lent,
445 2732 647 2786 eodem
676 2749 911 2802 prorsus
938 2734 1109 2788 modo
1140 2735 1408 2789 solvenda
1448 2740 1579 2790 sunt
1618 2752 1680 2789 ac
1718 2736 1817 2790 illa
1845 2752 1975 2807 qua

268 2826 473 2874 contra
528 2821 917 2893 panalitatem
970 2822 1450 2895 concupiscentia
1506 2824 1797 2897 Pelagiani
1852 2827 1974 2880 Au-

269 2909 501 2981 gustino
523 2911 659 2964 olim
691 2912 1077 2982 opponebant.

341 3000 704 3071 Expedienda
730 3000 820 3054 hic
847 3006 933 3055 est
958 3000 1286 3069 difﬁcultas,
1326 3002 1480 3056 unde
1509 3002 1721 3057 tradita
1748 3003 1973 3074 Augus-

267 3088 505 3143 tiniana
558 3089 858 3143 sententia
914 3090 1216 3161 explicatio
1269 3090 1517 3144 maxime
1573 3090 1969 3147 illustrabitur.

272 3177 553 3243 Carentia,
576 3177 870 3248 inquiunt,
898 3179 1035 3232 doni
1063 3179 1500 3249 perseverantia
1516 3178 1624 3233 fuit
1644 3180 1702 3233 in
1728 3180 1971 3247 Adamo,

271 3282 407 3321 nam
439 3266 879 3337 perseverantia
908 3268 1147 3335 donum,
1173 3268 1253 3322 ait
1280 3268 1635 3338 Augustinus
1661 3268 1724 3322 in
1770 3268 1868 3322 lib.
1903 3269 1974 3324 de

273 3354 645 3426 Correptione
677 3360 732 3409 et
760 3361 944 3426 grat.,
972 3373 1095 3425 cap.
1132 3360 1215 3418 ll,
1249 3358 1300 3410 si
1319 3356 1612 3421 habuisset,
1634 3371 1973 3425 perseveras-

268 3448 383 3510 set;
438 3459 576 3513 ergo
616 3444 860 3513 privatio
892 3443 1028 3498 doni
1059 3444 1495 3515 perseverantia
1538 3462 1654 3499 non
1684 3450 1767 3499 est
1802 3462 1973 3516 paena

268 3532 507 3605 peccati,
543 3533 759 3604 quippe
789 3549 917 3604 qua
944 3533 1055 3588 fuit
1083 3533 1255 3587 etiam
1286 3534 1345 3588 in
1394 3534 1624 3588 homine
1661 3540 1791 3589 ante
1839 3550 1971 3605 pec-

269 3628 481 3679 catum.
520 3626 630 3678 Hoc
660 3629 1065 3696 argumentum
1098 3624 1236 3679 olim
1258 3624 1723 3695 Sami-Pelagiani
1750 3629 1971 3696 Augus-

269 3713 394 3767 tino
424 3713 773 3784 objiciebant
792 3713 1096 3768 inlaudato
1125 3714 1392 3783 lib.,cap.
1418 3717 1501 3779 l0,
1532 3714 1631 3769 ubi
1662 3715 1729 3769 de
1754 3715 1971 3769 Adamo

268 3802 577 3874 inquiunt:
613 3822 640 3853 «
678 3803 803 3857 Non
833 3818 971 3873 ergo
1000 3802 1200 3857 habuit
1230 3802 1289 3857 in
1309 3804 1407 3857 illo
1426 3803 1577 3857 bono
1608 3820 1971 3875 perseveran-

272 3892 433 3960 tiam,
471 3896 527 3947 et
557 3891 603 3945 si
630 3908 747 3946 non
776 3891 996 3959 habuit,
1030 3908 1145 3946 non
1168 3893 1369 3964 utique
1400 3893 1633 3963 accepit.
1675 3893 1969 3957 Quomodo

271 3980 425 4035 enim
475 3986 533 4035 et
582 3981 889 4051 accepisset
919 3983 1424 4053 perseverantiam,
1473 3986 1530 4037 et
1558 3998 1685 4048 ,non
1718 3998 1973 4053 perseve-

270 4074 452 4125 rasset
477 4072 507 4124 ‘?
528 4072 721 4135 Porro,
752 4070 799 4124 si
826 4077 1131 4142 propterea
1179 4088 1295 4126 non
1334 4070 1534 4126 habuit
1561 4072 1696 4144 quia
1724 4087 1841 4125 non
1871 4087 1970 4126 ac-

273 4157 445 4230 cepit,
475 4158 615 4234 quid
646 4159 765 4230 ipse
796 4176 911 4214 non
942 4161 1357 4232 perseverando
1389 4161 1661 4231 peccavit,
1697 4160 1796 4232 qui
1839 4178 1970 4232 per-

2084 421 2250 488 dabo,
2307 438 2379 476 ne
2431 426 2697 479 universa
2738 427 2847 480 huc
2894 427 3278 480 transferam:
3314 450 3334 475 ιι
3374 429 3439 481 Ut
3487 446 3634 501 ergo,
3663 432 3742 485 in-

2083 508 2225 579 quit,
2261 526 2376 563 non
2407 514 2686 585 acciperet
2716 516 2822 569 hoc
2850 516 3064 569 donum
3096 516 3218 579 Dei,
3266 515 3323 569 id
3386 522 3465 570 est
3517 518 3570 570 in
3617 518 3745 573 bono

2082 600 2527 667 perseveratiam
2580 604 2801 674 primus
2856 605 3048 669 homo,
3125 604 3222 657 sed
3277 619 3622 673 perseverare
3674 610 3747 660 vel

2082 701 2197 739 non
2225 702 2589 757 perseverare
2620 694 2677 746 in
2705 694 2827 763 ejus
2863 693 3284 763 relinqueretur
3328 694 3577 759 arbitrio,
3626 697 3763 749 tales-

2082 777 2230 831 vires
2279 773 2526 835 habebat
2563 782 2685 852 ejus
2732 782 3012 844 voluntas,
3070 798 3199 851 qua
3258 781 3377 835 sine
3430 783 3539 835 ullo
3591 783 3751 839 fuerat

2080 870 2343 933 instituta
2365 876 2618 943 peccato,
2669 875 2725 925 et
2755 870 2895 924 nihil
2926 871 3013 923 illi
3042 886 3110 923 ex
3150 886 3208 923 se
3239 869 3359 939 ipsa
3388 872 3753 942 concupiscen-

2080 965 2293 1020 tialiter
2322 962 2639 1027 resistebat,
2683 966 2748 1014 ut
2792 960 2965 1029 digne
3014 964 3187 1013 tanta
3244 959 3483 1013 bonitati
3535 965 3588 1013 et
3625 961 3752 1016 bene

2079 1054 2307 1109 vivendi
2362 1050 2620 1108 facilitati
2679 1048 3085 1119 perseverandi
3140 1047 3588 1101 committeretur
3622 1050 3749 1103 arbi-

2080 1143 2287 1210 trium;
2324 1162 2351 1194 ››
2393 1157 2519 1211 cap.
2550 1143 2632 1194 l2.
2666 1140 2731 1192 Et
2760 1153 2883 1207 cap.
2918 1140 2971 1191 ll
3010 1136 3242 1190 scribit:
3278 1157 3304 1183 α
3334 1137 3485 1189 Tunc
3514 1152 3641 1206 ergo
3668 1138 3748 1193 de-

2080 1234 2243 1288 derat
2259 1230 2481 1287 homini
2513 1230 2658 1283 Deus
2690 1228 2903 1281 bonam
2936 1225 3311 1291 voluntatem,
3344 1223 3402 1277 in
3433 1224 3529 1278 illa
3564 1226 3750 1297 quippe

2080 1339 2214 1377 eum
2246 1322 2474 1383 fecerat,
2509 1317 2609 1390 qui
2640 1316 2851 1370 fecerat
2882 1319 3120 1368 rectum.
3181 1313 3425 1367 Dederat
3453 1318 3508 1367 et
3556 1314 3751 1384 adjuto-

2078 1412 2252 1480 rium,
2286 1409 2409 1464 sine
2437 1422 2551 1478 quo
2582 1405 2641 1459 in
2668 1421 2737 1459 ea
2769 1420 2885 1458 non
2928 1406 3121 1474 posset
3165 1418 3523 1476 permanere,
3578 1403 3621 1456 si
3660 1405 3754 1458 vel-

2079 1501 2199 1571 let;
2225 1503 2291 1553 ut
2312 1502 2507 1552 autem
2531 1495 2718 1561 vellet,
2754 1493 2812 1547 in
2844 1493 2967 1563 ejus
2997 1493 3181 1546 libero
3213 1490 3448 1562 reliquit
3478 1490 3748 1546 arbitrio.-

2082 1590 2281 1660 Itaque
2302 1587 2483 1641 Adam
2515 1600 2632 1638 non
2683 1582 2979 1652 indigebat
3036 1582 3186 1635 dono
3237 1580 3477 1635 actualis
3526 1597 3755 1651 perseve-

2082 1678 2309 1739 rentia,
2339 1675 2475 1747 quia
2504 1673 2750 1727 habebat
2812 1670 3183 1740 adjutorium,
3241 1686 3359 1741 quo
3392 1686 3496 1740 per
3549 1670 3753 1724 modum

2083 1766 2311 1822 habitus
2340 1764 2526 1818 inerat
2554 1762 2639 1816 illi
2662 1760 2915 1830 potentia
2942 1759 3201 1831 proxime
3253 1758 3521 1829 expedita
3564 1759 3626 1813 ad
3653 1776 3757 1828 per-

2083 1854 2501 1911 severandum:
2561 1852 2717 1905 unde
2773 1849 3124 1919 Augustinus
3162 1848 3222 1902 in
3262 1849 3381 1903 ﬁne
3410 1864 3531 1919 cap.
3578 1852 3637 1901 l2
3664 1848 3752 1902 ait:

2087 1966 2115 1997 α
2147 1946 2290 2000 Cum
2319 1947 2375 1997 et
2402 1940 2663 1996 voluntas
2696 1940 2869 2011 primi
2906 1937 3159 1992 hominis
3211 1937 3379 1992 fortis
3436 1941 3492 1991 et
3546 1953 3671 1991 sana
3710 1936 3755 1990 in

2081 2034 2233 2089 bono
2281 2031 2560 2102 ampliore
2622 2044 2741 2082 non
2792 2026 3239 2098 perseveraverit
3270 2026 3486 2079 habens
3516 2026 3751 2079 virtutem

2082 2120 2251 2177 liberi
2281 2118 2523 2184 arbitrii,
2557 2116 2817 2189 quamvis
2852 2132 2967 2169 non
2996 2115 3265 2169 defuturo
3321 2114 3599 2183 adjutorio
3652 2113 3755 2182 Dei,

2087 2210 2208 2264 sine
2240 2224 2513 2280 quonon
2541 2210 2733 2277 posset
2787 2220 3149 2275 perseverare
3210 2204 3258 2257 si
3290 2205 3486 2258 vellet:
3532 2219 3640 2256 non
3684 2208 3753 2255 ta-

2083 2314 2221 2353 men
2250 2296 2351 2351 tali
2373 2312 2487 2367 quo
2516 2295 2574 2348 in
2607 2294 2705 2347 illo
2735 2295 2883 2347 Deus
2911 2297 3248 2364 operaretur
3269 2298 3334 2346 ut
3363 2292 3545 2346 vellet.
3582 2290 3755 2345 Fortis-

2084 2386 2229 2441 simo
2261 2385 2474 2457 quippe
2505 2382 2744 2448 dimisit,
2778 2386 2949 2452 atque
2976 2382 3239 2453 permisit
3269 2382 3453 2435 facere
3495 2380 3637 2452 quod
3662 2379 3753 2432 vel-

2082 2476 2178 2530 let.
2214 2494 2242 2528 io
2278 2476 2462 2538 Quare
2492 2472 2709 2526 Adamo
2742 2470 2823 2525 nil
2854 2469 3035 2525 defuit
3089 2486 3154 2525 ex
3208 2475 3376 2540 parte
3425 2469 3522 2524 Dei
3568 2468 3633 2521 ad
3668 2468 3757 2522 hoc

2083 2568 2147 2619 ut
2184 2568 2377 2635 posset
2417 2576 2803 2632 perseverare,
2846 2559 2945 2612 sed
2992 2558 3099 2611 sibi
3154 2560 3362 2612 nolens
3411 2558 3615 2623 defuit;
3644 2572 3759 2610 nam

2083 2652 2130 2707 si
2160 2652 2446 2717 voluisset,
2491 2648 2760 2704 facillime
2816 2652 3257 2721 perseverasset.
3305 2647 3476 2702 Addit
3526 2645 3757 2715 Angusti-

2084 2758 2215 2809 nus,
2247 2740 2295 2795 si
2338 2742 2485 2795 Deus
2543 2739 2651 2793 hoc
2683 2737 3035 2808 adjutorium
3088 2736 3454 2807 denegasset,
3505 2735 3756 2789 Adamum

2082 2830 2337 2900 itemque
2363 2827 2596 2897 angelos
2625 2842 2740 2881 non
2784 2841 2887 2879 sua
2911 2826 3078 2894 culpa
3104 2841 3343 2878 casuros
3390 2823 3581 2889 fuisse,
3607 2822 3755 2875 ratio-

2004 2939 2045 2995 α
2084 2936 2219 2973 nem
2250 2916 2575 2987 assignans:
2613 2935 2638 2966 ι
2672 2913 3037 2985 Adjutorium
3078 2913 3300 2984 quippe
3356 2911 3619 2967 defuisset
3658 2908 3759 2961 sine

2084 3025 2197 3080 quo
2226 3022 2459 3062 manere
2514 3021 2628 3059 non
2652 3007 2902 3074 possent.
2937 3004 3096 3057 Nunc
3125 3007 3325 3057 autem
3375 3001 3581 3073 quibus
3622 2998 3760 3051 deest

2082 3098 2197 3152 tale
2228 3094 2601 3167 adjutorium,
2644 3094 2769 3165 jam
2816 3108 2987 3163 poena
3028 3091 3250 3163 peccati
3300 3096 3403 3157 est,
3455 3089 3652 3161 quibus
3678 3101 3760 3139 au-

2084 3190 2202 3239 tem
2229 3186 2417 3253 datur,
2445 3182 2759 3236 secundum
2788 3180 3030 3251 gratiam
3062 3180 3254 3242 datur,
3306 3195 3422 3233 non
3478 3175 3759 3231 secundum

2083 3273 2362 3328 debitum.
2388 3291 2416 3324 »
2447 3274 2592 3342 Ergo
2624 3271 2839 3325 donum
2869 3269 3131 3340 prabens
3170 3267 3493 3338 potentiam
3530 3263 3759 3337 proxime

2084 3361 2412 3432 expeditam
2424 3361 2495 3414 ad
2509 3358 2989 3430 perseverandum
3012 3356 3293 3411 traditum
3324 3356 3433 3411 fuit
3454 3355 3679 3417 Adamo,
3698 3351 3761 3403 ita

2081 3454 2147 3505 ut
2174 3450 2426 3505 carentia
2466 3448 2906 3519 perseverantia
2950 3446 3188 3500 actualis
3223 3462 3344 3499 non
3388 3443 3656 3516 potuisset
3692 3438 3760 3494 illi

2083 3538 2359 3610 imputari
2389 3538 2593 3608 culpa,
2626 3536 2672 3590 si
2703 3552 2767 3590 eo
2808 3535 3097 3606 adjutorio
3154 3536 3456 3589 caruisset.
3512 3534 3761 3585 Caeterum

2080 3644 2146 3681 ex
2180 3631 2411 3691 peccato
2436 3624 2689 3696 perdidit
2735 3624 2841 3678 sibi
2879 3629 2938 3678 et
2966 3623 3129 3677 nobis
3179 3624 3291 3678 hoc
3347 3621 3619 3676 auxilium
3646 3633 3759 3671 con-

2076 3716 2317 3769 stituens
2342 3714 2659 3787 potentiam
2690 3713 2951 3784 proxime
3005 3712 3341 3783 expeditam
3400 3712 3469 3765 ad
3526 3722 3756 3780 perseve-

2074 3806 2336 3861 randum.
2371 3805 2556 3869 Quare
2588 3802 2827 3874 privatio
2858 3802 3030 3872 hujus
3081 3802 3367 3872 potentia
3400 3800 3459 3854 in
3509 3798 3661 3851 nobis
3688 3798 3757 3848 est

2077 3910 2249 3965 pana
2282 3893 2455 3963 primi
2482 3891 2718 3963 peccati,
2777 3905 2909 3944 nam
2956 3889 3255 3945 secunium
3320 3892 3556 3959 gratiam
3599 3887 3760 3947 datur,

2076 4000 2181 4039 non
2231 3982 2525 4037 secundum
2572 3981 2831 4035 debitum.
2904 3980 3083 4033 Tanta
3135 3994 3275 4033 vero
3335 3995 3439 4049 per
3498 3978 3762 4048 peccatum

2078 4072 2216 4127 Ada
2269 4076 2558 4126 contracta
2598 4075 2682 4124 est
2725 4068 3065 4139 impotentia
3122 4068 3190 4121 ad
3225 4068 3488 4139 proxime
3535 4062 3765 4135 expedite

2080 4160 2584 4232 perseverandum,
2616 4164 2681 4212 ut
2712 4158 2758 4211 si
2784 4158 2938 4212 idem
2967 4157 3211 4211 omnino
3245 4157 3592 4228 adjutorium
3636 4147 3763 4222 quod

272 4248 652 4303 severantiam
681 4265 796 4303 non
825 4250 1043 4319 accepit
1069 4251 1098 4303 ?
1127 4249 1321 4320 Neque
1339 4249 1495 4304 enim
1510 4249 1620 4303 dici
1638 4254 1823 4321 potest
1848 4250 1975 4303 ideo
2004 4239 2046 4293 Ῑ)
2086 4250 2282 4305 datum
2307 4249 2411 4303 fuit
2440 4249 2579 4303 Ada
2608 4246 2678 4301 ad
2698 4246 3207 4317 perseverandum,
3232 4246 3403 4300 nobis
3432 4245 3492 4299 in
3516 4247 3653 4297 statu
3685 4254 3764 4292 na-

275 4352 394 4391 non
419 4336 702 4407 accepisse
741 4338 878 4409 quia
921 4354 1037 4392 non
1066 4342 1151 4392 est
1180 4338 1457 4392 discretus
1495 4354 1528 4391 a
1552 4352 1737 4392 massa
1778 4340 1978 4409 perdi-

272 4424 450 4479 tionis
480 4424 681 4495 gratia
715 4427 975 4497 largitate
1007 4442 1022 4481 :
1064 4426 1323 4481 nondum
1370 4425 1585 4496 quippe
1645 4432 1767 4481 erat
1796 4428 1894 4482 illa
1918 4428 1980 4483 in

280 4526 492 4581 genere
542 4511 797 4567 humano
835 4513 1169 4585 perditionis
1234 4529 1440 4579 massa,
1490 4516 1801 4585 antequam
1856 4532 1983 4587 pec-

276 4603 476 4660 casset.
510 4616 579 4654 ex
628 4616 745 4673 quo
783 4607 965 4657 tracta
997 4607 1081 4657 est
1109 4602 1270 4674 origo
1302 4602 1515 4657 vitiata.
1551 4619 1580 4655 s
1636 4604 1869 4659 Nullum
1898 4621 1983 4660 ar-

276 4692 620 4760 gumentum
642 4706 829 4762 neque
860 4691 1122 4747 subtilius
1176 4708 1363 4764 neque
1393 4692 1691 4763 operosius
1731 4692 1839 4748 isto
1896 4711 1983 4749 so-

274 4779 464 4834 lutum
489 4793 745 4850 unquam
779 4779 887 4834 fuit
912 4781 983 4835 ab
1012 4781 1351 4852 Augustino,
1386 4786 1451 4836 ut
1496 4782 1708 4837 summi
1764 4783 1984 4855 ingenii

274 4869 424 4923 vires
462 4883 663 4923 omnes
716 4867 901 4924 eidem
962 4869 1231 4925 diluendo
1292 4870 1644 4942 impendisse
1684 4872 1979 4929 videatur:

274 4958 388 5012 tria
408 4958 564 5013 enim
599 4958 786 5029 capita
813 4958 875 5013 in
905 4958 1050 5014 libro
1082 4959 1151 5014 de
1185 4959 1553 5030 Correptione
1574 4965 1633 5015 et
1681 4960 1863 5031 gratia
1901 4961 1985 5015 in-

274 5052 454 5118 tegra
485 5048 844 5120 responsioni
898 5048 1226 5120 insumpsit,
1280 5064 1529 5120 quorum
1585 5064 1811 5104 summa
1856 5054 1979 5105 est:

277 5134 566 5191 Adamum
598 5136 865 5193 habuisse
906 5137 1185 5192 auxilium
1216 5138 1339 5201 Dei,
1370 5152 1485 5208 quo
1516 5138 1778 5209 proxime
1808 5142 1864 5192 et
1895 5155 1985 5193 ex-

279 5222 471 5293 pedite
504 5230 727 5294 poterat
771 5242 1157 5298 perseverare,
1198 5226 1293 5281 sed
1339 5225 1420 5281 ita
1465 5231 1527 5281 ut
1562 5228 1987 5299 perseverantia

280 5311 517 5365 actualis
551 5315 799 5384 reposita
828 5321 976 5372 esset
998 5316 1057 5371 in
1084 5332 1190 5371 usu
1228 5314 1410 5371 libero
1432 5316 1689 5387 ejusdem
1718 5317 1984 5389 ponendo

283 5396 357 5452 ab
387 5397 631 5470 ipsemet
657 5404 944 5460 voluntate
980 5405 1209 5466 Adami.
1263 5419 1437 5476 quam
1482 5420 1587 5476 per
1617 5406 1853 5460 modum
1888 5406 1987 5461 ha-

286 5485 441 5541 bitus
469 5489 787 5561 adjuvabat.
816 5494 902 5549 Ad
931 5494 1037 5550 hoc
1074 5493 1474 5567 explicandum
1504 5493 1719 5551 ibidem
1745 5496 1858 5551 duo
1888 5495 1989 5551 illa

2086 4344 2231 4393 tura
2260 4341 2432 4409 lapsa
2460 4337 2788 4401 donaretur,
2843 4351 2961 4389 non
3016 4341 3165 4389 esset
3207 4334 3499 4389 sufﬁciens
3529 4332 3593 4385 ad
3623 4343 3760 4382 amo-

2086 4428 2333 4483 vendam
2388 4426 2547 4480 illam
2593 4424 2996 4495 impotentiam
3042 4423 3475 4494 perseverandi,
3535 4425 3597 4476 ut
3625 4417 3764 4471 docet

2088 4522 2313 4572 sanctus
2341 4517 2541 4571 doctor
2596 4530 2774 4586 prope
2803 4513 2979 4569 ﬁnem
3029 4529 3154 4585 cap.
3208 4515 3296 4573 l2,
3350 4513 3473 4568 hac
3522 4508 3759 4564 tradens:

2093 4628 2121 4656 ‹‹
2152 4606 2209 4661 Si
2239 4606 2297 4661 in
2330 4610 2484 4660 tanta
2513 4604 2847 4659 inﬁrmitate
2895 4603 3025 4657 vita
3079 4602 3273 4673 hujus,
3330 4600 3391 4655 in
3435 4614 3548 4671 qua
3594 4602 3763 4650 tamen

2089 4694 2426 4750 inﬁrmitate
2474 4698 2709 4764 propter
2755 4691 3059 4746 elationem
3117 4690 3543 4761 reprimendam
3592 4679 3764 4756 perlici

2090 4784 2361 4837 virtutem
2390 4781 2709 4853 oportebat,
2742 4780 2881 4851 ipsis
2911 4780 3341 4851 relinqueretur
3376 4779 3629 4832 voluntas
3657 4786 3762 4835 sua,

2090 4876 2153 4925 ut
2197 4871 2257 4925 in
2285 4869 2570 4942 adjutorio
2606 4869 2726 4936 Dei,
2784 4869 2907 4924 sine
2962 4885 3076 4940 quo
3123 4882 3490 4938 perseverare
3518 4880 3625 4919 non
3650 4875 3763 4932 pos-

2092 4965 2239 5026 sent,
2273 4964 2576 5014 manerent
2605 4958 2653 5013 si
2672 4959 2901 5024 vellent,
2934 4974 3037 5013 nec
3061 4959 3209 5012 Deus
3242 4958 3302 5011 in
3335 4958 3417 5011 eis
3463 4954 3767 5026 operaretur

2090 5054 2156 5106 ut
2182 5049 2414 5117 vellent,
2448 5050 2602 5103 inter
2628 5051 2713 5102 tot
2748 5052 2805 5102 et
2851 5052 3038 5101 tantas
3068 5046 3419 5101 tentationes
3463 5040 3764 5099 inﬁrmitate

2093 5155 2196 5194 sua
2224 5138 2486 5193 voluntas
2517 5136 2636 5208 ipsa
2688 5136 3101 5202 succumberet,
3156 5139 3214 5189 et
3256 5135 3385 5189 ideo
3436 5137 3764 5206 perseverem

2092 5244 2207 5283 non
2236 5231 2487 5299 possent,
2518 5225 2658 5298 quia
2687 5224 3015 5280 deﬁcientes
3044 5223 3379 5280 inﬁrmitate
3411 5238 3511 5275 nec
3564 5216 3762 5275 vellent,

2096 5322 2194 5372 aut
2223 5332 2339 5371 non
2365 5316 2446 5371 ita
2476 5316 2686 5370 vellent
2716 5314 3051 5370 inﬁrmitate
3083 5314 3392 5368 voluntatis
3421 5317 3482 5364 ut
3511 5308 3761 5380 possent.-

2095 5409 2175 5463 Ex
2206 5406 2297 5462 his
2325 5410 2482 5478 patet
2505 5404 2712 5460 solutio
2750 5405 3034 5477 propositi
3062 5401 3407 5474 argumenti,
3465 5393 3763 5468 negandum

2097 5500 2183 5551 est
2212 5496 2366 5552 enim
2395 5495 2755 5564 antecedens,
2792 5499 2857 5550 ut
2904 5494 3261 5566 intelligatur
3316 5492 3387 5547 de
3414 5484 3653 5545 carentia
3676 5494 3764 5551 p0-
