  <div class='ocr_page' id='page_1' title='image "/cluster/home/n/w/nwhite01/storage/ocr_20150623/47/hvd.32044096580683/372.png"; bbox 0 0 3946 6176; ppageno 0'>
   <div class='ocr_carea' id='block_1_1' title="bbox 102 252 1797 312">
    <p class='ocr_par' dir='ltr' id='par_1_1' title="bbox 102 252 1797 309">
     <span class='ocr_line' id='line_1_1' title="bbox 102 252 1797 309; baseline 0.001 -3"><span class='ocrx_word' id='word_1_1' title='bbox 102 256 204 307; x_wconf 75' lang='lat'>733</span> <span class='ocrx_word' id='word_1_2' title='bbox 1400 252 1725 309; x_wconf 66' lang='lat' dir='ltr'>VINDICIIE</span> <span class='ocrx_word' id='word_1_3' title='bbox 1762 255 1797 308; x_wconf 81' lang='grc' dir='ltr'>Α</span> 
     </span>
    </p>
   </div>
   <div class='ocr_carea' id='block_1_2' title="bbox 1980 252 2311 312">
    <p class='ocr_par' dir='ltr' id='par_1_2' title="bbox 1980 255 2311 312">
     <span class='ocr_line' id='line_1_2' title="bbox 1980 255 2311 312; baseline 0.012 -4"><span class='ocrx_word' id='word_1_4' title='bbox 1980 255 2311 312; x_wconf 76' lang='lat' dir='ltr'>iTINIANI‘E.</span> 
     </span>
    </p>
   </div>
   <div class='ocr_carea' id='block_1_3' title="bbox 3501 266 3609 319">
    <p class='ocr_par' dir='ltr' id='par_1_3' title="bbox 3501 266 3609 319">
     <span class='ocr_line' id='line_1_3' title="bbox 3501 266 3609 319; baseline 0.009 -1"><span class='ocrx_word' id='word_1_5' title='bbox 3501 266 3609 319; x_wconf 79' lang='grc'>734</span> 
     </span>
    </p>
   </div>
   <div class='ocr_carea' id='block_1_4' title="bbox 110 374 3602 457">
    <p class='ocr_par' dir='ltr' id='par_1_4' title="bbox 110 374 3602 457">
     <span class='ocr_line' id='line_1_4' title="bbox 110 374 3602 457; baseline 0.002 -23"><span class='ocrx_word' id='word_1_6' title='bbox 110 376 299 434; x_wconf 63' lang='lat' dir='ltr'>tentias</span> <span class='ocrx_word' id='word_1_7' title='bbox 344 374 601 448; x_wconf 84' lang='lat' dir='ltr'>proxime</span> <span class='ocrx_word' id='word_1_8' title='bbox 656 374 939 445; x_wconf 71' lang='lat' dir='ltr'>expedita:</span> <span class='ocrx_word' id='word_1_9' title='bbox 992 375 1067 429; x_wconf 88' lang='lat' dir='ltr'>ad</span> <span class='ocrx_word' id='word_1_10' title='bbox 1120 378 1604 447; x_wconf 86' lang='lat' dir='ltr'>perseverandum</span> <span class='ocrx_word' id='word_1_11' title='bbox 1633 399 1648 446; x_wconf 87' lang='lat'><strong>;</strong></span> <span class='ocrx_word' id='word_1_12' title='bbox 1678 379 1799 432; x_wconf 67' lang='lat' dir='ltr'>haec</span> <span class='ocrx_word' id='word_1_13' title='bbox 1827 380 1871 435; x_wconf 85' lang='lat' dir='ltr'><strong>A</strong></span> <span class='ocrx_word' id='word_1_14' title='bbox 1908 377 2065 432; x_wconf 71' lang='lat' dir='ltr'>Ades.</span> <span class='ocrx_word' id='word_1_15' title='bbox 2101 380 2166 433; x_wconf 88' lang='lat' dir='ltr'>In</span> <span class='ocrx_word' id='word_1_16' title='bbox 2196 380 2479 451; x_wconf 89' lang='lat' dir='ltr'>baptismo</span> <span class='ocrx_word' id='word_1_17' title='bbox 2509 397 2643 438; x_wconf 88' lang='lat' dir='ltr'>vero</span> <span class='ocrx_word' id='word_1_18' title='bbox 2674 384 2986 439; x_wconf 81' lang='lat' dir='ltr'>remittitur</span> <span class='ocrx_word' id='word_1_19' title='bbox 3015 386 3183 456; x_wconf 89' lang='lat' dir='ltr'>culpa</span> <span class='ocrx_word' id='word_1_20' title='bbox 3212 388 3267 439; x_wconf 91' lang='lat' dir='ltr'>et</span> <span class='ocrx_word' id='word_1_21' title='bbox 3292 403 3463 457; x_wconf 61' lang='lat' dir='ltr'>paena</span> <span class='ocrx_word' id='word_1_22' title='bbox 3503 388 3602 443; x_wconf 87' lang='lat' dir='ltr'>de-</span> 
     </span>
    </p>
   </div>
   <div class='ocr_carea' id='block_1_5' title="bbox 108 463 1794 538">
    <p class='ocr_par' dir='ltr' id='par_1_5' title="bbox 108 463 1794 538">
     <span class='ocr_line' id='line_1_5' title="bbox 108 463 1794 538; baseline -0.001 -15"><span class='ocrx_word' id='word_1_23' title='bbox 108 468 256 523; x_wconf 92' lang='lat' dir='ltr'>enim</span> <span class='ocrx_word' id='word_1_24' title='bbox 284 464 518 536; x_wconf 83' lang='lat' dir='ltr'>privatio</span> <span class='ocrx_word' id='word_1_25' title='bbox 549 463 608 518; x_wconf 92' lang='lat' dir='ltr'>in</span> <span class='ocrx_word' id='word_1_26' title='bbox 637 465 852 519; x_wconf 83' lang='lat' dir='ltr'>Adamo</span> <span class='ocrx_word' id='word_1_27' title='bbox 901 481 1016 519; x_wconf 90' lang='lat' dir='ltr'>non</span> <span class='ocrx_word' id='word_1_28' title='bbox 1046 465 1174 531; x_wconf 87' lang='lat' dir='ltr'>fuit,</span> <span class='ocrx_word' id='word_1_29' title='bbox 1209 466 1309 537; x_wconf 86' lang='lat' dir='ltr'>qui</span> <span class='ocrx_word' id='word_1_30' title='bbox 1339 466 1586 521; x_wconf 85' lang='lat' dir='ltr'>habebat</span> <span class='ocrx_word' id='word_1_31' title='bbox 1631 468 1720 538; x_wconf 88' lang='lat' dir='ltr'>adj</span> <span class='ocrx_word' id='word_1_32' title='bbox 1734 484 1794 522; x_wconf 90' lang='lat' dir='ltr'>u-</span> 
     </span>
    </p>
   </div>
   <div class='ocr_carea' id='block_1_6' title="bbox 110 552 1794 625">
    <p class='ocr_par' dir='ltr' id='par_1_6' title="bbox 110 552 1794 625">
     <span class='ocr_line' id='line_1_6' title="bbox 110 552 1794 625; baseline -0.001 -14"><span class='ocrx_word' id='word_1_33' title='bbox 110 557 310 611; x_wconf 89' lang='lat' dir='ltr'>torium</span> <span class='ocrx_word' id='word_1_34' title='bbox 339 552 883 607; x_wconf 77' lang='lat' dir='ltr'>sufﬁcientissimum</span> <span class='ocrx_word' id='word_1_35' title='bbox 914 554 986 608; x_wconf 91' lang='lat' dir='ltr'>ad</span> <span class='ocrx_word' id='word_1_36' title='bbox 1028 556 1547 625; x_wconf 89' lang='lat' dir='ltr'>perseverandum;</span> <span class='ocrx_word' id='word_1_37' title='bbox 1582 558 1794 625; x_wconf 86' lang='lat' dir='ltr'>solum-</span> 
     </span>
    </p>
   </div>
   <div class='ocr_carea' id='block_1_7' title="bbox 112 642 1795 717">
    <p class='ocr_par' dir='ltr' id='par_1_7' title="bbox 112 642 1795 717">
     <span class='ocr_line' id='line_1_7' title="bbox 112 642 1795 717; baseline -0.001 -18"><span class='ocrx_word' id='word_1_38' title='bbox 112 661 218 717; x_wconf 87' lang='lat' dir='ltr'>que</span> <span class='ocrx_word' id='word_1_39' title='bbox 246 643 323 697; x_wconf 83' lang='lat' dir='ltr'>illi</span> <span class='ocrx_word' id='word_1_40' title='bbox 344 644 481 696; x_wconf 83' lang='lat' dir='ltr'>velle</span> <span class='ocrx_word' id='word_1_41' title='bbox 514 659 680 697; x_wconf 90' lang='lat' dir='ltr'>suum</span> <span class='ocrx_word' id='word_1_42' title='bbox 715 642 913 696; x_wconf 85' lang='lat' dir='ltr'>defuit.</span> <span class='ocrx_word' id='word_1_43' title='bbox 964 645 1037 696; x_wconf 82' lang='lat' dir='ltr'>At</span> <span class='ocrx_word' id='word_1_44' title='bbox 1083 643 1203 714; x_wconf 91' lang='lat' dir='ltr'>ipse</span> <span class='ocrx_word' id='word_1_45' title='bbox 1235 648 1292 697; x_wconf 92' lang='lat' dir='ltr'>et</span> <span class='ocrx_word' id='word_1_46' title='bbox 1321 644 1428 698; x_wconf 87' lang='lat' dir='ltr'>sibi</span> <span class='ocrx_word' id='word_1_47' title='bbox 1480 649 1535 699; x_wconf 90' lang='lat' dir='ltr'>et</span> <span class='ocrx_word' id='word_1_48' title='bbox 1561 645 1668 699; x_wconf 91' lang='lat' dir='ltr'>toti</span> <span class='ocrx_word' id='word_1_49' title='bbox 1698 662 1795 715; x_wconf 88' lang='lat' dir='ltr'>ge-</span> 
     </span>
    </p>
   </div>
   <div class='ocr_carea' id='block_1_8' title="bbox 112 731 1795 803">
    <p class='ocr_par' dir='ltr' id='par_1_8' title="bbox 112 731 1795 803">
     <span class='ocr_line' id='line_1_8' title="bbox 112 731 1795 803; baseline 0.001 -17"><span class='ocrx_word' id='word_1_50' title='bbox 112 734 225 787; x_wconf 91' lang='lat' dir='ltr'>neri</span> <span class='ocrx_word' id='word_1_51' title='bbox 252 733 498 786; x_wconf 89' lang='lat' dir='ltr'>humano</span> <span class='ocrx_word' id='word_1_52' title='bbox 557 731 860 785; x_wconf 89' lang='lat' dir='ltr'>subsecuto</span> <span class='ocrx_word' id='word_1_53' title='bbox 913 731 1045 785; x_wconf 91' lang='lat' dir='ltr'>talis</span> <span class='ocrx_word' id='word_1_54' title='bbox 1094 732 1369 802; x_wconf 76' lang='lat' dir='ltr'>potentiae</span> <span class='ocrx_word' id='word_1_55' title='bbox 1414 732 1795 803; x_wconf 80' lang='lat' dir='ltr'>privationem</span> 
     </span>
    </p>
   </div>
   <div class='ocr_carea' id='block_1_9' title="bbox 104 820 1793 891">
    <p class='ocr_par' dir='ltr' id='par_1_9' title="bbox 104 820 1793 891">
     <span class='ocr_line' id='line_1_9' title="bbox 104 820 1793 891; baseline 0 -16"><span class='ocrx_word' id='word_1_56' title='bbox 104 822 307 882; x_wconf 84' lang='lat' dir='ltr'>intulit.</span> <span class='ocrx_word' id='word_1_57' title='bbox 341 821 503 891; x_wconf 84' lang='lat' dir='ltr'>cujus</span> <span class='ocrx_word' id='word_1_58' title='bbox 533 820 830 874; x_wconf 87' lang='lat' dir='ltr'>occasione</span> <span class='ocrx_word' id='word_1_59' title='bbox 858 824 1015 874; x_wconf 86' lang='lat' dir='ltr'>tanta</span> <span class='ocrx_word' id='word_1_60' title='bbox 1041 821 1285 875; x_wconf 90' lang='lat' dir='ltr'>crimina</span> <span class='ocrx_word' id='word_1_61' title='bbox 1335 822 1793 876; x_wconf 88' lang='lat' dir='ltr'>committuntur.</span> 
     </span>
    </p>
   </div>
   <div class='ocr_carea' id='block_1_10' title="bbox 102 908 1793 987">
    <p class='ocr_par' dir='ltr' id='par_1_10' title="bbox 102 908 1793 987">
     <span class='ocr_line' id='line_1_10' title="bbox 102 908 1793 987; baseline 0.001 -23"><span class='ocrx_word' id='word_1_62' title='bbox 102 913 247 965; x_wconf 82' lang='lat' dir='ltr'>Hanc</span> <span class='ocrx_word' id='word_1_63' title='bbox 294 909 615 987; x_wconf 79' lang='lat' dir='ltr'>doctrinam</span> <span class='ocrx_word' id='word_1_64' title='bbox 670 908 853 963; x_wconf 87' lang='lat' dir='ltr'>fusius</span> <span class='ocrx_word' id='word_1_65' title='bbox 909 909 1181 979; x_wconf 83' lang='lat' dir='ltr'>explicavi</span> <span class='ocrx_word' id='word_1_66' title='bbox 1238 911 1501 980; x_wconf 85' lang='lat' dir='ltr'>superius</span> <span class='ocrx_word' id='word_1_67' title='bbox 1554 927 1677 981; x_wconf 87' lang='lat' dir='ltr'>cap.</span> <span class='ocrx_word' id='word_1_68' title='bbox 1741 915 1793 977; x_wconf 89' lang='lat'>3,</span> 
     </span>
    </p>
   </div>
   <div class='ocr_carea' id='block_1_11' title="bbox 103 996 1796 1069">
    <p class='ocr_par' dir='ltr' id='par_1_11' title="bbox 103 996 1796 1069">
     <span class='ocr_line' id='line_1_11' title="bbox 103 996 1796 1069; baseline -0.001 -15"><span class='ocrx_word' id='word_1_69' title='bbox 103 996 397 1069; x_wconf 80' lang='lat' dir='ltr'>Gregorius</span> <span class='ocrx_word' id='word_1_70' title='bbox 427 996 821 1064; x_wconf 71' lang='lat' dir='ltr'>Ariininensis,</span> <span class='ocrx_word' id='word_1_71' title='bbox 852 996 915 1051; x_wconf 90' lang='lat' dir='ltr'>in</span> <span class='ocrx_word' id='word_1_72' title='bbox 944 1000 997 1065; x_wconf 82' lang='lat'>2,</span> <span class='ocrx_word' id='word_1_73' title='bbox 1040 997 1170 1052; x_wconf 86' lang='lat' dir='ltr'>dist.</span> <span class='ocrx_word' id='word_1_74' title='bbox 1198 1000 1290 1066; x_wconf 83' lang='lat'>26,</span> <span class='ocrx_word' id='word_1_75' title='bbox 1323 1014 1379 1069; x_wconf 89' lang='lat' dir='ltr'>q.</span> <span class='ocrx_word' id='word_1_76' title='bbox 1408 1001 1429 1052; x_wconf 83' lang='grc'><strong>1</strong></span> <span class='ocrx_word' id='word_1_77' title='bbox 1466 1002 1524 1053; x_wconf 88' lang='lat' dir='ltr'>et</span> <span class='ocrx_word' id='word_1_78' title='bbox 1553 1002 1607 1067; x_wconf 84' lang='lat'>2,</span> <span class='ocrx_word' id='word_1_79' title='bbox 1641 999 1796 1053; x_wconf 87' lang='lat' dir='ltr'>idem</span> 
     </span>
    </p>
   </div>
   <div class='ocr_carea' id='block_1_12' title="bbox 103 1086 706 1158">
    <p class='ocr_par' dir='ltr' id='par_1_12' title="bbox 103 1086 706 1158">
     <span class='ocr_line' id='line_1_12' title="bbox 103 1086 706 1158; baseline -0.003 -15"><span class='ocrx_word' id='word_1_80' title='bbox 103 1106 164 1143; x_wconf 88' lang='lat' dir='ltr'>ex</span> <span class='ocrx_word' id='word_1_81' title='bbox 182 1086 500 1158; x_wconf 82' lang='lat' dir='ltr'>Augustino</span> <span class='ocrx_word' id='word_1_82' title='bbox 524 1087 706 1141; x_wconf 89' lang='lat' dir='ltr'>docet.</span> 
     </span>
    </p>
   </div>
   <div class='ocr_carea' id='block_1_13' title="bbox 166 1174 1797 1247">
    <p class='ocr_par' dir='ltr' id='par_1_13' title="bbox 166 1174 1797 1247">
     <span class='ocr_line' id='line_1_13' title="bbox 166 1174 1797 1247; baseline 0 -17"><span class='ocrx_word' id='word_1_83' title='bbox 166 1176 450 1247; x_wconf 85' lang='lat' dir='ltr'>Objiciunt</span> <span class='ocrx_word' id='word_1_84' title='bbox 488 1177 703 1246; x_wconf 85' lang='lat' dir='ltr'>plures,</span> <span class='ocrx_word' id='word_1_85' title='bbox 766 1174 866 1246; x_wconf 88' lang='lat' dir='ltr'>qui</span> <span class='ocrx_word' id='word_1_86' title='bbox 894 1174 1026 1229; x_wconf 90' lang='lat' dir='ltr'>licet</span> <span class='ocrx_word' id='word_1_87' title='bbox 1075 1179 1374 1245; x_wconf 89' lang='lat' dir='ltr'>peccatum</span> <span class='ocrx_word' id='word_1_88' title='bbox 1429 1176 1707 1247; x_wconf 85' lang='lat' dir='ltr'>originale</span> <span class='ocrx_word' id='word_1_89' title='bbox 1736 1176 1797 1231; x_wconf 92' lang='lat' dir='ltr'>in</span> 
     </span>
    </p>
   </div>
   <div class='ocr_carea' id='block_1_14' title="bbox 100 1263 1796 1336">
    <p class='ocr_par' dir='ltr' id='par_1_14' title="bbox 100 1263 1796 1336">
     <span class='ocr_line' id='line_1_14' title="bbox 100 1263 1796 1336; baseline 0.001 -17"><span class='ocrx_word' id='word_1_90' title='bbox 100 1266 162 1320; x_wconf 90' lang='lat' dir='ltr'>iis</span> <span class='ocrx_word' id='word_1_91' title='bbox 190 1266 401 1336; x_wconf 87' lang='lat' dir='ltr'>quibus</span> <span class='ocrx_word' id='word_1_92' title='bbox 432 1281 548 1319; x_wconf 92' lang='lat' dir='ltr'>non</span> <span class='ocrx_word' id='word_1_93' title='bbox 578 1269 660 1319; x_wconf 90' lang='lat' dir='ltr'>est</span> <span class='ocrx_word' id='word_1_94' title='bbox 687 1263 990 1324; x_wconf 83' lang='lat' dir='ltr'>remissum</span> <span class='ocrx_word' id='word_1_95' title='bbox 1011 1265 1330 1319; x_wconf 86' lang='lat' dir='ltr'>concedant</span> <span class='ocrx_word' id='word_1_96' title='bbox 1358 1282 1481 1319; x_wconf 92' lang='lat' dir='ltr'>esse</span> <span class='ocrx_word' id='word_1_97' title='bbox 1504 1267 1796 1321; x_wconf 82' lang='lat' dir='ltr'>sufficiens</span> 
     </span>
    </p>
   </div>
   <div class='ocr_carea' id='block_1_15' title="bbox 100 1352 1796 1424">
    <p class='ocr_par' dir='ltr' id='par_1_15' title="bbox 100 1352 1796 1424">
     <span class='ocr_line' id='line_1_15' title="bbox 100 1352 1796 1424; baseline 0.001 -16"><span class='ocrx_word' id='word_1_98' title='bbox 100 1354 374 1408; x_wconf 90' lang='lat' dir='ltr'>motivum</span> <span class='ocrx_word' id='word_1_99' title='bbox 407 1352 846 1424; x_wconf 89' lang='lat' dir='ltr'>reprobationis,</span> <span class='ocrx_word' id='word_1_100' title='bbox 876 1353 938 1406; x_wconf 92' lang='lat' dir='ltr'>in</span> <span class='ocrx_word' id='word_1_101' title='bbox 968 1352 1271 1424; x_wconf 90' lang='lat' dir='ltr'>baptizatis</span> <span class='ocrx_word' id='word_1_102' title='bbox 1300 1357 1493 1408; x_wconf 91' lang='lat' dir='ltr'>tamen</span> <span class='ocrx_word' id='word_1_103' title='bbox 1543 1354 1601 1409; x_wconf 88' lang='lat' dir='ltr'>id</span> <span class='ocrx_word' id='word_1_104' title='bbox 1638 1356 1796 1409; x_wconf 92' lang='lat' dir='ltr'>nullo</span> 
     </span>
    </p>
   </div>
   <div class='ocr_carea' id='block_1_16' title="bbox 98 1441 1795 1514">
    <p class='ocr_par' dir='ltr' id='par_1_16' title="bbox 98 1441 1795 1514">
     <span class='ocr_line' id='line_1_16' title="bbox 98 1441 1795 1514; baseline 0.001 -18"><span class='ocrx_word' id='word_1_105' title='bbox 98 1446 254 1514; x_wconf 88' lang='lat' dir='ltr'>pacto</span> <span class='ocrx_word' id='word_1_106' title='bbox 319 1441 435 1496; x_wconf 92' lang='lat' dir='ltr'>dici</span> <span class='ocrx_word' id='word_1_107' title='bbox 489 1458 655 1513; x_wconf 86' lang='lat' dir='ltr'>posse</span> <span class='ocrx_word' id='word_1_108' title='bbox 712 1441 1093 1498; x_wconf 83' lang='lat' dir='ltr'>existimant:</span> <span class='ocrx_word' id='word_1_109' title='bbox 1144 1459 1279 1497; x_wconf 90' lang='lat' dir='ltr'>nam</span> <span class='ocrx_word' id='word_1_110' title='bbox 1340 1447 1638 1514; x_wconf 91' lang='lat' dir='ltr'>peccatum</span> <span class='ocrx_word' id='word_1_111' title='bbox 1706 1460 1795 1498; x_wconf 90' lang='lat' dir='ltr'>re-</span> 
     </span>
    </p>
   </div>
   <div class='ocr_carea' id='block_1_17' title="bbox 98 1532 1796 1603">
    <p class='ocr_par' dir='ltr' id='par_1_17' title="bbox 98 1532 1796 1603">
     <span class='ocr_line' id='line_1_17' title="bbox 98 1532 1796 1603; baseline 0 -17"><span class='ocrx_word' id='word_1_112' title='bbox 98 1532 329 1587; x_wconf 89' lang='lat' dir='ltr'>missum</span> <span class='ocrx_word' id='word_1_113' title='bbox 354 1547 473 1585; x_wconf 92' lang='lat' dir='ltr'>non</span> <span class='ocrx_word' id='word_1_114' title='bbox 502 1535 690 1602; x_wconf 83' lang='lat' dir='ltr'>potest</span> <span class='ocrx_word' id='word_1_115' title='bbox 719 1547 840 1585; x_wconf 91' lang='lat' dir='ltr'>esse</span> <span class='ocrx_word' id='word_1_116' title='bbox 896 1548 1065 1586; x_wconf 88' lang='lat' dir='ltr'>causa</span> <span class='ocrx_word' id='word_1_117' title='bbox 1093 1548 1194 1586; x_wconf 92' lang='lat' dir='ltr'>cur</span> <span class='ocrx_word' id='word_1_118' title='bbox 1242 1533 1414 1587; x_wconf 91' lang='lat' dir='ltr'>homo</span> <span class='ocrx_word' id='word_1_119' title='bbox 1469 1533 1796 1603; x_wconf 85' lang='lat' dir='ltr'>damnetur,</span> 
     </span>
    </p>
   </div>
   <div class='ocr_carea' id='block_1_18' title="bbox 97 1620 1797 1691">
    <p class='ocr_par' dir='ltr' id='par_1_18' title="bbox 97 1620 1797 1691">
     <span class='ocr_line' id='line_1_18' title="bbox 97 1620 1797 1691; baseline 0 -16"><span class='ocrx_word' id='word_1_120' title='bbox 97 1637 206 1675; x_wconf 92' lang='lat' dir='ltr'>non</span> <span class='ocrx_word' id='word_1_121' title='bbox 262 1624 411 1674; x_wconf 88' lang='lat' dir='ltr'>esset</span> <span class='ocrx_word' id='word_1_122' title='bbox 467 1620 623 1674; x_wconf 90' lang='lat' dir='ltr'>enim</span> <span class='ocrx_word' id='word_1_123' title='bbox 671 1620 974 1675; x_wconf 89' lang='lat' dir='ltr'>remissum</span> <span class='ocrx_word' id='word_1_124' title='bbox 1030 1621 1078 1675; x_wconf 92' lang='lat' dir='ltr'>si</span> <span class='ocrx_word' id='word_1_125' title='bbox 1134 1626 1373 1691; x_wconf 87' lang='lat' dir='ltr'>propter</span> <span class='ocrx_word' id='word_1_126' title='bbox 1419 1622 1563 1677; x_wconf 91' lang='lat' dir='ltr'>illud</span> <span class='ocrx_word' id='word_1_127' title='bbox 1615 1626 1797 1675; x_wconf 91' lang='lat' dir='ltr'>morte</span> 
     </span>
    </p>
   </div>
   <div class='ocr_carea' id='block_1_19' title="bbox 97 1708 1796 1780">
    <p class='ocr_par' dir='ltr' id='par_1_19' title="bbox 97 1708 1796 1780">
     <span class='ocr_line' id='line_1_19' title="bbox 97 1708 1796 1780; baseline 0.002 -18"><span class='ocrx_word' id='word_1_128' title='bbox 97 1714 369 1780; x_wconf 89' lang='lat' dir='ltr'>perpetua</span> <span class='ocrx_word' id='word_1_129' title='bbox 419 1709 801 1779; x_wconf 86' lang='lat' dir='ltr'>plecteretur:</span> <span class='ocrx_word' id='word_1_130' title='bbox 860 1708 1146 1779; x_wconf 83' lang='lat' dir='ltr'>baptizata</span> <span class='ocrx_word' id='word_1_131' title='bbox 1182 1725 1316 1764; x_wconf 91' lang='lat' dir='ltr'>vero</span> <span class='ocrx_word' id='word_1_132' title='bbox 1355 1714 1441 1764; x_wconf 90' lang='lat' dir='ltr'>est</span> <span class='ocrx_word' id='word_1_133' title='bbox 1492 1710 1796 1765; x_wconf 90' lang='lat' dir='ltr'>remissum</span> 
     </span>
    </p>
   </div>
   <div class='ocr_carea' id='block_1_20' title="bbox 98 1798 1800 1871">
    <p class='ocr_par' dir='ltr' id='par_1_20' title="bbox 98 1798 1800 1871">
     <span class='ocr_line' id='line_1_20' title="bbox 98 1798 1800 1871; baseline 0.003 -20"><span class='ocrx_word' id='word_1_134' title='bbox 98 1798 369 1869; x_wconf 82' lang='lat' dir='ltr'>originale</span> <span class='ocrx_word' id='word_1_135' title='bbox 401 1802 723 1868; x_wconf 82' lang='lat' dir='ltr'>peccatum,</span> <span class='ocrx_word' id='word_1_136' title='bbox 755 1802 808 1852; x_wconf 92' lang='lat' dir='ltr'>et</span> <span class='ocrx_word' id='word_1_137' title='bbox 838 1803 1080 1869; x_wconf 87' lang='lat' dir='ltr'>propter</span> <span class='ocrx_word' id='word_1_138' title='bbox 1128 1798 1272 1854; x_wconf 92' lang='lat' dir='ltr'>illud</span> <span class='ocrx_word' id='word_1_139' title='bbox 1301 1800 1447 1855; x_wconf 88' lang='lat' dir='ltr'>nulli</span> <span class='ocrx_word' id='word_1_140' title='bbox 1497 1817 1683 1871; x_wconf 72' lang='lat' dir='ltr'>poenae</span> <span class='ocrx_word' id='word_1_141' title='bbox 1715 1806 1800 1856; x_wconf 90' lang='lat' dir='ltr'>est</span> 
     </span>
    </p>
   </div>
   <div class='ocr_carea' id='block_1_21' title="bbox 98 1888 1799 1959">
    <p class='ocr_par' dir='ltr' id='par_1_21' title="bbox 98 1888 1799 1959">
     <span class='ocr_line' id='line_1_21' title="bbox 98 1888 1799 1959; baseline 0.002 -19"><span class='ocrx_word' id='word_1_142' title='bbox 98 1888 419 1958; x_wconf 84' lang='lat' dir='ltr'>subjectus;</span> <span class='ocrx_word' id='word_1_143' title='bbox 478 1904 582 1942; x_wconf 91' lang='lat' dir='ltr'>nec</span> <span class='ocrx_word' id='word_1_144' title='bbox 660 1892 851 1957; x_wconf 90' lang='lat' dir='ltr'>potest</span> <span class='ocrx_word' id='word_1_145' title='bbox 916 1888 1189 1959; x_wconf 90' lang='lat' dir='ltr'>componi</span> <span class='ocrx_word' id='word_1_146' title='bbox 1260 1890 1533 1943; x_wconf 88' lang='lat' dir='ltr'>voluntas</span> <span class='ocrx_word' id='word_1_147' title='bbox 1605 1891 1799 1944; x_wconf 87' lang='lat' dir='ltr'>remit-</span> 
     </span>
    </p>
   </div>
   <div class='ocr_carea' id='block_1_22' title="bbox 97 1976 1798 2047">
    <p class='ocr_par' dir='ltr' id='par_1_22' title="bbox 97 1976 1798 2047">
     <span class='ocr_line' id='line_1_22' title="bbox 97 1976 1798 2047; baseline 0.002 -17"><span class='ocrx_word' id='word_1_148' title='bbox 97 1976 245 2030; x_wconf 87' lang='lat' dir='ltr'>tendi</span> <span class='ocrx_word' id='word_1_149' title='bbox 285 1982 588 2046; x_wconf 90' lang='lat' dir='ltr'>peccatum</span> <span class='ocrx_word' id='word_1_150' title='bbox 638 1991 770 2030; x_wconf 92' lang='lat' dir='ltr'>cum</span> <span class='ocrx_word' id='word_1_151' title='bbox 825 1976 1119 2031; x_wconf 86' lang='lat' dir='ltr'>voluntate</span> <span class='ocrx_word' id='word_1_152' title='bbox 1172 1978 1510 2047; x_wconf 89' lang='lat' dir='ltr'>damnandi,</span> <span class='ocrx_word' id='word_1_153' title='bbox 1545 1982 1601 2033; x_wconf 89' lang='lat' dir='ltr'>et</span> <span class='ocrx_word' id='word_1_154' title='bbox 1655 1980 1798 2033; x_wconf 92' lang='lat' dir='ltr'>illud</span> 
     </span>
    </p>
   </div>
   <div class='ocr_carea' id='block_1_23' title="bbox 98 2064 1797 2137">
    <p class='ocr_par' dir='ltr' id='par_1_23' title="bbox 98 2064 1797 2137">
     <span class='ocr_line' id='line_1_23' title="bbox 98 2064 1797 2137; baseline 0.003 -19"><span class='ocrx_word' id='word_1_155' title='bbox 98 2070 365 2120; x_wconf 59' lang='lat' dir='ltr'>aeternum</span> <span class='ocrx_word' id='word_1_156' title='bbox 392 2065 692 2137; x_wconf 86' lang='lat' dir='ltr'>puniendi.</span> <span class='ocrx_word' id='word_1_157' title='bbox 724 2064 870 2120; x_wconf 89' lang='lat' dir='ltr'>Sane</span> <span class='ocrx_word' id='word_1_158' title='bbox 900 2066 1320 2133; x_wconf 87' lang='lat' dir='ltr'>Tridentinum,</span> <span class='ocrx_word' id='word_1_159' title='bbox 1368 2066 1430 2121; x_wconf 89' lang='lat' dir='ltr'>in</span> <span class='ocrx_word' id='word_1_160' title='bbox 1462 2068 1689 2122; x_wconf 90' lang='lat' dir='ltr'>decreto</span> <span class='ocrx_word' id='word_1_161' title='bbox 1729 2069 1797 2123; x_wconf 91' lang='lat' dir='ltr'>de</span> 
     </span>
    </p>
   </div>
   <div class='ocr_carea' id='block_1_24' title="bbox 102 2154 1798 2226">
    <p class='ocr_par' dir='ltr' id='par_1_24' title="bbox 102 2154 1798 2226">
     <span class='ocr_line' id='line_1_24' title="bbox 102 2154 1798 2226; baseline 0.002 -18"><span class='ocrx_word' id='word_1_162' title='bbox 102 2155 324 2209; x_wconf 87' lang='lat' dir='ltr'>Peccato</span> <span class='ocrx_word' id='word_1_163' title='bbox 366 2154 655 2226; x_wconf 86' lang='lat' dir='ltr'>originali,</span> <span class='ocrx_word' id='word_1_164' title='bbox 712 2155 909 2209; x_wconf 85' lang='lat' dir='ltr'>statuit</span> <span class='ocrx_word' id='word_1_165' title='bbox 958 2154 1105 2210; x_wconf 82' lang='lat' dir='ltr'>nihil</span> <span class='ocrx_word' id='word_1_166' title='bbox 1160 2156 1530 2212; x_wconf 69' lang='lat' dir='ltr'>damnationis</span> <span class='ocrx_word' id='word_1_167' title='bbox 1577 2173 1697 2211; x_wconf 91' lang='lat' dir='ltr'>esse</span> <span class='ocrx_word' id='word_1_168' title='bbox 1737 2158 1798 2212; x_wconf 92' lang='lat' dir='ltr'>in</span> 
     </span>
    </p>
   </div>
   <div class='ocr_carea' id='block_1_25' title="bbox 100 2243 1799 2314">
    <p class='ocr_par' dir='ltr' id='par_1_25' title="bbox 100 2243 1799 2314">
     <span class='ocr_line' id='line_1_25' title="bbox 100 2243 1799 2314; baseline 0.002 -18"><span class='ocrx_word' id='word_1_169' title='bbox 100 2243 382 2314; x_wconf 89' lang='lat' dir='ltr'>baptizatis</span> <span class='ocrx_word' id='word_1_170' title='bbox 412 2261 425 2309; x_wconf 89' lang='lat'><strong>;</strong></span> <span class='ocrx_word' id='word_1_171' title='bbox 462 2250 607 2298; x_wconf 90' lang='lat' dir='ltr'>esset</span> <span class='ocrx_word' id='word_1_172' title='bbox 636 2248 829 2298; x_wconf 90' lang='lat' dir='ltr'>autem</span> <span class='ocrx_word' id='word_1_173' title='bbox 868 2244 1115 2298; x_wconf 89' lang='lat' dir='ltr'>multum</span> <span class='ocrx_word' id='word_1_174' title='bbox 1143 2244 1550 2311; x_wconf 87' lang='lat' dir='ltr'>damnationis,</span> <span class='ocrx_word' id='word_1_175' title='bbox 1580 2246 1628 2299; x_wconf 89' lang='lat' dir='ltr'>si</span> <span class='ocrx_word' id='word_1_176' title='bbox 1658 2246 1799 2300; x_wconf 87' lang='lat' dir='ltr'>ines-</span> 
     </span>
    </p>
   </div>
   <div class='ocr_carea' id='block_1_26' title="bbox 104 2331 1799 2405">
    <p class='ocr_par' dir='ltr' id='par_1_26' title="bbox 104 2331 1799 2405">
     <span class='ocr_line' id='line_1_26' title="bbox 104 2331 1799 2405; baseline 0.003 -22"><span class='ocrx_word' id='word_1_177' title='bbox 104 2336 181 2384; x_wconf 86' lang='lat' dir='ltr'>set</span> <span class='ocrx_word' id='word_1_178' title='bbox 209 2332 425 2402; x_wconf 89' lang='lat' dir='ltr'>aliquid</span> <span class='ocrx_word' id='word_1_179' title='bbox 458 2332 696 2403; x_wconf 92' lang='lat' dir='ltr'>dignum</span> <span class='ocrx_word' id='word_1_180' title='bbox 728 2331 921 2402; x_wconf 92' lang='lat' dir='ltr'>puniri</span> <span class='ocrx_word' id='word_1_181' title='bbox 974 2347 1146 2402; x_wconf 90' lang='lat' dir='ltr'>poena</span> <span class='ocrx_word' id='word_1_182' title='bbox 1196 2338 1425 2397; x_wconf 63' lang='lat' dir='ltr'>interna,</span> <span class='ocrx_word' id='word_1_183' title='bbox 1463 2335 1578 2387; x_wconf 87' lang='lat' dir='ltr'>Hoc</span> <span class='ocrx_word' id='word_1_184' title='bbox 1621 2350 1799 2405; x_wconf 90' lang='lat' dir='ltr'>argu-</span> 
     </span>
    </p>
   </div>
   <div class='ocr_carea' id='block_1_27' title="bbox 104 2419 1798 2491">
    <p class='ocr_par' dir='ltr' id='par_1_27' title="bbox 104 2419 1798 2491">
     <span class='ocr_line' id='line_1_27' title="bbox 104 2419 1798 2491; baseline 0.003 -19"><span class='ocrx_word' id='word_1_185' title='bbox 104 2426 348 2473; x_wconf 86' lang='lat' dir='ltr'>mentum</span> <span class='ocrx_word' id='word_1_186' title='bbox 381 2420 600 2491; x_wconf 88' lang='lat' dir='ltr'>pariter</span> <span class='ocrx_word' id='word_1_187' title='bbox 627 2419 1115 2491; x_wconf 78' lang='lat' dir='ltr'>Sami-Pelagiani</span> <span class='ocrx_word' id='word_1_188' title='bbox 1145 2425 1344 2474; x_wconf 81' lang='lat' dir='ltr'>contra</span> <span class='ocrx_word' id='word_1_189' title='bbox 1370 2426 1629 2476; x_wconf 91' lang='lat' dir='ltr'>sanctum</span> <span class='ocrx_word' id='word_1_190' title='bbox 1683 2426 1798 2476; x_wconf 91' lang='lat' dir='ltr'>Au-</span> 
     </span>
    </p>
   </div>
   <div class='ocr_carea' id='block_1_28' title="bbox 103 2508 1800 2581">
    <p class='ocr_par' dir='ltr' id='par_1_28' title="bbox 103 2508 1800 2581">
     <span class='ocr_line' id='line_1_28' title="bbox 103 2508 1800 2581; baseline 0.003 -21"><span class='ocrx_word' id='word_1_191' title='bbox 103 2508 379 2578; x_wconf 90' lang='lat' dir='ltr'>gustinum</span> <span class='ocrx_word' id='word_1_192' title='bbox 412 2509 807 2575; x_wconf 88' lang='lat' dir='ltr'>adducebant;</span> <span class='ocrx_word' id='word_1_193' title='bbox 840 2524 973 2562; x_wconf 90' lang='lat' dir='ltr'>nam</span> <span class='ocrx_word' id='word_1_194' title='bbox 998 2525 1130 2564; x_wconf 93' lang='lat' dir='ltr'>cum</span> <span class='ocrx_word' id='word_1_195' title='bbox 1159 2509 1256 2563; x_wconf 91' lang='lat' dir='ltr'>ille</span> <span class='ocrx_word' id='word_1_196' title='bbox 1288 2517 1571 2565; x_wconf 86' lang='lat' dir='ltr'>assereret</span> <span class='ocrx_word' id='word_1_197' title='bbox 1602 2527 1800 2581; x_wconf 91' lang='lat' dir='ltr'>pecca-</span> 
     </span>
    </p>
   </div>
   <div class='ocr_carea' id='block_1_29' title="bbox 104 2598 1799 2668">
    <p class='ocr_par' dir='ltr' id='par_1_29' title="bbox 104 2598 1799 2668">
     <span class='ocr_line' id='line_1_29' title="bbox 104 2598 1799 2668; baseline 0.002 -18"><span class='ocrx_word' id='word_1_198' title='bbox 104 2602 217 2650; x_wconf 89' lang='lat' dir='ltr'>tum</span> <span class='ocrx_word' id='word_1_199' title='bbox 247 2598 531 2668; x_wconf 86' lang='lat' dir='ltr'>originale</span> <span class='ocrx_word' id='word_1_200' title='bbox 576 2613 697 2651; x_wconf 91' lang='lat' dir='ltr'>esse</span> <span class='ocrx_word' id='word_1_201' title='bbox 754 2612 988 2652; x_wconf 88' lang='lat' dir='ltr'>causam</span> <span class='ocrx_word' id='word_1_202' title='bbox 1044 2614 1145 2652; x_wconf 88' lang='lat' dir='ltr'>cur</span> <span class='ocrx_word' id='word_1_203' title='bbox 1186 2599 1449 2654; x_wconf 88' lang='lat' dir='ltr'>homines</span> <span class='ocrx_word' id='word_1_204' title='bbox 1479 2600 1799 2654; x_wconf 90' lang='lat' dir='ltr'>universim</span> 
     </span>
    </p>
   </div>
   <div class='ocr_carea' id='block_1_30' title="bbox 104 2685 1797 2759">
    <p class='ocr_par' dir='ltr' id='par_1_30' title="bbox 104 2685 1797 2759">
     <span class='ocr_line' id='line_1_30' title="bbox 104 2685 1797 2759; baseline 0.002 -19"><span class='ocrx_word' id='word_1_205' title='bbox 104 2685 304 2740; x_wconf 82' lang='lat' dir='ltr'>fuerint</span> <span class='ocrx_word' id='word_1_206' title='bbox 330 2687 650 2757; x_wconf 90' lang='lat' dir='ltr'>reprobati,</span> <span class='ocrx_word' id='word_1_207' title='bbox 685 2702 826 2759; x_wconf 90' lang='lat' dir='ltr'>quos</span> <span class='ocrx_word' id='word_1_208' title='bbox 844 2688 1037 2742; x_wconf 87' lang='lat' dir='ltr'>divina</span> <span class='ocrx_word' id='word_1_209' title='bbox 1063 2688 1491 2759; x_wconf 85' lang='lat' dir='ltr'>praedestinatio</span> <span class='ocrx_word' id='word_1_210' title='bbox 1524 2706 1657 2744; x_wconf 89' lang='lat' dir='ltr'>suos</span> <span class='ocrx_word' id='word_1_211' title='bbox 1690 2706 1797 2744; x_wconf 92' lang='lat' dir='ltr'>non</span> 
     </span>
    </p>
   </div>
   <div class='ocr_carea' id='block_1_31' title="bbox 104 2774 1796 2849">
    <p class='ocr_par' dir='ltr' id='par_1_31' title="bbox 104 2774 1796 2849">
     <span class='ocr_line' id='line_1_31' title="bbox 104 2774 1796 2849; baseline 0.002 -21"><span class='ocrx_word' id='word_1_212' title='bbox 104 2774 319 2843; x_wconf 84' lang='lat' dir='ltr'>fecerat,</span> <span class='ocrx_word' id='word_1_213' title='bbox 352 2776 684 2831; x_wconf 88' lang='lat' dir='ltr'>inferebant</span> <span class='ocrx_word' id='word_1_214' title='bbox 735 2776 844 2831; x_wconf 89' lang='lat' dir='ltr'>hoc</span> <span class='ocrx_word' id='word_1_215' title='bbox 876 2777 1189 2839; x_wconf 85' lang='lat' dir='ltr'>absurdum</span> <span class='ocrx_word' id='word_1_216' title='bbox 1221 2795 1285 2831; x_wconf 91' lang='lat' dir='ltr'>ex</span> <span class='ocrx_word' id='word_1_217' title='bbox 1315 2779 1619 2849; x_wconf 82' lang='lat' dir='ltr'>Augustini</span> <span class='ocrx_word' id='word_1_218' title='bbox 1661 2796 1796 2832; x_wconf 90' lang='lat' dir='ltr'>sen-</span> 
     </span>
    </p>
   </div>
   <div class='ocr_carea' id='block_1_32' title="bbox 105 2864 1793 2939">
    <p class='ocr_par' dir='ltr' id='par_1_32' title="bbox 105 2864 1793 2939">
     <span class='ocr_line' id='line_1_32' title="bbox 105 2864 1793 2939; baseline 0.004 -23"><span class='ocrx_word' id='word_1_219' title='bbox 105 2864 287 2931; x_wconf 85' lang='lat' dir='ltr'>tentia,</span> <span class='ocrx_word' id='word_1_220' title='bbox 318 2865 477 2936; x_wconf 92' lang='lat' dir='ltr'>quob</span> <span class='ocrx_word' id='word_1_221' title='bbox 503 2866 571 2919; x_wconf 84' lang='lat' dir='ltr'>ab</span> <span class='ocrx_word' id='word_1_222' title='bbox 590 2869 666 2920; x_wconf 82' lang='lat' dir='ltr'>eis</span> <span class='ocrx_word' id='word_1_223' title='bbox 700 2869 797 2935; x_wconf 87' lang='lat' dir='ltr'>qui</span> <span class='ocrx_word' id='word_1_224' title='bbox 819 2881 924 2921; x_wconf 78' lang='lat' dir='ltr'>non</span> <span class='ocrx_word' id='word_1_225' title='bbox 951 2871 1079 2921; x_wconf 84' lang='lat' dir='ltr'>sunt</span> <span class='ocrx_word' id='word_1_226' title='bbox 1101 2867 1481 2935; x_wconf 66' lang='lat' dir='ltr'>prwdestinati</span> <span class='ocrx_word' id='word_1_227' title='bbox 1508 2869 1582 2922; x_wconf 86' lang='lat' dir='ltr'>ad</span> <span class='ocrx_word' id='word_1_228' title='bbox 1604 2871 1793 2939; x_wconf 87' lang='lat' dir='ltr'>vitam,</span> 
     </span>
    </p>
   </div>
   <div class='ocr_carea' id='block_1_33' title="bbox 1904 467 3600 544">
    <p class='ocr_par' dir='ltr' id='par_1_33' title="bbox 1904 467 3600 544">
     <span class='ocr_line' id='line_1_33' title="bbox 1904 467 3600 544; baseline 0.005 -23"><span class='ocrx_word' id='word_1_229' title='bbox 1904 467 2024 521; x_wconf 89' lang='lat' dir='ltr'>bita</span> <span class='ocrx_word' id='word_1_230' title='bbox 2051 483 2311 537; x_wconf 58' lang='lat' dir='ltr'>personat</span> <span class='ocrx_word' id='word_1_231' title='bbox 2342 487 2470 540; x_wconf 67' lang='lat' dir='ltr'>qua:</span> <span class='ocrx_word' id='word_1_232' title='bbox 2500 471 2773 541; x_wconf 89' lang='lat' dir='ltr'>peccavit,</span> <span class='ocrx_word' id='word_1_233' title='bbox 2807 490 2925 527; x_wconf 91' lang='lat' dir='ltr'>non</span> <span class='ocrx_word' id='word_1_234' title='bbox 2955 474 3255 544; x_wconf 75' lang='lat' dir='ltr'>pmnalitas</span> <span class='ocrx_word' id='word_1_235' title='bbox 3290 475 3505 530; x_wconf 84' lang='lat' dir='ltr'>inﬂicta</span> <span class='ocrx_word' id='word_1_236' title='bbox 3534 492 3600 531; x_wconf 92' lang='lat' dir='ltr'>ex</span> 
     </span>
    </p>
   </div>
   <div class='ocr_carea' id='block_1_34' title="bbox 1904 556 3605 636">
    <p class='ocr_par' dir='ltr' id='par_1_34' title="bbox 1904 556 3605 636">
     <span class='ocr_line' id='line_1_34' title="bbox 1904 556 3605 636; baseline 0.005 -27"><span class='ocrx_word' id='word_1_237' title='bbox 1904 556 2090 627; x_wconf 89' lang='lat' dir='ltr'>primo</span> <span class='ocrx_word' id='word_1_238' title='bbox 2122 564 2350 628; x_wconf 87' lang='lat' dir='ltr'>peccato</span> <span class='ocrx_word' id='word_1_239' title='bbox 2380 560 2489 629; x_wconf 89' lang='lat' dir='ltr'>ipsi</span> <span class='ocrx_word' id='word_1_240' title='bbox 2520 566 2763 630; x_wconf 63' lang='lat' dir='ltr'>naturas,</span> <span class='ocrx_word' id='word_1_241' title='bbox 2818 564 2972 634; x_wconf 90' lang='lat' dir='ltr'>quod</span> <span class='ocrx_word' id='word_1_242' title='bbox 3010 566 3271 635; x_wconf 88' lang='lat' dir='ltr'>exemplo</span> <span class='ocrx_word' id='word_1_243' title='bbox 3312 566 3605 636; x_wconf 91' lang='lat' dir='ltr'>concupis-</span> 
     </span>
    </p>
   </div>
   <div class='ocr_carea' id='block_1_35' title="bbox 1904 647 3603 725">
    <p class='ocr_par' dir='ltr' id='par_1_35' title="bbox 1904 647 3603 725">
     <span class='ocr_line' id='line_1_35' title="bbox 1904 647 3603 725; baseline 0.006 -27"><span class='ocrx_word' id='word_1_244' title='bbox 1904 647 2107 699; x_wconf 69' lang='lat' dir='ltr'>centizn</span> <span class='ocrx_word' id='word_1_245' title='bbox 2140 647 2385 701; x_wconf 80' lang='lat' dir='ltr'>diximus</span> <span class='ocrx_word' id='word_1_246' title='bbox 2415 648 2539 702; x_wconf 81' lang='lat' dir='ltr'>ﬁeri</span> <span class='ocrx_word' id='word_1_247' title='bbox 2593 651 2984 707; x_wconf 85' lang='lat' dir='ltr'>manifestum.</span> <span class='ocrx_word' id='word_1_248' title='bbox 3038 653 3222 716; x_wconf 87' lang='lat' dir='ltr'>Quare</span> <span class='ocrx_word' id='word_1_249' title='bbox 3276 655 3347 707; x_wconf 93' lang='lat' dir='ltr'>ob</span> <span class='ocrx_word' id='word_1_250' title='bbox 3378 661 3603 725; x_wconf 88' lang='lat' dir='ltr'>peccata</span> 
     </span>
    </p>
   </div>
   <div class='ocr_carea' id='block_1_36' title="bbox 1906 736 3604 797">
    <p class='ocr_par' dir='ltr' id='par_1_36' title="bbox 1906 736 3604 797">
     <span class='ocr_line' id='line_1_36' title="bbox 1906 736 3604 797; baseline 0.005 -10"><span class='ocrx_word' id='word_1_251' title='bbox 1906 736 2147 788; x_wconf 89' lang='lat' dir='ltr'>actualia</span> <span class='ocrx_word' id='word_1_252' title='bbox 2206 736 2465 790; x_wconf 89' lang='lat' dir='ltr'>homines</span> <span class='ocrx_word' id='word_1_253' title='bbox 2527 738 2789 793; x_wconf 88' lang='lat' dir='ltr'>damnari</span> <span class='ocrx_word' id='word_1_254' title='bbox 2846 741 3108 794; x_wconf 88' lang='lat' dir='ltr'>concedit</span> <span class='ocrx_word' id='word_1_255' title='bbox 3159 749 3385 796; x_wconf 87' lang='lat' dir='ltr'>sanctus</span> <span class='ocrx_word' id='word_1_256' title='bbox 3440 746 3604 797; x_wconf 89' lang='lat' dir='ltr'>Pater</span> 
     </span>
    </p>
   </div>
   <div class='ocr_carea' id='block_1_37' title="bbox 1905 824 3606 903">
    <p class='ocr_par' dir='ltr' id='par_1_37' title="bbox 1905 824 3606 903">
     <span class='ocr_line' id='line_1_37' title="bbox 1905 824 3606 903; baseline 0.005 -25"><span class='ocrx_word' id='word_1_257' title='bbox 1905 841 2029 893; x_wconf 88' lang='lat' dir='ltr'>cap.</span> <span class='ocrx_word' id='word_1_258' title='bbox 2066 828 2125 878; x_wconf 85' lang='lat' dir='ltr'>l3</span> <span class='ocrx_word' id='word_1_259' title='bbox 2160 824 2229 877; x_wconf 89' lang='lat' dir='ltr'>de</span> <span class='ocrx_word' id='word_1_260' title='bbox 2261 826 2515 895; x_wconf 89' lang='lat' dir='ltr'>Corrept.</span> <span class='ocrx_word' id='word_1_261' title='bbox 2551 832 2608 880; x_wconf 91' lang='lat' dir='ltr'>et</span> <span class='ocrx_word' id='word_1_262' title='bbox 2639 833 2809 898; x_wconf 87' lang='lat' dir='ltr'>grat.,</span> <span class='ocrx_word' id='word_1_263' title='bbox 2867 829 2926 883; x_wconf 91' lang='lat' dir='ltr'>in</span> <span class='ocrx_word' id='word_1_264' title='bbox 2978 830 3113 895; x_wconf 83' lang='lat' dir='ltr'>ﬁne,</span> <span class='ocrx_word' id='word_1_265' title='bbox 3146 831 3246 884; x_wconf 89' lang='lat' dir='ltr'>ubi</span> <span class='ocrx_word' id='word_1_266' title='bbox 3303 833 3372 886; x_wconf 90' lang='lat' dir='ltr'>de</span> <span class='ocrx_word' id='word_1_267' title='bbox 3414 849 3606 903; x_wconf 84' lang='lat' dir='ltr'>repro-</span> 
     </span>
    </p>
   </div>
   <div class='ocr_carea' id='block_1_38' title="bbox 1902 912 3601 991">
    <p class='ocr_par' dir='ltr' id='par_1_38' title="bbox 1902 912 3601 991">
     <span class='ocr_line' id='line_1_38' title="bbox 1902 912 3601 991; baseline 0.006 -27"><span class='ocrx_word' id='word_1_268' title='bbox 1902 912 1990 966; x_wconf 91' lang='lat' dir='ltr'>bis</span> <span class='ocrx_word' id='word_1_269' title='bbox 2016 914 2255 983; x_wconf 88' lang='lat' dir='ltr'>loquens</span> <span class='ocrx_word' id='word_1_270' title='bbox 2291 930 2303 966; x_wconf 88' lang='lat'><strong>:</strong></span> <span class='ocrx_word' id='word_1_271' title='bbox 2342 918 2503 967; x_wconf 81' lang='lat' dir='ltr'>«Aut</span> <span class='ocrx_word' id='word_1_272' title='bbox 2533 915 2710 981; x_wconf 91' lang='lat' dir='ltr'>enim,</span> <span class='ocrx_word' id='word_1_273' title='bbox 2745 915 2952 987; x_wconf 88' lang='lat' dir='ltr'>inquit,</span> <span class='ocrx_word' id='word_1_274' title='bbox 2983 918 3178 987; x_wconf 84' lang='lat' dir='ltr'>jacent</span> <span class='ocrx_word' id='word_1_275' title='bbox 3206 921 3311 974; x_wconf 91' lang='lat' dir='ltr'>sub</span> <span class='ocrx_word' id='word_1_276' title='bbox 3366 927 3601 991; x_wconf 89' lang='lat' dir='ltr'>peccato</span> 
     </span>
    </p>
   </div>
   <div class='ocr_carea' id='block_1_39' title="bbox 1905 1001 3602 1077">
    <p class='ocr_par' dir='ltr' id='par_1_39' title="bbox 1905 1001 3602 1077">
     <span class='ocr_line' id='line_1_39' title="bbox 1905 1001 3602 1077; baseline 0.006 -25"><span class='ocrx_word' id='word_1_277' title='bbox 1905 1002 2057 1072; x_wconf 87' lang='lat' dir='ltr'>quod</span> <span class='ocrx_word' id='word_1_278' title='bbox 2089 1001 2446 1071; x_wconf 88' lang='lat' dir='ltr'>originaliter</span> <span class='ocrx_word' id='word_1_279' title='bbox 2475 1002 2544 1057; x_wconf 92' lang='lat' dir='ltr'>de</span> <span class='ocrx_word' id='word_1_280' title='bbox 2573 1004 2944 1072; x_wconf 86' lang='lat' dir='ltr'>generatione</span> <span class='ocrx_word' id='word_1_281' title='bbox 2998 1010 3316 1077; x_wconf 82' lang='lat' dir='ltr'>traxerunt,</span> <span class='ocrx_word' id='word_1_282' title='bbox 3367 1014 3423 1063; x_wconf 91' lang='lat' dir='ltr'>et</span> <span class='ocrx_word' id='word_1_283' title='bbox 3472 1025 3602 1063; x_wconf 90' lang='lat' dir='ltr'>cum</span> 
     </span>
    </p>
   </div>
   <div class='ocr_carea' id='block_1_40' title="bbox 1904 1090 3607 1166">
    <p class='ocr_par' dir='ltr' id='par_1_40' title="bbox 1904 1090 3607 1166">
     <span class='ocr_line' id='line_1_40' title="bbox 1904 1090 3607 1166; baseline 0.005 -23"><span class='ocrx_word' id='word_1_284' title='bbox 1904 1090 2001 1143; x_wconf 92' lang='lat' dir='ltr'>illo</span> <span class='ocrx_word' id='word_1_285' title='bbox 2024 1090 2386 1144; x_wconf 66' lang='lat' dir='ltr'>haereditario</span> <span class='ocrx_word' id='word_1_286' title='bbox 2444 1091 2633 1145; x_wconf 90' lang='lat' dir='ltr'>debito</span> <span class='ocrx_word' id='word_1_287' title='bbox 2686 1092 2819 1146; x_wconf 89' lang='lat' dir='ltr'>hinc</span> <span class='ocrx_word' id='word_1_288' title='bbox 2876 1099 3104 1160; x_wconf 87' lang='lat' dir='ltr'>exeunt,</span> <span class='ocrx_word' id='word_1_289' title='bbox 3165 1098 3316 1166; x_wconf 89' lang='lat' dir='ltr'>quod</span> <span class='ocrx_word' id='word_1_290' title='bbox 3376 1114 3491 1151; x_wconf 92' lang='lat' dir='ltr'>non</span> <span class='ocrx_word' id='word_1_291' title='bbox 3521 1102 3607 1152; x_wconf 89' lang='lat' dir='ltr'>est</span> 
     </span>
    </p>
   </div>
   <div class='ocr_carea' id='block_1_41' title="bbox 1904 1178 3605 1251">
    <p class='ocr_par' dir='ltr' id='par_1_41' title="bbox 1904 1178 3605 1251">
     <span class='ocr_line' id='line_1_41' title="bbox 1904 1178 3605 1251; baseline 0.006 -21"><span class='ocrx_word' id='word_1_292' title='bbox 1904 1178 2340 1248; x_wconf 87' lang='lat' dir='ltr'>regeneratione</span> <span class='ocrx_word' id='word_1_293' title='bbox 2373 1178 2698 1246; x_wconf 89' lang='lat' dir='ltr'>dimissum,</span> <span class='ocrx_word' id='word_1_294' title='bbox 2731 1186 2828 1234; x_wconf 87' lang='lat' dir='ltr'>aut</span> <span class='ocrx_word' id='word_1_295' title='bbox 2852 1198 2952 1251; x_wconf 89' lang='lat' dir='ltr'>per</span> <span class='ocrx_word' id='word_1_296' title='bbox 2998 1182 3245 1238; x_wconf 83' lang='lat' dir='ltr'>liberum</span> <span class='ocrx_word' id='word_1_297' title='bbox 3300 1186 3605 1241; x_wconf 84' lang='lat' dir='ltr'>arbitrium</span> 
     </span>
    </p>
   </div>
   <div class='ocr_carea' id='block_1_42' title="bbox 1904 1267 3600 1342">
    <p class='ocr_par' dir='ltr' id='par_1_42' title="bbox 1904 1267 3600 1342">
     <span class='ocr_line' id='line_1_42' title="bbox 1904 1267 3600 1342; baseline 0.005 -22"><span class='ocrx_word' id='word_1_298' title='bbox 1904 1267 2017 1321; x_wconf 88' lang='lat' dir='ltr'>alia</span> <span class='ocrx_word' id='word_1_299' title='bbox 2049 1267 2283 1338; x_wconf 90' lang='lat' dir='ltr'>insuper</span> <span class='ocrx_word' id='word_1_300' title='bbox 2310 1268 2674 1335; x_wconf 89' lang='lat' dir='ltr'>addiderunt,</span> <span class='ocrx_word' id='word_1_301' title='bbox 2707 1273 2836 1334; x_wconf 89' lang='lat' dir='ltr'>etc.,</span> <span class='ocrx_word' id='word_1_302' title='bbox 2871 1271 2968 1324; x_wconf 91' lang='lat' dir='ltr'>alii</span> <span class='ocrx_word' id='word_1_303' title='bbox 3018 1273 3221 1342; x_wconf 88' lang='lat' dir='ltr'>magis,</span> <span class='ocrx_word' id='word_1_304' title='bbox 3256 1274 3350 1328; x_wconf 92' lang='lat' dir='ltr'>alii</span> <span class='ocrx_word' id='word_1_305' title='bbox 3391 1276 3600 1341; x_wconf 91' lang='lat' dir='ltr'>minus,</span> 
     </span>
    </p>
   </div>
   <div class='ocr_carea' id='block_1_43' title="bbox 1904 1356 3599 1433">
    <p class='ocr_par' dir='ltr' id='par_1_43' title="bbox 1904 1356 3599 1433">
     <span class='ocr_line' id='line_1_43' title="bbox 1904 1356 3599 1433; baseline 0.005 -25"><span class='ocrx_word' id='word_1_306' title='bbox 1904 1356 2004 1409; x_wconf 89' lang='lat' dir='ltr'>sed</span> <span class='ocrx_word' id='word_1_307' title='bbox 2034 1372 2233 1409; x_wconf 91' lang='lat' dir='ltr'>omnes</span> <span class='ocrx_word' id='word_1_308' title='bbox 2256 1357 2411 1423; x_wconf 89' lang='lat' dir='ltr'>mali,</span> <span class='ocrx_word' id='word_1_309' title='bbox 2440 1362 2497 1410; x_wconf 87' lang='lat' dir='ltr'>et</span> <span class='ocrx_word' id='word_1_310' title='bbox 2527 1373 2629 1428; x_wconf 92' lang='lat' dir='ltr'>pro</span> <span class='ocrx_word' id='word_1_311' title='bbox 2662 1357 2784 1428; x_wconf 89' lang='lat' dir='ltr'>ipsa</span> <span class='ocrx_word' id='word_1_312' title='bbox 2820 1358 3143 1413; x_wconf 87' lang='lat' dir='ltr'>diversitate</span> <span class='ocrx_word' id='word_1_313' title='bbox 3194 1362 3430 1415; x_wconf 85' lang='lat' dir='ltr'>diversis</span> <span class='ocrx_word' id='word_1_314' title='bbox 3460 1380 3599 1433; x_wconf 84' lang='lat' dir='ltr'>sup-</span> 
     </span>
    </p>
   </div>
   <div class='ocr_carea' id='block_1_44' title="bbox 1903 1444 3604 1521">
    <p class='ocr_par' dir='ltr' id='par_1_44' title="bbox 1903 1444 3604 1521">
     <span class='ocr_line' id='line_1_44' title="bbox 1903 1444 3604 1521; baseline 0.004 -22"><span class='ocrx_word' id='word_1_315' title='bbox 1903 1444 2089 1514; x_wconf 90' lang='lat' dir='ltr'>pliciis</span> <span class='ocrx_word' id='word_1_316' title='bbox 2138 1444 2476 1515; x_wconf 84' lang='lat' dir='ltr'>judicandi;</span> <span class='ocrx_word' id='word_1_317' title='bbox 2514 1452 2610 1500; x_wconf 88' lang='lat' dir='ltr'>aut</span> <span class='ocrx_word' id='word_1_318' title='bbox 2668 1447 2769 1501; x_wconf 91' lang='lat' dir='ltr'>Dei</span> <span class='ocrx_word' id='word_1_319' title='bbox 2822 1449 3071 1519; x_wconf 87' lang='lat' dir='ltr'>gratiam</span> <span class='ocrx_word' id='word_1_320' title='bbox 3115 1450 3453 1521; x_wconf 88' lang='lat' dir='ltr'>suscipiunt,</span> <span class='ocrx_word' id='word_1_321' title='bbox 3505 1451 3604 1505; x_wconf 93' lang='lat' dir='ltr'>sed</span> 
     </span>
    </p>
   </div>
   <div class='ocr_carea' id='block_1_45' title="bbox 1904 1535 3603 1605">
    <p class='ocr_par' dir='ltr' id='par_1_45' title="bbox 1904 1535 3603 1605">
     <span class='ocr_line' id='line_1_45' title="bbox 1904 1535 3603 1605; baseline 0.003 -18"><span class='ocrx_word' id='word_1_322' title='bbox 1904 1535 2250 1603; x_wconf 90' lang='lat' dir='ltr'>temporales</span> <span class='ocrx_word' id='word_1_323' title='bbox 2276 1539 2431 1603; x_wconf 90' lang='lat' dir='ltr'>sunt,</span> <span class='ocrx_word' id='word_1_324' title='bbox 2462 1551 2567 1589; x_wconf 91' lang='lat' dir='ltr'>nec</span> <span class='ocrx_word' id='word_1_325' title='bbox 2618 1542 2985 1605; x_wconf 88' lang='lat' dir='ltr'>perseverant</span> <span class='ocrx_word' id='word_1_326' title='bbox 3016 1554 3029 1603; x_wconf 90' lang='lat'><strong>;</strong></span> <span class='ocrx_word' id='word_1_327' title='bbox 3059 1537 3349 1605; x_wconf 88' lang='lat' dir='ltr'>deserunt,</span> <span class='ocrx_word' id='word_1_328' title='bbox 3401 1544 3455 1593; x_wconf 90' lang='lat' dir='ltr'>et</span> <span class='ocrx_word' id='word_1_329' title='bbox 3500 1539 3603 1594; x_wconf 88' lang='lat' dir='ltr'>de-</span> 
     </span>
    </p>
   </div>
   <div class='ocr_carea' id='block_1_46' title="bbox 1907 1623 3606 1695">
    <p class='ocr_par' dir='ltr' id='par_1_46' title="bbox 1907 1623 3606 1695">
     <span class='ocr_line' id='line_1_46' title="bbox 1907 1623 3606 1695; baseline 0.004 -20"><span class='ocrx_word' id='word_1_330' title='bbox 1907 1630 2192 1683; x_wconf 89' lang='lat' dir='ltr'>seruntur,</span> <span class='ocrx_word' id='word_1_331' title='bbox 2225 1623 2454 1678; x_wconf 90' lang='lat' dir='ltr'>Dimissi</span> <span class='ocrx_word' id='word_1_332' title='bbox 2484 1624 2639 1678; x_wconf 91' lang='lat' dir='ltr'>enim</span> <span class='ocrx_word' id='word_1_333' title='bbox 2687 1629 2820 1679; x_wconf 90' lang='lat' dir='ltr'>sunt</span> <span class='ocrx_word' id='word_1_334' title='bbox 2846 1626 3026 1679; x_wconf 91' lang='lat' dir='ltr'>liboro</span> <span class='ocrx_word' id='word_1_335' title='bbox 3055 1627 3315 1695; x_wconf 86' lang='lat' dir='ltr'>arbitrio,</span> <span class='ocrx_word' id='word_1_336' title='bbox 3348 1644 3467 1681; x_wconf 92' lang='lat' dir='ltr'>non</span> <span class='ocrx_word' id='word_1_337' title='bbox 3518 1643 3606 1681; x_wconf 88' lang='lat' dir='ltr'>ac-</span> 
     </span>
    </p>
   </div>
   <div class='ocr_carea' id='block_1_47' title="bbox 1907 1713 3603 1786">
    <p class='ocr_par' dir='ltr' id='par_1_47' title="bbox 1907 1713 3603 1786">
     <span class='ocr_line' id='line_1_47' title="bbox 1907 1713 3603 1786; baseline 0.003 -21"><span class='ocrx_word' id='word_1_338' title='bbox 1907 1717 2069 1783; x_wconf 90' lang='lat' dir='ltr'>cepto</span> <span class='ocrx_word' id='word_1_339' title='bbox 2098 1713 2537 1784; x_wconf 67' lang='lat' dir='ltr'>perseverantiae</span> <span class='ocrx_word' id='word_1_340' title='bbox 2590 1714 2757 1781; x_wconf 90' lang='lat' dir='ltr'>dono,</span> <span class='ocrx_word' id='word_1_341' title='bbox 2814 1715 3028 1785; x_wconf 88' lang='lat' dir='ltr'>judicio</span> <span class='ocrx_word' id='word_1_342' title='bbox 3072 1716 3171 1769; x_wconf 90' lang='lat' dir='ltr'>Dei</span> <span class='ocrx_word' id='word_1_343' title='bbox 3210 1722 3367 1786; x_wconf 81' lang='lat' dir='ltr'>justo</span> <span class='ocrx_word' id='word_1_344' title='bbox 3398 1722 3455 1770; x_wconf 91' lang='lat' dir='ltr'>et</span> <span class='ocrx_word' id='word_1_345' title='bbox 3510 1733 3603 1770; x_wconf 84' lang='lat' dir='ltr'>oc-</span> 
     </span>
    </p>
   </div>
   <div class='ocr_carea' id='block_1_48' title="bbox 1907 1803 3605 1876">
    <p class='ocr_par' dir='ltr' id='par_1_48' title="bbox 1907 1803 3605 1876">
     <span class='ocr_line' id='line_1_48' title="bbox 1907 1803 3605 1876; baseline 0.002 -22"><span class='ocrx_word' id='word_1_346' title='bbox 1907 1803 2079 1855; x_wconf 90' lang='lat' dir='ltr'>culto.</span> <span class='ocrx_word' id='word_1_347' title='bbox 2112 1821 2140 1852; x_wconf 75' lang='grc' dir='ltr'>ι)</span> <span class='ocrx_word' id='word_1_348' title='bbox 2173 1804 2321 1873; x_wconf 89' lang='lat' dir='ltr'>Lege</span> <span class='ocrx_word' id='word_1_349' title='bbox 2369 1818 2491 1873; x_wconf 91' lang='lat' dir='ltr'>cap.</span> <span class='ocrx_word' id='word_1_350' title='bbox 2528 1805 2593 1858; x_wconf 87' lang='lat'>93</span> <span class='ocrx_word' id='word_1_351' title='bbox 2627 1803 2959 1858; x_wconf 75' lang='lat' dir='ltr'>Enchiridii.</span> <span class='ocrx_word' id='word_1_352' title='bbox 3023 1805 3099 1858; x_wconf 90' lang='lat' dir='ltr'>Ex</span> <span class='ocrx_word' id='word_1_353' title='bbox 3129 1805 3339 1875; x_wconf 88' lang='lat' dir='ltr'>quibus</span> <span class='ocrx_word' id='word_1_354' title='bbox 3397 1805 3605 1876; x_wconf 89' lang='lat' dir='ltr'>colligo</span> 
     </span>
    </p>
   </div>
   <div class='ocr_carea' id='block_1_49' title="bbox 1906 1889 3607 1962">
    <p class='ocr_par' dir='ltr' id='par_1_49' title="bbox 1906 1889 3607 1962">
     <span class='ocr_line' id='line_1_49' title="bbox 1906 1889 3607 1962; baseline 0.002 -19"><span class='ocrx_word' id='word_1_355' title='bbox 1906 1889 2253 1944; x_wconf 85' lang='lat' dir='ltr'>taxationem</span> <span class='ocrx_word' id='word_1_356' title='bbox 2308 1907 2494 1961; x_wconf 68' lang='lat' dir='ltr'>poena:</span> <span class='ocrx_word' id='word_1_357' title='bbox 2548 1892 2871 1961; x_wconf 87' lang='lat' dir='ltr'>dependere</span> <span class='ocrx_word' id='word_1_358' title='bbox 2919 1909 2951 1946; x_wconf 89' lang='lat' dir='ltr'>a</span> <span class='ocrx_word' id='word_1_359' title='bbox 2988 1893 3232 1962; x_wconf 90' lang='lat' dir='ltr'>peccatis</span> <span class='ocrx_word' id='word_1_360' title='bbox 3290 1894 3607 1947; x_wconf 89' lang='lat' dir='ltr'>actualibus</span> 
     </span>
    </p>
   </div>
   <div class='ocr_carea' id='block_1_50' title="bbox 1905 1979 3604 2052">
    <p class='ocr_par' dir='ltr' id='par_1_50' title="bbox 1905 1979 3604 2052">
     <span class='ocr_line' id='line_1_50' title="bbox 1905 1979 3604 2052; baseline 0.003 -21"><span class='ocrx_word' id='word_1_361' title='bbox 1905 1979 1964 2032; x_wconf 91' lang='lat' dir='ltr'>in</span> <span class='ocrx_word' id='word_1_362' title='bbox 1992 1995 2121 2049; x_wconf 64' lang='lat' dir='ltr'>quas</span> <span class='ocrx_word' id='word_1_363' title='bbox 2151 1980 2325 2033; x_wconf 89' lang='lat' dir='ltr'>homo</span> <span class='ocrx_word' id='word_1_364' title='bbox 2353 1979 2564 2034; x_wconf 88' lang='lat' dir='ltr'>labitur</span> <span class='ocrx_word' id='word_1_365' title='bbox 2584 1980 2721 2052; x_wconf 89' lang='lat' dir='ltr'>quia</span> <span class='ocrx_word' id='word_1_366' title='bbox 2742 1981 2952 2035; x_wconf 87' lang='lat' dir='ltr'>deserit</span> <span class='ocrx_word' id='word_1_367' title='bbox 2983 1983 3163 2036; x_wconf 91' lang='lat' dir='ltr'>Deum</span> <span class='ocrx_word' id='word_1_368' title='bbox 3186 1998 3200 2047; x_wconf 90' lang='lat'><strong>;</strong></span> <span class='ocrx_word' id='word_1_369' title='bbox 3232 1982 3444 2036; x_wconf 88' lang='lat' dir='ltr'>deserit</span> <span class='ocrx_word' id='word_1_370' title='bbox 3472 1998 3604 2037; x_wconf 85' lang='lat' dir='ltr'>vero</span> 
     </span>
    </p>
   </div>
   <div class='ocr_carea' id='block_1_51' title="bbox 1906 2068 3604 2141">
    <p class='ocr_par' dir='ltr' id='par_1_51' title="bbox 1906 2068 3604 2141">
     <span class='ocr_line' id='line_1_51' title="bbox 1906 2068 3604 2141; baseline 0.002 -20"><span class='ocrx_word' id='word_1_371' title='bbox 1906 2069 2043 2139; x_wconf 91' lang='lat' dir='ltr'>quia</span> <span class='ocrx_word' id='word_1_372' title='bbox 2072 2073 2157 2122; x_wconf 90' lang='lat' dir='ltr'>est</span> <span class='ocrx_word' id='word_1_373' title='bbox 2195 2068 2465 2123; x_wconf 90' lang='lat' dir='ltr'>dimissus</span> <span class='ocrx_word' id='word_1_374' title='bbox 2492 2069 2673 2124; x_wconf 91' lang='lat' dir='ltr'>libero</span> <span class='ocrx_word' id='word_1_375' title='bbox 2704 2070 2963 2137; x_wconf 88' lang='lat' dir='ltr'>arbitrio,</span> <span class='ocrx_word' id='word_1_376' title='bbox 2998 2087 3115 2124; x_wconf 91' lang='lat' dir='ltr'>non</span> <span class='ocrx_word' id='word_1_377' title='bbox 3168 2076 3397 2141; x_wconf 91' lang='lat' dir='ltr'>accepto</span> <span class='ocrx_word' id='word_1_378' title='bbox 3455 2071 3604 2125; x_wconf 93' lang='lat' dir='ltr'>dono</span> 
     </span>
    </p>
   </div>
   <div class='ocr_carea' id='block_1_52' title="bbox 1905 2158 3608 2231">
    <p class='ocr_par' dir='ltr' id='par_1_52' title="bbox 1905 2158 3608 2231">
     <span class='ocr_line' id='line_1_52' title="bbox 1905 2158 3608 2231; baseline 0.002 -20"><span class='ocrx_word' id='word_1_379' title='bbox 1905 2158 2364 2228; x_wconf 61' lang='lat' dir='ltr'>perseverantiae,</span> <span class='ocrx_word' id='word_1_380' title='bbox 2391 2158 2608 2228; x_wconf 90' lang='lat' dir='ltr'>judicio</span> <span class='ocrx_word' id='word_1_381' title='bbox 2641 2159 2740 2212; x_wconf 91' lang='lat' dir='ltr'>Dei</span> <span class='ocrx_word' id='word_1_382' title='bbox 2784 2160 2962 2230; x_wconf 87' lang='lat' dir='ltr'>justo,</span> <span class='ocrx_word' id='word_1_383' title='bbox 3010 2176 3217 2231; x_wconf 87' lang='lat' dir='ltr'>nempe</span> <span class='ocrx_word' id='word_1_384' title='bbox 3264 2160 3323 2213; x_wconf 92' lang='lat' dir='ltr'>in</span> <span class='ocrx_word' id='word_1_385' title='bbox 3378 2176 3608 2231; x_wconf 62' lang='lat' dir='ltr'>poenam</span> 
     </span>
    </p>
   </div>
   <div class='ocr_carea' id='block_1_53' title="bbox 1902 2246 3605 2319">
    <p class='ocr_par' dir='ltr' id='par_1_53' title="bbox 1902 2246 3605 2319">
     <span class='ocr_line' id='line_1_53' title="bbox 1902 2246 3605 2319; baseline 0.002 -20"><span class='ocrx_word' id='word_1_386' title='bbox 1902 2246 2121 2317; x_wconf 91' lang='lat' dir='ltr'>peccati</span> <span class='ocrx_word' id='word_1_387' title='bbox 2169 2246 2483 2317; x_wconf 90' lang='lat' dir='ltr'>originalis.</span> <span class='ocrx_word' id='word_1_388' title='bbox 2540 2248 2822 2303; x_wconf 78' lang='lat' dir='ltr'>Caeterum</span> <span class='ocrx_word' id='word_1_389' title='bbox 2855 2248 3029 2302; x_wconf 91' lang='lat' dir='ltr'>homo</span> <span class='ocrx_word' id='word_1_390' title='bbox 3078 2248 3422 2319; x_wconf 87' lang='lat' dir='ltr'>baptizatus,</span> <span class='ocrx_word' id='word_1_391' title='bbox 3470 2248 3605 2303; x_wconf 90' lang='lat' dir='ltr'>licet</span> 
     </span>
    </p>
   </div>
   <div class='ocr_carea' id='block_1_54' title="bbox 1904 2334 3607 2407">
    <p class='ocr_par' dir='ltr' id='par_1_54' title="bbox 1904 2334 3607 2407">
     <span class='ocr_line' id='line_1_54' title="bbox 1904 2334 3607 2407; baseline 0.001 -18"><span class='ocrx_word' id='word_1_392' title='bbox 1904 2336 2113 2389; x_wconf 90' lang='lat' dir='ltr'>habeat</span> <span class='ocrx_word' id='word_1_393' title='bbox 2142 2335 2299 2389; x_wconf 89' lang='lat' dir='ltr'>illam</span> <span class='ocrx_word' id='word_1_394' title='bbox 2326 2334 2707 2405; x_wconf 87' lang='lat' dir='ltr'>privationem</span> <span class='ocrx_word' id='word_1_395' title='bbox 2738 2336 2873 2390; x_wconf 89' lang='lat' dir='ltr'>doni</span> <span class='ocrx_word' id='word_1_396' title='bbox 2902 2335 3360 2407; x_wconf 70' lang='lat' dir='ltr'>perseverantiae,</span> <span class='ocrx_word' id='word_1_397' title='bbox 3390 2339 3446 2389; x_wconf 90' lang='lat' dir='ltr'>et</span> <span class='ocrx_word' id='word_1_398' title='bbox 3490 2351 3607 2390; x_wconf 93' lang='lat' dir='ltr'>non</span> 
     </span>
    </p>
   </div>
   <div class='ocr_carea' id='block_1_55' title="bbox 1906 2424 3607 2495">
    <p class='ocr_par' dir='ltr' id='par_1_55' title="bbox 1906 2424 3607 2495">
     <span class='ocr_line' id='line_1_55' title="bbox 1906 2424 3607 2495; baseline 0.001 -18"><span class='ocrx_word' id='word_1_399' title='bbox 1906 2424 1979 2478; x_wconf 90' lang='lat' dir='ltr'>sit</span> <span class='ocrx_word' id='word_1_400' title='bbox 2006 2424 2213 2494; x_wconf 89' lang='lat' dir='ltr'>dignus</span> <span class='ocrx_word' id='word_1_401' title='bbox 2242 2425 2389 2477; x_wconf 86' lang='lat' dir='ltr'>hanc</span> <span class='ocrx_word' id='word_1_402' title='bbox 2419 2424 2649 2491; x_wconf 88' lang='lat' dir='ltr'>habere,</span> <span class='ocrx_word' id='word_1_403' title='bbox 2683 2425 2818 2495; x_wconf 90' lang='lat' dir='ltr'>quia</span> <span class='ocrx_word' id='word_1_404' title='bbox 2838 2441 2953 2479; x_wconf 91' lang='lat' dir='ltr'>non</span> <span class='ocrx_word' id='word_1_405' title='bbox 2974 2426 3142 2479; x_wconf 77' lang='lat' dir='ltr'>datur</span> <span class='ocrx_word' id='word_1_406' title='bbox 3172 2424 3486 2479; x_wconf 91' lang='lat' dir='ltr'>secundum</span> <span class='ocrx_word' id='word_1_407' title='bbox 3512 2425 3607 2479; x_wconf 84' lang='lat' dir='ltr'>de-</span> 
     </span>
    </p>
   </div>
   <div class='ocr_carea' id='block_1_56' title="bbox 1904 2512 3607 2585">
    <p class='ocr_par' dir='ltr' id='par_1_56' title="bbox 1904 2512 3607 2585">
     <span class='ocr_line' id='line_1_56' title="bbox 1904 2512 3607 2585; baseline 0.001 -18"><span class='ocrx_word' id='word_1_408' title='bbox 1904 2512 2110 2579; x_wconf 89' lang='lat' dir='ltr'>bitum,</span> <span class='ocrx_word' id='word_1_409' title='bbox 2161 2529 2275 2567; x_wconf 92' lang='lat' dir='ltr'>non</span> <span class='ocrx_word' id='word_1_410' title='bbox 2328 2518 2413 2568; x_wconf 91' lang='lat' dir='ltr'>est</span> <span class='ocrx_word' id='word_1_411' title='bbox 2475 2518 2667 2568; x_wconf 88' lang='lat' dir='ltr'>tamen</span> <span class='ocrx_word' id='word_1_412' title='bbox 2708 2514 2976 2569; x_wconf 91' lang='lat' dir='ltr'>dicendus</span> <span class='ocrx_word' id='word_1_413' title='bbox 3033 2514 3131 2567; x_wconf 89' lang='lat' dir='ltr'>illa</span> <span class='ocrx_word' id='word_1_414' title='bbox 3182 2513 3475 2585; x_wconf 88' lang='lat' dir='ltr'>indignus,</span> <span class='ocrx_word' id='word_1_415' title='bbox 3507 2529 3607 2568; x_wconf 91' lang='lat' dir='ltr'>seu</span> 
     </span>
    </p>
   </div>
   <div class='ocr_carea' id='block_1_57' title="bbox 1906 2601 3605 2674">
    <p class='ocr_par' dir='ltr' id='par_1_57' title="bbox 1906 2601 3605 2674">
     <span class='ocr_line' id='line_1_57' title="bbox 1906 2601 3605 2674; baseline 0.001 -19"><span class='ocrx_word' id='word_1_416' title='bbox 1906 2601 2117 2656; x_wconf 87' lang='lat' dir='ltr'>habere</span> <span class='ocrx_word' id='word_1_417' title='bbox 2146 2601 2403 2656; x_wconf 89' lang='lat' dir='ltr'>debitum</span> <span class='ocrx_word' id='word_1_418' title='bbox 2434 2618 2552 2656; x_wconf 92' lang='lat' dir='ltr'>non</span> <span class='ocrx_word' id='word_1_419' title='bbox 2584 2603 2855 2668; x_wconf 86' lang='lat' dir='ltr'>habendi,</span> <span class='ocrx_word' id='word_1_420' title='bbox 2893 2602 3185 2674; x_wconf 90' lang='lat' dir='ltr'>quomodo</span> <span class='ocrx_word' id='word_1_421' title='bbox 3218 2608 3353 2657; x_wconf 92' lang='lat' dir='ltr'>sunt</span> <span class='ocrx_word' id='word_1_422' title='bbox 3405 2618 3605 2673; x_wconf 90' lang='lat' dir='ltr'>pecca-</span> 
     </span>
    </p>
   </div>
   <div class='ocr_carea' id='block_1_58' title="bbox 1906 2691 3606 2762">
    <p class='ocr_par' dir='ltr' id='par_1_58' title="bbox 1906 2691 3606 2762">
     <span class='ocr_line' id='line_1_58' title="bbox 1906 2691 3606 2762; baseline 0 -17"><span class='ocrx_word' id='word_1_423' title='bbox 1906 2696 2077 2759; x_wconf 85' lang='lat' dir='ltr'>tores,</span> <span class='ocrx_word' id='word_1_424' title='bbox 2110 2691 2207 2745; x_wconf 91' lang='lat' dir='ltr'>sed</span> <span class='ocrx_word' id='word_1_425' title='bbox 2237 2695 2461 2744; x_wconf 90' lang='lat' dir='ltr'>tantum</span> <span class='ocrx_word' id='word_1_426' title='bbox 2493 2708 2608 2745; x_wconf 92' lang='lat' dir='ltr'>non</span> <span class='ocrx_word' id='word_1_427' title='bbox 2639 2691 2813 2745; x_wconf 89' lang='lat' dir='ltr'>habet</span> <span class='ocrx_word' id='word_1_428' title='bbox 2852 2691 3107 2745; x_wconf 89' lang='lat' dir='ltr'>debitum</span> <span class='ocrx_word' id='word_1_429' title='bbox 3138 2691 3408 2756; x_wconf 86' lang='lat' dir='ltr'>habendi,</span> <span class='ocrx_word' id='word_1_430' title='bbox 3455 2691 3606 2762; x_wconf 91' lang='lat' dir='ltr'>quod</span> 
     </span>
    </p>
   </div>
   <div class='ocr_carea' id='block_1_59' title="bbox 1905 2778 3604 2851">
    <p class='ocr_par' dir='ltr' id='par_1_59' title="bbox 1905 2778 3604 2851">
     <span class='ocr_line' id='line_1_59' title="bbox 1905 2778 3604 2851; baseline 0 -18"><span class='ocrx_word' id='word_1_431' title='bbox 1905 2779 2161 2834; x_wconf 90' lang='lat' dir='ltr'>debitum</span> <span class='ocrx_word' id='word_1_432' title='bbox 2205 2778 2451 2833; x_wconf 87' lang='lat' dir='ltr'>habebat</span> <span class='ocrx_word' id='word_1_433' title='bbox 2478 2780 2681 2845; x_wconf 82' lang='lat' dir='ltr'>Adam,</span> <span class='ocrx_word' id='word_1_434' title='bbox 2742 2780 2893 2833; x_wconf 91' lang='lat' dir='ltr'>unde</span> <span class='ocrx_word' id='word_1_435' title='bbox 2942 2795 3059 2832; x_wconf 91' lang='lat' dir='ltr'>non</span> <span class='ocrx_word' id='word_1_436' title='bbox 3099 2795 3221 2832; x_wconf 87' lang='lat' dir='ltr'>esse</span> <span class='ocrx_word' id='word_1_437' title='bbox 3277 2779 3449 2849; x_wconf 87' lang='lat' dir='ltr'>hujus</span> <span class='ocrx_word' id='word_1_438' title='bbox 3502 2795 3604 2851; x_wconf 88' lang='lat' dir='ltr'>po-</span> 
     </span>
    </p>
   </div>
   <div class='ocr_carea' id='block_1_60' title="bbox 1907 2866 3605 2939">
    <p class='ocr_par' dir='ltr' id='par_1_60' title="bbox 1907 2866 3605 2939">
     <span class='ocr_line' id='line_1_60' title="bbox 1907 2866 3605 2939; baseline 0 -17"><span class='ocrx_word' id='word_1_439' title='bbox 1907 2868 2099 2922; x_wconf 61' lang='lat' dir='ltr'>tentia:</span> <span class='ocrx_word' id='word_1_440' title='bbox 2129 2866 2384 2938; x_wconf 92' lang='lat' dir='ltr'>proxime</span> <span class='ocrx_word' id='word_1_441' title='bbox 2415 2868 2694 2938; x_wconf 65' lang='lat' dir='ltr'>expeditae</span> <span class='ocrx_word' id='word_1_442' title='bbox 2725 2868 2793 2920; x_wconf 92' lang='lat' dir='ltr'>ad</span> <span class='ocrx_word' id='word_1_443' title='bbox 2823 2867 3302 2936; x_wconf 91' lang='lat' dir='ltr'>perseverandum</span> <span class='ocrx_word' id='word_1_444' title='bbox 3353 2883 3469 2921; x_wconf 94' lang='lat' dir='ltr'>non</span> <span class='ocrx_word' id='word_1_445' title='bbox 3502 2884 3605 2939; x_wconf 83' lang='lat' dir='ltr'>po-</span> 
     </span>
    </p>
   </div>
   <div class='ocr_carea' id='block_1_61' title="bbox 105 2953 3607 3034">
    <p class='ocr_par' dir='ltr' id='par_1_61' title="bbox 105 2953 3607 3034">
     <span class='ocr_line' id='line_1_61' title="bbox 105 2953 3607 3034; baseline 0.001 -28"><span class='ocrx_word' id='word_1_446' title='bbox 105 2969 198 3007; x_wconf 86' lang='lat' dir='ltr'>non</span> <span class='ocrx_word' id='word_1_447' title='bbox 228 2956 449 3020; x_wconf 80' lang='lat' dir='ltr'>auferat</span> <span class='ocrx_word' id='word_1_448' title='bbox 473 2960 730 3024; x_wconf 79' lang='lat' dir='ltr'>percepta</span> <span class='ocrx_word' id='word_1_449' title='bbox 778 2953 1039 3025; x_wconf 78' lang='lat' dir='ltr'>baptismi</span> <span class='ocrx_word' id='word_1_450' title='bbox 1075 2958 1259 3024; x_wconf 81' lang='lat' dir='ltr'>gratia</span> <span class='ocrx_word' id='word_1_451' title='bbox 1301 2958 1566 3023; x_wconf 75' lang='lat' dir='ltr'>originale</span> <span class='ocrx_word' id='word_1_452' title='bbox 1604 2974 1794 3027; x_wconf 85' lang='lat' dir='ltr'>pecca-</span> <span class='ocrx_word' id='word_1_453' title='bbox 1826 2980 1864 3034; x_wconf 68' lang='grc' dir='ltr'>ρ</span> <span class='ocrx_word' id='word_1_454' title='bbox 1904 2960 2015 3010; x_wconf 90' lang='lat' dir='ltr'>test</span> <span class='ocrx_word' id='word_1_455' title='bbox 2041 2956 2152 3010; x_wconf 93' lang='lat' dir='ltr'>dici</span> <span class='ocrx_word' id='word_1_456' title='bbox 2181 2957 2301 3010; x_wconf 88' lang='lat' dir='ltr'>sola</span> <span class='ocrx_word' id='word_1_457' title='bbox 2327 2956 2576 3025; x_wconf 89' lang='lat' dir='ltr'>negatio,</span> <span class='ocrx_word' id='word_1_458' title='bbox 2606 2956 2705 3009; x_wconf 91' lang='lat' dir='ltr'>sed</span> <span class='ocrx_word' id='word_1_459' title='bbox 2736 2972 2867 3009; x_wconf 87' lang='lat' dir='ltr'>vera</span> <span class='ocrx_word' id='word_1_460' title='bbox 2901 2955 3168 3026; x_wconf 86' lang='lat' dir='ltr'>privatio,</span> <span class='ocrx_word' id='word_1_461' title='bbox 3199 2955 3335 3027; x_wconf 91' lang='lat' dir='ltr'>quia</span> <span class='ocrx_word' id='word_1_462' title='bbox 3389 2961 3475 3010; x_wconf 89' lang='lat' dir='ltr'>est</span> <span class='ocrx_word' id='word_1_463' title='bbox 3508 2973 3607 3011; x_wconf 85' lang='lat' dir='ltr'>ca-</span> 
     </span>
    </p>
   </div>
   <div class='ocr_carea' id='block_1_62' title="bbox 105 3043 1798 3117">
    <p class='ocr_par' dir='ltr' id='par_1_62' title="bbox 105 3043 1798 3117">
     <span class='ocr_line' id='line_1_62' title="bbox 105 3043 1798 3117; baseline 0.004 -22"><span class='ocrx_word' id='word_1_464' title='bbox 105 3046 223 3098; x_wconf 82' lang='lat' dir='ltr'>tum.</span> <span class='ocrx_word' id='word_1_465' title='bbox 256 3045 379 3098; x_wconf 69' lang='lat' dir='ltr'>Haec</span> <span class='ocrx_word' id='word_1_466' title='bbox 408 3048 493 3097; x_wconf 89' lang='lat' dir='ltr'>est</span> <span class='ocrx_word' id='word_1_467' title='bbox 522 3043 678 3096; x_wconf 90' lang='lat' dir='ltr'>enim</span> <span class='ocrx_word' id='word_1_468' title='bbox 720 3044 972 3097; x_wconf 91' lang='lat' dir='ltr'>secunda</span> <span class='ocrx_word' id='word_1_469' title='bbox 1009 3043 1259 3112; x_wconf 90' lang='lat' dir='ltr'>objeetio</span> <span class='ocrx_word' id='word_1_470' title='bbox 1306 3045 1620 3112; x_wconf 88' lang='lat' dir='ltr'>Gallorum,</span> <span class='ocrx_word' id='word_1_471' title='bbox 1682 3063 1798 3117; x_wconf 90' lang='lat' dir='ltr'>qua</span> 
     </span>
    </p>
   </div>
   <div class='ocr_carea' id='block_1_63' title="bbox 107 3130 1795 3205">
    <p class='ocr_par' dir='ltr' id='par_1_63' title="bbox 107 3130 1795 3205">
     <span class='ocr_line' id='line_1_63' title="bbox 107 3130 1795 3205; baseline 0.004 -21"><span class='ocrx_word' id='word_1_472' title='bbox 107 3130 415 3186; x_wconf 89' lang='lat' dir='ltr'>doctrinam</span> <span class='ocrx_word' id='word_1_473' title='bbox 448 3132 629 3186; x_wconf 89' lang='lat' dir='ltr'>sancti</span> <span class='ocrx_word' id='word_1_474' title='bbox 662 3132 861 3200; x_wconf 89' lang='lat' dir='ltr'>Patris,</span> <span class='ocrx_word' id='word_1_475' title='bbox 887 3136 1025 3186; x_wconf 90' lang='lat' dir='ltr'>teste</span> <span class='ocrx_word' id='word_1_476' title='bbox 1056 3134 1359 3203; x_wconf 89' lang='lat' dir='ltr'>Prospero,</span> <span class='ocrx_word' id='word_1_477' title='bbox 1387 3134 1795 3205; x_wconf 89' lang='lat' dir='ltr'>suggillabant.</span> 
     </span>
    </p>
   </div>
   <div class='ocr_carea' id='block_1_64' title="bbox 109 3220 1797 3294">
    <p class='ocr_par' dir='ltr' id='par_1_64' title="bbox 109 3220 1797 3294">
     <span class='ocr_line' id='line_1_64' title="bbox 109 3220 1797 3294; baseline 0.002 -20"><span class='ocrx_word' id='word_1_478' title='bbox 109 3221 430 3291; x_wconf 82' lang='lat' dir='ltr'>Respondeo</span> <span class='ocrx_word' id='word_1_479' title='bbox 469 3226 769 3291; x_wconf 87' lang='lat' dir='ltr'>peccatum</span> <span class='ocrx_word' id='word_1_480' title='bbox 802 3220 1080 3291; x_wconf 84' lang='lat' dir='ltr'>originale</span> <span class='ocrx_word' id='word_1_481' title='bbox 1132 3221 1393 3276; x_wconf 89' lang='lat' dir='ltr'>intulisse</span> <span class='ocrx_word' id='word_1_482' title='bbox 1432 3238 1627 3293; x_wconf 67' lang='lat' dir='ltr'>poenas</span> <span class='ocrx_word' id='word_1_483' title='bbox 1664 3239 1797 3294; x_wconf 90' lang='lat' dir='ltr'>pro-</span> 
     </span>
    </p>
   </div>
   <div class='ocr_carea' id='block_1_65' title="bbox 107 3310 1799 3383">
    <p class='ocr_par' dir='ltr' id='par_1_65' title="bbox 107 3310 1799 3383">
     <span class='ocr_line' id='line_1_65' title="bbox 107 3310 1799 3383; baseline 0.003 -21"><span class='ocrx_word' id='word_1_484' title='bbox 107 3310 246 3380; x_wconf 88' lang='lat' dir='ltr'>prias</span> <span class='ocrx_word' id='word_1_485' title='bbox 292 3310 475 3381; x_wconf 89' lang='lat' dir='ltr'>ipsius</span> <span class='ocrx_word' id='word_1_486' title='bbox 506 3316 748 3377; x_wconf 62' lang='lat' dir='ltr'>naturas,</span> <span class='ocrx_word' id='word_1_487' title='bbox 799 3316 856 3365; x_wconf 90' lang='lat' dir='ltr'>et</span> <span class='ocrx_word' id='word_1_488' title='bbox 884 3312 988 3366; x_wconf 87' lang='lat' dir='ltr'>bas</span> <span class='ocrx_word' id='word_1_489' title='bbox 1039 3327 1144 3382; x_wconf 91' lang='lat' dir='ltr'>per</span> <span class='ocrx_word' id='word_1_490' title='bbox 1187 3312 1537 3383; x_wconf 90' lang='lat' dir='ltr'>baptismum</span> <span class='ocrx_word' id='word_1_491' title='bbox 1567 3329 1685 3366; x_wconf 93' lang='lat' dir='ltr'>non</span> <span class='ocrx_word' id='word_1_492' title='bbox 1715 3330 1799 3367; x_wconf 86' lang='lat' dir='ltr'>re-</span> 
     </span>
    </p>
   </div>
   <div class='ocr_carea' id='block_1_66' title="bbox 108 3400 1796 3473">
    <p class='ocr_par' dir='ltr' id='par_1_66' title="bbox 108 3400 1796 3473">
     <span class='ocr_line' id='line_1_66' title="bbox 108 3400 1796 3473; baseline 0.002 -21"><span class='ocrx_word' id='word_1_493' title='bbox 108 3400 265 3466; x_wconf 89' lang='lat' dir='ltr'>mitti,</span> <span class='ocrx_word' id='word_1_494' title='bbox 294 3416 542 3473; x_wconf 89' lang='lat' dir='ltr'>quarum</span> <span class='ocrx_word' id='word_1_495' title='bbox 572 3400 878 3470; x_wconf 69' lang='lat' dir='ltr'>praecipuae</span> <span class='ocrx_word' id='word_1_496' title='bbox 918 3404 1052 3454; x_wconf 91' lang='lat' dir='ltr'>sunt</span> <span class='ocrx_word' id='word_1_497' title='bbox 1089 3400 1549 3470; x_wconf 89' lang='lat' dir='ltr'>concupiscentia</span> <span class='ocrx_word' id='word_1_498' title='bbox 1592 3408 1649 3455; x_wconf 91' lang='lat' dir='ltr'>et</span> <span class='ocrx_word' id='word_1_499' title='bbox 1679 3402 1796 3473; x_wconf 91' lang='lat' dir='ltr'>pri-</span> 
     </span>
    </p>
   </div>
   <div class='ocr_carea' id='block_1_67' title="bbox 107 3488 1796 3561">
    <p class='ocr_par' dir='ltr' id='par_1_67' title="bbox 107 3488 1796 3561">
     <span class='ocr_line' id='line_1_67' title="bbox 107 3488 1796 3561; baseline 0.004 -22"><span class='ocrx_word' id='word_1_500' title='bbox 107 3488 245 3541; x_wconf 91' lang='lat' dir='ltr'>vatio</span> <span class='ocrx_word' id='word_1_501' title='bbox 273 3489 544 3558; x_wconf 69' lang='lat' dir='ltr'>potentiaa</span> <span class='ocrx_word' id='word_1_502' title='bbox 576 3488 833 3559; x_wconf 79' lang='lat' dir='ltr'>proxime</span> <span class='ocrx_word' id='word_1_503' title='bbox 886 3489 1165 3560; x_wconf 67' lang='lat' dir='ltr'>expeditae</span> <span class='ocrx_word' id='word_1_504' title='bbox 1212 3490 1285 3543; x_wconf 90' lang='lat' dir='ltr'>ad</span> <span class='ocrx_word' id='word_1_505' title='bbox 1313 3491 1796 3561; x_wconf 85' lang='lat' dir='ltr'>perseverandum</span> 
     </span>
    </p>
   </div>
   <div class='ocr_carea' id='block_1_68' title="bbox 106 3576 1798 3650">
    <p class='ocr_par' dir='ltr' id='par_1_68' title="bbox 106 3576 1798 3650">
     <span class='ocr_line' id='line_1_68' title="bbox 106 3576 1798 3650; baseline 0.003 -20"><span class='ocrx_word' id='word_1_506' title='bbox 106 3576 161 3630; x_wconf 89' lang='lat' dir='ltr'>in</span> <span class='ocrx_word' id='word_1_507' title='bbox 187 3584 411 3649; x_wconf 87' lang='lat' dir='ltr'>accepta</span> <span class='ocrx_word' id='word_1_508' title='bbox 434 3578 683 3650; x_wconf 85' lang='lat' dir='ltr'>justitia,</span> <span class='ocrx_word' id='word_1_509' title='bbox 717 3582 773 3632; x_wconf 91' lang='lat' dir='ltr'>et</span> <span class='ocrx_word' id='word_1_510' title='bbox 802 3576 882 3632; x_wconf 91' lang='lat' dir='ltr'>sic</span> <span class='ocrx_word' id='word_1_511' title='bbox 927 3578 1073 3632; x_wconf 89' lang='lat' dir='ltr'>nihil</span> <span class='ocrx_word' id='word_1_512' title='bbox 1123 3578 1507 3633; x_wconf 87' lang='lat' dir='ltr'>damnationis</span> <span class='ocrx_word' id='word_1_513' title='bbox 1536 3585 1798 3636; x_wconf 88' lang='lat' dir='ltr'>remanet</span> 
     </span>
    </p>
   </div>
   <div class='ocr_carea' id='block_1_69' title="bbox 106 3664 1796 3739">
    <p class='ocr_par' dir='ltr' id='par_1_69' title="bbox 106 3664 1796 3739">
     <span class='ocr_line' id='line_1_69' title="bbox 106 3664 1796 3739; baseline 0.004 -21"><span class='ocrx_word' id='word_1_514' title='bbox 106 3664 159 3719; x_wconf 92' lang='lat' dir='ltr'>in</span> <span class='ocrx_word' id='word_1_515' title='bbox 185 3668 489 3739; x_wconf 89' lang='lat' dir='ltr'>baptizato,</span> <span class='ocrx_word' id='word_1_516' title='bbox 522 3672 695 3739; x_wconf 91' lang='lat' dir='ltr'>prout</span> <span class='ocrx_word' id='word_1_517' title='bbox 739 3666 1035 3722; x_wconf 89' lang='lat' dir='ltr'>damnatio</span> <span class='ocrx_word' id='word_1_518' title='bbox 1086 3668 1313 3739; x_wconf 86' lang='lat' dir='ltr'>culpam</span> <span class='ocrx_word' id='word_1_519' title='bbox 1345 3667 1645 3739; x_wconf 82' lang='lat' dir='ltr'>signiﬁcat,</span> <span class='ocrx_word' id='word_1_520' title='bbox 1682 3686 1796 3725; x_wconf 91' lang='lat' dir='ltr'>non</span> 
     </span>
    </p>
   </div>
   <div class='ocr_carea' id='block_1_70' title="bbox 107 3756 1797 3829">
    <p class='ocr_par' dir='ltr' id='par_1_70' title="bbox 107 3756 1797 3829">
     <span class='ocr_line' id='line_1_70' title="bbox 107 3756 1797 3829; baseline 0.004 -22"><span class='ocrx_word' id='word_1_521' title='bbox 107 3771 226 3810; x_wconf 90' lang='lat' dir='ltr'>vero</span> <span class='ocrx_word' id='word_1_522' title='bbox 254 3763 429 3829; x_wconf 87' lang='lat' dir='ltr'>prout</span> <span class='ocrx_word' id='word_1_523' title='bbox 478 3756 617 3812; x_wconf 90' lang='lat' dir='ltr'>dicit</span> <span class='ocrx_word' id='word_1_524' title='bbox 670 3772 921 3827; x_wconf 68' lang='lat' dir='ltr'>paanam.</span> <span class='ocrx_word' id='word_1_525' title='bbox 966 3756 1108 3811; x_wconf 85' lang='lat' dir='ltr'>Nam</span> <span class='ocrx_word' id='word_1_526' title='bbox 1156 3757 1368 3812; x_wconf 91' lang='lat' dir='ltr'>ibidem</span> <span class='ocrx_word' id='word_1_527' title='bbox 1400 3757 1565 3812; x_wconf 88' lang='lat' dir='ltr'>docet</span> <span class='ocrx_word' id='word_1_528' title='bbox 1604 3764 1797 3813; x_wconf 84' lang='lat' dir='ltr'>sancta</span> 
     </span>
    </p>
   </div>
   <div class='ocr_carea' id='block_1_71' title="bbox 104 3845 1791 3916">
    <p class='ocr_par' dir='ltr' id='par_1_71' title="bbox 104 3845 1791 3916">
     <span class='ocr_line' id='line_1_71' title="bbox 104 3845 1791 3916; baseline 0.004 -21"><span class='ocrx_word' id='word_1_529' title='bbox 104 3846 334 3913; x_wconf 81' lang='lat' dir='ltr'>synodus</span> <span class='ocrx_word' id='word_1_530' title='bbox 365 3861 667 3900; x_wconf 89' lang='lat' dir='ltr'>remanere</span> <span class='ocrx_word' id='word_1_531' title='bbox 714 3845 1258 3916; x_wconf 89' lang='lat' dir='ltr'>concupiscentiam,</span> <span class='ocrx_word' id='word_1_532' title='bbox 1299 3861 1428 3915; x_wconf 80' lang='lat' dir='ltr'>quae</span> <span class='ocrx_word' id='word_1_533' title='bbox 1468 3862 1535 3899; x_wconf 76' lang='lat' dir='ltr'>ea:</span> <span class='ocrx_word' id='word_1_534' title='bbox 1572 3852 1791 3915; x_wconf 83' lang='lat' dir='ltr'>peccato</span> 
     </span>
    </p>
   </div>
   <div class='ocr_carea' id='block_1_72' title="bbox 104 3932 1793 4004">
    <p class='ocr_par' dir='ltr' id='par_1_72' title="bbox 104 3932 1793 4004">
     <span class='ocr_line' id='line_1_72' title="bbox 104 3932 1793 4004; baseline 0.002 -19"><span class='ocrx_word' id='word_1_535' title='bbox 104 3938 173 3986; x_wconf 80' lang='lat' dir='ltr'>est</span> <span class='ocrx_word' id='word_1_536' title='bbox 199 3939 246 3988; x_wconf 83' lang='lat' dir='ltr'>et</span> <span class='ocrx_word' id='word_1_537' title='bbox 273 3934 347 3989; x_wconf 87' lang='lat' dir='ltr'>ad</span> <span class='ocrx_word' id='word_1_538' title='bbox 372 3939 657 4003; x_wconf 85' lang='lat' dir='ltr'>peccatum</span> <span class='ocrx_word' id='word_1_539' title='bbox 692 3932 948 3989; x_wconf 79' lang='lat' dir='ltr'>inclinat.</span> <span class='ocrx_word' id='word_1_540' title='bbox 983 3932 1148 3988; x_wconf 86' lang='lat' dir='ltr'>Nullo</span> <span class='ocrx_word' id='word_1_541' title='bbox 1177 3949 1310 3987; x_wconf 90' lang='lat' dir='ltr'>vero</span> <span class='ocrx_word' id='word_1_542' title='bbox 1337 3938 1503 4004; x_wconf 91' lang='lat' dir='ltr'>pacto</span> <span class='ocrx_word' id='word_1_543' title='bbox 1533 3935 1793 3990; x_wconf 89' lang='lat' dir='ltr'>concedi-</span> 
     </span>
    </p>
   </div>
   <div class='ocr_carea' id='block_1_73' title="bbox 106 4022 1793 4093">
    <p class='ocr_par' dir='ltr' id='par_1_73' title="bbox 106 4022 1793 4093">
     <span class='ocr_line' id='line_1_73' title="bbox 106 4022 1793 4093; baseline 0.004 -20"><span class='ocrx_word' id='word_1_544' title='bbox 106 4024 190 4074; x_wconf 89' lang='lat' dir='ltr'>tur</span> <span class='ocrx_word' id='word_1_545' title='bbox 215 4022 512 4078; x_wconf 91' lang='lat' dir='ltr'>hominem</span> <span class='ocrx_word' id='word_1_546' title='bbox 537 4022 887 4093; x_wconf 89' lang='lat' dir='ltr'>baptizatum</span> <span class='ocrx_word' id='word_1_547' title='bbox 919 4022 1180 4077; x_wconf 84' lang='lat' dir='ltr'>damnari</span> <span class='ocrx_word' id='word_1_548' title='bbox 1219 4028 1452 4093; x_wconf 90' lang='lat' dir='ltr'>propter</span> <span class='ocrx_word' id='word_1_549' title='bbox 1498 4029 1793 4093; x_wconf 87' lang='lat' dir='ltr'>peccatum</span> 
     </span>
    </p>
   </div>
   <div class='ocr_carea' id='block_1_74' title="bbox 105 4110 1794 4183">
    <p class='ocr_par' dir='ltr' id='par_1_74' title="bbox 105 4110 1794 4183">
     <span class='ocr_line' id='line_1_74' title="bbox 105 4110 1794 4183; baseline 0.003 -20"><span class='ocrx_word' id='word_1_550' title='bbox 105 4110 365 4183; x_wconf 87' lang='lat' dir='ltr'>originale</span> <span class='ocrx_word' id='word_1_551' title='bbox 436 4112 774 4178; x_wconf 87' lang='lat' dir='ltr'>formaliter,</span> <span class='ocrx_word' id='word_1_552' title='bbox 835 4117 891 4166; x_wconf 90' lang='lat' dir='ltr'>et</span> <span class='ocrx_word' id='word_1_553' title='bbox 931 4128 1051 4166; x_wconf 92' lang='lat' dir='ltr'>esse</span> <span class='ocrx_word' id='word_1_554' title='bbox 1088 4112 1312 4166; x_wconf 85' lang='lat' dir='ltr'>ratione</span> <span class='ocrx_word' id='word_1_555' title='bbox 1342 4111 1494 4166; x_wconf 89' lang='lat' dir='ltr'>illius</span> <span class='ocrx_word' id='word_1_556' title='bbox 1524 4117 1587 4165; x_wconf 91' lang='lat' dir='ltr'>ut</span> <span class='ocrx_word' id='word_1_557' title='bbox 1611 4129 1794 4168; x_wconf 60' lang='lat' dir='ltr'>causa</span> 
     </span>
    </p>
   </div>
   <div class='ocr_carea' id='block_1_75' title="bbox 106 4200 1793 4272">
    <p class='ocr_par' dir='ltr' id='par_1_75' title="bbox 106 4200 1793 4272">
     <span class='ocr_line' id='line_1_75' title="bbox 106 4200 1793 4272; baseline 0.002 -20"><span class='ocrx_word' id='word_1_558' title='bbox 106 4200 363 4268; x_wconf 69' lang='lat' dir='ltr'>proxima:</span> <span class='ocrx_word' id='word_1_559' title='bbox 399 4201 794 4271; x_wconf 90' lang='lat' dir='ltr'>reprobatum,</span> <span class='ocrx_word' id='word_1_560' title='bbox 826 4200 924 4255; x_wconf 91' lang='lat' dir='ltr'>sed</span> <span class='ocrx_word' id='word_1_561' title='bbox 976 4200 1220 4256; x_wconf 90' lang='lat' dir='ltr'>dicimus</span> <span class='ocrx_word' id='word_1_562' title='bbox 1275 4200 1602 4255; x_wconf 88' lang='lat' dir='ltr'>radicaliter</span> <span class='ocrx_word' id='word_1_563' title='bbox 1654 4217 1793 4272; x_wconf 91' lang='lat' dir='ltr'>pec-</span> 
     </span>
    </p>
   </div>
   <div class='ocr_carea' id='block_1_76' title="bbox 1907 3044 3604 3115">
    <p class='ocr_par' dir='ltr' id='par_1_76' title="bbox 1907 3044 3604 3115">
     <span class='ocr_line' id='line_1_76' title="bbox 1907 3044 3604 3115; baseline 0 -16"><span class='ocrx_word' id='word_1_564' title='bbox 1907 3044 2093 3099; x_wconf 88' lang='lat' dir='ltr'>rentia</span> <span class='ocrx_word' id='word_1_565' title='bbox 2121 3044 2256 3099; x_wconf 92' lang='lat' dir='ltr'>doni</span> <span class='ocrx_word' id='word_1_566' title='bbox 2287 3045 2426 3098; x_wconf 89' lang='lat' dir='ltr'>alias</span> <span class='ocrx_word' id='word_1_567' title='bbox 2473 3044 2650 3099; x_wconf 90' lang='lat' dir='ltr'>debiti</span> <span class='ocrx_word' id='word_1_568' title='bbox 2678 3049 2897 3099; x_wconf 72' lang='lat' dir='ltr'>natura:</span> <span class='ocrx_word' id='word_1_569' title='bbox 2942 3049 3117 3115; x_wconf 90' lang='lat' dir='ltr'>prout</span> <span class='ocrx_word' id='word_1_570' title='bbox 3169 3045 3401 3100; x_wconf 69' lang='lat' dir='ltr'>elevata:</span> <span class='ocrx_word' id='word_1_571' title='bbox 3437 3045 3506 3100; x_wconf 92' lang='lat' dir='ltr'>ad</span> <span class='ocrx_word' id='word_1_572' title='bbox 3538 3045 3604 3099; x_wconf 83' lang='lat' dir='ltr'>ti-</span> 
     </span>
    </p>
   </div>
   <div class='ocr_carea' id='block_1_77' title="bbox 1906 3134 2588 3205">
    <p class='ocr_par' dir='ltr' id='par_1_77' title="bbox 1906 3134 2588 3205">
     <span class='ocr_line' id='line_1_77' title="bbox 1906 3134 2588 3205; baseline -0.001 -17"><span class='ocrx_word' id='word_1_573' title='bbox 1906 3150 2041 3188; x_wconf 90' lang='lat' dir='ltr'>nem</span> <span class='ocrx_word' id='word_1_574' title='bbox 2071 3134 2588 3205; x_wconf 86' lang='lat' dir='ltr'>supernaturalem.</span> 
     </span>
    </p>
   </div>
   <div class='ocr_carea' id='block_1_78' title="bbox 1980 3222 3607 3294">
    <p class='ocr_par' dir='ltr' id='par_1_78' title="bbox 1980 3222 3607 3294">
     <span class='ocr_line' id='line_1_78' title="bbox 1980 3222 3607 3294; baseline 0 -16"><span class='ocrx_word' id='word_1_575' title='bbox 1980 3226 2263 3278; x_wconf 84' lang='lat' dir='ltr'>Hactenus</span> <span class='ocrx_word' id='word_1_576' title='bbox 2293 3224 2415 3279; x_wconf 68' lang='lat' dir='ltr'>haec</span> <span class='ocrx_word' id='word_1_577' title='bbox 2444 3239 2551 3294; x_wconf 95' lang='lat' dir='ltr'>pro</span> <span class='ocrx_word' id='word_1_578' title='bbox 2585 3222 2922 3293; x_wconf 84' lang='lat' dir='ltr'>explicanda</span> <span class='ocrx_word' id='word_1_579' title='bbox 2969 3223 3253 3278; x_wconf 88' lang='lat' dir='ltr'>sententia</span> <span class='ocrx_word' id='word_1_580' title='bbox 3282 3222 3461 3278; x_wconf 90' lang='lat' dir='ltr'>sancti</span> <span class='ocrx_word' id='word_1_581' title='bbox 3497 3225 3607 3278; x_wconf 82' lang='lat' dir='ltr'>Au-</span> 
     </span>
    </p>
   </div>
   <div class='ocr_carea' id='block_1_79' title="bbox 1907 3312 3605 3384">
    <p class='ocr_par' dir='ltr' id='par_1_79' title="bbox 1907 3312 3605 3384">
     <span class='ocr_line' id='line_1_79' title="bbox 1907 3312 3605 3384; baseline 0.001 -18"><span class='ocrx_word' id='word_1_582' title='bbox 1907 3313 2121 3384; x_wconf 90' lang='lat' dir='ltr'>gustini</span> <span class='ocrx_word' id='word_1_583' title='bbox 2150 3312 2439 3367; x_wconf 87' lang='lat' dir='ltr'>insinuata</span> <span class='ocrx_word' id='word_1_584' title='bbox 2469 3312 2603 3379; x_wconf 90' lang='lat' dir='ltr'>sint,</span> <span class='ocrx_word' id='word_1_585' title='bbox 2646 3312 2908 3383; x_wconf 90' lang='lat' dir='ltr'>pluribus</span> <span class='ocrx_word' id='word_1_586' title='bbox 2955 3312 3111 3367; x_wconf 91' lang='lat' dir='ltr'>enim</span> <span class='ocrx_word' id='word_1_587' title='bbox 3159 3312 3422 3367; x_wconf 89' lang='lat' dir='ltr'>eamdem</span> <span class='ocrx_word' id='word_1_588' title='bbox 3474 3329 3605 3367; x_wconf 89' lang='lat' dir='ltr'>sen-</span> 
     </span>
    </p>
   </div>
   <div class='ocr_carea' id='block_1_80' title="bbox 1906 3400 3605 3473">
    <p class='ocr_par' dir='ltr' id='par_1_80' title="bbox 1906 3400 3605 3473">
     <span class='ocr_line' id='line_1_80' title="bbox 1906 3400 3605 3473; baseline 0 -17"><span class='ocrx_word' id='word_1_589' title='bbox 1906 3402 2145 3456; x_wconf 90' lang='lat' dir='ltr'>tentiam</span> <span class='ocrx_word' id='word_1_590' title='bbox 2175 3406 2231 3457; x_wconf 88' lang='lat' dir='ltr'>et</span> <span class='ocrx_word' id='word_1_591' title='bbox 2260 3406 2553 3473; x_wconf 86' lang='lat' dir='ltr'>exponunt</span> <span class='ocrx_word' id='word_1_592' title='bbox 2582 3406 2637 3455; x_wconf 89' lang='lat' dir='ltr'>et</span> <span class='ocrx_word' id='word_1_593' title='bbox 2675 3401 2994 3456; x_wconf 83' lang='lat' dir='ltr'>defendunt</span> <span class='ocrx_word' id='word_1_594' title='bbox 3042 3400 3413 3455; x_wconf 88' lang='lat' dir='ltr'>eruditissimi</span> <span class='ocrx_word' id='word_1_595' title='bbox 3444 3402 3605 3457; x_wconf 91' lang='lat' dir='ltr'>theo-</span> 
     </span>
    </p>
   </div>
   <div class='ocr_carea' id='block_1_81' title="bbox 1904 3489 3604 3563">
    <p class='ocr_par' dir='ltr' id='par_1_81' title="bbox 1904 3489 3604 3563">
     <span class='ocr_line' id='line_1_81' title="bbox 1904 3489 3604 3563; baseline 0.001 -19"><span class='ocrx_word' id='word_1_596' title='bbox 1904 3490 2021 3560; x_wconf 89' lang='lat' dir='ltr'>logi</span> <span class='ocrx_word' id='word_1_597' title='bbox 2052 3490 2284 3544; x_wconf 87' lang='lat' dir='ltr'>Ruizius</span> <span class='ocrx_word' id='word_1_598' title='bbox 2340 3495 2398 3544; x_wconf 89' lang='lat' dir='ltr'>et</span> <span class='ocrx_word' id='word_1_599' title='bbox 2452 3491 2724 3545; x_wconf 90' lang='lat' dir='ltr'>Gonettus</span> <span class='ocrx_word' id='word_1_600' title='bbox 2755 3489 2988 3544; x_wconf 89' lang='lat' dir='ltr'>laudati.</span> <span class='ocrx_word' id='word_1_601' title='bbox 3046 3490 3204 3545; x_wconf 91' lang='lat' dir='ltr'>Unde</span> <span class='ocrx_word' id='word_1_602' title='bbox 3259 3490 3451 3545; x_wconf 84' lang='lat' dir='ltr'>nescio</span> <span class='ocrx_word' id='word_1_603' title='bbox 3489 3507 3604 3563; x_wconf 92' lang='lat' dir='ltr'>quo</span> 
     </span>
    </p>
   </div>
   <div class='ocr_carea' id='block_1_82' title="bbox 1904 3577 3602 3649">
    <p class='ocr_par' dir='ltr' id='par_1_82' title="bbox 1904 3577 3602 3649">
     <span class='ocr_line' id='line_1_82' title="bbox 1904 3577 3602 3649; baseline 0.001 -18"><span class='ocrx_word' id='word_1_604' title='bbox 1904 3577 2110 3648; x_wconf 91' lang='lat' dir='ltr'>panico</span> <span class='ocrx_word' id='word_1_605' title='bbox 2162 3578 2371 3633; x_wconf 89' lang='lat' dir='ltr'>timore</span> <span class='ocrx_word' id='word_1_606' title='bbox 2426 3579 2722 3649; x_wconf 90' lang='lat' dir='ltr'>perculsus</span> <span class='ocrx_word' id='word_1_607' title='bbox 2772 3578 2930 3633; x_wconf 89' lang='lat' dir='ltr'>illam</span> <span class='ocrx_word' id='word_1_608' title='bbox 2989 3580 3240 3634; x_wconf 85' lang='lat' dir='ltr'>Adamus</span> <span class='ocrx_word' id='word_1_609' title='bbox 3294 3580 3602 3643; x_wconf 86' lang='lat' dir='ltr'>horruerit,</span> 
     </span>
    </p>
   </div>
   <div class='ocr_carea' id='block_1_83' title="bbox 1905 3666 3605 3738">
    <p class='ocr_par' dir='ltr' id='par_1_83' title="bbox 1905 3666 3605 3738">
     <span class='ocr_line' id='line_1_83' title="bbox 1905 3666 3605 3738; baseline 0.003 -19"><span class='ocrx_word' id='word_1_610' title='bbox 1905 3681 2174 3720; x_wconf 90' lang='lat' dir='ltr'>accusans</span> <span class='ocrx_word' id='word_1_611' title='bbox 2206 3666 2465 3721; x_wconf 87' lang='lat' dir='ltr'>eamdem</span> <span class='ocrx_word' id='word_1_612' title='bbox 2513 3672 2790 3738; x_wconf 87' lang='lat' dir='ltr'>tanquam</span> <span class='ocrx_word' id='word_1_613' title='bbox 2822 3673 3062 3723; x_wconf 89' lang='lat' dir='ltr'>matrem</span> <span class='ocrx_word' id='word_1_614' title='bbox 3112 3669 3455 3724; x_wconf 68' lang='lat' dir='ltr'>Calvinianaa</span> <span class='ocrx_word' id='word_1_615' title='bbox 3485 3669 3605 3724; x_wconf 70' lang='lat' dir='ltr'>bte-</span> 
     </span>
    </p>
   </div>
   <div class='ocr_carea' id='block_1_84' title="bbox 1904 3756 3607 3828">
    <p class='ocr_par' dir='ltr' id='par_1_84' title="bbox 1904 3756 3607 3828">
     <span class='ocr_line' id='line_1_84' title="bbox 1904 3756 3607 3828; baseline 0.003 -20"><span class='ocrx_word' id='word_1_616' title='bbox 1904 3770 2132 3822; x_wconf 89' lang='lat' dir='ltr'>reseos;</span> <span class='ocrx_word' id='word_1_617' title='bbox 2167 3756 2320 3826; x_wconf 91' lang='lat' dir='ltr'>quod</span> <span class='ocrx_word' id='word_1_618' title='bbox 2345 3756 2577 3827; x_wconf 89' lang='lat' dir='ltr'>quidem</span> <span class='ocrx_word' id='word_1_619' title='bbox 2609 3758 2882 3811; x_wconf 87' lang='lat' dir='ltr'>attentius</span> <span class='ocrx_word' id='word_1_620' title='bbox 2924 3758 3315 3828; x_wconf 80' lang='lat' dir='ltr'>considerans,</span> <span class='ocrx_word' id='word_1_621' title='bbox 3362 3758 3607 3813; x_wconf 87' lang='lat' dir='ltr'>arbitror</span> 
     </span>
    </p>
   </div>
   <div class='ocr_carea' id='block_1_85' title="bbox 1904 3843 3604 3916">
    <p class='ocr_par' dir='ltr' id='par_1_85' title="bbox 1904 3843 3604 3916">
     <span class='ocr_line' id='line_1_85' title="bbox 1904 3843 3604 3916; baseline 0.002 -19"><span class='ocrx_word' id='word_1_622' title='bbox 1904 3843 2068 3897; x_wconf 89' lang='lat' dir='ltr'>illum</span> <span class='ocrx_word' id='word_1_623' title='bbox 2126 3844 2473 3899; x_wconf 81' lang='lat' dir='ltr'>intellexisse</span> <span class='ocrx_word' id='word_1_624' title='bbox 2529 3861 2783 3899; x_wconf 89' lang='lat' dir='ltr'>errorem</span> <span class='ocrx_word' id='word_1_625' title='bbox 2839 3847 2977 3900; x_wconf 92' lang='lat' dir='ltr'>satis</span> <span class='ocrx_word' id='word_1_626' title='bbox 3025 3851 3251 3913; x_wconf 90' lang='lat' dir='ltr'>notum,</span> <span class='ocrx_word' id='word_1_627' title='bbox 3312 3863 3519 3916; x_wconf 90' lang='lat' dir='ltr'>nempe</span> <span class='ocrx_word' id='word_1_628' title='bbox 3545 3846 3604 3900; x_wconf 90' lang='lat' dir='ltr'>in</span> 
     </span>
    </p>
   </div>
   <div class='ocr_carea' id='block_1_86' title="bbox 1902 3932 3605 4006">
    <p class='ocr_par' dir='ltr' id='par_1_86' title="bbox 1902 3932 3605 4006">
     <span class='ocr_line' id='line_1_86' title="bbox 1902 3932 3605 4006; baseline 0.002 -20"><span class='ocrx_word' id='word_1_629' title='bbox 1902 3932 2202 4004; x_wconf 86' lang='lat' dir='ltr'>baptizatis</span> <span class='ocrx_word' id='word_1_630' title='bbox 2244 3949 2375 3987; x_wconf 88' lang='lat' dir='ltr'>vere</span> <span class='ocrx_word' id='word_1_631' title='bbox 2422 3949 2721 3988; x_wconf 88' lang='lat' dir='ltr'>remanere</span> <span class='ocrx_word' id='word_1_632' title='bbox 2748 3939 3044 4005; x_wconf 90' lang='lat' dir='ltr'>peccatum</span> <span class='ocrx_word' id='word_1_633' title='bbox 3084 3934 3360 4006; x_wconf 87' lang='lat' dir='ltr'>originis;</span> <span class='ocrx_word' id='word_1_634' title='bbox 3389 3935 3605 3990; x_wconf 82' lang='lat' dir='ltr'>etenim</span> 
     </span>
    </p>
   </div>
   <div class='ocr_carea' id='block_1_87' title="bbox 1903 4021 3603 4094">
    <p class='ocr_par' dir='ltr' id='par_1_87' title="bbox 1903 4021 3603 4094">
     <span class='ocr_line' id='line_1_87' title="bbox 1903 4021 3603 4094; baseline 0.002 -19"><span class='ocrx_word' id='word_1_635' title='bbox 1903 4022 1951 4075; x_wconf 90' lang='lat' dir='ltr'>si</span> <span class='ocrx_word' id='word_1_636' title='bbox 1980 4027 2112 4091; x_wconf 90' lang='lat' dir='ltr'>post</span> <span class='ocrx_word' id='word_1_637' title='bbox 2140 4021 2489 4093; x_wconf 89' lang='lat' dir='ltr'>baptismum</span> <span class='ocrx_word' id='word_1_638' title='bbox 2520 4024 2708 4078; x_wconf 87' lang='lat' dir='ltr'>adhuc</span> <span class='ocrx_word' id='word_1_639' title='bbox 2738 4024 2921 4078; x_wconf 81' lang='lat' dir='ltr'>ﬁdelis</span> <span class='ocrx_word' id='word_1_640' title='bbox 2948 4028 3141 4094; x_wconf 79' lang='lat' dir='ltr'>potest</span> <span class='ocrx_word' id='word_1_641' title='bbox 3195 4022 3492 4093; x_wconf 89' lang='lat' dir='ltr'>reprobari</span> <span class='ocrx_word' id='word_1_642' title='bbox 3530 4023 3603 4078; x_wconf 91' lang='lat' dir='ltr'>ob</span> 
     </span>
    </p>
   </div>
   <div class='ocr_carea' id='block_1_88' title="bbox 1902 4110 3601 4182">
    <p class='ocr_par' dir='ltr' id='par_1_88' title="bbox 1902 4110 3601 4182">
     <span class='ocr_line' id='line_1_88' title="bbox 1902 4110 3601 4182; baseline 0.001 -19"><span class='ocrx_word' id='word_1_643' title='bbox 1902 4116 2197 4181; x_wconf 90' lang='lat' dir='ltr'>peccatum</span> <span class='ocrx_word' id='word_1_644' title='bbox 2230 4111 2485 4181; x_wconf 84' lang='lat' dir='ltr'>originis.</span> <span class='ocrx_word' id='word_1_645' title='bbox 2514 4112 2819 4182; x_wconf 89' lang='lat' dir='ltr'>nonigitur</span> <span class='ocrx_word' id='word_1_646' title='bbox 2832 4117 2917 4167; x_wconf 89' lang='lat' dir='ltr'>est</span> <span class='ocrx_word' id='word_1_647' title='bbox 2945 4113 3195 4167; x_wconf 89' lang='lat' dir='ltr'>deletum</span> <span class='ocrx_word' id='word_1_648' title='bbox 3208 4110 3601 4179; x_wconf 88' lang='lat' dir='ltr'>etremissum,</span> 
     </span>
    </p>
   </div>
   <div class='ocr_carea' id='block_1_89' title="bbox 1902 4200 3605 4273">
    <p class='ocr_par' dir='ltr' id='par_1_89' title="bbox 1902 4200 3605 4273">
     <span class='ocr_line' id='line_1_89' title="bbox 1902 4200 3605 4273; baseline 0.001 -19"><span class='ocrx_word' id='word_1_649' title='bbox 1902 4215 2032 4254; x_wconf 91' lang='lat' dir='ltr'>cum</span> <span class='ocrx_word' id='word_1_650' title='bbox 2050 4200 2265 4271; x_wconf 89' lang='lat' dir='ltr'>aliquid</span> <span class='ocrx_word' id='word_1_651' title='bbox 2289 4207 2579 4255; x_wconf 80' lang='lat' dir='ltr'>remaneat</span> <span class='ocrx_word' id='word_1_652' title='bbox 2598 4201 2661 4255; x_wconf 92' lang='lat' dir='ltr'>in</span> <span class='ocrx_word' id='word_1_653' title='bbox 2674 4201 2885 4255; x_wconf 89' lang='lat' dir='ltr'>renatis</span> <span class='ocrx_word' id='word_1_654' title='bbox 2902 4201 2974 4255; x_wconf 94' lang='lat' dir='ltr'>ob</span> <span class='ocrx_word' id='word_1_655' title='bbox 2987 4201 3137 4273; x_wconf 91' lang='lat' dir='ltr'>quod</span> <span class='ocrx_word' id='word_1_656' title='bbox 3150 4207 3431 4255; x_wconf 67' lang='lat' dir='ltr'>aeternum</span> <span class='ocrx_word' id='word_1_657' title='bbox 3450 4200 3605 4255; x_wconf 84' lang='lat' dir='ltr'>dam-</span> 
     </span>
    </p>
   </div>
   <div class='ocr_carea' id='block_1_90' title="bbox 107 4276 3605 4363">
    <p class='ocr_par' dir='ltr' id='par_1_90' title="bbox 107 4276 3605 4363">
     <span class='ocr_line' id='line_1_90' title="bbox 107 4276 3605 4363; baseline 0.001 -22"><span class='ocrx_word' id='word_1_658' title='bbox 107 4292 281 4345; x_wconf 88' lang='lat' dir='ltr'>catum</span> <span class='ocrx_word' id='word_1_659' title='bbox 311 4290 596 4362; x_wconf 86' lang='lat' dir='ltr'>originale</span> <span class='ocrx_word' id='word_1_660' title='bbox 638 4306 760 4345; x_wconf 90' lang='lat' dir='ltr'>esse</span> <span class='ocrx_word' id='word_1_661' title='bbox 812 4305 1040 4344; x_wconf 89' lang='lat' dir='ltr'>causam</span> <span class='ocrx_word' id='word_1_662' title='bbox 1072 4289 1488 4361; x_wconf 89' lang='lat' dir='ltr'>reprobationis</span> <span class='ocrx_word' id='word_1_663' title='bbox 1536 4289 1795 4344; x_wconf 80' lang='lat' dir='ltr'>fidelium</span> <span class='ocrx_word' id='word_1_664' title='bbox 1825 4276 1868 4332; x_wconf 80' lang='grc' dir='ltr'>Ῐ)</span> <span class='ocrx_word' id='word_1_665' title='bbox 1906 4294 2135 4343; x_wconf 90' lang='lat' dir='ltr'>nentur.</span> <span class='ocrx_word' id='word_1_666' title='bbox 2183 4293 2255 4344; x_wconf 83' lang='lat' dir='ltr'>At</span> <span class='ocrx_word' id='word_1_667' title='bbox 2286 4290 2404 4343; x_wconf 59' lang='lat' dir='ltr'>hinc</span> <span class='ocrx_word' id='word_1_668' title='bbox 2435 4295 2557 4345; x_wconf 88' lang='lat' dir='ltr'>erat</span> <span class='ocrx_word' id='word_1_669' title='bbox 2610 4295 2774 4345; x_wconf 89' lang='lat' dir='ltr'>vetus</span> <span class='ocrx_word' id='word_1_670' title='bbox 2828 4291 3135 4361; x_wconf 84' lang='lat' dir='ltr'>calumnia,</span> <span class='ocrx_word' id='word_1_671' title='bbox 3193 4307 3366 4363; x_wconf 88' lang='lat' dir='ltr'>quam</span> <span class='ocrx_word' id='word_1_672' title='bbox 3424 4289 3605 4346; x_wconf 90' lang='lat' dir='ltr'>Semi-</span> 
     </span>
    </p>
   </div>
   <div class='ocr_carea' id='block_1_91' title="bbox 107 4378 1797 4451">
    <p class='ocr_par' dir='ltr' id='par_1_91' title="bbox 107 4378 1797 4451">
     <span class='ocr_line' id='line_1_91' title="bbox 107 4378 1797 4451; baseline 0.001 -19"><span class='ocrx_word' id='word_1_673' title='bbox 107 4378 195 4448; x_wconf 86' lang='lat' dir='ltr'>qui</span> <span class='ocrx_word' id='word_1_674' title='bbox 224 4378 594 4447; x_wconf 87' lang='lat' dir='ltr'>damnantur,</span> <span class='ocrx_word' id='word_1_675' title='bbox 628 4384 909 4451; x_wconf 88' lang='lat' dir='ltr'>quatenus</span> <span class='ocrx_word' id='word_1_676' title='bbox 948 4395 1016 4433; x_wconf 89' lang='lat' dir='ltr'>ex</span> <span class='ocrx_word' id='word_1_677' title='bbox 1037 4378 1136 4433; x_wconf 92' lang='lat' dir='ltr'>illo</span> <span class='ocrx_word' id='word_1_678' title='bbox 1163 4384 1354 4434; x_wconf 90' lang='lat' dir='ltr'>ortum</span> <span class='ocrx_word' id='word_1_679' title='bbox 1386 4378 1589 4434; x_wconf 80' lang='lat' dir='ltr'>habuit</span> <span class='ocrx_word' id='word_1_680' title='bbox 1616 4379 1797 4451; x_wconf 87' lang='lat' dir='ltr'>priva-</span> 
     </span>
    </p>
   </div>
   <div class='ocr_carea' id='block_1_92' title="bbox 107 4466 1791 4539">
    <p class='ocr_par' dir='ltr' id='par_1_92' title="bbox 107 4466 1791 4539">
     <span class='ocr_line' id='line_1_92' title="bbox 107 4466 1791 4539; baseline 0.002 -22"><span class='ocrx_word' id='word_1_681' title='bbox 107 4466 177 4519; x_wconf 90' lang='lat' dir='ltr'>tio</span> <span class='ocrx_word' id='word_1_682' title='bbox 218 4468 491 4538; x_wconf 73' lang='lat' dir='ltr'>potentias</span> <span class='ocrx_word' id='word_1_683' title='bbox 518 4468 780 4539; x_wconf 82' lang='lat' dir='ltr'>proxime</span> <span class='ocrx_word' id='word_1_684' title='bbox 824 4467 1109 4537; x_wconf 77' lang='lat' dir='ltr'>expeditae</span> <span class='ocrx_word' id='word_1_685' title='bbox 1159 4467 1232 4522; x_wconf 89' lang='lat' dir='ltr'>ad</span> <span class='ocrx_word' id='word_1_686' title='bbox 1288 4468 1791 4539; x_wconf 89' lang='lat' dir='ltr'>perseverandum,</span> 
     </span>
    </p>
   </div>
   <div class='ocr_carea' id='block_1_93' title="bbox 108 4555 1793 4629">
    <p class='ocr_par' dir='ltr' id='par_1_93' title="bbox 108 4555 1793 4629">
     <span class='ocr_line' id='line_1_93' title="bbox 108 4555 1793 4629; baseline 0.001 -20"><span class='ocrx_word' id='word_1_687' title='bbox 108 4555 201 4609; x_wconf 86' lang='lat' dir='ltr'>sub</span> <span class='ocrx_word' id='word_1_688' title='bbox 231 4573 342 4628; x_wconf 86' lang='lat' dir='ltr'>qua</span> <span class='ocrx_word' id='word_1_689' title='bbox 373 4557 617 4629; x_wconf 67' lang='lat' dir='ltr'>praeciso</span> <span class='ocrx_word' id='word_1_690' title='bbox 659 4556 873 4611; x_wconf 88' lang='lat' dir='ltr'>auxilio</span> <span class='ocrx_word' id='word_1_691' title='bbox 905 4556 1135 4627; x_wconf 90' lang='lat' dir='ltr'>speciali</span> <span class='ocrx_word' id='word_1_692' title='bbox 1188 4556 1290 4612; x_wconf 89' lang='lat' dir='ltr'>Dei</span> <span class='ocrx_word' id='word_1_693' title='bbox 1336 4556 1511 4627; x_wconf 83' lang='lat' dir='ltr'>homo</span> <span class='ocrx_word' id='word_1_694' title='bbox 1550 4556 1793 4612; x_wconf 89' lang='lat' dir='ltr'>salutem</span> 
     </span>
    </p>
   </div>
   <div class='ocr_carea' id='block_1_94' title="bbox 106 4645 1791 4721">
    <p class='ocr_par' dir='ltr' id='par_1_94' title="bbox 106 4645 1791 4721">
     <span class='ocr_line' id='line_1_94' title="bbox 106 4645 1791 4721; baseline 0.002 -26"><span class='ocrx_word' id='word_1_695' title='bbox 106 4658 212 4699; x_wconf 90' lang='lat' dir='ltr'>non</span> <span class='ocrx_word' id='word_1_696' title='bbox 264 4646 658 4721; x_wconf 67' lang='lat' dir='ltr'>consequitur,</span> <span class='ocrx_word' id='word_1_697' title='bbox 720 4646 815 4699; x_wconf 89' lang='lat' dir='ltr'>sed</span> <span class='ocrx_word' id='word_1_698' title='bbox 865 4645 1078 4699; x_wconf 89' lang='lat' dir='ltr'>labitur</span> <span class='ocrx_word' id='word_1_699' title='bbox 1128 4646 1189 4699; x_wconf 93' lang='lat' dir='ltr'>in</span> <span class='ocrx_word' id='word_1_700' title='bbox 1238 4649 1468 4717; x_wconf 88' lang='lat' dir='ltr'>peccata</span> <span class='ocrx_word' id='word_1_701' title='bbox 1531 4646 1604 4699; x_wconf 93' lang='lat' dir='ltr'>ob</span> <span class='ocrx_word' id='word_1_702' title='bbox 1661 4660 1791 4717; x_wconf 74' lang='lat' dir='ltr'>quae</span> 
     </span>
    </p>
   </div>
   <div class='ocr_carea' id='block_1_95' title="bbox 105 4734 1790 4806">
    <p class='ocr_par' dir='ltr' id='par_1_95' title="bbox 105 4734 1790 4806">
     <span class='ocr_line' id='line_1_95' title="bbox 105 4734 1790 4806; baseline 0.002 -21"><span class='ocrx_word' id='word_1_703' title='bbox 105 4734 352 4801; x_wconf 88' lang='lat' dir='ltr'>proxime</span> <span class='ocrx_word' id='word_1_704' title='bbox 378 4740 435 4789; x_wconf 90' lang='lat' dir='ltr'>et</span> <span class='ocrx_word' id='word_1_705' title='bbox 459 4734 778 4789; x_wconf 83' lang='lat' dir='ltr'>formaliter</span> <span class='ocrx_word' id='word_1_706' title='bbox 805 4750 839 4788; x_wconf 90' lang='lat' dir='ltr'>a</span> <span class='ocrx_word' id='word_1_707' title='bbox 892 4735 1005 4788; x_wconf 92' lang='lat' dir='ltr'>Deo</span> <span class='ocrx_word' id='word_1_708' title='bbox 1037 4735 1363 4789; x_wconf 89' lang='lat' dir='ltr'>damnatur.</span> <span class='ocrx_word' id='word_1_709' title='bbox 1394 4735 1591 4806; x_wconf 88' lang='lat' dir='ltr'>Neque</span> <span class='ocrx_word' id='word_1_710' title='bbox 1635 4734 1790 4789; x_wconf 90' lang='lat' dir='ltr'>enim</span> 
     </span>
    </p>
   </div>
   <div class='ocr_carea' id='block_1_96' title="bbox 103 4823 1788 4896">
    <p class='ocr_par' dir='ltr' id='par_1_96' title="bbox 103 4823 1788 4896">
     <span class='ocr_line' id='line_1_96' title="bbox 103 4823 1788 4896; baseline 0.002 -23"><span class='ocrx_word' id='word_1_711' title='bbox 103 4836 367 4893; x_wconf 86' lang='lat' dir='ltr'>negamus</span> <span class='ocrx_word' id='word_1_712' title='bbox 394 4826 574 4879; x_wconf 89' lang='lat' dir='ltr'>Deum</span> <span class='ocrx_word' id='word_1_713' title='bbox 605 4824 913 4895; x_wconf 77' lang='lat' dir='ltr'>reprobate</span> <span class='ocrx_word' id='word_1_714' title='bbox 939 4823 1188 4895; x_wconf 88' lang='lat' dir='ltr'>aliquem</span> <span class='ocrx_word' id='word_1_715' title='bbox 1218 4824 1290 4878; x_wconf 91' lang='lat' dir='ltr'>ob</span> <span class='ocrx_word' id='word_1_716' title='bbox 1319 4827 1547 4896; x_wconf 84' lang='lat' dir='ltr'>peccata</span> <span class='ocrx_word' id='word_1_717' title='bbox 1598 4828 1788 4878; x_wconf 86' lang='lat' dir='ltr'>actua-</span> 
     </span>
    </p>
   </div>
   <div class='ocr_carea' id='block_1_97' title="bbox 100 4908 1791 4986">
    <p class='ocr_par' dir='ltr' id='par_1_97' title="bbox 100 4908 1791 4986">
     <span class='ocr_line' id='line_1_97' title="bbox 100 4908 1791 4986; baseline 0.002 -23"><span class='ocrx_word' id='word_1_718' title='bbox 100 4908 187 4976; x_wconf 91' lang='lat' dir='ltr'>lia,</span> <span class='ocrx_word' id='word_1_719' title='bbox 220 4929 405 4986; x_wconf 90' lang='lat' dir='ltr'>neque</span> <span class='ocrx_word' id='word_1_720' title='bbox 448 4913 689 4968; x_wconf 87' lang='lat' dir='ltr'>dicimus</span> <span class='ocrx_word' id='word_1_721' title='bbox 747 4914 927 4968; x_wconf 91' lang='lat' dir='ltr'>Deum</span> <span class='ocrx_word' id='word_1_722' title='bbox 957 4912 1150 4984; x_wconf 92' lang='lat' dir='ltr'>prium</span> <span class='ocrx_word' id='word_1_723' title='bbox 1197 4913 1502 4985; x_wconf 89' lang='lat' dir='ltr'>reprobare</span> <span class='ocrx_word' id='word_1_724' title='bbox 1554 4918 1791 4985; x_wconf 90' lang='lat' dir='ltr'>propter</span> 
     </span>
    </p>
   </div>
   <div class='ocr_carea' id='block_1_98' title="bbox 100 5000 1787 5073">
    <p class='ocr_par' dir='ltr' id='par_1_98' title="bbox 100 5000 1787 5073">
     <span class='ocr_line' id='line_1_98' title="bbox 100 5000 1787 5073; baseline 0.004 -22"><span class='ocrx_word' id='word_1_725' title='bbox 100 5000 391 5072; x_wconf 90' lang='lat' dir='ltr'>originale,</span> <span class='ocrx_word' id='word_1_726' title='bbox 422 5002 628 5057; x_wconf 91' lang='lat' dir='ltr'>deinde</span> <span class='ocrx_word' id='word_1_727' title='bbox 657 5002 831 5057; x_wconf 87' lang='lat' dir='ltr'>etiam</span> <span class='ocrx_word' id='word_1_728' title='bbox 861 5002 932 5057; x_wconf 90' lang='lat' dir='ltr'>ob</span> <span class='ocrx_word' id='word_1_729' title='bbox 955 5001 1218 5069; x_wconf 87' lang='lat' dir='ltr'>actualia,</span> <span class='ocrx_word' id='word_1_730' title='bbox 1248 5006 1313 5057; x_wconf 90' lang='lat' dir='ltr'>ut</span> <span class='ocrx_word' id='word_1_731' title='bbox 1345 5000 1586 5073; x_wconf 91' lang='lat' dir='ltr'>opponit</span> <span class='ocrx_word' id='word_1_732' title='bbox 1610 5003 1787 5057; x_wconf 82' lang='lat' dir='ltr'>Joan-</span> 
     </span>
    </p>
   </div>
   <div class='ocr_carea' id='block_1_99' title="bbox 101 5090 1783 5163">
    <p class='ocr_par' dir='ltr' id='par_1_99' title="bbox 101 5090 1783 5163">
     <span class='ocr_line' id='line_1_99' title="bbox 101 5090 1783 5163; baseline 0.003 -23"><span class='ocrx_word' id='word_1_733' title='bbox 101 5102 193 5142; x_wconf 87' lang='lat' dir='ltr'>nes</span> <span class='ocrx_word' id='word_1_734' title='bbox 217 5105 250 5142; x_wconf 88' lang='lat' dir='ltr'>a</span> <span class='ocrx_word' id='word_1_735' title='bbox 268 5090 473 5145; x_wconf 90' lang='lat' dir='ltr'>Sancto</span> <span class='ocrx_word' id='word_1_736' title='bbox 497 5091 733 5158; x_wconf 88' lang='lat' dir='ltr'>Thoma,</span> <span class='ocrx_word' id='word_1_737' title='bbox 761 5091 906 5163; x_wconf 92' lang='lat' dir='ltr'>disp.</span> <span class='ocrx_word' id='word_1_738' title='bbox 936 5094 999 5145; x_wconf 84' lang='grc'>10</span> <span class='ocrx_word' id='word_1_739' title='bbox 1020 5091 1089 5145; x_wconf 88' lang='lat' dir='ltr'>de</span> <span class='ocrx_word' id='word_1_740' title='bbox 1112 5091 1382 5161; x_wconf 83' lang='lat' dir='ltr'>Reprob.,</span> <span class='ocrx_word' id='word_1_741' title='bbox 1407 5095 1512 5145; x_wconf 89' lang='lat' dir='ltr'>art.</span> <span class='ocrx_word' id='word_1_742' title='bbox 1535 5093 1590 5157; x_wconf 82' lang='lat'>2,</span> <span class='ocrx_word' id='word_1_743' title='bbox 1621 5106 1783 5145; x_wconf 91' lang='lat' dir='ltr'>num.</span> 
     </span>
    </p>
   </div>
   <div class='ocr_carea' id='block_1_100' title="bbox 98 5176 1788 5250">
    <p class='ocr_par' dir='ltr' id='par_1_100' title="bbox 98 5176 1788 5250">
     <span class='ocr_line' id='line_1_100' title="bbox 98 5176 1788 5250; baseline 0.004 -22"><span class='ocrx_word' id='word_1_744' title='bbox 98 5176 317 5241; x_wconf 85' lang='lat' dir='ltr'>30;sed</span> <span class='ocrx_word' id='word_1_745' title='bbox 348 5180 654 5235; x_wconf 85' lang='lat' dir='ltr'>asserimus</span> <span class='ocrx_word' id='word_1_746' title='bbox 685 5182 865 5234; x_wconf 90' lang='lat' dir='ltr'>Deum</span> <span class='ocrx_word' id='word_1_747' title='bbox 923 5179 1252 5234; x_wconf 88' lang='lat' dir='ltr'>immediate</span> <span class='ocrx_word' id='word_1_748' title='bbox 1299 5180 1574 5234; x_wconf 89' lang='lat' dir='ltr'>damnare</span> <span class='ocrx_word' id='word_1_749' title='bbox 1614 5193 1788 5250; x_wconf 65' lang='lat' dir='ltr'>pinna</span> 
     </span>
    </p>
   </div>
   <div class='ocr_carea' id='block_1_101' title="bbox 98 5266 1786 5340">
    <p class='ocr_par' dir='ltr' id='par_1_101' title="bbox 98 5266 1786 5340">
     <span class='ocr_line' id='line_1_101' title="bbox 98 5266 1786 5340; baseline 0.004 -23"><span class='ocrx_word' id='word_1_750' title='bbox 98 5268 300 5321; x_wconf 58' lang='lat' dir='ltr'>aeterna</span> <span class='ocrx_word' id='word_1_751' title='bbox 331 5268 623 5324; x_wconf 88' lang='lat' dir='ltr'>hominem</span> <span class='ocrx_word' id='word_1_752' title='bbox 653 5269 727 5324; x_wconf 90' lang='lat' dir='ltr'>ob</span> <span class='ocrx_word' id='word_1_753' title='bbox 756 5274 990 5340; x_wconf 87' lang='lat' dir='ltr'>peccata</span> <span class='ocrx_word' id='word_1_754' title='bbox 1020 5268 1285 5337; x_wconf 89' lang='lat' dir='ltr'>actualia,</span> <span class='ocrx_word' id='word_1_755' title='bbox 1333 5268 1394 5323; x_wconf 90' lang='lat' dir='ltr'>in</span> <span class='ocrx_word' id='word_1_756' title='bbox 1423 5284 1553 5340; x_wconf 74' lang='lat' dir='ltr'>quae</span> <span class='ocrx_word' id='word_1_757' title='bbox 1582 5266 1786 5324; x_wconf 90' lang='lat' dir='ltr'>incidit</span> 
     </span>
    </p>
   </div>
   <div class='ocr_carea' id='block_1_102' title="bbox 99 5352 1785 5430">
    <p class='ocr_par' dir='ltr' id='par_1_102' title="bbox 99 5352 1785 5430">
     <span class='ocr_line' id='line_1_102' title="bbox 99 5352 1785 5430; baseline 0.005 -25"><span class='ocrx_word' id='word_1_758' title='bbox 99 5352 164 5407; x_wconf 91' lang='lat' dir='ltr'>ob</span> <span class='ocrx_word' id='word_1_759' title='bbox 191 5355 584 5427; x_wconf 82' lang='lat' dir='ltr'>impotentiam</span> <span class='ocrx_word' id='word_1_760' title='bbox 612 5358 1033 5430; x_wconf 87' lang='lat' dir='ltr'>perseverandi,</span> <span class='ocrx_word' id='word_1_761' title='bbox 1064 5374 1165 5413; x_wconf 89' lang='lat' dir='ltr'>seu</span> <span class='ocrx_word' id='word_1_762' title='bbox 1194 5359 1266 5414; x_wconf 95' lang='lat' dir='ltr'>ob</span> <span class='ocrx_word' id='word_1_763' title='bbox 1291 5357 1666 5429; x_wconf 87' lang='lat' dir='ltr'>privationem</span> <span class='ocrx_word' id='word_1_764' title='bbox 1688 5374 1785 5430; x_wconf 86' lang='lat' dir='ltr'>po-</span> 
     </span>
    </p>
   </div>
   <div class='ocr_carea' id='block_1_103' title="bbox 97 5443 1785 5519">
    <p class='ocr_par' dir='ltr' id='par_1_103' title="bbox 97 5443 1785 5519">
     <span class='ocr_line' id='line_1_103' title="bbox 97 5443 1785 5519; baseline 0.005 -25"><span class='ocrx_word' id='word_1_765' title='bbox 97 5443 279 5499; x_wconf 65' lang='lat' dir='ltr'>tentias</span> <span class='ocrx_word' id='word_1_766' title='bbox 309 5447 566 5516; x_wconf 87' lang='lat' dir='ltr'>proxime</span> <span class='ocrx_word' id='word_1_767' title='bbox 597 5448 879 5519; x_wconf 68' lang='lat' dir='ltr'>expeditae</span> <span class='ocrx_word' id='word_1_768' title='bbox 909 5448 980 5503; x_wconf 87' lang='lat' dir='ltr'>ad</span> <span class='ocrx_word' id='word_1_769' title='bbox 1005 5448 1510 5519; x_wconf 81' lang='lat' dir='ltr'>perseverandum,</span> <span class='ocrx_word' id='word_1_770' title='bbox 1541 5462 1671 5519; x_wconf 60' lang='lat' dir='ltr'>quas</span> <span class='ocrx_word' id='word_1_771' title='bbox 1700 5453 1785 5503; x_wconf 89' lang='lat' dir='ltr'>est</span> 
     </span>
    </p>
   </div>
   <div class='ocr_carea' id='block_1_104' title="bbox 98 5534 1781 5610">
    <p class='ocr_par' dir='ltr' id='par_1_104' title="bbox 98 5534 1781 5610">
     <span class='ocr_line' id='line_1_104' title="bbox 98 5534 1781 5610; baseline 0.002 -24"><span class='ocrx_word' id='word_1_772' title='bbox 98 5544 257 5599; x_wconf 84' lang='lat' dir='ltr'>paena</span> <span class='ocrx_word' id='word_1_773' title='bbox 278 5534 545 5592; x_wconf 66' lang='lat' dir='ltr'>humana:</span> <span class='ocrx_word' id='word_1_774' title='bbox 577 5542 798 5593; x_wconf 85' lang='lat' dir='ltr'>naturae</span> <span class='ocrx_word' id='word_1_775' title='bbox 826 5537 1023 5593; x_wconf 88' lang='lat' dir='ltr'>relicta</span> <span class='ocrx_word' id='word_1_776' title='bbox 1048 5537 1123 5593; x_wconf 88' lang='lat' dir='ltr'>ad</span> <span class='ocrx_word' id='word_1_777' title='bbox 1164 5552 1407 5610; x_wconf 85' lang='lat' dir='ltr'>agonem</span> <span class='ocrx_word' id='word_1_778' title='bbox 1434 5552 1503 5591; x_wconf 87' lang='lat' dir='ltr'>ex</span> <span class='ocrx_word' id='word_1_779' title='bbox 1547 5540 1781 5609; x_wconf 89' lang='lat' dir='ltr'>peccato</span> 
     </span>
    </p>
   </div>
   <div class='ocr_carea' id='block_1_105' title="bbox 1904 4378 3605 4452">
    <p class='ocr_par' dir='ltr' id='par_1_105' title="bbox 1904 4378 3605 4452">
     <span class='ocr_line' id='line_1_105' title="bbox 1904 4378 3605 4452; baseline 0.001 -18"><span class='ocrx_word' id='word_1_780' title='bbox 1904 4378 2218 4450; x_wconf 85' lang='lat' dir='ltr'>Pelagiani,</span> <span class='ocrx_word' id='word_1_781' title='bbox 2247 4384 2313 4433; x_wconf 90' lang='lat' dir='ltr'>ut</span> <span class='ocrx_word' id='word_1_782' title='bbox 2341 4395 2405 4434; x_wconf 89' lang='lat' dir='ltr'>ex</span> <span class='ocrx_word' id='word_1_783' title='bbox 2426 4381 2704 4452; x_wconf 88' lang='lat' dir='ltr'>Prospero</span> <span class='ocrx_word' id='word_1_784' title='bbox 2726 4379 2997 4448; x_wconf 88' lang='lat' dir='ltr'>diximus,</span> <span class='ocrx_word' id='word_1_785' title='bbox 3026 4380 3458 4452; x_wconf 69' lang='lat' dir='ltr'>Augustiniauaz</span> <span class='ocrx_word' id='word_1_786' title='bbox 3479 4395 3605 4435; x_wconf 90' lang='lat' dir='ltr'>sen-</span> 
     </span>
    </p>
   </div>
   <div class='ocr_carea' id='block_1_106' title="bbox 1900 4468 3602 4542">
    <p class='ocr_par' dir='ltr' id='par_1_106' title="bbox 1900 4468 3602 4542">
     <span class='ocr_line' id='line_1_106' title="bbox 1900 4468 3602 4542; baseline 0.001 -20"><span class='ocrx_word' id='word_1_787' title='bbox 1900 4468 2093 4523; x_wconf 66' lang='lat' dir='ltr'>tentiae</span> <span class='ocrx_word' id='word_1_788' title='bbox 2124 4469 2465 4533; x_wconf 83' lang='lat' dir='ltr'>inferebant,</span> <span class='ocrx_word' id='word_1_789' title='bbox 2498 4486 2532 4524; x_wconf 91' lang='lat' dir='ltr'>a</span> <span class='ocrx_word' id='word_1_790' title='bbox 2562 4487 2676 4542; x_wconf 91' lang='lat' dir='ltr'>qua</span> <span class='ocrx_word' id='word_1_791' title='bbox 2700 4471 2961 4525; x_wconf 90' lang='lat' dir='ltr'>eamdem</span> <span class='ocrx_word' id='word_1_792' title='bbox 3015 4470 3217 4541; x_wconf 89' lang='lat' dir='ltr'>procul</span> <span class='ocrx_word' id='word_1_793' title='bbox 3259 4486 3381 4525; x_wconf 89' lang='lat' dir='ltr'>esse</span> <span class='ocrx_word' id='word_1_794' title='bbox 3411 4474 3602 4524; x_wconf 84' lang='lat' dir='ltr'>osten-</span> 
     </span>
    </p>
   </div>
   <div class='ocr_carea' id='block_1_107' title="bbox 1898 4557 3602 4630">
    <p class='ocr_par' dir='ltr' id='par_1_107' title="bbox 1898 4557 3602 4630">
     <span class='ocr_line' id='line_1_107' title="bbox 1898 4557 3602 4630; baseline 0.001 -18"><span class='ocrx_word' id='word_1_795' title='bbox 1898 4557 2107 4613; x_wconf 84' lang='lat' dir='ltr'>dimus.</span> <span class='ocrx_word' id='word_1_796' title='bbox 2169 4558 2360 4630; x_wconf 90' lang='lat' dir='ltr'>Longe</span> <span class='ocrx_word' id='word_1_797' title='bbox 2418 4575 2550 4613; x_wconf 89' lang='lat' dir='ltr'>vero</span> <span class='ocrx_word' id='word_1_798' title='bbox 2607 4559 2769 4614; x_wconf 88' lang='lat' dir='ltr'>abest</span> <span class='ocrx_word' id='word_1_799' title='bbox 2824 4562 3052 4613; x_wconf 88' lang='lat' dir='ltr'>sanctus</span> <span class='ocrx_word' id='word_1_800' title='bbox 3110 4560 3372 4615; x_wconf 90' lang='lat' dir='ltr'>doctora</span> <span class='ocrx_word' id='word_1_801' title='bbox 3420 4558 3602 4614; x_wconf 85' lang='lat' dir='ltr'>Calvi-</span> 
     </span>
    </p>
   </div>
   <div class='ocr_carea' id='block_1_108' title="bbox 1897 4647 3603 4721">
    <p class='ocr_par' dir='ltr' id='par_1_108' title="bbox 1897 4647 3603 4721">
     <span class='ocr_line' id='line_1_108' title="bbox 1897 4647 3603 4721; baseline 0.001 -20"><span class='ocrx_word' id='word_1_802' title='bbox 1897 4647 2177 4702; x_wconf 89' lang='lat' dir='ltr'>nistarum</span> <span class='ocrx_word' id='word_1_803' title='bbox 2229 4648 2545 4702; x_wconf 88' lang='lat' dir='ltr'>sententia:</span> <span class='ocrx_word' id='word_1_804' title='bbox 2581 4648 2675 4702; x_wconf 89' lang='lat' dir='ltr'>isti</span> <span class='ocrx_word' id='word_1_805' title='bbox 2736 4649 2892 4704; x_wconf 91' lang='lat' dir='ltr'>enim</span> <span class='ocrx_word' id='word_1_806' title='bbox 2928 4652 3134 4721; x_wconf 90' lang='lat' dir='ltr'>putant</span> <span class='ocrx_word' id='word_1_807' title='bbox 3185 4649 3369 4721; x_wconf 89' lang='lat' dir='ltr'>ipsam</span> <span class='ocrx_word' id='word_1_808' title='bbox 3399 4664 3603 4704; x_wconf 90' lang='lat' dir='ltr'>concu-</span> 
     </span>
    </p>
   </div>
   <div class='ocr_carea' id='block_1_109' title="bbox 1898 4736 3711 4815">
    <p class='ocr_par' dir='ltr' id='par_1_109' title="bbox 1898 4736 3711 4815">
     <span class='ocr_line' id='line_1_109' title="bbox 1898 4736 3711 4815; baseline 0.002 -26"><span class='ocrx_word' id='word_1_809' title='bbox 1898 4736 2237 4804; x_wconf 88' lang='lat' dir='ltr'>piscentiam</span> <span class='ocrx_word' id='word_1_810' title='bbox 2291 4753 2410 4790; x_wconf 91' lang='lat' dir='ltr'>esse</span> <span class='ocrx_word' id='word_1_811' title='bbox 2466 4737 2786 4793; x_wconf 88' lang='lat' dir='ltr'>formaliter</span> <span class='ocrx_word' id='word_1_812' title='bbox 2833 4742 3129 4809; x_wconf 88' lang='lat' dir='ltr'>peccatum</span> <span class='ocrx_word' id='word_1_813' title='bbox 3180 4738 3437 4811; x_wconf 89' lang='lat' dir='ltr'>originis,</span> <span class='ocrx_word' id='word_1_814' title='bbox 3472 4754 3601 4808; x_wconf 83' lang='lat' dir='ltr'>quae</span> <span class='ocrx_word' id='word_1_815' title='bbox 3700 4808 3711 4815; x_wconf 32' lang='lat'><em>.</em></span> 
     </span>
    </p>
   </div>
   <div class='ocr_carea' id='block_1_110' title="bbox 1898 4826 3601 4899">
    <p class='ocr_par' dir='ltr' id='par_1_110' title="bbox 1898 4826 3601 4899">
     <span class='ocr_line' id='line_1_110' title="bbox 1898 4826 3601 4899; baseline 0 -19"><span class='ocrx_word' id='word_1_816' title='bbox 1898 4843 2029 4881; x_wconf 92' lang='lat' dir='ltr'>cum</span> <span class='ocrx_word' id='word_1_817' title='bbox 2061 4831 2354 4881; x_wconf 88' lang='lat' dir='ltr'>remaneat</span> <span class='ocrx_word' id='word_1_818' title='bbox 2409 4832 2538 4897; x_wconf 90' lang='lat' dir='ltr'>post</span> <span class='ocrx_word' id='word_1_819' title='bbox 2586 4827 2962 4899; x_wconf 87' lang='lat' dir='ltr'>baptismum,</span> <span class='ocrx_word' id='word_1_820' title='bbox 3015 4830 3212 4884; x_wconf 92' lang='lat' dir='ltr'>dicunt</span> <span class='ocrx_word' id='word_1_821' title='bbox 3257 4844 3376 4883; x_wconf 93' lang='lat' dir='ltr'>non</span> <span class='ocrx_word' id='word_1_822' title='bbox 3425 4826 3601 4880; x_wconf 89' lang='lat' dir='ltr'>fuisse</span> 
     </span>
    </p>
   </div>
   <div class='ocr_carea' id='block_1_111' title="bbox 1896 4914 3599 4986">
    <p class='ocr_par' dir='ltr' id='par_1_111' title="bbox 1896 4914 3599 4986">
     <span class='ocr_line' id='line_1_111' title="bbox 1896 4914 3599 4986; baseline -0.001 -15"><span class='ocrx_word' id='word_1_823' title='bbox 1896 4914 2150 4971; x_wconf 89' lang='lat' dir='ltr'>deletum</span> <span class='ocrx_word' id='word_1_824' title='bbox 2184 4920 2502 4986; x_wconf 82' lang='lat' dir='ltr'>peccatum,</span> <span class='ocrx_word' id='word_1_825' title='bbox 2536 4917 2633 4971; x_wconf 90' lang='lat' dir='ltr'>sed</span> <span class='ocrx_word' id='word_1_826' title='bbox 2685 4922 2901 4974; x_wconf 90' lang='lat' dir='ltr'>tectum</span> <span class='ocrx_word' id='word_1_827' title='bbox 2951 4922 3006 4973; x_wconf 89' lang='lat' dir='ltr'>et</span> <span class='ocrx_word' id='word_1_828' title='bbox 3060 4933 3175 4972; x_wconf 92' lang='lat' dir='ltr'>non</span> <span class='ocrx_word' id='word_1_829' title='bbox 3232 4916 3599 4986; x_wconf 84' lang='lat' dir='ltr'>imputatum.</span> 
     </span>
    </p>
   </div>
   <div class='ocr_carea' id='block_1_112' title="bbox 1895 5002 3599 5076">
    <p class='ocr_par' dir='ltr' id='par_1_112' title="bbox 1895 5002 3599 5076">
     <span class='ocr_line' id='line_1_112' title="bbox 1895 5002 3599 5076; baseline -0.001 -17"><span class='ocrx_word' id='word_1_830' title='bbox 1895 5008 1967 5059; x_wconf 82' lang='lat' dir='ltr'>At</span> <span class='ocrx_word' id='word_1_831' title='bbox 1991 5010 2218 5058; x_wconf 88' lang='lat' dir='ltr'>sanctus</span> <span class='ocrx_word' id='word_1_832' title='bbox 2245 5004 2445 5059; x_wconf 91' lang='lat' dir='ltr'>doctor</span> <span class='ocrx_word' id='word_1_833' title='bbox 2465 5021 2582 5060; x_wconf 91' lang='lat' dir='ltr'>non</span> <span class='ocrx_word' id='word_1_834' title='bbox 2600 5007 2899 5062; x_wconf 90' lang='lat' dir='ltr'>constituit</span> <span class='ocrx_word' id='word_1_835' title='bbox 2926 5006 2987 5061; x_wconf 91' lang='lat' dir='ltr'>in</span> <span class='ocrx_word' id='word_1_836' title='bbox 3015 5005 3143 5076; x_wconf 87' lang='lat' dir='ltr'>ipsa</span> <span class='ocrx_word' id='word_1_837' title='bbox 3171 5002 3599 5074; x_wconf 79' lang='lat' dir='ltr'>conscupiscen—</span> 
     </span>
    </p>
   </div>
   <div class='ocr_carea' id='block_1_113' title="bbox 1893 5092 3597 5167">
    <p class='ocr_par' dir='ltr' id='par_1_113' title="bbox 1893 5092 3597 5167">
     <span class='ocr_line' id='line_1_113' title="bbox 1893 5092 3597 5167; baseline -0.001 -21"><span class='ocrx_word' id='word_1_838' title='bbox 1893 5092 1974 5147; x_wconf 90' lang='lat' dir='ltr'>tia</span> <span class='ocrx_word' id='word_1_839' title='bbox 2012 5093 2317 5148; x_wconf 91' lang='lat' dir='ltr'>essentiam</span> <span class='ocrx_word' id='word_1_840' title='bbox 2350 5095 2568 5166; x_wconf 89' lang='lat' dir='ltr'>peccati</span> <span class='ocrx_word' id='word_1_841' title='bbox 2595 5096 2911 5167; x_wconf 88' lang='lat' dir='ltr'>originalis,</span> <span class='ocrx_word' id='word_1_842' title='bbox 2969 5095 3065 5148; x_wconf 91' lang='lat' dir='ltr'>sed</span> <span class='ocrx_word' id='word_1_843' title='bbox 3092 5094 3155 5147; x_wconf 92' lang='lat' dir='ltr'>in</span> <span class='ocrx_word' id='word_1_844' title='bbox 3183 5096 3345 5146; x_wconf 87' lang='lat' dir='ltr'>reatu</span> <span class='ocrx_word' id='word_1_845' title='bbox 3385 5095 3441 5145; x_wconf 89' lang='lat' dir='ltr'>et</span> <span class='ocrx_word' id='word_1_846' title='bbox 3475 5107 3597 5146; x_wconf 87' lang='lat' dir='ltr'>ma-</span> 
     </span>
    </p>
   </div>
   <div class='ocr_carea' id='block_1_114' title="bbox 1891 5179 3589 5255">
    <p class='ocr_par' dir='ltr' id='par_1_114' title="bbox 1891 5179 3589 5255">
     <span class='ocr_line' id='line_1_114' title="bbox 1891 5179 3589 5255; baseline 0 -20"><span class='ocrx_word' id='word_1_847' title='bbox 1891 5182 2038 5248; x_wconf 87' lang='lat' dir='ltr'>cula,</span> <span class='ocrx_word' id='word_1_848' title='bbox 2070 5197 2198 5253; x_wconf 61' lang='lat' dir='ltr'>quae</span> <span class='ocrx_word' id='word_1_849' title='bbox 2226 5186 2339 5237; x_wconf 87' lang='lat' dir='ltr'>tota</span> <span class='ocrx_word' id='word_1_850' title='bbox 2371 5183 2593 5237; x_wconf 89' lang='lat' dir='ltr'>deletur</span> <span class='ocrx_word' id='word_1_851' title='bbox 2640 5183 2701 5237; x_wconf 91' lang='lat' dir='ltr'>in</span> <span class='ocrx_word' id='word_1_852' title='bbox 2763 5183 3068 5255; x_wconf 79' lang='lat' dir='ltr'>baptismo.</span> <span class='ocrx_word' id='word_1_853' title='bbox 3133 5179 3286 5235; x_wconf 91' lang='lat' dir='ltr'>Unde</span> <span class='ocrx_word' id='word_1_854' title='bbox 3315 5180 3416 5234; x_wconf 91' lang='lat' dir='ltr'>lib.</span> <span class='ocrx_word' id='word_1_855' title='bbox 3451 5196 3491 5235; x_wconf 83' lang='grc' dir='ltr'><strong>ιι</strong></span> <span class='ocrx_word' id='word_1_856' title='bbox 3519 5180 3589 5235; x_wconf 92' lang='lat' dir='ltr'>de</span> 
     </span>
    </p>
   </div>
   <div class='ocr_carea' id='block_1_115' title="bbox 1891 5268 3599 5343">
    <p class='ocr_par' dir='ltr' id='par_1_115' title="bbox 1891 5268 3599 5343">
     <span class='ocr_line' id='line_1_115' title="bbox 1891 5268 3599 5343; baseline 0.001 -20"><span class='ocrx_word' id='word_1_857' title='bbox 1891 5275 2255 5340; x_wconf 90' lang='lat' dir='ltr'>peccatorum</span> <span class='ocrx_word' id='word_1_858' title='bbox 2289 5272 2515 5336; x_wconf 79' lang='lat' dir='ltr'>Meritis,</span> <span class='ocrx_word' id='word_1_859' title='bbox 2566 5289 2691 5343; x_wconf 90' lang='lat' dir='ltr'>cap.</span> <span class='ocrx_word' id='word_1_860' title='bbox 2751 5274 2841 5338; x_wconf 86' lang='lat'>28,</span> <span class='ocrx_word' id='word_1_861' title='bbox 2901 5272 3140 5340; x_wconf 90' lang='lat' dir='ltr'>loquens</span> <span class='ocrx_word' id='word_1_862' title='bbox 3193 5268 3263 5323; x_wconf 91' lang='lat' dir='ltr'>de</span> <span class='ocrx_word' id='word_1_863' title='bbox 3299 5269 3599 5339; x_wconf 87' lang='lat' dir='ltr'>concupis-</span> 
     </span>
    </p>
   </div>
   <div class='ocr_carea' id='block_1_116' title="bbox 1891 5357 3598 5432">
    <p class='ocr_par' dir='ltr' id='par_1_116' title="bbox 1891 5357 3598 5432">
     <span class='ocr_line' id='line_1_116' title="bbox 1891 5357 3598 5432; baseline 0.002 -20"><span class='ocrx_word' id='word_1_864' title='bbox 1891 5359 2096 5426; x_wconf 88' lang='lat' dir='ltr'>centia,</span> <span class='ocrx_word' id='word_1_865' title='bbox 2130 5361 2208 5414; x_wconf 88' lang='lat' dir='ltr'>ait</span> <span class='ocrx_word' id='word_1_866' title='bbox 2238 5377 2251 5414; x_wconf 93' lang='lat'>:</span> <span class='ocrx_word' id='word_1_867' title='bbox 2287 5379 2314 5411; x_wconf 76' lang='grc' dir='ltr'><strong><em>α</em></strong></span> <span class='ocrx_word' id='word_1_868' title='bbox 2359 5362 2479 5415; x_wconf 84' lang='grc' dir='ltr'>Νοη</span> <span class='ocrx_word' id='word_1_869' title='bbox 2513 5361 2558 5415; x_wconf 90' lang='lat' dir='ltr'>si</span> <span class='ocrx_word' id='word_1_870' title='bbox 2590 5365 2783 5415; x_wconf 88' lang='lat' dir='ltr'>manet</span> <span class='ocrx_word' id='word_1_871' title='bbox 2811 5360 2870 5413; x_wconf 91' lang='lat' dir='ltr'>in</span> <span class='ocrx_word' id='word_1_872' title='bbox 2920 5357 3193 5413; x_wconf 82' lang='lat' dir='ltr'>membris</span> <span class='ocrx_word' id='word_1_873' title='bbox 3248 5374 3448 5414; x_wconf 89' lang='lat' dir='ltr'>eorum</span> <span class='ocrx_word' id='word_1_874' title='bbox 3496 5360 3598 5432; x_wconf 88' lang='lat' dir='ltr'>qui</span> 
     </span>
    </p>
   </div>
   <div class='ocr_carea' id='block_1_117' title="bbox 1890 5448 3595 5521">
    <p class='ocr_par' dir='ltr' id='par_1_117' title="bbox 1890 5448 3595 5521">
     <span class='ocr_line' id='line_1_117' title="bbox 1890 5448 3595 5521; baseline 0 -19"><span class='ocrx_word' id='word_1_875' title='bbox 1890 5463 1959 5503; x_wconf 89' lang='lat' dir='ltr'>ex</span> <span class='ocrx_word' id='word_1_876' title='bbox 1988 5464 2139 5520; x_wconf 86' lang='lat' dir='ltr'>aqua</span> <span class='ocrx_word' id='word_1_877' title='bbox 2168 5453 2224 5502; x_wconf 91' lang='lat' dir='ltr'>et</span> <span class='ocrx_word' id='word_1_878' title='bbox 2248 5448 2465 5519; x_wconf 85' lang='lat' dir='ltr'>Spiritu</span> <span class='ocrx_word' id='word_1_879' title='bbox 2494 5448 2681 5505; x_wconf 88' lang='lat' dir='ltr'>renati</span> <span class='ocrx_word' id='word_1_880' title='bbox 2733 5450 2887 5514; x_wconf 90' lang='lat' dir='ltr'>sunt,</span> <span class='ocrx_word' id='word_1_881' title='bbox 2919 5452 3197 5519; x_wconf 86' lang='lat' dir='ltr'>tanquam</span> <span class='ocrx_word' id='word_1_882' title='bbox 3226 5464 3345 5504; x_wconf 91' lang='lat' dir='ltr'>non</span> <span class='ocrx_word' id='word_1_883' title='bbox 3371 5448 3444 5504; x_wconf 90' lang='lat' dir='ltr'>sit</span> <span class='ocrx_word' id='word_1_884' title='bbox 3470 5450 3595 5521; x_wconf 84' lang='lat' dir='ltr'>ejus</span> 
     </span>
    </p>
   </div>
   <div class='ocr_carea' id='block_1_118' title="bbox 1889 5535 3596 5611">
    <p class='ocr_par' dir='ltr' id='par_1_118' title="bbox 1889 5535 3596 5611">
     <span class='ocr_line' id='line_1_118' title="bbox 1889 5535 3596 5611; baseline 0 -20"><span class='ocrx_word' id='word_1_885' title='bbox 1889 5535 2034 5592; x_wconf 82' lang='lat' dir='ltr'>facta</span> <span class='ocrx_word' id='word_1_886' title='bbox 2065 5538 2347 5609; x_wconf 89' lang='lat' dir='ltr'>remissio,</span> <span class='ocrx_word' id='word_1_887' title='bbox 2381 5539 2479 5594; x_wconf 90' lang='lat' dir='ltr'>ubi</span> <span class='ocrx_word' id='word_1_888' title='bbox 2527 5537 2761 5593; x_wconf 90' lang='lat' dir='ltr'>omnino</span> <span class='ocrx_word' id='word_1_889' title='bbox 2817 5537 2987 5609; x_wconf 87' lang='lat' dir='ltr'>plena</span> <span class='ocrx_word' id='word_1_890' title='bbox 3013 5542 3072 5593; x_wconf 89' lang='lat' dir='ltr'>et</span> <span class='ocrx_word' id='word_1_891' title='bbox 3116 5538 3369 5611; x_wconf 85' lang='lat' dir='ltr'>perfecta</span> <span class='ocrx_word' id='word_1_892' title='bbox 3414 5537 3480 5594; x_wconf 82' lang='lat' dir='ltr'>ﬁt</span> <span class='ocrx_word' id='word_1_893' title='bbox 3511 5554 3596 5592; x_wconf 80' lang='lat' dir='ltr'>re~</span> 
     </span>
    </p>
   </div>
  </div>
