3894 6184
277 247 378 298 735

1281 241 1840 301 SUPPLEMENTUM
1882 242 1971 297 AD
2009 241 2240 298 OPERA
2279 242 2334 296 S.
2377 241 2770 298 AUGUSTINI.
3636 255 3717 306 736

277 366 477 422 missio
533 373 897 440 peccatorum
955 367 1220 424 omnibus
1284 367 1600 422 inimicitiis
1655 366 1970 421 interfectis
1998 368 2041 422 A
2079 367 2388 433 consultos,
2423 367 2574 438 apud
2603 383 2746 438 quos
2793 366 2924 438 plus
2962 366 3232 438 ponderis
3254 369 3415 424 unius
3458 374 3724 444 Augustini

274 458 486 528 quibus
547 459 956 528 separabamur
1014 473 1047 510 a
1107 458 1240 511 Deo.
1285 478 1307 504 ι
1356 457 1500 527 Lege
1558 456 1967 511 Bellarminum

272 551 418 601 tom.
456 548 545 602 IV.
577 547 667 600 lib.
710 564 756 608 ν,
793 547 861 599 de
891 544 1209 599 Amissione
1255 546 1473 615 gratiae,
1533 562 1663 616 cap.
1727 549 1779 609 8,
1814 545 1870 599 id
1900 561 1965 599 ex

272 636 594 706 Augustino
627 635 845 688 erudite
877 633 1235 704 probantem.
1269 637 1381 689 Hoc
1413 635 1599 704 ipsum
1627 640 1816 688 tamen
1848 649 1967 688 me-

273 727 385 780 lius
416 742 478 778 ac
511 724 690 778 fusius
721 723 962 792 explicat
996 724 1052 776 P.
1091 724 1315 778 Macedo
1371 724 1471 778 lib.
1506 741 1557 778 ιν
1588 725 1656 778 de
1711 723 1970 777 Clavibus

275 815 448 877 Petri,
476 830 599 882 cap.
636 816 665 865 5
695 817 752 865 et
777 817 831 865 7.
867 813 989 865 Non
1034 817 1117 866 est
1169 813 1346 883 igitur
1391 830 1493 867 cur
1529 813 1778 867 Adamus
1830 814 1972 866 cele-

274 903 580 958 berrimam
614 901 790 953 sancti
823 901 1004 954 Patris
1056 902 1396 955 sententiam
1459 903 1786 956 Calvinismi
1833 901 1970 956 insi-

274 992 473 1055 mulet,
507 1006 636 1043 cum
665 989 928 1044 Calvinus
955 990 1058 1043 hac
1087 989 1147 1043 in
1178 1006 1238 1044 re
1268 990 1495 1061 longius
1527 991 1596 1044 ab
1627 990 1967 1062 Augustino,

274 1081 319 1134 si
349 1079 474 1150 quis
505 1079 649 1132 alius
679 1079 902 1133 abierit.
953 1079 1062 1133 Sed
1093 1085 1446 1134 transeamus
1477 1080 1546 1135 ad
1587 1080 1721 1150 alia,
1769 1079 1972 1152 suique

275 1168 493 1224 consilii
523 1184 693 1222 causa
723 1167 1046 1222 adversario
1077 1168 1446 1223 dimittamus.

347 1270 373 1334 §
408 1268 493 1321 XI.
555 1266 964 1337 Anerraverit
1009 1266 1363 1337 Augustinus
1390 1267 1595 1321 docens
1636 1265 1974 1321 occisionem

343 1336 700 1410 grassatoris
730 1337 934 1392 mortis
955 1336 1302 1393 intentant-is
1332 1355 1442 1391 non
1471 1355 1593 1392 esse
1625 1337 1864 1392 licitam.

351 1437 623 1490 Ultimum
659 1452 831 1506 quem
885 1442 1076 1490 sancto
1109 1437 1262 1490 Patri
1302 1453 1554 1490 errorem
1597 1435 1876 1506 objiciunt
1916 1434 1976 1488 in

275 1540 516 1578 examen
544 1540 849 1590 vocamus;
903 1524 1174 1595 inquiunt
1226 1524 1380 1578 enim
1439 1523 1706 1578 eumdem
1764 1521 1974 1576 dixisse

276 1613 425 1666 haud
452 1614 660 1666 licitum
688 1629 798 1667 esse
825 1614 1063 1668 cecidere
1090 1619 1452 1684 grassatorem
1501 1615 1596 1682 qui
1645 1612 1799 1667 nobis
1845 1613 1976 1666 velit

274 1703 443 1755 vitam
493 1703 712 1770 eripere.
757 1703 850 1755 Est
877 1703 1080 1756 Adami
1109 1709 1306 1756 contra
1337 1701 1722 1772 Augustinum
1748 1717 1973 1755 accusa-

273 1791 355 1844 tio
381 1805 504 1858 cap.
539 1793 590 1854 3,
625 1806 753 1860 pag.
801 1793 924 1846 585.
978 1791 1238 1862 Disputat
1293 1791 1670 1861 Augustinus,
1704 1789 1808 1845 lib.
1859 1807 1875 1844 ι
1908 1790 1977 1844 de

275 1879 476 1935 Libero
503 1879 776 1947 Arbitrio,
807 1896 932 1950 cap,
994 1897 1046 1943 v,
1081 1879 1380 1950 possintne
1432 1880 1572 1933 citra
1616 1879 1844 1948 culpam
1886 1878 1976 1932 in-

272 1967 451 2022 terﬁci
489 1969 656 2022 hostis
702 1971 913 2022 irruens
942 1970 1025 2022 vet
1060 1969 1354 2022 insidiator
1400 1970 1656 2033 sicarius,
1712 1969 1826 2022 sive
1873 1982 1976 2037 pro

272 2059 413 2118 vita,
445 2059 558 2112 sive
600 2073 701 2125 pro
736 2058 1002 2124 libertate,
1035 2059 1146 2110 sive
1170 2073 1274 2126 pro
1324 2055 1639 2125 pudicitia?
1669 2057 1978 2126 Postquam

274 2144 416 2200 dixit
446 2145 570 2214 lege
602 2145 858 2198 Romana
889 2149 1236 2214 grassatores
1289 2160 1452 2214 posse
1485 2145 1721 2214 impune
1774 2143 1975 2211 occidi,

277 2233 414 2287 dum
445 2234 615 2286 vitam
660 2231 825 2286 alteri
883 2233 1078 2286 stricto
1137 2248 1406 2287 mucrone
1460 2233 1682 2287 auferre
1734 2237 1975 2300 tentant,

276 2321 392 2376 ait:
429 2341 456 2372 (ι
491 2322 699 2391 Legem
731 2321 963 2392 quidem
999 2338 1112 2376 non
1141 2323 1500 2392 reprehendo
1531 2339 1660 2393 quae.
1691 2323 1832 2377 tales
1861 2339 1980 2393 per-

278 2409 457 2464 mittit
486 2409 750 2476 interﬁci,
802 2409 896 2463 scd
957 2427 1070 2481 quo
1123 2416 1286 2482 pacto
1340 2409 1474 2464 istos
1526 2410 1826 2465 defendam
1879 2410 1981 2482 qui

278 2498 652 2562 interﬁciunt,
687 2514 802 2554 non
835 2497 1082 2552 invenio.
1123 2520 1142 2546 ι
1179 2499 1255 2552 Ex
1294 2497 1384 2553 bis
1439 2499 1747 2565 Augustini
1794 2499 1980 2554 verbis

275 2588 335 2642 in
387 2587 572 2640 varias
631 2587 940 2640 sententias
995 2587 1316 2658 gravissimi
1389 2587 1693 2658 scriptores
1763 2587 1976 2643 abiere.

280 2676 439 2732 Multi
469 2681 743 2747 putarunt
772 2676 1156 2746 Augustinum
1192 2671 1430 2746 negiisse
1461 2693 1580 2729 esse
1611 2675 1832 2730 licitum
1882 2693 1981 2731 oc-

279 2765 468 2820 cidere
499 2765 818 2820 invasorem
851 2765 1021 2818 eliam
1053 2782 1182 2820 cum
1233 2765 1628 2820 moderamine
1675 2766 1980 2836 inculpatae

276 2853 487 2916 tutelae,
522 2868 770 2922 quorum
804 2853 1091 2920 nonnulli,
1143 2851 1288 2906 tanti
1341 2851 1589 2907 doctoris
1647 2853 1980 2908 auctoritate

2075 456 2380 510 auctoritas
2433 455 2628 522 valuit,
2694 472 2864 527 quam
2941 455 3190 526 vulgaris
3254 458 3482 514 aliorum
3538 465 3724 532 Opinio.

2074 547 2397 616 Antequam
2425 549 2614 598 tamen
2635 546 2814 598 sancti
2841 545 3090 599 doctoris
3108 547 3437 602 sententiam
3464 552 3724 620 explicem.

2076 650 2286 688 moneo
2318 634 2468 688 haud
2501 651 2642 705 opus
2682 634 2854 688 fuisse
2916 635 3226 688 nonnullos
3274 641 3422 690 tanta
3473 639 3757 706 diligentia.

2077 723 2375 794 utriusque
2399 722 2546 792 juris
2594 723 2925 776 testimonia
2962 723 3322 794 conquirere,
3353 726 3504 796 queis
3533 728 3727 784 invaso-

2076 813 2156 866 ris
2186 811 2392 866 occisio
2421 827 2550 866 cum
2612 812 3003 866 moderamine
3061 812 3365 882 inculpatae
3412 816 3592 870 tutelae
3627 835 3734 873 con-

2078 900 2320 968 ceditur,
2354 916 2467 953 uno
2501 899 2656 954 enim
2709 900 2882 954 verbo
2923 901 3041 971 jam
3077 900 3217 954 olim
3251 903 3602 971 responderat
3631 924 3734 961 san-

2079 993 2202 1044 ctus
2228 989 2427 1042 doctor
2454 1005 2576 1058 cap.
2613 993 2642 1042 5
2676 989 2906 1042 laudato
2934 1009 2951 1043 :
2989 1011 3016 1037 ‹‹
3045 991 3252 1059 Legem
3286 991 3508 1060 quidem
3532 995 3651 1047 satis
3676 996 3735 1050 vi-

2080 1078 2187 1133 deo
2214 1094 2334 1132 esse
2365 1077 2644 1130 munitam
2678 1083 2873 1131 contra
2902 1079 3301 1148 hujuscemodi
3336 1081 3734 1145 accusationem,

2081 1183 2208 1238 quae
2239 1166 2297 1219 in
2328 1182 2396 1220 eo
2428 1167 2642 1237 papulo
2670 1183 2845 1236 quem
2879 1166 3047 1237 regit,
3100 1167 3418 1221 minoribus
3446 1171 3737 1239 malefactis,

2080 1271 2154 1309 ne
2185 1255 2404 1326 majora
2455 1254 2976 1320 committerentur,
3037 1256 3195 1310 dedit
3241 1256 3557 1324 licentiam;
3588 1261 3739 1315 multo

2081 1344 2234 1398 enim
2260 1343 2453 1397 mitius
2481 1348 2565 1396 est
2597 1359 2727 1398 eum
2755 1344 2855 1415 qui
2879 1344 3082 1398 alienae
3097 1345 3229 1398 vitae
3262 1344 3568 1408 insidiatur,
3597 1364 3742 1418 quam

2083 1449 2215 1487 eum
2245 1432 2345 1503 qui
2371 1447 2531 1485 suam
2562 1435 2779 1498 tuetur,
2811 1431 3010 1486 occidi.
3047 1451 3074 1482 ι)
3119 1432 3222 1487 Ubi
3250 1433 3456 1504 quaerit
3501 1450 3568 1488 an
3596 1436 3746 1490 homi-

2082 1537 2185 1576 nes
2227 1521 2431 1592 quibus
2488 1519 2679 1574 civiles
2720 1521 2874 1591 leges
2922 1520 3196 1574 invasoris
3252 1521 3589 1576 occisionem
3637 1540 3746 1594 per-

2083 1609 2342 1675 mittunt,
2411 1609 2598 1678 aliqua
2666 1610 3053 1664 vehementiore
3122 1626 3185 1664 ac
3254 1613 3603 1666 secretissima
3659 1614 3748 1681 lege

2088 1702 2370 1754 teneantur
2396 1698 2538 1751 tales
2567 1712 2682 1751 non
2715 1697 2983 1759 occidere,

2157 1787 2393 1841 Sanctus
2423 1785 2691 1852 Thomas,
2721 1789 2833 1849 ‘2-2,
2887 1803 2943 1858 q.
2990 1790 3078 1853 64,
3125 1790 3230 1841 ‘art.
3291 1791 3347 1852 ’7,
3389 1788 3581 1842 nolens
3607 1787 3751 1842 disce

2088 1875 2221 1930 dere
2253 1892 2286 1929 a
2317 1875 2496 1928 sancti
2523 1875 2830 1945 Augustini
2863 1874 3164 1944 sententia,
3200 1892 3392 1948 neque
3419 1875 3550 1930 item
3579 1894 3608 1930 a
3629 1893 3752 1932 com-

2086 1963 2250 2019 muni
2281 1963 2574 2030 opinione,
2608 1963 2909 2035 distinguit
2937 1980 3121 2018 unum
3153 1969 3208 2018 et
3255 1967 3501 2020 alterum
3554 1967 3752 2021 modum

2087 2071 2200 2126 quo
2234 2053 2360 2124 quis
2406 2070 2463 2107 se
2521 2052 2834 2107 defendens
2887 2058 3077 2124 potest
3137 2054 3460 2108 invasorem
3510 2055 3748 2109 occidere.

2086 2145 2279 2198 Potest
2308 2141 2460 2196 enim
2494 2141 2624 2212 quis
2655 2142 2865 2196 habere
2898 2148 3121 2196 tantum
3177 2142 3556 2198 intentionem
3586 2160 3637 2197 se
3672 2144 3750 2198 de-

2085 2231 2373 2297 fendendi,
2410 2231 2536 2284 licet
2566 2230 2697 2285 inde
2751 2247 2818 2285 ex
2874 2231 3153 2286 accidenti
3193 2237 3466 2297 sequatur
3516 2248 3655 2286 mors
3688 2233 3752 2285 in-

2085 2321 2301 2375 vasoris
2327 2337 2340 2386 ;
2374 2322 2460 2374 vel
2491 2324 2676 2390 potest
2697 2320 2996 2374 intendere
3043 2321 3393 2376 occisionem
3425 2321 3753 2392 aggressoris,

2087 2411 2176 2465 vel
2207 2416 2480 2481 tanquam
2510 2410 2766 2464 medium
2796 2411 2886 2464 vel
2917 2415 3192 2481 tanquam
3223 2411 3424 2477 ﬁdem,
3468 2416 3530 2464 ut
3555 2409 3756 2480 exponit

2087 2500 2166 2555 ibi
2223 2500 2544 2569 Cajetanus.
2608 2500 2798 2552 Potest
2849 2500 2956 2553 hoc
3016 2499 3289 2570 explicari
3348 2500 3600 2570 exemplo
3647 2498 3757 2552 satis

2089 2593 2240 2659 apto.
2297 2587 2561 2659 Praecipit
2619 2588 2876 2642 medicus
2934 2588 3113 2643 scindi
3173 2605 3381 2646 venam
3442 2588 3660 2649 inlirmi,
3710 2591 3759 2638 ut

2089 2677 2392 2732 emissione
2425 2677 2718 2747 sanguinis
2762 2681 3013 2743 curetur,
3055 2677 3182 2731 licet
3233 2679 3376 2732 sciat
3405 2677 3679 2731 inﬁrmum
3706 2689 3758 2726 ex

2088 2767 2190 2822 tali
2220 2766 2526 2820 emissione
2557 2782 2862 2837 passurum
2893 2766 3237 2837 deliquium,
3273 2767 3423 2838 quod
3456 2782 3638 2820 revera
3665 2763 3762 2832 ipse

2089 2857 2268 2912 nollet
2297 2855 2343 2909 si
2381 2855 2546 2908 aliter
2597 2854 2861 2908 inﬁrmus
2891 2855 3078 2909 curari
3128 2861 3350 2926 posset.
3391 2857 3454 2909 In
3502 2856 3602 2908 hoc
3649 2866 3760 2906 casu

278 2940 442 3008 moti,
475 2941 734 2994 eamdem
793 2941 1136 2996 sententiam
1205 2941 1615 3013 subscripsere,
1659 2943 1745 2996 vel
1779 2944 1979 2997 saltem
2011 2965 2050 3020 ε
2090 2945 2348 3001 medicus
2378 2945 2500 2998 vult
2529 2944 2771 2998 salutem
2824 2943 3040 2998 inﬁrmi
3096 2949 3159 2997 ut
3192 2944 3390 3008 tinem,
3437 2942 3765 2998 emissionem

276 3029 636 3102 probabilem
664 3029 1082 3084 existimarunt.
1118 3031 1469 3101 Augustinus
1497 3031 1844 3102 Triumphus
1874 3034 1985 3086 An-

283 3119 608 3183 conitanus,
641 3117 885 3188 insignis
917 3119 1218 3189 theologus
1246 3119 1719 3190 Augustinianus,
1755 3119 1814 3173 in
1840 3119 1982 3174 libro

280 3208 349 3262 de
381 3208 662 3260 Potestate
717 3205 1110 3275 ecclesiastica,
1172 3213 1372 3278 quaest.
1438 3211 1525 3273 52,
1585 3213 1672 3261 art
1725 3211 1777 3274 3,
1827 3208 1987 3279 ponit

283 3300 338 3349 et
370 3294 574 3366 probat
600 3293 747 3349 hanc
777 3295 1203 3348 conclusionem
1229 3312 1240 3350 :
1293 3315 1320 3344 (ι
1353 3297 1496 3350 Puto
1527 3297 1679 3366 quod
1720 3298 1884 3367 culpa
1914 3297 1988 3351 sit

281 3382 579 3438 hominem
641 3382 896 3437 occidere
951 3400 1020 3437 ne
1077 3383 1198 3455 ipse
1268 3384 1578 3451 occidatur,
1645 3381 2007 3456 quacunque

281 3471 600 3527 inevitabili
638 3471 977 3526 necessitate
1035 3472 1142 3526 hoc
1186 3472 1303 3526 ﬁat.
1353 3473 1437 3526 Ad
1482 3473 1591 3527 hoc
1648 3478 1732 3527 est
1790 3473 1984 3543 (addit)

283 3560 591 3615 auctoritas
623 3560 933 3630 Augustini
965 3561 1023 3614 in
1054 3561 1315 3632 pluribus
1353 3560 1526 3628 locis;
1578 3562 1764 3632 primo
1793 3562 1862 3617 de
1894 3563 1984 3617 Li-

282 3649 422 3704 bero
451 3648 701 3703 Arbitrio
727 3648 992 3709 dicentis,
1029 3671 1050 3698 ι
1086 3654 1192 3705 etc.
1225 3650 1506 3714 Tostatus,
1541 3649 1679 3704 illud
1734 3650 1990 3721 ingenio-

285 3755 411 3792 rum
448 3743 790 3804 monstrum,
823 3737 885 3792 in
919 3755 1042 3810 cap.
1099 3756 1131 3792 v
1164 3738 1433 3809 Matthaei,
1459 3755 1513 3792 v.
1545 3742 1598 3800 9,
1648 3755 1704 3810 p.
1747 3741 1866 3808 109,
1897 3755 1986 3793 re-

285 3827 456 3881 citata
485 3827 766 3881 sententia
817 3827 1142 3898 Triumphi,
1175 3833 1233 3882 et
1265 3827 1528 3898 opposita
1556 3844 1684 3900 qua:
1713 3833 1799 3883 est
1829 3845 1987 3882 com-

287 3916 539 3981 munior,
567 3916 688 3971 ait:
725 3935 752 3965 ‹‹
787 3917 1036 3987 Utraque
1085 3916 1325 3970 istarum
1380 3916 1728 3988 positionum
1770 3917 1992 3972 videtur

287 4005 611 4078 aliqualiter
659 4003 1035 4074 rationabilis,
1094 4005 1339 4059 maxime
1396 4023 1524 4060 cum
1586 4007 1692 4061 ista
1745 4007 1992 4061 secunda

289 4093 618 4165 aliqualiter
661 4093 924 4148 videatur
976 4110 1096 4148 esse
1155 4095 1225 4149 de
1255 4094 1570 4149 intentione
1602 4095 1926 4166 Augustini.
1960 4115 1987 4147 »

287 4183 563 4253 Vaspuez,
598 4197 722 4253 cap.
753 4185 787 4235 2
818 4183 886 4237 de
918 4183 1141 4248 Restit.,
1189 4183 1325 4238 dub.
1376 4187 1428 4251 6,
1487 4201 1646 4238 num.
1685 4187 1770 4248 t8,
1796 4189 1990 4254 Augu-

2094 3033 2390 3106 sanguinis
2441 3037 2504 3086 ut
2534 3033 2807 3098 medium,
2856 3033 3177 3104 deliquium
3237 3034 3396 3088 nullo
3430 3038 3585 3104 pacto
3613 3029 3766 3083 inten-

2094 3123 2197 3192 dit,
2237 3122 2346 3176 nisi
2405 3127 2467 3176 ut
2522 3121 2659 3192 quid
2716 3126 3088 3176 consecutum
3138 3137 3206 3176 ex
3271 3121 3544 3176 accidenti
3591 3122 3770 3190 praeter

2095 3227 2255 3265 suam
2291 3209 2689 3274 intentionem,
2720 3209 2780 3262 in
2821 3210 2975 3280 quod
3007 3215 3234 3264 tantum
3281 3209 3644 3264 materialiter
3662 3221 3770 3260 con-

2097 3300 2286 3353 sentit.
2323 3301 2406 3353 lta
2436 3299 2544 3352 hoc
2593 3299 2840 3352 secundo
2894 3298 3063 3352 modo
3100 3303 3294 3370 potest
3348 3315 3606 3370 egressus
3657 3293 3772 3348 occi-

2096 3389 2229 3443 dere
2262 3388 2603 3453 invasorem,
2661 3387 2820 3441 nullo
2867 3403 3000 3440 vero
3053 3392 3219 3457 pacto
3280 3393 3468 3458 potest
3516 3383 3771 3439 intendere

2097 3482 2343 3532 mortem
2375 3476 2710 3546 grassatoris
2765 3475 3039 3529 irruentis
3074 3491 3267 3547 neque
3318 3481 3384 3530 ut
3412 3475 3674 3536 medium,
3699 3487 3773 3523 ne-

2097 3581 2208 3638 que
2247 3565 2333 3620 uti
2392 3565 2589 3618 tinem.
2628 3565 2694 3618 Et
2721 3563 2867 3617 hanc
2896 3580 3015 3617 esse
3047 3572 3310 3618 mentem
3342 3563 3519 3617 sancti
3559 3558 3775 3615 doctoris

2096 3660 2249 3711 recte
2274 3653 2524 3709 ostendit
2551 3652 2816 3708 Salonius
2867 3652 2926 3707 in
2983 3653 3096 3707 ﬁne
3152 3659 3263 3708 art.
3323 3657 3381 3719 7,
3431 3651 3777 3719 eamdemque

2097 3743 2340 3815 explicat
2367 3743 2628 3797 Tostatus
2676 3741 2897 3796 citatus.
2932 3741 3116 3806 Quare
3163 3747 3400 3796 sanctus
3449 3743 3700 3802 Thomas,
3729 3735 3779 3787 in

2098 3850 2249 3903 resp.
2281 3831 2354 3886 ad
2406 3836 2452 3897 l,
2507 3830 2703 3885 scribit
2753 3830 3139 3900 Augustinum
3185 3830 3632 3900 intelligendum
3680 3839 3780 3880 esse

2101 3923 2169 3977 de
2218 3920 2537 3976 intentione
2581 3919 2876 3974 occidendi
2929 3936 3356 3991 aggressorem,
3416 3935 3533 3974 non
3585 3931 3705 3971 vero
3745 3912 3781 3965 si

2099 4010 2362 4066 intendat
2414 4009 2624 4064 directe
2681 4025 3016 4063 conservare
3067 4010 3369 4080 propriam
3427 4008 3616 4073 vitam,
3671 4015 3782 4058 nam

2099 4100 2230 4156 talis
2259 4105 2416 4152 actus
2439 4114 2543 4152 non
2581 4098 2757 4165 habet,
2783 4098 2990 4168 inquit,
3014 4101 3286 4153 rationem
3327 4101 3535 4164 illiciti,
3571 4111 3680 4151 cum
3707 4095 3784 4145 hoc

2099 4193 2171 4244 sit
2199 4189 2418 4244 cuilibet
2447 4189 2722 4255 naturale,
2763 4187 2908 4256 quod
2935 4203 2990 4242 se
3018 4194 3294 4243 conservet
3337 4191 3397 4242 in
3449 4203 3575 4253 esse,
3619 4197 3774 4254 quan-

289 4270 509 4325 stinum
582 4286 707 4325 eam
779 4271 1125 4325 sententiam
1183 4276 1440 4325 secutum
1492 4271 1664 4326 fuisse
1721 4272 1989 4339 afﬁrmat,
2023 4262 2065 4315 D
2106 4280 2217 4328 tum
2270 4278 2464 4344 potest.
2522 4273 2735 4328 Omitto
2785 4272 2931 4326 hanc
2987 4274 3336 4328 sententiam
3395 4273 3484 4327 vix
3533 4286 3686 4342 posse
3737 4266 3785 4318 in

290 4374 473 4427 quam,
508 4357 716 4429 inquit,
751 4359 980 4426 quidam
1024 4375 1092 4412 em
1120 4361 1414 4414 canonistis
1438 4360 1853 4429 amplectuntur.
1878 4361 1995 4414 Mo-

288 4447 424 4513 lina,
458 4446 670 4516 disput.
705 4450 734 4502 3
765 4448 884 4514 cit.,
936 4463 1096 4501 num.
1155 4451 1205 4515 3,
1263 4447 1379 4502 ait:
1431 4449 1715 4503 Vehemens
1758 4453 1996 4519 suspicio

289 4542 388 4603 est,
429 4535 800 4601 Augustinum
831 4537 948 4605 ejus
976 4539 1149 4601 fuisse
1177 4539 1470 4592 salientia.
1528 4538 1739 4591 Gerson
1771 4554 1875 4607 pro
1907 4554 1997 4592 ea-

292 4625 423 4680 dem
489 4623 771 4678 sententia
833 4625 1079 4678 refertur
1129 4624 1190 4678 in
1260 4629 1422 4679 tract.
1481 4625 1549 4679 de
1606 4625 1994 4698 Eucharistia;

292 4718 445 4769 certe
515 4716 665 4784 part,
715 4729 752 4766 u
816 4713 1132 4782 Compend.
1189 4713 1466 4786 theolog,
1526 4713 1587 4768 in
1639 4713 1997 4786 expositione

293 4801 485 4876 quinti
541 4799 838 4872 praecepti,
897 4800 1020 4855 ait:
1056 4820 1084 4852 α
1128 4801 1330 4857 Dicunt
1385 4802 1621 4874 quidam
1653 4803 1807 4875 quod
1841 4804 1998 4858 nullo

293 4893 466 4948 modo
498 4891 628 4946 licet
657 4889 912 4945 occidere
961 4890 1134 4946 etiam
1191 4891 1570 4960 defendendo,
1628 4894 1874 4948 maxime
1904 4910 2000 4948 au-

294 4987 410 5037 tem
441 4982 562 5036 viro
591 4979 869 5052 perfecto,
899 4983 955 5034 et
1001 4980 1123 5034 haec
1178 4981 1405 5037 videtur
1452 4997 1573 5036 esse
1634 4983 1830 5052 opinio
1881 4984 1997 5038 An-

295 5071 470 5126 selmi.
523 5091 545 5120 ι
611 5069 714 5126 Ubi
762 5070 937 5124 etiam
987 5070 1188 5125 recitat
1243 5071 1592 5126 contrariam
1641 5071 1999 5143 opinionem,

297 5164 563 5214 neutram
592 5175 727 5214 vero
783 5159 988 5231 reiicit.
1023 5158 1358 5230 Sequuntur
1392 5158 1691 5214 Accursius
1719 5165 1776 5213 et
1805 5159 2002 5214 Glossa

296 5262 471 5318 super
496 5248 532 5300 l.
567 5247 690 5303 Vim
732 5251 808 5311 vi,
865 5248 912 5302 ἢ·
935 5248 1005 5302 de
1029 5249 1171 5303 Just.
1207 5252 1262 5302 et
1307 5247 1460 5318 jure.
1495 5248 1813 5303 Richardus
1841 5247 2000 5302 insu-

299 5350 404 5405 per
433 5351 463 5388 a
509 5335 710 5390 Sancto
759 5338 982 5392 Victore
1033 5341 1088 5391 et
1131 5337 1445 5409 Almaynus
1473 5337 1722 5391 citantur
1745 5354 1778 5391 a
1807 5342 2002 5391 nostro

301 5422 554 5478 Salonio.
589 5423 774 5488 Quare
805 5441 923 5480 non
963 5427 1115 5481 solus
1144 5425 1254 5482 fuit
1279 5424 1341 5480 in
1394 5441 1461 5480 ea
1507 5425 1786 5480 sententia
1814 5429 2003 5496 Augu-

305 5511 512 5580 stinus,
567 5512 665 5567 sed
727 5513 930 5568 habuit
959 5520 1266 5570 sectatores
1298 5519 1355 5570 et
1409 5515 1705 5584 theologos
1757 5519 1813 5570 et
1835 5514 2006 5587 juris-

2102 4363 2322 4434 praxim
2354 4361 2588 4428 reduci;
2621 4360 2750 4433 quis
2780 4361 2931 4416 enim
2966 4368 3238 4433 surgente
3267 4363 3371 4425 ira,
3407 4362 3703 4428 animoque
3736 4354 3783 4406 in

2104 4451 2194 4506 sui
2253 4451 2647 4506 defensionem
2702 4450 2888 4503 subito
2949 4456 3158 4513 erecto,
3214 4451 3376 4506 illam
3437 4447 3786 4504 intentionem

2103 4541 2315 4596 habere
2343 4540 2573 4611 potest?
2605 4538 2758 4610 quod
2787 4538 2979 4606 Salon,
3037 4539 3246 4594 Molina
3305 4540 3519 4610 aliique
3569 4537 3787 4591 adnota-

2103 4633 2258 4683 runt.
2297 4627 2459 4681 Certe
2492 4626 2587 4680 illa
2629 4626 2929 4697 explicatio
2987 4643 3103 4681 non
3159 4631 3242 4680 est
3285 4627 3358 4681 ad
3405 4629 3648 4680 mentem
3693 4624 3788 4676 Au-

2105 4716 2342 4787 gustini,
2373 4731 2502 4769 cum
2534 4720 2749 4780 tamen,
2781 4715 2973 4785 inquit
3017 4716 3225 4770 Molina
3255 4721 3402 4770 tom.
3461 4716 3549 4776 IV,
3582 4713 3715 4782 disp.
3744 4710 3787 4772 3,

2104 4821 2264 4861 num.
2301 4807 2353 4870 3,
2403 4807 2649 4859 Fortasse
2704 4806 3008 4872 Augustini
3067 4807 3382 4860 testimonia
3438 4804 3512 4860 D.
3565 4801 3792 4857 Thomam

2105 4895 2424 4964 impulerint
2466 4893 2540 4947 ad
2568 4893 2927 4948 asserendum'
2961 4909 3278 4962 aggressum
3312 4909 3421 4949 non
3473 4906 3624 4963 posse
3647 4891 3792 4941 inten-

2107 4983 2231 5038 dere
2274 4987 2497 5036 mortem
2537 4984 2870 5049 aggressoris
2925 4999 2937 5037 :
2995 4999 3127 5036 nam
3175 4983 3537 5054 Augustinus
3594 4973 3793 5032 occisio-

2109 5088 2241 5126 nem
2273 5069 2627 5142 aggressoris
2657 5070 2794 5124 inde
2837 5086 2957 5125 esse
2988 5073 3197 5125 malam
3253 5071 3480 5143 probat,
3540 5067 3667 5139 quia
3693 5061 3790 5117 ori-

2109 5165 2206 5216 tur
2235 5177 2302 5214 ex
2342 5158 2656 5230 cupiditate
2709 5159 2974 5213 servandi
3024 5160 3216 5222 vitam,
3281 5175 3414 5231 quae
3477 5173 3589 5212 non
3640 5151 3788 5209 debet

2110 5250 2312 5318 amari,
2367 5249 2465 5304 sed
2523 5248 2853 5302 contemni:
2919 5267 2946 5299 α
3006 5248 3311 5314 Quomodo
3375 5248 3550 5311 enim,
3603 5239 3785 5311 inquit.

2112 5338 2265 5408 apud
2294 5354 2418 5392 eam
2449 5337 2724 5405 (divinam
2781 5338 3227 5410 providentiam)
3260 5341 3397 5390 sunt
3447 5334 3538 5388 isti
3585 5332 3791 5403 peccato

2112 5427 2302 5495 liberi,
2335 5427 2436 5499 qui
2465 5443 2570 5500 pro
2599 5427 2669 5482 iis
2695 5427 2866 5482 rebus
2923 5444 3062 5499 quas
3117 5425 3412 5482 contemni
3450 5425 3663 5494 oportet
3703 5416 3785 5470 hu-

2114 5531 2286 5570 mana
2313 5516 2466 5572 caede
2513 5516 2722 5588 polluti
2762 5517 2939 5573 sunt?
2992 5536 3020 5569 ιο
3069 5517 3134 5571 Et
3183 5519 3391 5570 antea:
3426 5532 3453 5564 α
3489 5512 3608 5566 Non
3654 5503 3790 5560 enim
