3946 6176
148 306 243 357 737
1437 293 1763 348 VINDICIIE
1801 291 2344 348 AUGUSTINIANE.

3537 300 3642 353 738

153 440 218 479 ex
245 437 337 477 eos
388 415 538 488 cogit
605 414 882 480 occidere,
933 414 1030 469 sed
1083 414 1361 486 relinquit
1407 415 1466 469 in
1515 419 1830 486 potestate;
1863 417 1906 470 Α
1945 418 2089 468 esset
2119 414 2630 482 ordinatissimnm,
2663 419 2726 468 ut
2764 414 3169 486 impotentiora
3222 418 3641 488 potentioribus

157 512 392 566 liberum
423 506 500 560 eis
530 505 722 574 itaque
754 508 840 557 est
869 503 1160 556 neminem
1206 520 1404 557 necare
1437 521 1540 574 pro
1570 504 1640 558 iis
1671 505 1838 558 rebus

158 615 289 672 quas
316 594 476 651 inviti
531 597 771 664 possunt
817 591 1097 660 amittere,
1133 597 1188 645 et
1233 592 1304 646 ob
1354 593 1460 647 hoc
1499 610 1690 647 amare
1722 608 1837 646 non

160 689 371 743 debent.
407 706 432 732 n
464 687 533 736 At
574 688 802 735 sanctus
849 680 1093 733 Thomas
1132 679 1254 734 vult
1305 698 1368 734 ex
1420 681 1690 734 instinctu
1733 697 1838 733 na-

158 783 290 832 turae
341 788 531 827 amare
580 786 1058 840 unumquemque
1110 786 1271 824 suam
1329 769 1502 823 vitam
1559 775 1839 839 quantum

149 868 344 935 potest,
396 878 462 915 ex
519 876 633 930 quo
702 875 896 912 amore
949 858 1210 929 sequitur
1261 858 1514 912 defensio
1563 859 1632 912 ad
1681 859 1840 911 illam

151 949 590 1005 conservandam
649 947 824 1000 etiam
881 963 1010 999 cum
1056 951 1237 1000 morte
1285 945 1627 999 insidiantis.
1662 947 1840 999 Porro

153 1039 293 1092 inter
321 1038 424 1090 illa
469 1051 597 1106 quae
647 1034 935 1087 contemni
966 1034 1195 1100 debent,
1228 1033 1442 1088 ibidem
1473 1033 1644 1087 vitam
1676 1050 1840 1103 repo-

150 1127 231 1179 nit
256 1125 631 1194 Augustinus,
664 1137 731 1174 eo
774 1128 941 1174 utens
985 1120 1313 1174 dilemmate
1347 1121 1414 1174 de
1446 1121 1561 1175 vita
1609 1121 1838 1187 animas,

151 1214 277 1268 dum
328 1228 536 1281 corpus
574 1209 961 1263 interimitur:
1017 1209 1079 1264 Si
1135 1212 1350 1276 auferri
1384 1214 1578 1278 potest,
1612 1213 1841 1262 contem-

148 1300 317 1354 nenda
336 1306 450 1363 est;
491 1300 540 1352 si
575 1313 680 1352 non
721 1303 917 1366 potest,
975 1298 1112 1350 nihil
1142 1298 1500 1352 metuendum.
1537 1299 1603 1351 Et
1647 1301 1844 1367 Ange-

147 1390 282 1444 licus
310 1390 508 1442 doctor
538 1386 693 1440 illam
724 1386 1104 1439 intentionem
1135 1403 1198 1440 ex
1243 1387 1330 1440 ira
1376 1393 1573 1440 contra
1621 1387 1844 1440 hostem

147 1478 296 1532 infici
336 1477 556 1530 malitia
598 1475 888 1545 opinatur,
921 1481 979 1528 at
1019 1476 1373 1545 Augustinus
1407 1475 1587 1528 nimia
1634 1492 1844 1529 concu-

148 1567 413 1638 piscentia
447 1570 503 1618 et
551 1562 928 1617 immoderato
961 1578 1155 1616 amore
1205 1579 1341 1634 erga
1389 1579 1448 1617 se
1504 1563 1845 1618 occisionem

148 1655 298 1707 illam
330 1652 522 1706 vitiari
545 1651 905 1705 existimavit.

214 1741 319 1794 Sed
343 1742 466 1810 jam
525 1741 832 1794 videndum
889 1743 976 1792 est
1043 1739 1330 1792 undenam
1385 1739 1740 1810 Augustinus
1787 1740 1845 1794 in

151 1845 268 1882 eam
299 1829 645 1881 sententiam
701 1827 1086 1881 descenderit.
1145 1827 1243 1880 Ille
1279 1826 1533 1897 quidem,
1568 1844 1697 1881 cum
1729 1829 1848 1882 ori-

151 1919 336 1988 ginem
369 1919 528 1982 mali,
583 1933 755 1986 quam
801 1921 1001 1969 contra
1047 1916 1386 1970 Maniclizeos
1432 1916 1730 1986 disputans
1759 1919 1848 1971 in-

154 2008 406 2076 dagabat,
433 2023 468 2058 a
510 2005 744 2058 libidine
773 2021 872 2057 seu
901 2020 1074 2073 prava
1100 2005 1405 2074 cupiditate
1455 2006 1699 2060 derivari
1728 2013 1848 2060 sta-

155 2094 364 2157 luisset,
393 2095 578 2146 omnia
626 2095 936 2159 malefacta,
969 2092 1253 2163 inquiens,
1286 2109 1390 2146 non
1422 2093 1484 2146 ob
1518 2094 1676 2148 aliud
1704 2095 1850 2148 mala

156 2195 256 2234 esse
295 2183 407 2234 nisi
450 2181 595 2249 quod
627 2181 871 2247 libidine,
902 2182 962 2236 id
1017 2188 1095 2236 est
1143 2183 1505 2251 improbanda
1551 2184 1851 2253 cupiditate

154 2270 304 2336 ﬁunt,
334 2285 458 2338 cap.
495 2271 547 2333 4,
583 2282 778 2338 postea
828 2269 1036 2340 quaerit
1073 2287 1196 2340 cap.
1229 2273 1294 2322 ὅς
1335 2271 1524 2324 Utrum
1564 2271 1645 2324 vel
1682 2271 1850 2324 hostis

155 2359 376 2417 irruens,
404 2358 490 2411 vel
537 2358 830 2412 iusadiator
859 2361 1090 2412 sicarius
1123 2363 1235 2414 sive
1286 2375 1388 2428 pro
1428 2363 1565 2424 vita,
1605 2362 1718 2414 sive
1750 2377 1851 2428 pro

157 2446 410 2508 libertate,
445 2447 557 2499 sive
593 2461 692 2515 pro
720 2447 992 2515 pudicitia
1038 2452 1153 2503 sine
1182 2449 1296 2502 ulla
1342 2451 1703 2518 interﬁciatur
1734 2449 1854 2502 libi-

159 2533 314 2588 dine?
373 2533 705 2602 Respondet
738 2533 1014 2588 occisores
1061 2535 1389 2589 invasorum
1446 2554 1560 2590 non
1617 2552 1738 2590 esse
1784 2535 1853 2589 ab

159 2621 253 2675 hac
281 2636 455 2690 prava
483 2620 794 2689 cupiditate
825 2621 1147 2675 immunes:
1185 2623 1458 2687 Quomodo
1477 2639 1716 2693 possum,
1751 2623 1850 2689 ait,

160 2711 415 2763 arbitrari
441 2725 624 2763 carere
653 2711 782 2763 istos
827 2711 1071 2775 libidine,
1105 2713 1201 2778 qui
1227 2728 1326 2781 pro
1357 2713 1426 2765 iis
1472 2713 1628 2764 rebus
1677 2711 1855 2776 digla-

161 2799 390 2865 diantur,
417 2813 556 2866 quas
587 2802 814 2867 possunt
843 2801 1095 2851 amittere
1138 2801 1348 2852 inviti?
1374 2798 1482 2851 etc.
1539 2802 1609 2852 At
1660 2797 1853 2851 statim

162 2888 342 2956 objicit
369 2889 480 2940 sibi
527 2887 809 2940 Romanas
867 2887 1019 2956 leges
1072 2887 1402 2955 permittere
1459 2901 1853 2956 aggressorem

162 2974 382 3044 impune
408 2975 612 3038 occidi,
639 2974 793 3045 quod
837 2980 1029 3028 autem
1071 2975 1194 3044 lege
1242 2974 1460 3028 licitum
1518 2979 1601 3027 est
1650 2989 1854 3043 pecca-
1883 3009 1922 3063 Ο

162 3068 273 3116 tum
303 3065 465 3116 nullo
499 3062 664 3116 modo
696 3077 816 3115 esse
865 3067 1069 3134 potest.
1105 3061 1431 3131 Respondet
1460 3062 1598 3115 tales
1621 3061 1853 3132 quidem

163 3165 269 3203 non
296 3150 480 3204 teneri
513 3167 638 3204 reos
671 3151 793 3222 lege
824 3151 1150 3220 principum
1181 3149 1504 3219 temporali,
1537 3150 1634 3203 sed
1663 3151 1855 3218 aliqua

162 3241 532 3293 vehementiori
561 3255 622 3292 ac
651 3243 1010 3294 secretissima
1040 3242 1168 3306 lege.
1221 3240 1490 3306 Quomodo
1535 3244 1675 3294 enim
1705 3241 1856 3310 apud

165 3343 271 3382 eam
298 3335 422 3382 sunt
453 3331 551 3382 isti
561 3335 777 3397 peccato
808 3330 986 3392 liberi,
1019 3332 1116 3396 qui
1145 3345 1246 3398 pro
1278 3332 1346 3384 iis
1376 3329 1532 3383 rebus
1565 3345 1702 3398 quas
1731 3345 1855 3384 con-

170 3422 318 3473 temni
345 3423 575 3489 oportet,
610 3419 848 3471 humana
878 3419 1018 3472 caede
1041 3419 1240 3487 polluti
1276 3423 1451 3473 sunt?
1490 3418 1585 3472 His
1614 3419 1690 3472 ita
1720 3435 1853 3473 con-

170 3507 386 3572 stitutis,
421 3512 545 3560 tota
577 3506 659 3560 rei
700 3505 1004 3560 difficultas
1050 3507 1109 3559 in
1140 3524 1208 3560 eo
1241 3512 1362 3561 erat
1391 3512 1452 3560 ut
1506 3507 1857 3577 Augustinus

167 3598 436 3651 rationem
470 3596 633 3650 daret
662 3611 762 3648 cur
791 3597 942 3666 apud
974 3597 1126 3666 leges
1159 3597 1350 3652 civiles
1383 3598 1600 3652 occisor
1634 3598 1855 3652 invaso-

167 3684 237 3737 ris
269 3701 379 3739 non
402 3689 549 3737 esset
578 3683 870 3737 homicidii
924 3701 1073 3751 reus,
1125 3686 1222 3739 sed
1265 3687 1408 3740 bene
1465 3686 1617 3756 apud
1671 3687 1858 3756 legem

168 3779 427 3829 teternam
463 3779 519 3828 et
565 3773 1000 3827 immutabilem.
1051 3774 1137 3828 Ad
1175 3774 1282 3827 hoc
1328 3791 1461 3827 vero
1495 3775 1858 3844 probandum

168 3873 381 3921 sanctus
414 3867 615 3920 doctor
662 3865 948 3935 reliquum
994 3864 1146 3917 illius
1185 3864 1318 3917 libri
1361 3863 1663 3934 impendit,
1697 3866 1858 3936 cujus

168 3970 381 4009 summa
404 3957 526 4008 est:
582 3955 688 4007 Lex
733 3959 944 4007 (eterna
988 3953 1106 4006 vult
1144 3955 1324 4006 omnia
1370 3967 1480 4006 esse
1519 3953 1860 4008 ordinatissi-

169 4058 268 4108 ma,
315 4061 437 4114 cap.
467 4045 526 4107 6;
561 4041 710 4096 unde
756 4042 820 4094 iit
849 4057 1204 4112 consequens
1245 4045 1306 4095 ut
1336 4041 1508 4095 homo
1539 4043 1597 4094 in
1640 4057 1694 4096 se
1740 4044 1859 4111 ipso

170 4131 598 4185 ordinatissimus
649 4132 741 4194 sit,
792 4146 915 4198 cap.
969 4134 1024 4183 7.
1085 4129 1225 4183 Cum
1273 4145 1405 4183 vero
1434 4130 1646 4183 habeat
1686 4129 1858 4184 homo

170 4219 351 4287 plures
391 4223 580 4272 motus
620 4233 750 4271 cum
789 4217 992 4271 belluis
1023 4233 1375 4282 communes,
1429 4233 1563 4272 nam
1610 4223 1861 4287 appetere

172 4308 461 4376 voluptates
526 4309 785 4376 corporis,
843 4311 891 4359 et
955 4308 1131 4359 vitare
1186 4307 1458 4361 molestias
1497 4308 1690 4373 ferina:
1737 4310 1862 4361 vitae
1890 4305 1930 4359 Ι)

173 4399 331 4449 omnis
362 4395 510 4450 actio
537 4400 643 4459 est,
685 4411 808 4464 cap.
843 4396 892 4459 8,
939 4415 966 4443 α
1001 4393 1160 4448 Hisce
1210 4394 1462 4448 motibus
1493 4393 1699 4448 animae
1730 4410 1861 4447 cum

173 4483 307 4536 ratio
336 4484 689 4550 dominatur,
718 4483 1014 4538 ordinatus
1063 4484 1234 4538 homo
1283 4483 1554 4538 dicendus
1603 4487 1703 4539 est.
1739 4484 1863 4537 Non

175 4571 316 4624 enim
347 4572 488 4625 ordo
518 4577 724 4638 rectus,
763 4577 860 4626 aut
897 4571 1037 4626 ordo
1069 4571 1443 4644 appellandus
1477 4575 1561 4624 est
1597 4571 1858 4639 omnino,

173 4659 262 4713 ubi
295 4663 673 4716 deterioribus
705 4663 940 4716 meliora
967 4663 1366 4732 subjiciuntur.
1391 4661 1552 4716 Ratio
1573 4661 1677 4715 ista
1701 4678 1860 4732 ergo,

175 4749 252 4802 vel
282 4767 462 4818 mens,
501 4753 587 4806 vel
616 4751 846 4822 spiritus
871 4767 999 4804 cum
1033 4750 1386 4804 irrationales
1441 4749 1622 4803 animi
1671 4756 1865 4804 motus

176 4839 330 4908 regit,
366 4841 421 4894 id
451 4841 666 4894 scilicet
687 4840 1015 4894 dominatur
1044 4839 1103 4893 in
1135 4839 1385 4907 homine,
1423 4839 1514 4893 cui
1545 4839 1863 4893 dominatio

176 4925 290 4997 lege
331 4930 567 4983 debetur
615 4945 682 4982 ea
727 4945 900 5000 quam
964 4933 1233 4982 aeternam
1275 4944 1396 4982 esse
1431 4928 1860 4996 comperimus.

177 5015 308 5070 Cum
337 5035 470 5088 ergo
501 5018 579 5071 ita
606 5019 779 5071 homo
804 5017 1143 5071 constitutus
1193 5022 1360 5086 atque
1409 5019 1705 5071 ordinatus
1761 5021 1863 5083 est,

176 5120 358 5160 nonne
409 5107 513 5162 tibi
567 5106 793 5177 sapiens
854 5107 1119 5160 videtur?
1151 5125 1179 5157 n
1235 5121 1358 5174 cap.
1415 5108 1468 5159 8.
1515 5124 1543 5156 (ι
1579 5107 1682 5159 Eos
1713 5106 1867 5159 enim

178 5195 452 5264 sapientes
482 5212 617 5249 voco
649 5212 793 5266 quos
813 5196 1019 5250 veritas
1049 5194 1239 5248 vocari
1262 5194 1444 5265 jubet,
1478 5194 1535 5248 id
1575 5199 1658 5247 est
1688 5210 1865 5264 regno

180 5285 376 5337 mentis
405 5285 588 5338 omnis
612 5284 866 5339 libidinis
896 5283 1298 5355 subjugatione
1325 5281 1562 5353 peccati,
1598 5303 1620 5330 ι
1657 5299 1778 5352 cap.
1813 5286 1864 5338 9.

183 5389 208 5414 ‹‹
240 5372 474 5427 Putasne
509 5373 614 5427 ista
645 5379 833 5428 mente
863 5373 952 5427 cui
982 5389 1225 5442 regnum
1260 5372 1318 5426 in
1347 5371 1614 5426 libidines
1656 5378 1869 5425 aeterna

180 5456 298 5528 lege
331 5476 658 5517 concessum
706 5480 826 5517 esse
870 5463 1282 5533 cognoscimus,
1332 5459 1717 5532 potentiorem
1748 5477 1868 5514 esse

185 5545 469 5605 libidinem
499 5552 529 5606 ?
560 5552 673 5624 Ego
704 5552 856 5607 enim
887 5553 1045 5606 nullo
1083 5556 1244 5624 pacto
1267 5555 1446 5621 puto;
1498 5565 1682 5620 neque
1714 5549 1867 5605 enim

1948 505 2317 575 imperarent.
2350 505 2531 568 Quare
2556 519 2781 557 necesse
2814 503 3058 557 arbitror
3083 520 3204 558 esse
3253 512 3315 559 ut
3343 507 3471 575 plus
3510 525 3644 577 pos-

1948 593 2019 646 sit
2047 609 2204 646 mens
2233 609 2404 664 quam
2432 592 2731 662 cupiditas,
2760 609 2826 646 eo
2859 592 2982 662 ipso
3016 609 3129 663 quo
3161 594 3460 664 cupiditati
3491 600 3642 649 recte

1942 681 2208 752 justeque
2251 681 2598 747 dominatur,
2636 703 2658 728 υ
2705 697 2827 750 cap.
2893 683 2977 736 l0.
3042 682 3113 735 Ex
3161 682 3249 736 his
3287 684 3643 754 Augustinus

1947 769 2232 823 intentum
2261 769 2519 824 deducit:
2559 770 2698 822 Nam
2745 785 2874 823 cum
2911 769 3039 840 quis
3071 786 3461 840 aggressorem
3489 773 3641 827 occi-

1947 858 2050 924 dit,
2087 875 2203 911 non
2234 857 2394 921 ratio,
2439 857 2538 911 sed
2569 858 2851 927 cupiditas
2899 858 2981 911 illi
3029 860 3393 913 dominatur:
3432 881 3457 911 «
3491 861 3641 924 Quo-

1952 947 2120 1000 modo
2152 963 2383 1017 possum
2417 946 2701 1011 arbitrari,
2736 946 2944 1017 inquit,
2987 964 3176 1001 carere
3216 948 3350 1002 istos
3382 949 3644 1018 libidine,

1951 1036 2046 1106 qui
2080 1052 2183 1106 pro
2205 1035 2271 1089 iis
2303 1036 2470 1090 rebus
2497 1034 2905 1105 digladientur,
2931 1053 3070 1106 quas
3100 1043 3342 1106 possunt
3385 1039 3646 1092 amittere

1950 1122 2136 1188 inviti,
2169 1127 2268 1176 aut
2306 1122 2353 1176 si
2408 1139 2525 1176 non
2586 1127 2842 1192 possunt,
2886 1123 3022 1192 quid
3078 1140 3220 1193 opus
3261 1129 3346 1178 est
3399 1142 3503 1195 pro
3558 1124 3647 1179 his

1951 1228 2131 1281 usque
2162 1210 2233 1264 ad
2288 1210 2542 1265 hominis
2587 1226 2782 1263 necem
2821 1209 3136 1279 progredi?
3165 1231 3190 1260 ι)
3244 1213 3437 1282 Neque
3492 1213 3645 1266 enim

1954 1306 2140 1354 actum
2171 1299 2467 1353 occidendi
2498 1299 2662 1364 ratio,
2697 1299 2792 1352 sed
2825 1299 3102 1368 cupiditas
3133 1299 3299 1369 regit,
3331 1317 3460 1354 cum
3504 1301 3648 1355 ratio

1954 1383 2129 1437 dictet
2154 1382 2327 1436 vitam
2352 1399 2465 1436 non
2489 1399 2610 1436 esse
2641 1398 2836 1436 verum
2881 1381 3096 1434 bonum
3146 1383 3468 1449 hominum,
3515 1383 3651 1454 quia

1954 1472 2111 1525 illam
2149 1476 2374 1541 possunt
2402 1474 2648 1525 amittere
2695 1473 2872 1524 inviti.
2907 1469 3068 1534 Quod
3111 1470 3264 1524 enim
3296 1472 3589 1542 inquiunt,
3620 1489 3653 1526 a

1955 1567 2159 1615 natura
2200 1561 2428 1614 insitam
2481 1576 2600 1613 esse
2631 1559 2718 1612 sui
2780 1558 3291 1626 conservationem,
3339 1577 3401 1613 ac
3437 1561 3655 1631 proprii

1955 1649 2092 1703 boni
2123 1648 2533 1716 defensionem,
2569 1647 2710 1701 nihil
2734 1647 2894 1717 juvat
2919 1667 2932 1713 ;
2956 1663 3090 1701 nam
3119 1647 3228 1701 vita
3254 1650 3509 1717 corporis
3537 1665 3655 1702 non

1959 1743 2042 1791 est
2094 1737 2389 1806 proprium
2450 1737 2662 1789 bonum
2711 1735 2980 1799 hominis,
3015 1737 3107 1788 sed
3136 1738 3370 1790 hominis
3421 1753 3552 1806 pars
3584 1739 3656 1791 vi-

1959 1827 2187 1892 lissima,
2219 1842 2341 1894 cap.
2378 1827 2460 1878 16.
2489 1827 2632 1878 Bene
2671 1824 2902 1894 quidem
2929 1825 3062 1878 ferae
3106 1826 3352 1878 naturali
3384 1826 3656 1880 instinctu

1958 1915 2132 1968 etiam
2163 1931 2292 1967 cum
2325 1913 2671 1983 aggressoris
2709 1913 2987 1965 occisione
3032 1912 3203 1965 vitam
3237 1919 3485 1978 tuentur,
3521 1913 3657 1983 quia

1958 2005 2080 2058 hinc
2100 2003 2334 2056 unicum
2365 2017 2657 2054 summum
2688 2002 2900 2054 bonum
2936 2000 3048 2054 illis
3078 2007 3183 2062 est,
3233 2001 3403 2072 idque
3434 2000 3655 2071 cupidi-

1959 2094 2071 2144 tate
2111 2091 2199 2145 sui
2223 2089 2590 2144 conservandi
2622 2090 2854 2152 faciunt,
2907 2105 2977 2142 ne
3025 2089 3292 2142 amittant
3339 2105 3480 2143 esse.
3511 2092 3583 2141 At
3612 2105 3659 2140 si

1959 2179 2156 2246 homo,
2189 2185 2254 2233 ut
2283 2196 2341 2233 se
2390 2179 2678 2245 defendat,
2728 2177 3090 2231 invadentem
3138 2177 3390 2247 perimit,
3437 2176 3658 2246 cupidi-

1959 2273 2070 2322 tate
2100 2274 2362 2322 movetur
2391 2284 2505 2338 qua
2549 2272 2606 2320 et
2649 2267 2853 2320 belluas
2899 2265 2956 2318 in
3000 2282 3094 2319 eos
3137 2270 3324 2318 motus
3354 2265 3660 2336 impellun-

1960 2364 2074 2425 tur,
2111 2358 2440 2412 existimans
2489 2361 2712 2410 tantum
2771 2357 2984 2410 bonum
3040 2355 3214 2409 vitam
3263 2357 3540 2426 corporis,
3597 2359 3661 2410 ut

1962 2467 2066 2521 pro
2100 2449 2197 2503 illa
2249 2465 2478 2502 necesse
2528 2452 2691 2518 putet
2745 2463 2912 2516 usque
2967 2446 3040 2500 ad
3073 2449 3303 2501 hominis
3342 2463 3517 2501 necem
3543 2463 3664 2516 pro-

1961 2538 2135 2606 gredi,
2175 2555 2296 2606 cap.
2333 2540 2383 2589 5.
2421 2538 2741 2591 Belluarum
2774 2537 2927 2589 enim
2960 2537 3256 2606 proprium
3297 2542 3382 2589 est
3411 2542 3662 2605 appetere

1962 2628 2262 2695 voluptates
2292 2627 2554 2694 corporis,
2601 2630 2648 2678 et
2705 2627 2880 2678 vitare
2935 2625 3226 2687 molestias,
3259 2640 3382 2693 cap.
3429 2628 3480 2678 8.
3517 2625 3660 2693 Ergo

1960 2720 2097 2768 tunc
2133 2719 2321 2768 movet
2351 2713 2613 2767 homines
2669 2713 2738 2765 ad
2779 2712 3153 2766 occidendum
3204 2712 3506 2782 cupiditas,
3549 2728 3664 2782 qua

1964 2804 2146 2857 bestiis
2168 2804 2407 2856 meliores
2441 2817 2554 2854 non
2583 2805 2733 2866 sunt,
2769 2817 2952 2871 neque
2984 2805 3120 2854 tunc
3166 2805 3308 2854 ratio
3356 2803 3660 2853 irrationa-

1963 2890 2035 2944 les
2060 2892 2233 2943 animi
2261 2895 2432 2944 motus
2477 2891 2635 2956 regit,
2687 2888 2924 2943 ibidem.
2967 2889 3110 2958 Ergo
3155 2889 3327 2942 homo
3358 2906 3472 2943 non
3504 2887 3660 2943 ordi-

1961 2985 2092 3033 nate
2126 2979 2265 3049 agil,
2296 2984 2350 3032 et
2402 2994 2504 3048 per
2543 2994 2900 3048 consequens
2927 2986 3124 3031 contra
3171 2979 3356 3049 legem
3386 2985 3662 3032 aeternam

1963 3067 2099 3137 agit,
2147 3083 2275 3138 quae
2323 3067 2444 3120 vult
2474 3067 2653 3120 omnia
2681 3080 2791 3119 esse
2834 3065 3266 3133 ordinatissima,
3327 3071 3388 3120 ut
3443 3067 3660 3121 ibidem

1961 3156 2336 3228 praemiserat.

2037 3244 2224 3298 Dices:
2286 3245 2410 3298 Non
2460 3242 2636 3314 igitur
2681 3243 2822 3297 citra
2873 3242 3072 3296 vitium
3120 3242 3436 3314 poterimus
3469 3259 3662 3298 amare

1963 3333 2136 3388 vitam
2170 3333 2446 3404 corporis.
2491 3332 2814 3404 Respondet
2863 3337 3088 3386 sanctus
3136 3333 3354 3401 doctor,
3401 3349 3527 3403 cap.
3575 3336 3659 3400 15,

1965 3437 2069 3474 nos
2125 3438 2289 3492 posse
2345 3435 2535 3474 amare
2583 3420 2754 3472 vitam
2809 3436 2872 3499 a.c
2920 3418 3142 3489 reliqua
3190 3419 3339 3473 bona
3384 3420 3663 3490 corporis,

1967 3509 2182 3562 utendo
2223 3509 2356 3574 illis,
2390 3524 2508 3563 non
2539 3508 2806 3577 fruendo,
2833 3508 2987 3578 quod
3014 3509 3241 3578 egregie
3275 3509 3352 3562 sic
3381 3509 3661 3578 erplicat:

1972 3617 1993 3644 ι
2027 3595 2171 3649 Cum
2201 3595 2378 3666 igitur
2407 3595 2620 3648 eisdem
2654 3595 2823 3648 rebus
2855 3595 2999 3647 alius
3021 3597 3186 3660 male,
3213 3595 3356 3648 alius
3378 3595 3522 3648 bene
3549 3599 3665 3648 uta-

1966 3687 2082 3751 tur,
2113 3683 2244 3736 etis
2291 3682 2524 3754 quidem
2579 3681 2677 3751 qui
2720 3682 2866 3734 male
2920 3697 3113 3734 amore
3169 3681 3446 3735 inluereat
3493 3688 3666 3752 atque

1967 3771 2310 3842 implicetur,
2348 3771 2561 3825 scilicet
2606 3770 2865 3824 subditus
2899 3769 2978 3822 eis
3011 3770 3181 3822 rebus
3217 3787 3358 3840 quas
3387 3770 3497 3824 sibi
3530 3770 3666 3823 sub-

1970 3858 2117 3912 ditas
2144 3875 2263 3912 esse
2286 3858 2605 3927 oportebat,
2638 3861 2693 3910 et
2721 3873 2788 3910 ea
2816 3856 2968 3909 bona
3001 3856 3110 3909 sibi
3136 3858 3508 3922 constituens,
3534 3857 3664 3927 qui-

1967 3946 2075 4000 bus
2105 3945 2438 4000 ordinandis
2477 3946 2734 4014 beneque
2787 3944 3095 3998 tractandis
3141 3943 3261 4013 ipse
3294 3960 3412 3997 esse
3467 3945 3668 4015 utique

1969 4035 2198 4088 deberet
2226 4035 2458 4088 bonum.
2494 4034 2591 4086 Ille
2622 4037 2813 4085 autem
2845 4032 2944 4102 qui
2972 4037 3121 4085 recte
3150 4032 3239 4085 his
3262 4032 3442 4085 utitur
3471 4038 3664 4086 osten-

1972 4124 2069 4177 dat
2099 4123 2329 4194 quidem
2360 4122 2510 4175 bona
2538 4137 2679 4188 esse,
2725 4121 2824 4174 sed
2850 4135 2967 4173 non
3002 4120 3110 4173 sibi
3145 4140 3159 4186 ;
3187 4137 3300 4174 non
3349 4120 3501 4174 enim
3533 4137 3668 4175 eum

1969 4212 2186 4266 bonum
2218 4210 2582 4264 melioremve
2612 4209 2846 4276 faciunt,
2902 4209 3000 4263 sed
3037 4209 3108 4262 ab
3140 4225 3206 4262 eo
3264 4209 3456 4279 potius
3499 4209 3665 4278 fiunt.

1971 4312 2036 4365 Et
2064 4309 2193 4364 ideo
2241 4324 2359 4362 non
2415 4307 2496 4362 eis
2552 4322 2743 4360 amore
2785 4305 3235 4376 conglutinetur,
3289 4321 3475 4375 neque
3514 4305 3672 4358 velut

1971 4403 2232 4459 membra
2260 4401 2347 4455 sui
2375 4398 2554 4454 animi
2606 4398 2791 4464 faciat,
2835 4397 2990 4469 quod
3032 4396 3095 4450 ﬁt
3141 4398 3405 4462 amando,
3437 4413 3508 4450 ne
3539 4412 3671 4450 cum

1973 4501 2214 4557 resecari
2241 4499 2536 4572 cmperint,
2565 4514 2695 4552 eum
2732 4497 2984 4551 cruciatu
3016 4513 3079 4552 ac
3124 4497 3253 4551 tabe
3297 4497 3534 4564 foedant,
3574 4495 3673 4550 sed

1974 4599 2054 4652 eis
2084 4602 2236 4652 totus
2265 4595 2674 4666 superferatur,
2705 4597 2760 4646 et
2788 4592 3000 4646 habere
3053 4591 3149 4644 illa
3181 4607 3244 4644 ac
3288 4607 3510 4661 regere,
3542 4605 3673 4644 cum

1975 4711 2119 4765 Opus
2146 4700 2232 4748 est
2260 4698 2492 4763 paratus
2528 4695 2584 4744 et
2614 4689 2892 4754 amittere,
2942 4693 3044 4742 aut
3081 4704 3194 4741 non
3232 4688 3442 4742 habere
3499 4701 3671 4756 para-

1974 4789 2102 4842 tior.
2140 4808 2168 4840 »
2203 4788 2361 4842 Unde
2395 4787 2494 4857 qui
2521 4785 2729 4838 occidit
2756 4800 3152 4855 aggressorem
3182 4801 3294 4837 non
3319 4784 3674 4854 superlertur

1975 4889 2147 4951 totus,
2179 4901 2366 4955 neque
2398 4883 2544 4954 regit
2571 4882 2788 4936 bonum
2819 4883 2946 4936 vita:
2974 4887 3255 4952 corporis,
3279 4881 3376 4935 sed
3397 4881 3450 4933 ei
3478 4895 3673 4934 amore

1976 4984 2420 5056 conglutinatur,
2444 4997 2507 5034 ac
2561 4981 2884 5034 membrum
2940 4981 3028 5034 sui
3077 4980 3254 5033 animi
3289 4978 3440 5042 facit,
3475 4976 3674 5030 dolens

1976 5098 2105 5136 cum
2156 5080 2408 5134 cruciatu
2441 5094 2566 5132 eam
2598 5077 2704 5131 sibi
2743 5077 3006 5139 resecari,
3043 5091 3230 5144 neque
3286 5074 3541 5144 paratior
3588 5077 3675 5127 est

1977 5171 2134 5224 illam
2191 5186 2308 5224 non
2368 5172 2600 5239 habere,
2650 5173 2744 5227 sed
2791 5172 2923 5226 totis
2967 5172 3184 5225 viribus
3239 5172 3580 5227 colluctatur
3608 5179 3673 5228 ut

1979 5266 2203 5330 habeat,
2237 5271 2442 5336 putans
2473 5283 2599 5321 eam
2632 5283 2799 5321 suum
2829 5269 3043 5321 bonum
3079 5282 3218 5331 esse,
3251 5281 3356 5337 pro
3389 5284 3504 5338 quo
3535 5285 3671 5322 con-

1979 5361 2252 5416 servando
2309 5361 2678 5433 digladiatur,
2740 5379 2868 5432 qua:
2915 5367 3107 5416 tamen
3164 5363 3281 5417 vita
3325 5363 3394 5418 ad
3449 5364 3674 5418 beatam

1978 5460 2150 5513 vitam
2173 5458 2316 5513 nihil
2350 5459 2498 5526 facit,
2535 5475 2667 5514 nam
2707 5458 2852 5512 beate
2896 5459 3074 5512 vivere
3102 5463 3179 5514 est
3237 5461 3379 5514 veris
3413 5460 3677 5527 certisque

1980 5552 2132 5605 bonis
2187 5551 2445 5620 gaudere,
2497 5568 2621 5622 cap.
2659 5553 2720 5606 13
2752 5570 2766 5616 -,
2797 5549 2948 5605 inter
2977 5567 3106 5620 qua:
3135 5551 3249 5607 vita
3273 5552 3531 5623 corporis
3561 5567 3677 5606 non
