3894 6184
316 298 423 352 739

1325 284 1877 351 SU‘PPLEMENTUM
1917 296 2008 351 AD
2044 295 2276 352 OPERA
2314 297 2369 352 s.
2411 297 2795 353 AUGUSTINI.
3680 314 3760 366 πο

317 416 639 491 reponitur,
665 421 754 473 tot
789 416 957 472 variis
990 415 1230 471 subinde
1247 416 1644 472 affectionibus
1661 419 2012 488 perturbata,
2051 423 2095 476 A
2127 418 2327 473 Libero
2357 420 2605 474 Arbitrio
2671 429 2729 476 et
2774 421 2897 492 ipse
2944 422 3351 494 philosophum
3405 444 3585 498 agens,
3627 449 3767 504 supra

316 523 458 580 quas
501 506 724 562 erudite
751 506 1009 576 congerit
1036 509 1264 559 sanctus
1294 506 1494 560 doctor
1517 523 1642 576 cap.
1683 511 1764 562 11.

382 596 634 651 Tandem
665 594 1038 665 Augustinus,
1071 611 1194 666 cap.
1252 599 1336 662 15,
1382 601 1508 665 post
1537 597 1770 667 longam
1818 596 2012 667 dispu-

311 684 589 739 tationem
627 682 1020 754 disparitatem
1061 684 1312 754 assignat
1356 701 1456 738 cur
1506 685 1592 737 lex
1641 683 1821 737 civilis
1851 686 2010 755 prin-

315 773 506 843 cipum
534 772 832 843 permittat
868 772 1048 827 occidi
1095 773 1412 826 invasorem
1446 774 1596 840 vitm,
1648 773 1883 826 honoris
1924 774 2012 827 vel

311 861 660 927 divitiarum,
695 867 754 915 et
790 860 848 916 id
880 861 995 915 alia
1025 878 1088 915 ex
1129 867 1286 932 parte
1337 863 1425 916 lex
1474 867 1688 916 interna
1733 866 1903 917 vetet.
1950 864 2012 916 Et

311 949 465 1003 enim
496 949 584 1002 lex
623 947 805 1002 civilis
835 948 1163 1020 reipublicae
1218 951 1552 1020 temporalis
1577 971 1597 998 σ
1654 949 1800 1003 nihil
1857 949 2012 1004 aliud

303 1037 470 1107 jubet
497 1037 609 1091 nisi
635 1041 702 1090 ut
727 1036 849 1090 haec
869 1053 998 1108 qua:
1020 1037 1088 1092 ad
1116 1042 1343 1107 tempus
1382 1043 1579 1092 nostra
1609 1037 1721 1091 dici
1747 1041 2011 1108 possunt,

312 1126 540 1198 quando
588 1125 669 1179 eis
720 1125 985 1180 homines
1037 1126 1349 1196 cupiditate
1391 1127 1697 1193 inhaerent,
1756 1143 1823 1180 eo
1877 1127 2010 1196 jure

311 1214 659 1286 possideant,
695 1215 848 1286 quod
877 1232 988 1286 pax
1034 1219 1090 1269 et
1133 1215 1372 1270 societas
1428 1216 1684 1270 humana
1731 1220 2009 1285 servetur,

309 1308 525 1374 quanta
546 1303 607 1357 in
643 1302 732 1357 his
758 1305 929 1358 rebus
968 1303 1179 1358 servari
1215 1309 1420 1375 potest.
1457 1324 1484 1355 »
1536 1307 1769 1359 Postea:
1808 1323 1834 1354 (ι
1868 1306 2010 1374 Ergo

312 1398 366 1446 et
394 1393 464 1446 ad
495 1392 551 1446 id
606 1393 760 1463 quod
815 1393 935 1447 vult
973 1397 1201 1465 torquet
1229 1410 1292 1448 ac
1338 1398 1634 1465 retorquet
1664 1394 2008 1448 miserorum

310 1481 556 1544 animos,
589 1481 796 1552 quibus
825 1481 1089 1552 regendis
1114 1483 1536 1537 accommodata
1549 1488 1648 1537 est.
1677 1484 1824 1536 Dum
1854 1483 2010 1537 enim

310 1569 433 1624 haec
466 1569 725 1624 amittere
750 1570 978 1637 timent,
1008 1571 1283 1625 tenentin
1314 1570 1400 1624 his
1445 1571 1671 1624 utendis
1700 1572 2009 1641 quemdam

309 1660 544 1713 modum
573 1665 770 1729 aptum
801 1659 1023 1712 vinculo
1064 1659 1327 1727 civitatis,
1387 1660 1572 1730 qualis
1617 1676 1685 1713 ex
1740 1661 2006 1729 hujusce-

2124 507 2317 562 omnia
2347 525 2623 579 corporea
2653 510 2914 565 animum
2967 512 3218 566 hominis
3267 514 3337 568 ad
3392 519 3502 570 veri
3555 519 3635 572 sui
3662 521 3771 578 boni

2121 596 2513 667 cognitionem
2536 599 2740 663 evexit,
2765 616 3049 671 suumque
3065 601 3274 655 rationi
3294 603 3584 675 imperium
3613 625 3774 678 prava:

2122 685 2447 755 cupiditatis
2505 687 2758 742 motibus
2807 689 3053 743 subactis
3109 691 3366 746 asseruit.
3424 693 3559 748 Sane
3611 696 3775 752 docuit

2121 773 2290 828 nihili
2318 773 2582 830 habenda
2603 793 2723 830 esse
2752 778 3193 851 qualiacumque
3243 780 3362 834 haec
3408 781 3552 836 bona
3577 788 3775 856 tempo-

2123 863 2281 929 ralia,
2315 880 2445 934 quze
2475 865 2673 919 miseri
2702 868 2972 921 mortales
3018 869 3088 922 ad
3121 868 3398 923 insaniam
3447 887 3617 942 usque
3645 875 3777 928 mille

2121 949 2267 1003 votis
2293 955 2589 1022 expetunt,
2618 969 2803 1024 neque
2824 955 2980 1009 enim
3024 955 3123 1008 illa
3151 956 3220 1010 ad
3249 957 3455 1011 summi
3501 958 3630 1013 boni
3657 976 3779 1015 asse-

2119 1038 2415 1093 cutionem
2441 1039 2592 1094 viam
2621 1041 2910 1108 muniunt,
2938 1042 3037 1096 sed
3076 1042 3419 1114 impediunt.
3447 1047 3577 1110 Quae
3606 1047 3648 1101 si
3669 1065 3778 1102 vera

2121 1132 2277 1196 sunt,
2323 1128 2671 1199 culpandam
2719 1129 2864 1184 dixit
2911 1131 3066 1185 illius
3113 1131 3508 1204 cupiditatem,
3557 1136 3648 1205 qui
3693 1153 3778 1206 pro

2119 1215 2278 1271 bulla
2306 1217 2408 1287 (ita
2456 1219 2612 1272 enim
2663 1218 2948 1289 sapientes
2983 1220 3236 1274 hominis
3277 1221 3452 1278 vitam
3486 1239 3779 1293 corpoream

2119 1303 2333 1377 dixere)
2359 1305 2717 1361 defendenda
2740 1323 3073 1362 mucronem
3092 1309 3344 1380 stringit,
3367 1316 3534 1382 atque
3557 1311 3778 1367 humana

2118 1394 2272 1447 cmde
2326 1394 2625 1464 polluitur.
2678 1396 3034 1466 Augustinus
3082 1399 3491 1465 Anconitanus,
3524 1400 3618 1471 qui
3661 1402 3781 1456 hanc

2118 1482 2298 1536 sancti
2327 1482 2572 1537 doctoris
2603 1485 2948 1540 sententiam
2989 1503 3057 1540 ex
3103 1487 3357 1557 professo
3404 1489 3663 1557 defendit,
3690 1489 3779 1544 alio

2117 1587 2182 1624 ac
2209 1571 2381 1640 plane
2413 1571 2634 1626 diverso
2673 1579 3016 1643 argumento
3059 1574 3220 1629 illam
3250 1575 3618 1642 conﬁrmavit,
3642 1594 3780 1631 nem-

2115 1675 2189 1728 pe
2220 1659 2388 1730 quia:
2412 1661 2680 1714 Animam
2719 1663 2968 1731 proximi
2998 1663 3127 1734 plus
3153 1668 3358 1718 teneor
3385 1665 3613 1735 diligere
3637 1681 3781 1735 quam

308 1747 465 1802 modi
491 1746 818 1800 hominibus
847 1747 1116 1801 constitui
1141 1752 1351 1817 potest,
1387 1764 1502 1801 non
1529 1752 1722 1802 autem
1779 1748 2010 1802 ulcisci—
2049 1739 2090 1794 Β
2120 1764 2325 1819 corpus
2356 1750 2680 1819 proprium,
2713 1751 2868 1821 quod
2919 1767 3011 1805 me
3069 1752 3248 1806 invito
3299 1769 3528 1824 possum
3557 1755 3778 1824 perdere.

307 1840 403 1889 tur
429 1839 723 1906 peccatum
754 1850 884 1888 cum
933 1840 1199 1890 amantur
1241 1836 1369 1903 ista,
1418 1836 1518 1892 sed
1571 1854 1702 1891 cum
1753 1837 1876 1891 aliis
1907 1853 2011 1908 per

307 1923 735 1994 improbitatem
763 1925 1118 1978 auferuntur.
1152 1947 1180 1975 »
1205 1927 1277 1979 At
1306 1930 1369 1978 ut
1409 1942 1831 1997 consequamur
1869 1926 2010 1981 ulti—

307 2029 469 2067 mum
499 2012 695 2079 ﬁnem,
719 2013 805 2066 lex
828 2017 1043 2066 aeterna
1057 2017 1210 2067 vetat
1234 2013 1414 2068 amari
1441 2015 1539 2069 illa
1569 2031 1697 2085 qum
1731 2031 1849 2069 non
1878 2017 2011 2068 sunt

307 2101 498 2156 media
528 2102 597 2155 ad
629 2101 791 2154 illum
815 2101 1211 2169 obtinendum,
1255 2107 1320 2156 ut
1369 2119 1497 2174 qua:
1528 2103 1790 2157 homines
1822 2122 1850 2154 «
1877 2120 2008 2173 pos-

305 2195 439 2244 sunt
467 2194 524 2244 ct
566 2190 818 2244 velentes
860 2206 977 2244 non
1024 2190 1283 2261 adipisci,
1337 2196 1392 2245 et
1440 2191 1702 2246 amittere
1757 2193 1942 2258 inviti,
1981 2213 2004 2241 ι

308 2296 432 2350 cap.
468 2283 552 2334 15.
591 2301 612 2326 α
645 2278 813 2335 lubet
860 2278 1039 2349 igitur
1065 2285 1278 2333 interna
1324 2280 1411 2334 lex
1443 2285 1694 2335 avertere
1753 2297 2010 2335 amorem

309 2385 340 2422 a
392 2367 826 2438 temporalibus,
876 2372 933 2421 et
985 2384 1119 2422 eum
1168 2371 1512 2423 munvdatum
1567 2375 1897 2424 convertere
1937 2370 2010 2424 ad

308 2461 541 2518 aeterna,
577 2478 603 2506 »
631 2456 862 2511 ibidem.
899 2457 942 2510 Ο
999 2457 1233 2526 dignam
1281 2458 1604 2529 Augustino
1652 2459 2003 2513 doctrinam!

308 2547 416 2602 Lex
447 2545 624 2600 civilis
653 2545 981 2616 principum
1012 2562 1130 2599 non
1178 2545 1472 2601 ulciscitur
1520 2552 1819 2618 peccatum
1877 2563 2008 2602 cum

306 2639 531 2690 amatur
574 2634 685 2688 vita
715 2634 988 2705 corporis,
1018 2634 1116 2688 sed
1148 2651 1279 2688 cum
1334 2635 1457 2689 aliis
1512 2652 1618 2706 per
1672 2635 2007 2706 improbita-

304 2727 424 2778 tem
457 2723 735 2789 aufertur,
779 2727 836 2776 et
884 2737 1090 2793 parum
1139 2728 1300 2777 curat
1330 2723 1398 2776 de
1428 2723 1528 2777 illa
1582 2723 1754 2777 noxia
1783 2723 2006 2794 cupidi-

303 2816 441 2876 tate,
475 2828 605 2867 cum
657 2811 727 2865 de
775 2811 1017 2864 internis
1065 2811 1211 2866 nihil
1260 2816 1488 2868 statuat.
1538 2814 1612 2866 At
1660 2813 1746 2867 lex
1792 2817 2008 2867 aeterna

302 2900 449 2956 hanc
474 2899 848 2970 cupiditatem
875 2900 1128 2965 damnat,
1161 2916 1293 2954 cum
1344 2901 1406 2954 in
1458 2901 1692 2956 homine
1744 2901 2004 2956 domina-

304 2992 418 3055 tur,
450 3004 516 3041 ac
559 2987 841 3042 rationem
870 2988 1038 3058 regit,
1081 2988 1218 3042 dum
1259 2989 1389 3060 quis
1444 2989 1756 3043 arbitratur
1782 2994 2005 3043 tantum

301 3074 521 3129 bonum
547 3091 668 3128 esse
702 3074 810 3128 sibi
839 3075 1009 3127 vitam
1052 3080 1329 3144 corporis,
1374 3080 1438 3128 ut
1477 3092 1660 3146 usque
1699 3075 1768 3130 ad
1807 3093 2006 3130 necem

303 3162 555 3218 hominis
585 3179 686 3233 pro
708 3163 804 3216 illa
826 3162 1184 3217 defendenda
1204 3163 1621 3234 progrediatur,
1655 3181 1786 3218 cum
1814 3169 2007 3218 tamen

303 3250 460 3304 illius
492 3252 705 3305 bonum
755 3267 955 3305 verum
1012 3251 1251 3305 minime
1315 3251 1403 3316 sit,
1461 3268 1648 3323 neque
1689 3252 1840 3306 enim
1875 3253 2008 3307 facit

303 3339 466 3393 illum
490 3340 808 3409 meliorem,
850 3340 1002 3410 quod
1033 3339 1333 3410 proprium
1375 3340 1558 3394 solum
1604 3345 1689 3395 est
1723 3341 2003 3396 bonorum

303 3427 503 3494 animi,
535 3445 664 3498 quae
696 3429 887 3482 nullus
915 3433 1102 3499 potest
1129 3429 1390 3484 amittere
1423 3429 1651 3497 invitus,
1685 3435 1742 3485 et
1785 3431 1834 3485 si
1863 3432 2003 3499 vult,

302 3517 494 3571 habet.
530 3518 606 3570 De
633 3533 746 3588 qua
778 3534 837 3570 re
866 3517 978 3572 late
1012 3518 1131 3587 agit
1175 3536 1207 3572 a
1245 3535 1369 3589 cap.
1413 3521 1497 3573 l2.
1544 3519 1680 3584 Quis
1711 3536 1843 3574 vero
1889 3537 2007 3574 non

303 3605 494 3659 videat
523 3621 635 3675 quo
681 3606 810 3676 jure
862 3607 1221 3676 Augustinus
1259 3608 1460 3662 datum
1504 3608 1655 3663 inter
1697 3615 2005 3681 utramque

301 3692 487 3763 legem
514 3692 821 3746 discrimen
854 3693 1202 3765 nuncuparit
1234 3695 1492 3750 sublimia
1521 3696 1770 3766 quaedam
1823 3703 2007 3767 peten-

303 3785 407 3835 tem
437 3781 881 3836 distinctionem?
907 3799 1028 3853 cap.
1059 3785 1112 3851 5,
1139 3781 1199 3836 in
1231 3783 1365 3838 fine.

373 3871 490 3924 Hoc
520 3871 752 3942 quidem
785 3876 1125 3941 argumento
1155 3876 1346 3926 motus
1388 3871 1450 3926 in
1491 3888 1620 3927 eam
1663 3874 2005 3930 sententiam

297 3957 400 4012 ivit
431 3964 658 4013 sanctus
714 3961 898 4025 Pater,
942 3959 1004 4014 in
1049 3975 1162 4030 qua
1201 3959 1479 4014 tradenda
1517 3964 1572 4014 et
1607 3961 2004 4017 confirmanda

299 4063 405 4102 nec
433 4063 616 4102 unum
644 4064 673 4101 e
701 4048 873 4102 sacris
905 4047 1107 4102 litteris
1155 4048 1549 4103 testimonium
1588 4050 1872 4116 adhibuit,
1905 4052 2004 4106 sed

302 4136 456 4207 quod
487 4153 619 4190 cum
648 4136 1094 4203 Manichzeisres
1124 4140 1264 4204 erat,
1292 4137 1496 4191 rationi
1520 4143 1747 4193 tantum
1775 4139 2004 4194 innixus

300 4226 734 4297 philosophatus
765 4229 868 4297 est.
931 4226 1069 4290 Quae
1109 4229 1306 4280 tamen
1361 4243 1507 4280 nova
1560 4227 1780 4281 nemini
1822 4228 2006 4282 videri

2121 1839 2359 1892 Planum
2391 1845 2476 1892 est
2501 1845 2691 1893 autem
2724 1839 2874 1910 quod
2901 1839 3094 1894 anima
3122 1841 3376 1912 proximi
3429 1842 3691 1912 perditur,
3727 1859 3781 1896 ex

2120 1941 2234 1996 quo
2258 1926 2408 1981 idem
2435 1925 2496 1979 in
2522 1932 2649 1981 actu
2691 1926 2921 1997 injuste:
2971 1928 3287 1983 invasionis
3317 1945 3422 2000 per
3473 1946 3562 1984 me
3614 1930 3782 1985 occidi-

2118 2020 2242 2080 tur;
2279 2015 2370 2069 cui
2419 2020 2756 2085 argumento
2787 2016 2936 2070 cedit
2963 2017 3272 2071 cardinalis
3304 2019 3482 2089 Lugo,
3512 2023 3657 2072 tomo
3685 2020 3703 2072 Ι
3729 2019 3782 2073 de

2115 2104 2255 2158 Just.
2287 2110 2342 2157 et
2366 2105 2517 2174 jure,
2573 2105 2720 2176 disq.
2758 2108 2842 2172 10,
2877 2111 3008 2161 sect.
3058 2109 3109 2174 6,
3145 2123 3312 2161 num.
3350 2111 3470 2174 143,
3503 2107 3547 2161 si
3576 2107 3782 2161 restrin-

2118 2199 2287 2264 gatur
2313 2195 2385 2247 ad
2413 2193 2708 2248 hominem
2739 2193 2964 2250 ebrium
2983 2195 3382 2262 invadentem,
3420 2202 3477 2251 et
3514 2213 3570 2251 se
3625 2197 3783 2251 defen-

2119 2282 2259 2336 dens
2289 2287 2453 2352 putet
2481 2282 2856 2354 probabiliter
2886 2300 2944 2338 se
2977 2301 3097 2339 esse
3128 2283 3190 2339 in
3223 2285 3431 2356 gratia,
3486 2285 3552 2340 de
3596 2301 3697 2356 qua
3735 2301 3782 2338 re

2117 2371 2378 2440 pluribus
2400 2372 2518 2442 agit
2545 2372 2828 2425 Tostatus.
2861 2371 2970 2425 Sed
3016 2376 3282 2426 nostrum
3327 2377 3413 2427 est
3457 2371 3781 2442 Augustinia-

2117 2474 2252 2512 nam
2285 2463 2510 2512 tantum
2540 2461 2886 2514 sententiam
2919 2460 3221 2532 explicare,
3257 2477 3388 2533 quae
3415 2459 3782 2532 phi1050phicae

2117 2548 2330 2602 rationi
2360 2549 2416 2602 in
2427 2548 2646 2603 nititur.

2190 2639 2496 2707 Caeterum,
2525 2639 2661 2694 licet
2688 2639 3062 2710 Augustinus,
3091 2640 3264 2711 juxta
3297 2640 3603 2695 subtilioris
3629 2639 3779 2710 philo-

2118 2725 2335 2795 sophiae
2403 2727 2709 2797 principia,
2769 2728 3067 2799 negaverit
3121 2727 3344 2782 licitam
3380 2745 3499 2783 esse
3547 2727 3784 2782 invasuris

2117 2813 2479 2881 occisionem,
2512 2815 2776 2886 nunquid
2805 2821 3004 2870 contra
3033 2817 3224 2886 legem
3284 2815 3457 2870 etiam
3514 2816 3609 2870 Dei
3657 2816 3784 2868 illam

2116 2919 2237 2956 esse
2269 2903 2736 2958 existimavit?ut
2762 2905 2934 2975 plane
2963 2906 3136 2959 homo
3167 2921 3202 2958 a
3226 2909 3544 2976 grassatore
3573 2905 3784 2968 invasus,

2115 3007 2244 3044 cum
2273 2993 2430 3046 nulla
2451 2992 2521 3046 sit
2549 2993 2661 3046 alia
2690 2993 2782 3046 via
2820 3010 2935 3064 qua
2963 2995 3187 3062 evadat,
3231 2995 3281 3048 si
3320 2995 3632 3049 invasorem
3661 2992 3785 3046 occi-

2114 3080 2232 3147 dat,
2259 3080 2554 3135 homicidii
2579 3099 2710 3136 reus
2740 3083 3058 3137 censendus
3089 3082 3180 3148 sit,
3227 3083 3382 3153 quod
3421 3088 3610 3137 contra
3655 3096 3786 3134 com-

2114 3185 2352 3223 munem
2382 3170 2780 3242 theologorum
2801 3171 3146 3226 sententiam
3173 3187 3300 3227 esse
3330 3173 3434 3242 [ita
3463 3176 3668 3226 certum
3701 3174 3785 3233 est,

2113 3263 2177 3311 ut
2201 3257 2394 3324 Salon,
2445 3259 2540 3313 cit.
2593 3261 2841 3314 conclus.
2891 3263 2946 3325 2,
2989 3260 3166 3315 dicat:
3216 3283 3241 3312 ι
3278 3261 3555 3333 Opposita
3600 3264 3788 3314 senten-

2112 3346 2194 3401 tia
2214 3352 2301 3401 est
2327 3348 2520 3401 forsan
2549 3348 2877 3415 temeraria,
2904 3352 2991 3403 tot
3018 3348 3275 3404 textibus
3297 3357 3355 3405 et
3385 3349 3664 3405 communi
3684 3363 3787 3401 om-

2113 3436 2278 3490 nium
2302 3437 2420 3490 fere
2453 3436 2752 3491 doctorum
2804 3437 3030 3507 placitis
3081 3455 3440 3510 repugnans.
3481 3461 3503 3488 ι
3552 3439 3658 3509 Ego
3687 3434 3788 3507 qui-

2114 3525 2246 3580 dem
2284 3524 2480 3594 judico
2525 3529 2785 3579 sanctum
2840 3526 3235 3597 Augustinum
3265 3545 3332 3582 ex
3388 3527 3558 3582 sacris
3596 3524 3787 3588 litteris,

2115 3630 2256 3684 quas
2285 3630 2416 3667 cum
2444 3613 2714 3669 scriberet
2751 3615 2962 3668 librum
3011 3615 3272 3687 primum
3317 3617 3615 3693 deLibero
3649 3610 3786 3667 Arbi-

2113 3702 2244 3769 trio,
2272 3718 2478 3773 parum
2530 3719 2588 3756 se
2627 3703 2889 3758 calluisse
2937 3708 3201 3773 testatur,
3255 3710 3459 3776 postea
3505 3701 3788 3774 oppositam

2115 3791 2458 3845 sententiam
2488 3791 2810 3848 tradidisse.
2846 3794 3204 3864 Hanclegem
3232 3794 3490 3849 Hebraeis
3519 3795 3658 3847 Deus
3679 3791 3788 3844 Exo-

2114 3879 2172 3934 di
2199 3897 2309 3934 xxu
2335 3880 2527 3935 dedit:
2570 3872 2633 3937 Si
2651 3882 2944 3950 effr-ingens
2968 3884 3066 3950 fu-r
3095 3883 3319 3938 domum
3363 3887 3477 3938 sive
3529 3879 3789 3950 suﬁodiens

2111 3971 2282 4036 fuerit
2311 3971 2582 4032 inventus,
2625 3976 2676 4025 et
2703 3976 2916 4040 accepto
2951 3973 3171 4027 vulnere
3199 3978 3450 4029 mortuus
3487 3973 3664 4038 fuerit.
3692 3981 3790 4038 per-

2113 4072 2298 4112 cussor
2325 4074 2430 4112 non
2477 4060 2580 4112 erit
2627 4075 2751 4114 rcus
2779 4063 3103 4128 sanguinis;
3155 4062 3307 4129 quod
3332 4064 3383 4117 si
3425 4065 3542 4116 orto
3592 4058 3688 4114 sole
3712 4057 3788 4110 hoc

2110 4147 2318 4213 fecerit,
2367 4147 2718 4202 homicidium
2771 4152 3129 4218 perpetravit,
3161 4155 3216 4204 et
3267 4153 3387 4220 ipse
3433 4151 3696 4205 morietur.
3727 4143 3788 4197 Ex

2113 4234 2322 4304 quibus
2347 4239 2544 4304 aperte
2583 4235 2887 4291 deducitur
2925 4253 3042 4292 non
3093 4253 3217 4292 esse
3249 4244 3452 4293 contra
3493 4239 3669 4308 legem
3707 4229 3790 4287 Dei

302 4314 533 4380 debent,
562 4331 629 4368 eo
656 4295 900 4369 animiin
927 4319 1268 4385 argumento
1297 4314 1467 4369 Stoici
1515 4331 1579 4369 ac
1615 4321 1834 4370 veteres
1878 4317 2000 4386 ple-
2040 4336 2083 4390 D
2113 4323 2367 4377 occidere
2392 4323 2738 4392 invasorem,
2763 4341 2896 4380 cum
2912 4327 3019 4380 hoc
3050 4328 3200 4381 Deus
3224 4327 3349 4398 ipse
3375 4323 3711 4398 permiserit,
3736 4335 3786 4372 ac

302 4403 468 4474 rique
490 4405 585 4458 alii
613 4404 946 4475 philosophi
972 4420 1197 4458 summa
1220 4419 1350 4458 cum
1395 4404 1562 4458 laude
1598 4405 1807 4459 versati
1838 4411 2005 4460 sunt:

305 4492 588 4563 siquidem
618 4509 732 4562 quo
763 4493 983 4547 celebre
1013 4491 1158 4546 illud
1187 4491 1434 4562 apathiae
1462 4491 1674 4562 dogma
1702 4494 2008 4563 persuade-

302 4584 454 4646 rent,
487 4596 550 4634 ac
580 4596 751 4634 omne
780 4581 998 4635 bonum
1027 4579 1277 4634 hominis
1307 4579 1369 4633 in
1400 4579 1609 4634 mentis
1663 4597 1790 4635 arce
1837 4583 2007 4636 collo-

307 4672 528 4736 carent,
558 4668 703 4723 nihil
735 4674 891 4724 extra
918 4669 1190 4724 virtutem
1223 4668 1284 4723 in
1326 4669 1492 4724 bonis
1520 4670 1851 4725 habendum
1882 4687 2004 4727 esse

303 4759 567 4830 pluribus
595 4758 950 4828 argumentis
973 4758 1419 4814 contendebant.
1470 4760 1583 4814 Hoc
1611 4759 1826 4814 Seneca
1870 4777 2006 4831 pro-

301 4847 459 4903 bavit
520 4848 811 4902 luculento
881 4863 1074 4918 opere,
1135 4847 1288 4918 quod
1328 4847 1433 4901 hoc
1489 4848 1656 4902 titulo
1717 4849 2003 4903 exaravit:

307 4936 459 5003 Quod
495 4938 555 4991 in
583 4939 877 5006 sapientem
898 4938 1078 4991 virum
1106 4952 1213 4991 non
1242 4937 1391 4991 cadit
1415 4938 1644 5006 injuria.
1681 4939 1796 4992 Hoc
1839 4936 2004 4992 Philo

305 5027 552 5081 intendit
608 5042 710 5080 suo
775 5025 874 5079 illo
932 5027 1206 5096 opusculo
1257 5025 1566 5096 inscripto:
1626 5027 1780 5096 Quod
1833 5030 2009 5082 omnis

301 5115 504 5184 probus
537 5116 688 5170 liber.
713 5115 873 5169 Idem
906 5115 1146 5169 astruxit
1172 5115 1495 5169 Lactantius
1523 5115 1582 5168 in
1620 5116 1787 5170 tertio
1833 5117 2005 5170 Insti-

305 5202 618 5270 tutionum,
652 5203 751 5257 sed
790 5204 1009 5258 caeteris
1043 5203 1304 5258 Patribus
1325 5203 1588 5257 subtilius
1617 5209 1788 5276 atque
1831 5222 2008 5260 orna-

307 5291 422 5345 tius
450 5293 695 5346 Joannes
725 5293 1161 5365 Chrysostomus
1190 5292 1248 5346 in
1280 5291 1540 5347 oratione
1570 5293 1663 5348 cui
1688 5295 1842 5348 hunc
1871 5295 2008 5348 titu-

307 5379 428 5434 lum
460 5380 650 5434 dedit:
685 5383 845 5437 Nemo
890 5383 1109 5438 lzditur
1159 5383 1272 5436 nisi
1319 5397 1354 5436 a
1408 5384 1601 5451 seipse.
1663 5383 1845 5447 Quam
1875 5399 2007 5439 sen-

304 5467 544 5522 tentiam
596 5469 692 5522 alii
741 5470 961 5525 diffusis
1008 5469 1437 5526 commentariis
1496 5475 1692 5541 postea
1747 5471 2007 5546 illustra-

306 5560 462 5612 runt.
495 5557 692 5628 Itaque
713 5564 907 5614 noster
937 5558 1290 5629 Augustinus
1317 5559 1378 5615 in
1406 5575 1473 5614 eo
1505 5559 1695 5630 primo
1741 5561 1891 5616 libro
1937 5561 2007 5616 de

2111 4411 2409 4466 hominem
2439 4411 2790 4468 occidentem
2821 4415 3116 4486 negaverit
3141 4431 3310 4469 reum
3340 4432 3463 4470 esse
3502 4407 3788 4469 homicidii.

2111 4501 2184 4555 At
2212 4506 2438 4554 sanctus
2461 4502 2677 4570 doctor,
2705 4507 2844 4557 tom.
2881 4505 2973 4570 IV,
3004 4521 3060 4576 q.
3098 4506 3168 4559 84
3191 4503 3253 4558 in
3277 4505 3554 4565 Exodum,
3577 4495 3790 4570 dispari-

2111 4592 2290 4642 tatem
2317 4588 2570 4661 assignat
2596 4607 2698 4644 cur
2717 4595 3034 4646 nocturnus
3060 4592 3153 4646 fur
3179 4593 3324 4647 citra
3338 4589 3702 4647 homicidium
3723 4585 3790 4638 in-

2111 4676 2294 4731 terﬁci
2318 4679 2520 4748 possit,
2547 4695 2664 4734 non
2679 4697 2810 4734 vero
2827 4681 3090 4749 diurnus,
3113 4681 3191 4736 ita
3207 4681 3485 4753 inquiens
3511 4684 3525 4751 (
3536 4679 3652 4736 Vid.
3665 4674 3793 4746 Epist

2111 4765 2181 4820 ad
2213 4766 2570 4837 Macedon):
2605 4787 2631 4820 (ς
2665 4769 3015 4841 lntelligitur
3059 4787 3193 4842 ergo
3222 4775 3364 4825 tunc
3399 4786 3514 4824 non
3538 4765 3790 4840 pertinere

2114 4856 2181 4909 ad
2215 4855 2590 4911 homicidium
2621 4857 2667 4911 si
2697 4857 2793 4912 fur
2825 4865 3142 4916 nocturnus
3199 4859 3499 4922 occiditur,
3531 4857 3578 4910 si
3624 4859 3790 4908 autem

2113 4943 2372 5010 diurnus,
2405 4945 2715 5014 pertinere,
2744 4951 2850 5002 etc.
2884 4947 3114 5018 Poterat
3139 4946 3359 5018 quippe
3385 4943 3626 5000 discerni
3663 4935 3791 5011 quod

2116 5031 2184 5084 ad
2213 5031 2542 5100 furandum,
2585 5049 2702 5088 non
2757 5035 2831 5088 ad
2879 5015 3256 5088 occidendum
3297 5033 3566 5097 venisset,
3599 5034 3650 5083 et
3682 5026 3789 5080 ideo

2115 5136 2230 5174 non
2257 5120 2490 5176 deberet
2513 5123 2710 5178 occidi.
2751 5124 2860 5176 Hoc
2899 5123 3042 5177 etin
3090 5123 3316 5194 legibus
3366 5119 3612 5191 antiquis
3641 5128 3791 5169 $1200-

2115 5209 2328 5262 laribus
2359 5209 2440 5277 (if.
2475 5210 2544 5264 ad
2573 5211 2686 5282 leg.
2721 5211 2930 5281 Aquil.,
2971 5212 3082 5282 leg.
3114 5211 3191 5282 4),
3225 5211 3438 5282 quibus
3487 5215 3669 5263 tamen
3700 5201 3792 5256 ista

2115 5303 2200 5352 est
2246 5297 2553 5368 antiquior,
2611 5299 2923 5366 invenitur,
2979 5316 3185 5371 nempe
3237 5299 3423 5353 occidi
3470 5301 3787 5351 nocturnum

2111 5386 2298 5443 furem
2325 5389 2756 5460 quoquomodo,
2787 5388 3059 5443 diurnum
3090 5393 3302 5454 autem,
3347 5387 3397 5441 si
3429 5403 3487 5440 se
3525 5399 3650 5440 cum
3692 5379 3789 5434 telo

2115 5475 2455 5543 defenderit,
2489 5476 2612 5548 jam
2653 5477 2809 5532 enim
2839 5476 2969 5549 plus
3007 5481 3093 5532 est
3121 5491 3296 5549 quam
3340 5474 3454 5529 fur.
3485 5493 3513 5524 ν
3555 5470 3724 5542 Igitur
3749 5463 3788 5516 si

2114 5563 2177 5618 in
2207 5562 2380 5620 dubio
2409 5580 2484 5621 an
2511 5564 2606 5621 fur
2649 5581 2744 5622 me
2779 5566 2918 5622 velit
2955 5565 3234 5634 occidere,
3268 5578 3500 5636 possum
3537 5560 3692 5632 juxta
3717 5554 3785 5608 le-
