3894 6184
151 320 231 372 741
1378 303 1708 362 VlNDICUE
1746 303 2305 360 AUGUSTINTANZE.

3493 313 3600 369 742

146 446 249 502 gem
271 425 497 481 divinam
530 440 595 478 ex
635 425 955 496 Augustino
984 425 1121 480 citra
1146 429 1442 497 peccatum
1486 423 1785 478 homicidii
1821 429 1865 482 A
1898 427 2163 491 Thomas,
2220 428 2341 493 2-2,
2392 440 2448 496 q.
2488 426 2610 489 123,
2643 428 2745 480 art.
2784 428 2838 495 6,
2863 426 3015 480 unde
3048 428 3127 481 ait
3173 436 3400 486 sanctus
3440 437 3602 490 Pater

149 522 278 574 illum
306 515 564 581 occidere,
600 515 807 585 potiori
828 516 959 586 jure
991 515 1259 569 eumdem
1292 515 1445 568 licite
1472 518 1673 584 potero
1706 511 1794 566 in-

151 608 354 663 terlicere
392 604 434 656 si
461 609 670 657 certam
697 604 840 657 mihi
872 611 1113 659 mortem
1152 604 1347 657 stricto
1378 618 1653 656 mucrone
1702 601 1795 655 in-

156 700 302 751 tentet.
350 694 535 763 Neque
566 692 721 746 enim
751 694 834 747 fas
878 698 964 747 est
1010 693 1197 747 dicere
1244 694 1423 746 Deum
1471 690 1797 761 permisisse

150 790 409 856 peccatum,
465 786 527 833 ut
572 781 747 834 veluti
802 782 917 835 lata
964 783 1089 851 lege
1130 797 1244 834 non
1290 780 1668 850 improbasse:
1716 782 1797 831 et-

150 874 268 928 enim
306 872 425 923 licet
455 869 545 922 lex
589 869 687 922 illa
716 869 846 923 data
890 875 1035 924 esset
1065 870 1136 923 ad
1184 868 1524 922 firmandam
1573 866 1798 920 civilem

146 959 500 1028 rempublicam
534 957 924 1026 Hebraeorum,
975 958 1158 1029 patuit
1186 962 1380 1012 tamen
1410 958 1663 1011 divinam
1691 972 1797 1009 vo-

146 1050 372 1102 luntatem
446 1045 774 1114 permisisse
852 1045 1253 1114 homicidium,
1310 1044 1393 1098 uti
1483 1043 1798 1114 permisere

146 1133 374 1190 mundani
418 1134 787 1204 lcgislatores,
839 1138 894 1188 et
949 1133 1115 1188 sicuti
1156 1134 1419 1187 occidens
1477 1134 1799 1187 invasorem

145 1238 233 1275 non
277 1221 384 1291 agit
435 1226 633 1273 contra
686 1221 1042 1276 voluntatem
1092 1222 1428 1292 legislatoris
1474 1221 1676 1289 civilis,
1722 1221 1799 1274 ita

144 1326 291 1381 neque
330 1315 519 1363 contra
549 1309 894 1380 legislatoris
946 1311 1044 1364 Dei
1092 1312 1443 1364 voluntatem
1496 1327 1663 1380 agere
1712 1309 1798 1363 di-

142 1400 313 1453 cendus
342 1405 440 1452 est.
477 1400 601 1452 Non
645 1405 730 1452 est
760 1405 948 1454 tamen
980 1416 1205 1453 necesse
1238 1405 1299 1452 ut
1332 1399 1587 1453 dicamus
1635 1415 1796 1452 sanc-

142 1494 238 1542 tum
266 1488 543 1541 doctorem
592 1488 849 1558 priorem
895 1489 1234 1542 sententiam
1264 1494 1617 1554 retractasse,
1667 1503 1798 1540 cum

142 1576 386 1646 praecipue
428 1577 499 1629 ab
544 1576 754 1647 scripto
802 1578 947 1630 libro
993 1578 1179 1647 primo
1220 1578 1288 1630 de
1323 1576 1522 1630 Libero
1550 1576 1797 1629 Arbitrio

141 1673 241 1737 post
265 1666 489 1737 triginta
520 1672 575 1719 et
603 1667 851 1736 amplius
887 1683 1069 1721 annos
1096 1667 1269 1720 libros
1308 1667 1798 1721 Retractationnm

142 1755 350 1808 scribens
385 1756 545 1808 illam
596 1756 849 1825 priorem
888 1758 1229 1810 sententiam
1274 1773 1393 1810 non
1441 1773 1797 1827 expungens,
1836 1736 1876 1789 Β

141 1846 313 1898 iterum
360 1846 705 1915 approbasse
752 1846 1067 1899 censendus
1099 1846 1190 1900 sit.
1244 1847 1440 1916 itaque
1490 1851 1799 1915 utrumque

142 1933 317 1986 dictum
366 1939 447 1986 est
492 1934 956 2004 componendum
1002 1951 1068 1987 ex
1109 1935 1363 2003 ejusdem
1412 1934 1592 1988 sancti
1620 1934 1802 1987 Patris

140 2022 271 2075 etfato
324 2023 415 2077 lib.
470 2040 489 2075 ι
532 2022 600 2076 de
651 2023 768 2076 Lib.
820 2022 981 2089 Arb,
1022 2040 1069 2076 c.
1125 2026 1177 2089 5,
1228 2022 1328 2077 ubi
1376 2023 1482 2076 ait:
1538 2044 1560 2071 ι
1614 2024 1803 2077 Potest

138 2128 245 2181 ergo
269 2112 344 2164 illi
372 2111 512 2181 legi,
543 2128 670 2181 qua:
700 2112 1047 2165 tuendorum
1078 2111 1287 2165 civium
1318 2128 1488 2165 causa
1516 2111 1630 2165 vim
1667 2111 1801 2165 hos-

141 2202 267 2253 tilem
286 2201 479 2254 eadem
510 2201 564 2253 vi
592 2200 795 2269 repelli
815 2200 979 2269 jubet
1003 2200 1124 2254 sine
1158 2200 1395 2254 libidine
1438 2200 1801 2270 obtempera-

139 2289 193 2340 ri.
214 2308 237 2339 »
258 2290 626 2358 Augustinus,
669 2294 730 2342 nt
757 2289 935 2342 hostis
978 2289 1184 2342 occisio
1229 2289 1301 2342 sit
1330 2289 1504 2357 licita,
1537 2289 1646 2342 hoc
1674 2293 1801 2341 tan-

140 2382 236 2429 tum
264 2380 368 2430 vult
398 2382 462 2431 ut
492 2379 643 2431 actio
700 2377 992 2431 occidendi
1044 2378 1114 2431 ab
1146 2378 1241 2431 illa
1270 2378 1442 2432 noxia
1495 2377 1801 2447 cupiditate

143 2473 467 2535 sequeretur;
505 2482 701 2537 quare,
734 2466 781 2519 si
812 2468 939 2537 quis
979 2484 1037 2521 se
1075 2467 1386 2521 defendens
1430 2466 1487 2520 id
1517 2470 1649 2535 agat
1688 2482 1803 2519 non

142 2558 292 2606 motus
321 2554 413 2606 illa
443 2554 761 2623 cupiditate
805 2570 921 2623 qua
973 2554 1046 2607 ad
1078 2554 1167 2607 sui
1199 2553 1588 2607 defensionem
1637 2555 1805 2607 bruta

140 2642 273 2695 etiam
291 2643 688 2712 impelluntur,
712 2642 809 2696 sed
830 2647 1032 2713 pacato
1055 2642 1292 2696 rationis
1306 2641 1571 2712 imperio,
1595 2658 1803 2712 nempe

138 2730 194 2782 ob
211 2730 405 2784 bonum
436 2731 791 2801 reipublicae,
830 2731 911 2784 vel
962 2731 1220 2796 familias,
1255 2732 1341 2783 vel
1393 2735 1454 2783 ut
1498 2730 1800 2796 moriatur,

137 2834 237 2871 cum
264 2820 459 2889 majori
504 2820 903 2889 probabilitate
938 2820 1158 2885 salutis,
1196 2836 1325 2889 qua:
1368 2818 1612 2873 maxime
1642 2818 1803 2873 Chri-

137 2908 342 2962 stianum
387 2909 773 2963 consideratio
805 2909 986 2978 decet,
1038 2908 1125 2962 vel
1157 2923 1497 2979 quocunque
1554 2908 1666 2961 alio
1717 2907 1805 2961 di-

137 2997 417 3065 gnioritine
459 2999 663 3068 procul
693 2998 763 3050 ab
790 2998 887 3050 illo
928 2996 1252 3067 cupiditatis
1299 2996 1645 3049 irrationalis
1690 2995 1798 3049 im-
1831 3036 1869 3090 Ο

134 3086 288 3154 pulsu,
318 3102 624 3157 aggressus
653 3087 792 3139 citra
821 3087 1048 3156 culpam
1078 3090 1268 3156 potest
1297 3084 1448 3138 licite
1477 3084 1800 3137 invasorem

135 3174 369 3229 occidere.
442 3176 589 3240 Quae
642 3174 876 3245 quidem
924 3174 1326 3243 consideratio,
1391 3174 1525 3228 licet
1573 3174 1687 3226 illis
1740 3174 1801 3227 in

137 3265 378 3332 angustiis
423 3280 551 3318 non
582 3263 659 3317 ita
700 3263 758 3316 in
811 3269 1085 3334 promptu
1129 3281 1250 3317 esse
1289 3264 1568 3329 videatur,
1602 3263 1800 3317 eadem

134 3352 502 3419 probabilitate
527 3353 852 3406 defenditur
882 3368 993 3423 qua
1012 3357 1238 3405 sanctus
1258 3353 1501 3405 Thomas
1532 3350 1803 3404 intentio-

137 3455 242 3493 nem
270 3442 565 3496 occidendi
604 3441 784 3495 hostis
832 3442 919 3495 vel
968 3446 1031 3495 ut
1080 3442 1258 3495 finem
1306 3441 1393 3494 vel
1440 3444 1505 3494 ut
1546 3439 1803 3493 medium

136 3528 359 3584 distinxit
382 3532 454 3585 ad
482 3532 597 3585 hoc
642 3537 703 3584 ut
751 3531 878 3601 quis
907 3536 1097 3601 posset
1154 3530 1305 3583 licite
1348 3530 1675 3583 invasorem
1712 3528 1803 3582 in-

136 3618 389 3686 terimere,
414 3626 479 3673 nt
512 3636 618 3689 per
650 3636 708 3673 se
735 3619 1115 3673 consideranti
1143 3618 1378 3689 patebit.

191 3708 269 3761 Est
296 3710 435 3763 alius
464 3709 644 3763 etiam
685 3709 904 3762 facilior
953 3708 1157 3765 modus
1209 3706 1647 3779 Augustinianae
1677 3722 1803 3760 sen-

134 3800 292 3851 tentiae
320 3799 696 3869 exponendas,
732 3799 779 3851 si
834 3797 1088 3853 dicamus
1124 3796 1532 3868 Augustinum,
1573 3796 1803 3867 quando

64 3868 74 3884 ’
134 3887 442 3944 occisionem
500 3889 855 3959 aggressoris
907 3895 1203 3959 peccatum
1251 3887 1575 3958 appellavit,
1643 3887 1807 3940 intel-

136 3972 302 4031 lexisse
331 3979 615 4032 moralem
668 3978 954 4031 defectum
986 3977 1226 4031 actionis
1287 3977 1348 4030 in
1402 3992 1575 4047 quem
1609 3976 1809 4030 incidit

134 4064 227 4133 qui,
259 4068 449 4122 relicto
508 4073 639 4121 actu
698 4069 865 4138 longe
921 4066 1267 4138 perfectiori,
1322 4065 1807 4136 imperfectiorem

134 4152 281 4223 eligit,
309 4157 458 4211 unde
492 4173 563 4210 ex
598 4156 932 4227 insipientia
988 4156 1214 4227 operari
1246 4155 1468 4209 dicitur.
1517 4157 1588 4208 At
1616 4154 1715 4225 qui
1748 4171 1807 4209 se

133 4246 376 4310 permittit
429 4245 635 4311 occidi,
670 4262 775 4299 nec
813 4249 994 4311 curat,
1028 4261 1157 4298 cum
1199 4244 1399 4313 possit,
1448 4260 1586 4297 nece
1630 4243 1807 4297 hostis

1904 516 1997 569 cit.
2033 532 2153 586 cap.
2186 518 2280 569 l3:
2319 534 2346 565 α
2378 514 2523 577 Quid
2553 514 2873 569 fortitudo?
2902 516 3099 570 Nonne
3131 524 3215 572 est
3262 520 3359 574 illa
3390 523 3598 578 animae
3688 532 3697 543 ’

1904 604 2125 658 affectio
2154 620 2268 674 qua
2294 603 2490 657 omnia
2528 603 2888 658 incommoda
2908 610 2963 657 et
2993 605 3204 660 damna
3236 624 3430 664 rerum
3480 628 3598 667 non

1904 692 1961 745 in
2004 697 2195 745 nostra
2251 696 2528 762 potestate
2573 694 3009 747 constitutarum
3058 699 3523 754 contemnimus?
3573 722 3602 755 ι)

1904 782 2143 852 Insuper
2171 786 2387 835 certum
2418 786 2504 834 est
2533 782 2857 835 excellentis
2890 783 3183 837 charitatis
3214 792 3404 842 actum
3437 788 3601 844 illum

1904 869 2161 923 futurum
2193 887 2305 940 quo
2339 870 2468 940 quis
2525 876 2772 923 mortem
2824 870 3007 925 libens
3052 881 3351 943 oppeteret
3404 878 3595 947 potius

1904 975 2078 1029 quam
2108 959 2421 1012 irruentem
2452 959 2686 1027 hostem
2728 959 3063 1013 interimens
3113 964 3369 1032 ejusdem
3400 982 3601 1037 perpe-

1904 1053 2018 1102 tuae
2051 1048 2438 1103 damnationis
2467 1064 2696 1101 causam
2726 1064 2866 1115 esse,
2899 1054 2963 1102 ut
2990 1050 3196 1105 docent
3217 1055 3470 1123 Aragon,
3505 1055 3604 1109 Sa-

1904 1137 2022 1203 lon,
2055 1138 2374 1207 Cajetanns,
2405 1137 2616 1208 aliique
2670 1136 2741 1190 ad
2782 1154 2833 1207 q.
2867 1138 2934 1191 64
2961 1138 3069 1208 icit.
3122 1142 3301 1194 sancti
3348 1144 3600 1200 Thomas.

1904 1228 2099 1280 Potest
2126 1227 2247 1281 haec
2293 1226 2596 1296 explicatio
2628 1226 2819 1297 colligi
2847 1242 2915 1279 ex
2964 1226 3032 1279 iis
3062 1243 3189 1297 quae
3236 1230 3391 1284 idem
3422 1232 3481 1286 in
3540 1250 3605 1287 eo

1904 1315 2047 1368 libro
2102 1316 2288 1386 primo
2342 1316 2410 1370 de
2465 1315 2663 1369 Libero
2714 1315 2962 1369 Arbitrio
3010 1317 3222 1372 scribit.
3284 1320 3424 1374 Nam
3477 1339 3608 1377 cum

1904 1404 2138 1457 dixisset
2167 1404 2509 1457 occisionem
2559 1404 2838 1457 invasoris
2885 1406 3041 1458 nulla
3078 1406 3203 1475 lege
3234 1407 3383 1461 civili
3412 1410 3602 1479 plecti,

1905 1494 1984 1546 ait
2012 1510 2135 1563 cap.
2169 1497 2198 1546 5
2226 1510 2238 1547 :
2300 1514 2327 1541 ‹‹
2360 1494 2476 1546 Illae
2511 1509 2643 1546 vero
2672 1493 2851 1562 culpae
2890 1493 3026 1547 alias
3069 1510 3267 1563 premas
3314 1503 3472 1567 aptas
3503 1498 3608 1553 ha-

1904 1582 2060 1647 bent,
2092 1598 2125 1634 a
2167 1581 2376 1652 quibus
2406 1583 2525 1635 sola
2571 1582 2714 1634 mihi
2752 1580 2976 1635 videtur
3008 1599 3170 1652 posse
3225 1585 3464 1640 liberare
3521 1604 3608 1641 sa-

1904 1672 2139 1740 pientia.
2176 1688 2202 1720 »
2248 1673 2319 1724 At
2348 1686 2467 1723 non
2498 1669 2612 1739 agit
2636 1669 2797 1738 juxta
2826 1670 3051 1738 regulas
3082 1672 3376 1741 sapientiae
3406 1676 3505 1745 qui
3536 1678 3609 1731 ob

1908 1759 2199 1813 vilissimae
2253 1758 2339 1810 rei
2382 1774 2510 1827 qua:
2544 1758 2617 1810 sit
2646 1757 2704 1809 in
2737 1758 2966 1811 homine
2998 1763 3485 1817 conservationem
3518 1765 3609 1819 in-

1908 1847 2063 1917 genti
2090 1864 2147 1900 se
2180 1846 2346 1900 laude
2378 1846 2581 1916 privat,
2613 1845 2766 1899 unde
2796 1847 3109 1901 secundum
3140 1851 3367 1905 easdem
3391 1854 3612 1924 sapien-

1908 1936 2003 1989 tia:
2042 1935 2267 2005 regulas
2318 1934 2637 1987 defectnose
2694 1933 2831 2004 agit,
2885 1935 3038 2004 quod
3090 1941 3174 1989 est
3218 1954 3470 2008 peccare.
3500 1942 3610 1997 Sed

1908 2026 2035 2095 plus
2089 2022 2308 2093 aliquid
2364 2021 2507 2075 velle
2565 2023 2745 2075 fateor
2800 2028 3058 2077 sanctum
3110 2025 3423 2096 doctorem,
3473 2047 3608 2085 nam

1909 2130 2031 2183 cap.
2056 2113 2153 2166 illo
2188 2115 2216 2165 5
2249 2111 2363 2165 ait:
2402 2131 2427 2158 α
2454 2110 2752 2174 Quomodo
2783 2111 2937 2163 enim
2957 2113 3106 2181 apud
3136 2130 3259 2167 eam
3284 2116 3609 2187 (providen-

1908 2202 2047 2255 tiam
2084 2198 2364 2269 divinam)
2396 2204 2529 2251 sunt
2558 2198 2651 2253 isti
2680 2204 2911 2266 peccato
2944 2199 3127 2266 liberi,
3160 2203 3258 2273 qui
3284 2221 3386 2273 pro
3418 2206 3486 2259 iis
3517 2223 3613 2261 re-

1908 2292 2015 2344 bus
2044 2306 2185 2361 qnas
2216 2288 2504 2341 contemni
2526 2292 2754 2357 oportet
2772 2287 3027 2342 humana
3054 2291 3207 2344 caede
3224 2294 3430 2362 polluti
3450 2298 3611 2352 sunt?

1909 2379 2142 2433 Videtur
2173 2392 2310 2447 ergo
2334 2376 2477 2429 mihi
2508 2380 2563 2429 et
2592 2375 2780 2446 legem
2807 2376 2999 2447 istam,
3024 2394 3153 2448 quae
3182 2383 3397 2452 populo
3419 2400 3613 2455 regen-

1910 2468 1982 2522 do
2040 2466 2329 2526 scribitur.
2371 2470 2521 2518 recte
2560 2464 2669 2518 ista
2717 2465 3073 2536 permittere,
3133 2473 3188 2521 et
3225 2486 3331 2538 per
3358 2472 3612 2528 divinam

1908 2554 2327 2625 providentiam
2378 2552 2670 2606 vindicari.
2705 2571 2734 2603 ››
2785 2552 2921 2616 Quae
2954 2570 3090 2607 sane
3123 2557 3292 2610 verba
3334 2558 3611 2615 invasoris

1910 2644 2220 2697 occisorem
2246 2643 2380 2712 plus
2409 2657 2581 2712 quam
2614 2641 2749 2694 dicti
2778 2642 3028 2695 defectus
3054 2645 3284 2697 moralis
3313 2647 3453 2700 citra
3490 2666 3615 2719 pec-

1910 2731 2100 2780 catum
2131 2724 2191 2778 in
2245 2723 2535 2793 operando
2567 2739 2730 2776 reum
2769 2724 3137 2779 constituunt.
3173 2728 3352 2796 Igitur
3381 2738 3611 2786 senten-

1910 2814 1988 2868 tia
2014 2812 2192 2867 sancti
2224 2810 2470 2865 doctoris
2495 2827 2558 2863 ex
2582 2810 2892 2864 subtilioris
2907 2813 3284 2884 philosophiae.
3314 2818 3612 2891 principiis

1909 2903 2150 2957 deducta
2187 2899 2542 2971 generosiori
2576 2900 2778 2970 suique
2836 2902 3184 2957 aestimatore
3218 2906 3411 2960 animo
3437 2909 3611 2979 digna

1910 3008 2027 3046 non
2053 2990 2164 3044 nisi
2185 2990 2394 3059 injuste
2413 2988 2754 3059 reprehendi
2780 2994 2987 3058 potest,
3020 3008 3150 3045 cum
3171 2993 3327 3047 illam
3353 2997 3612 3052 Hebraeo-

1910 3096 2059 3142 rum,
2121 3080 2449 3133 Graecorum
2506 3094 2570 3130 ac
2627 3077 2962 3131 Latinorum
3022 3081 3426 3150 sapientissimi
3480 3093 3613 3142 ante

1910 3169 2295 3240 Augustinum
2345 3165 2725 3228 defenderint,
2766 3167 2865 3237 qui
2895 3168 3068 3221 vitam
3101 3171 3252 3225 inter
3276 3178 3614 3246 contempti-

1908 3259 2049 3312 bilia
2075 3259 2227 3312 bona
2266 3256 2537 3325 rejecere,
2570 3255 2721 3309 unde
2749 3256 2929 3309 nostri
2976 3258 3155 3312 Patris
3186 3270 3466 3319 assertum
3517 3265 3611 3321 de-

1911 3348 2056 3401 rivat
2088 3351 2147 3399 ut
2177 3362 2240 3399 ex
2273 3345 2398 3414 ipso
2429 3344 2747 3397 luculenter
2774 3344 3152 3401 ostendimus.

1985 3437 2113 3490 Haec
2133 3433 2365 3506 quidem
2386 3432 2744 3501 scripseram,
2769 3449 2897 3503 quae
2928 3434 3026 3488 ubi
3048 3437 3195 3507 typis
3230 3440 3381 3496 edita
3414 3445 3610 3500 Romae

1912 3526 1997 3579 vir
2044 3524 2407 3579 doctissimus
2454 3521 2699 3592 legisset,
2734 3521 2894 3590 illico
2940 3540 3030 3577 me
3063 3531 3347 3595 convenit,
3378 3533 3495 3588 fere
3524 3536 3613 3589 in-

1913 3613 2181 3683 dignatus
2238 3613 2392 3684 quod
2432 3611 2770 3665 sententiam
2824 3613 3161 3684 antiquioris
3214 3620 3475 3676 Ecclesiae
3514 3625 3616 3678 Pa—

1912 3704 2096 3757 tribus
2120 3702 2461 3755 familiarem
2499 3705 2617 3753 tam
2647 3700 2977 3756 meticulose
3010 3704 3392 3765 defenderim.
3432 3712 3615 3769 Simul

1913 3793 2185 3863 pleraque
2205 3794 2435 3845 Patrum
2466 3788 2797 3843 testimonia
2844 3788 3118 3847 indicavit
3165 3813 3278 3867 quo
3310 3816 3399 3853 me
3456 3803 3616 3857 inani

1914 3887 2073 3936 metu
2110 3882 2396 3935 liberaret.
2430 3880 2492 3932 In
2528 3877 2731 3948 primis
2758 3881 3111 3946 Augustinus
3163 3886 3336 3941 etiam
3392 3892 3616 3961 episco-

1914 3986 2022 4040 pus
2052 3970 2113 4023 in
2144 3970 2342 4023 eadem
2365 3967 2647 4022 sententia
2667 3970 2994 4021 constanter
3031 3973 3207 4041 stetit,
3236 3992 3408 4046 quam
3441 3981 3613 4036 etiam

1917 4058 2259 4112 militaribus
2286 4057 2571 4129 praefectis
2595 4056 2914 4125 persuasit:
2972 4060 3282 4131 Publicola,
3339 4068 3423 4122 vir
3450 4068 3608 4124 illus-

1915 4148 2039 4213 tris,
2072 4147 2246 4219 quiin
2270 4146 2617 4216 Arzugitana
2642 4142 2877 4212 regione
2908 4146 3107 4202 limitis
3135 4167 3332 4209 curam
3353 4160 3609 4228 gerebat,

1916 4238 2110 4307 plures
2139 4242 2333 4291 sancto
2372 4236 2590 4291 doctori
2623 4238 2966 4311 qurestiones
3009 4240 3308 4296 solvendas
3360 4262 3466 4315 per
3520 4249 3614 4303 lit-

136 4329 278 4386 vitam
302 4335 613 4401 redimere,
640 4336 1099 4389 excellentiorem
1118 4333 1322 4405 quovis
1341 4332 1656 4387 infortunio
1682 4334 1806 4386 ani-
1842 4334 1883 4387 Ι)
1912 4332 2061 4381 teras
2091 4327 2263 4394 misit,
2300 4344 2546 4397 quarum
2586 4330 2925 4385 duodecima
2980 4330 3043 4383 in
3080 4331 3204 4385 haec
3241 4334 3411 4405 plane
3442 4340 3615 4394 verba

136 4433 265 4475 mum
297 4422 513 4478 habere
546 4439 603 4477 se
650 4428 952 4489 monstrat,
1008 4423 1163 4476 haud
1202 4421 1262 4475 in
1318 4421 1483 4475 bonis
1534 4424 1808 4491 reputans

136 4509 297 4578 vitam,
324 4530 504 4584 quam
536 4513 797 4567 amittere
828 4517 1060 4582 paratus
1104 4515 1206 4577 est,
1237 4514 1293 4565 et
1320 4527 1438 4563 non
1466 4510 1675 4563 habere
1712 4525 1809 4580 pa-

136 4600 314 4667 ratior;
348 4602 506 4656 unde
529 4619 753 4656 summa
779 4602 949 4655 laude
979 4599 1468 4655 commendandus
1494 4598 1667 4664 venit,
1692 4613 1806 4668 quo

133 4694 269 4753 pacto
301 4692 693 4757 Anaxarchus,
729 4691 932 4760 Stilpo,
966 4691 1178 4761 aliique
1207 4695 1463 4743 veterum
1516 4687 1809 4758 praeconia

135 4773 464 4833 demeruere.
511 4781 685 4834 Secns
740 4796 874 4833 vero
928 4796 1101 4847 agens
1147 4779 1305 4833 exilis
1358 4777 1537 4831 animi
1587 4792 1646 4830 se
1690 4792 1808 4830 esse

133 4870 369 4935 ostendit,
416 4875 486 4923 ut
526 4885 699 4939 quem
728 4869 984 4922 vilissimi
1037 4868 1177 4921 boni
1224 4868 1503 4938 possessio
1546 4866 1805 4936 impleat,

132 4967 183 5004 ac
224 4959 359 5011 tanti
410 4959 591 5012 vitam
628 4959 795 5012 faciat
826 4962 887 5012 ut
931 4958 1197 5011 omnibus
1244 4957 1458 5010 viribus
1509 4972 1614 5027 pro
1655 4954 1809 5009 illius

130 5046 534 5100 conservatione
600 5046 709 5100 sibi
751 5047 1137 5100 dimicandum
1178 5049 1358 5117 putet.
1413 5045 1597 5109 Quare
1658 5043 1803 5114 apud

129 5145 295 5187 veram
326 5136 669 5206 sapientiam
702 5138 872 5190 stulte
900 5136 993 5189 hic
1024 5136 1306 5205 posterior
1335 5150 1503 5204 agere
1524 5132 1807 5203 judicabi-

128 5222 219 5286 tur,
248 5223 491 5295 vilisque
527 5226 701 5279 animi
730 5242 926 5296 pcenas
979 5226 1119 5289 luet,
1180 5223 1403 5294 ingenti
1436 5224 1531 5275 illo
1573 5221 1809 5275 laudum

128 5312 333 5366 cumulo
364 5314 641 5384 privatus,
672 5331 800 5385 quae
826 5314 969 5383 j_vitae
1008 5313 1262 5384 corporis
1290 5310 1670 5381 contemptori
1703 5310 1805 5363 de-

123 5395 323 5456 bentur.
377 5404 609 5458 Accedit
650 5404 1045 5458 fortitudinem
1090 5402 1372 5472 majorem
1421 5398 1576 5454 exeri
1636 5397 1706 5452 ab
1737 5414 1805 5452 eo

128 5489 209 5555 qui
234 5508 511 5561 generose
543 5494 689 5547 mala
718 5494 950 5563 patitur,
985 5508 1159 5564 quam
1185 5491 1254 5546 ab
1284 5507 1350 5545 eo
1390 5487 1490 5561 qui
1518 5487 1711 5551 infert,
1743 5492 1807 5541 nt

130 5584 238 5644 Post
286 5581 653 5638 Aristotelem
682 5600 760 5654 ⁸ιιι
800 5582 977 5638 Ethic.
1038 5598 1163 5652 cap.
1216 5583 1270 5647 9,
1322 5578 1530 5650 probat
1558 5580 1804 5649 gsanctns

1916 4416 2389 4488 concipiebatur:
2456 4418 2513 4472 Si
2557 4420 2911 4474 Christianus
2960 4419 3150 4474 videat
3192 4438 3251 4475 se
3294 4441 3326 4477 a
3373 4425 3615 4483 barbaro

1915 4508 2003 4561 vel
2042 4508 2301 4561 Romano
2335 4508 2477 4562 velle
2525 4509 2783 4574 interfici,
2829 4510 2997 4563 debet
3043 4526 3138 4564 eos
3184 4511 3305 4583 ipse
3351 4516 3617 4573 Christia-

1916 4612 2025 4650 nus
2056 4596 2395 4671 interficere,
2424 4604 2508 4659 {ne
2530 4599 2600 4652 ab
2631 4598 2744 4651 illis
2780 4598 3174 4654 interﬁciatur.
3228 4602 3330 4657 Cui
3371 4606 3616 4661 difﬁcul-

1915 4686 2017 4739 tati
2044 4686 2123 4739 sic
2154 4685 2459 4755 respondet
2489 4690 2713 4739 sanctus
2743 4687 2937 4741 doctor
2966 4689 3206 4759 epistola
3236 4693 3305 4747 ad
3348 4697 3615 4750 eumdem

1919 4776 2055 4829 154:
2091 4794 2119 4824 α
2153 4776 2230 4828 De
2258 4774 2577 4827 occidendis
2632 4775 2964 4831 hominibus
3023 4794 3094 4832 ne
3126 4780 3197 4833 ab
3247 4781 3315 4834 iis
3371 4783 3613 4853 quisque

1916 4864 2222 4931 occidatur,
2253 4879 2369 4917 non
2406 4862 2549 4917 mihi
2580 4865 2765 4934 placat
2796 4868 3121 4937 consilium,
3180 4869 3290 4922 nisi
3342 4872 3487 4925 forte
3542 4872 3614 4926 sit

1916 4953 2080 5007 miles
2110 4958 2210 5006 aut
2248 4952 2476 5022 publica
2506 4952 2798 5007 functione
2828 4959 3115 5020 teneatur,
3165 4961 3229 5010 ut
3284 4974 3386 5011 nec
3420 4975 3522 5029 pro
3555 4978 3613 5016 se

1915 5042 2020 5096 hoc
2053 5042 2237 5107 faciat,
2284 5042 2381 5095 sed
2411 5058 2513 5112 pro
2542 5041 2669 5095 aliis
2718 5044 2805 5096 vel
2852 5060 2957 5113 pro
3006 5045 3246 5111 civitate,
3308 5046 3401 5099 ubi
3440 5049 3613 5104 etiam

1914 5131 2037 5202 ipse
2085 5136 2184 5195 est,
2223 5136 2449 5200 accepta
2488 5131 2744 5200 legitima
2772 5136 3070 5201 potestate,
3100 5132 3145 5183 si
3185 5134 3307 5202 ejus
3348 5140 3615 5208 congruit

1914 5236 2194 5293 personae.
2254 5241 2277 5269 ι
2313 5222 2467 5273 Hanc
2522 5220 2692 5290 plane
2749 5221 3064 5273 doctrinam
3097 5220 3165 5273 ab
3202 5223 3481 5280 Africanis
3522 5230 3617 5284 Pa-

1914 5311 2097 5365 tribus
2153 5308 2503 5374 Augustinus
2552 5314 2871 5379 acceperat.
2908 5309 3290 5364 Tertullianns
3322 5312 3380 5368 in
3409 5319 3617 5388 Apolo—

1916 5396 2099 5467 getico
2140 5395 2394 5448 dixerat:
2447 5412 2476 5445 α
2522 5394 2685 5464 Apud
2729 5393 2917 5459 istam,
2958 5402 3176 5465 ‘nempe
3236 5398 3614 5460 Christianam

1915 5484 2275 5555 disciplinam
2305 5483 2487 5554 magis
2510 5483 2686 5537 occidi
2710 5483 2839 5535 licet
2867 5498 3042 5554 quam
3069 5486 3351 5544 occidere.
3391 5511 3419 5544 »
3452 5494 3613 5549 Certe

1915 5575 2169 5629 Christus
2199 5578 2482 5629 exarmato
2514 5573 2682 5626 Petro
2713 5587 2947 5627 omnem
2986 5575 3371 5635 Christianum
3421 5582 3617 5638 docuit
