3894 6184
334 244 437 296 ’743

1339 231 1901 291 SUPPLEMENTUM
1942 235 2030 287 AD
2069 230 2302 287 OPEBA
2341 233 2396 287 S.
2441 232 2835 291 AUGUSTINI.
3689 257 3761 309 744

335 379 409 418 ne
443 363 556 418 vim
601 364 656 417 vi
685 363 1004 435 repelleret.
1058 361 1196 416 Cum
1238 357 1583 414 Tertulliano
1628 355 1881 411 concinit
1919 355 2026 427 Cy-
2060 358 2104 414 Α
2143 355 2542 409 comburendae
2570 372 2718 411 unus
2765 361 2821 412 et
2853 357 3098 412 securim
3155 361 3211 412 et
3260 359 3430 417 facem
3473 369 3767 438 Augustinus

329 452 571 523 prianus
602 451 769 522 epist.
820 456 906 516 56,
938 449 1039 505 ubi
1062 450 1301 502 clamat:
1339 466 1366 498 α
1425 446 1691 502 Occidere
1725 463 1837 500 non
1881 445 2028 510 licet,

335 543 431 596 sed
462 541 641 596 occidi
675 557 902 596 necesse
933 545 1052 604 est;
1092 557 1120 590 ι)
1164 544 1221 591 et
1249 537 1306 590 in
1333 536 1595 606 sequenti
1627 535 1792 606 epist.
1841 537 1929 600 57,
1961 534 2031 588 ad

339 631 698 688 Corneliam:
739 651 760 678 ι
809 629 1072 684 Oecidere
1125 626 1524 680 innocentibus
1574 642 1679 678 nec
1733 628 2032 678 nocentem

338 721 524 774 liceat.
562 741 582 767 ι
617 717 846 772 Accedit
873 716 1198 771 Lactantius
1224 716 1322 769 lib.
1356 731 1404 767 vi
1438 712 1612 768 divin.
1650 712 1856 774 lnstit.,
1906 728 2029 781 cap.

335 812 425 875 20,
459 807 556 862 ubi
612 823 741 861 cum
772 806 1042 860 dixisset:
1080 825 1106 857 ι(
1154 807 1232 859 Ea
1274 821 1500 875 quoque
1542 820 1611 855 ne
1648 802 1806 855 tiant.
1843 804 2036 854 mouet

337 913 464 969 quze
495 896 644 966 apud
677 893 937 949 homines
966 911 1072 965 pro
1103 892 1271 946 licitis
1303 893 1581 945 habentur
1607 907 1619 953 ;
1649 911 1676 938 ››
1709 890 1827 944 haec
1854 888 2031 941 addit:

342 1008 364 1034 ι
399 987 595 1056 Itaque
623 983 683 1038 in
714 985 821 1038 hoc
861 983 958 1038 Dei
988 987 1271 1054 praecepto
1313 982 1532 1034 nullum
1565 995 1801 1049 prorsus
1833 993 2034 1047 exper-

337 1079 455 1129 tem
485 1073 608 1128 tieri
630 1078 874 1144 oportet,
912 1073 1052 1144 quin
1090 1071 1343 1125 occidere
1373 1069 1668 1123 hominem
1700 1068 1774 1121 sit
1812 1082 2062 1135 semper-

336 1164 493 1218 nefas
547 1185 573 1213 »
606 1163 730 1218 lmo
761 1163 908 1216 hanc
931 1163 1116 1232 ipsam
1148 1159 1468 1214 doctrinam
1497 1157 1773 1211 didicerat
1811 1159 2035 1226 Augus-

340 1253 496 1308 tinus
526 1269 558 1306 a
614 1251 885 1323 magistro
929 1249 1228 1306 Ambrosio
1272 1246 1699 1312 Medionalensi,
1749 1245 1847 1300 lib.
1879 1263 1936 1298 ιιι
1968 1244 2037 1298 de

342 1342 578 1410 Ofﬁciis,
622 1359 744 1412 cap.
803 1342 859 1406 4,
892 1341 1014 1395 haec
1065 1339 1383 1393 scribente:
1420 1356 1446 1387 α
1469 1338 1682 1390 Tamen
1708 1352 1821 1389 non
1877 1334 2036 1388 vide-

342 1434 438 1484 tur
465 1430 616 1500 quod
672 1429 759 1482 vir
808 1428 1180 1497 Christianus,
1228 1433 1282 1480 et
1305 1427 1513 1498 justus,
1547 1431 1600 1479 et
1632 1425 1856 1495 sapiens
1885 1440 2039 1494 quie-

342 1536 470 1573 rere
552 1518 661 1572 sibi
701 1518 873 1572 vitam
924 1518 1108 1572 aliena
1163 1521 1347 1570 morte
1407 1516 1642 1569 debeat:
1686 1519 1883 1584 utpote
1941 1512 2040 1583 qui

348 1608 572 1662 etiamsi
600 1607 657 1661 in
684 1608 964 1661 latronem
997 1611 1278 1658 armatum
1309 1605 1522 1658 incidat
1565 1604 1860 1657 ferientem
1895 1602 2038 1655 refe-

342 1697 455 1751 rire
483 1713 588 1750 NON
612 1712 813 1760 POSSIT,
847 1712 937 1763 ne,
975 1695 1112 1749 dum
1157 1695 1398 1748 salutem
1431 1693 1700 1759 defendit,
1763 1692 2036 1762 pietatem

342 1784 710 1839 contaminet.
743 1805 768 1835 ››
800 1784 932 1848 Quis
965 1788 1155 1837 autem
1204 1799 1322 1836 non
1360 1782 1547 1836 videat
1592 1786 1872 1852 quantum
1906 1779 2039 1833 huic

344 1871 640 1925 sententiae
667 1870 1019 1925 auctoritatis
1067 1870 1287 1941 pondus
1351 1869 1624 1941 adjiciant
1677 1867 2033 1930 Ambrosius,

343 1960 658 2032 Cyprianus
688 1965 744 2013 et
771 1958 1122 2030 Augustinus
1142 1959 1170 2013 ?
1201 1960 1396 2013 Nonne
1428 1958 1521 2011 illa
1552 1957 2040 2011 sanctissimorum

343 2066 406 2103 ac
441 2048 901 2103 doctissimorum
946 2050 1175 2102 Patrum
1205 2048 1341 2101 trias
1372 2046 1775 2117 praeponderat
1800 2046 2040 2115 integra:

343 2138 616 2192 centuriae
681 2138 1077 2198 casuistarum,
1154 2153 1298 2206 quos
1377 2134 1732 2201 Guimenius,
1796 2134 2035 2201 Pirotus,

343 2227 554 2297 aliique
585 2225 1092 2282 Probabilistarum
1127 2223 1405 2294 primipili
1455 2225 1621 2294 longo
1649 2222 1848 2276 ordine
1897 2221 2040 2275 reci-

344 2321 486 2380 tant,
513 2333 628 2386 quo
657 2314 911 2379 testium,
945 2313 990 2368 si
1023 2330 1137 2366 non
1170 2312 1528 2378 auctoritate,
1567 2313 1767 2364 saltem
1800 2326 2042 2364 numero

344 2421 438 2459 eas
493 2404 791 2474 opiniones
834 2403 1178 2462 sutfulciant,
1216 2419 1358 2474 quas
1390 2401 1472 2456 uti
1520 2400 1914 2472 sanguinarias
1941 2416 2043 2454 an-

344 2493 623 2563 tiquiores
671 2491 927 2546 Ecclesiae
983 2491 1241 2561 magistri
1295 2491 1741 2560 praescripsere?
1788 2489 2043 2544 Profecto

345 2599 508 2636 novae
558 2581 860 2651 theologia:
919 2581 1200 2651 magistri,
1255 2579 1354 2651 qui
1411 2596 1527 2633 non
1577 2579 1697 2632 sine
1730 2579 2044 2650 proborum

345 2671 611 2726 seandalo
663 2671 906 2724 docuere
967 2669 1182 2723 licitum
1218 2686 1337 2723 esse
1379 2668 1634 2722 occidere
1665 2668 2044 2722 detractorem

345 2763 552 2814 nostra:
582 2759 771 2823 famae,
803 2758 1056 2811 immane
1088 2775 1150 2811 ac
1179 2757 1408 2811 crudele
1438 2761 1718 2810 assertum
1765 2756 1898 2810 inde
1946 2756 2044 2810 de-

344 2848 578 2911 ducunt,
615 2847 766 2919 quod
809 2848 993 2900 honor
1020 2846 1202 2916 pluris
1242 2845 1528 2900 faciendus
1569 2849 1654 2899 est
1708 2861 1880 2916 quam
1911 2845 2043 2908 vita,

2144 443 2415 498 admovit.
2451 445 2610 498 Nunc
2641 445 2796 500 enim
2828 446 3143 512 Manichaei,
3193 450 3356 504 modo
3383 455 3561 510 Ariani
3609 467 3768 517 confu-

2143 532 2302 586 tandi
2333 538 2533 600 erant;
2569 550 2722 588 nunc
2760 535 2820 589 in
2871 536 3186 590 Donatistas
3232 540 3584 612 scribendum,
3616 553 3772 605 statim

2145 625 2342 675 contra
2373 623 2706 694 Pelagianos
2758 626 3040 692 eundum;
3102 642 3251 696 saepe
3280 627 3438 683 simul
3483 649 3658 688 omnes
3693 639 3774 694 im-

2143 709 2420 779 probandi
2448 726 2460 764 :
2493 726 2680 781 neque
2711 712 2818 765 hoc
2845 712 3078 783 quidem
3126 716 3411 770 commode
3450 718 3562 773 fieri
3598 729 3778 792 poterat

2146 802 2217 855 ob
2260 801 2590 856 innumeras
2652 807 2774 857 tum
2834 821 2967 858 voce
3021 809 3145 859 tum
3193 822 3292 876 per
3358 808 3556 864 litteras
3607 816 3773 884 petitas

2146 895 2202 944 et
2231 889 2473 944 subinde
2503 891 2661 945 datas
2700 892 3170 947 consultationes.
3201 896 3355 950 Haud
3392 897 3446 951 in
3474 915 3669 955 nonum
3697 921 3775 958 an-

2145 995 2285 1032 num
2315 979 2606 1033 volumina
2634 996 2896 1050 premere
2927 982 3012 1035 illi
3036 982 3217 1049 licuit,
3247 986 3339 1038 sed
3373 986 3616 1058 impolita
3641 997 3776 1062 atque

2146 1067 2480 1138 imperfecta
2534 1069 2793 1124 emittere
2851 1071 3179 1142 cogebatur,
3230 1073 3504 1144 tantisque
3547 1080 3777 1147 temporis

2147 1158 2422 1226 angustiis
2464 1159 2853 1230 premebatur,
2900 1166 2966 1214 ut
3013 1177 3116 1214 nec
3164 1161 3395 1214 dictatos
3439 1164 3596 1217 libros
3641 1168 3779 1220 semel

2145 1246 2396 1316 relegere
2427 1252 2638 1318 posset,
2689 1252 2751 1302 ut
2801 1249 3045 1318 ipsemet
3090 1254 3328 1303 testatur
3371 1251 3429 1304 in
3477 1253 3689 1322 epistola
3729 1257 3780 1308 ad

2147 1333 2552 1390 Marcellinum.
2585 1336 2969 1400 Quamobrem
3000 1337 3047 1392 si
3076 1339 3214 1409 quid
3245 1340 3461 1394 veritati
3487 1341 3658 1396 minus
3683 1359 3784 1396 con-

2147 1422 2328 1477 forme
2359 1424 2541 1478 eidem
2575 1425 2893 1492 excidisset,
2911 1428 3038 1497 jure
3064 1427 3271 1482 merito
3300 1431 3630 1484 excusandus
3653 1437 3781 1486 esset.

2146 1513 2292 1567 Illud
2319 1530 2452 1567 vero
2484 1514 2730 1568 maxime
2755 1517 3064 1570 notandum
3089 1517 3265 1582 venit,
3298 1519 3444 1589 quod
3469 1520 3786 1590 Augustinus,

2149 1618 2278 1656 cum
2309 1603 2602 1658 universos
2634 1621 2662 1658 a
2690 1622 2746 1659 se
2779 1606 3138 1660 elucubratos
3190 1608 3362 1660 libros
3409 1609 3646 1662 censoria
3687 1624 3786 1678 gra-

2149 1691 2319 1745 vitate
2357 1699 2694 1756 recenseret,
2726 1711 2788 1748 ac
2818 1712 2969 1764 saepe
3020 1695 3323 1766 spongiam
3374 1696 3649 1751 adhiberet
3687 1714 3787 1751 exa-

2147 1784 2270 1834 rata
2300 1782 2567 1835 adversus
2598 1783 2934 1854 Pelagianos
2964 1785 3264 1839 volumina
3286 1802 3685 1856 recognoscens,
3704 1786 3789 1840 duo

2147 1870 2269 1923 hmc
2329 1874 2551 1923 tantum
2599 1872 2932 1941 corrigenda
2977 1872 3142 1942 dixit,
3194 1890 3401 1945 nempe
3446 1868 3589 1944 quod
3637 1875 3718 1927 lib.
3763 1889 3787 1924 v

2148 1963 2346 2013 contra
2381 1960 2670 2013 Julianum
2722 1961 2926 2015 medici
2964 1962 3254 2033 cujusdam
3277 1964 3448 2017 veluti
3477 1968 3673 2017 certum
3708 1978 3787 2015 no-

2149 2064 2281 2101 men
2309 2048 2607 2118 posuisset,
2639 2050 2791 2120 quod
2824 2055 3016 2104 tamen
3070 2051 3300 2121 penitus
3346 2051 3593 2122 ignotum
3635 2056 3790 2122 postea

2151 2136 2651 2202 animadverterat,
2679 2139 2900 2208 quodve
2930 2139 2989 2193 in
3019 2139 3165 2193 libro
3223 2141 3292 2194 de
3347 2141 3550 2194 Natura
3578 2145 3628 2194 et
3653 2137 3793 2209 gratia

2151 2223 2362 2278 librum
2394 2225 2699 2294 quemdam
2731 2226 2886 2280 Sixto
2944 2227 3202 2297 pontiﬁci
3249 2229 3582 2299 ascripserit,
3621 2225 3790 2296 Pelagii

2152 2313 2325 2368 fidem
2356 2320 2603 2380 secutus,
2635 2315 2735 2386 qui
2778 2321 2971 2370 tamen
3001 2335 3034 2371 a
3060 2318 3230 2372 Sexto
3276 2318 3608 2389 philosopho
3649 2316 3793 2370 editus

2152 2404 2355 2458 fuerat.
2391 2404 2670 2458 Caeterum
2702 2405 2924 2459 nullum
2952 2406 3064 2460 illis
3095 2407 3153 2460 in
3184 2407 3348 2462 libris
3379 2411 3565 2461 contra
3592 2405 3794 2473 Pelagia-

2153 2509 2257 2546 nos
2285 2497 2562 2546 assertum
2611 2494 2820 2563 dogma
2877 2495 3206 2563 recantavit,
3267 2498 3481 2551 nullam
3511 2512 3614 2550 non
3653 2494 3794 2548 dicam

2156 2582 2498 2635 sententiam
2531 2583 2792 2642 correxit.
2828 2584 2926 2638 sed
2957 2600 3145 2656 neque
3185 2601 3370 2640 unum
3419 2585 3641 2639 verbum
3663 2580 3797 2635 veluti

2154 2670 2342 2724 minus
2387 2675 2586 2739 aptum
2635 2671 2828 2740 erasit,
2881 2673 2978 2726 sed
3031 2673 3296 2727 universa
3327 2690 3388 2728 ac
3427 2659 3636 2744 singula
3672 2670 3797 2723 senili

2157 2758 2494 2812 auctoritate
2542 2759 2896 2829 approbavit,
2957 2765 3021 2815 ut
3068 2763 3153 2816 vel
3206 2763 3344 2817 hinc
3405 2762 3587 2816 divina
3637 2757 3797 2830 gratia,

2157 2864 2329 2918 quam
2362 2847 2599 2917 triginta
2628 2853 2682 2901 et
2713 2849 2958 2919 amplius
2989 2849 3148 2904 libris
3179 2858 3378 2906 contra
3420 2849 3795 2920 Pelagianorum

345 2941 402 2992 et
431 2953 559 2991 cum
593 2953 696 3007 pro
741 2936 914 3005 hujus
944 2935 1272 2989 defensione
1303 2935 1522 2988 licitum
1554 2934 1626 2988 sit
1683 2933 2047 2988 insidiantem
2080 2947 2118 3002 c
2159 2938 2400 2990 insultus
2431 2937 2706 2990 acerrime
2737 2940 3138 3009 propugnavit,
3196 2941 3430 3012 dignam
3479 2936 3640 2991 veluti
3680 2937 3800 2988 tanto

345 3031 516 3096 atque
551 3024 658 3077 vim
701 3023 1042 3077 inferentem
1082 3023 1362 3092 occidere,
1405 3022 1620 3094 potiori
1678 3023 1898 3077 ratione
1929 3039 2046 3077 non

348 3115 455 3170 erit
480 3131 610 3168 reus
631 3113 887 3166 criminis
920 3112 1016 3182 qui
1050 3129 1150 3183 pro
1182 3113 1399 3166 honore
1431 3112 1799 3179 defensando,
1834 3112 1879 3165 si
1921 3112 2046 3166 nul-

346 3203 435 3257 lus
459 3202 530 3256 sit
559 3201 702 3255 alius
734 3201 1005 3256 evadendi
1056 3201 1276 3270 modus,
1310 3201 1758 3254 calumniantem
1787 3200 2048 3254 'obtrun-

347 3296 453 3344 cat.
489 3292 616 3344 llam
646 3291 822 3344 aliave
869 3291 1038 3361 longe
1067 3291 1230 3360 plura
1257 3290 1344 3342 vir
1370 3290 1465 3343 ille
1497 3289 1754 3343 eruditus
1783 3290 2044 3360 protulit,

348 3396 477 3451 quae
525 3379 760 3450 quidem
800 3379 965 3433 alteri
1015 3380 1186 3432 etiam
1220 3394 1278 3431 se
1310 3377 1627 3431 insinuasse
1671 3382 1910 3432 testatus
1941 3383 2044 3445 est,

347 3469 445 3540 qui
477 3484 544 3523 ea
572 3474 770 3539 postea
811 3485 1036 3538 quoque
1066 3467 1214 3538 typis
1240 3483 1444 3521 excusa
1473 3467 1747 3538 vulgavit.
1807 3467 2050 3522 Facessit

343 3557 520 3628 igitur
545 3571 824 3609 novorum
847 3553 1223 3608 casuistarum
1241 3553 1433 3619 timor,
1464 3569 1592 3606 suos
1617 3552 1727 3606 illis
1761 3553 2050 3624 relinqua-

348 3662 475 3699 mus
501 3644 877 3698 Tamburinos
908 3647 963 3697 et
1003 3641 1266 3707 Bannios,
1316 3659 1418 3696 nos
1447 3641 1810 3696 Ambrosium
1841 3646 1897 3696 et
1933 3646 2049 3696 Au-

349 3734 639 3805 gustinum
671 3733 990 3796 audiemus,
1025 3748 1156 3786 cum
1187 3731 1394 3802 quibus
1426 3731 1621 3802 gloria:
1646 3735 1897 3785 vertetur
1934 3748 2048 3786 non

349 3823 520 3878 modo
580 3839 799 3895 sapere,
856 3838 1055 3877 verum
1092 3821 1263 3876 etiam
1306 3820 1595 3893 judicibus
1644 3820 1903 3875 casuistis
1961 3837 2048 3874 er-

345 3929 491 3967 rare.

350 4018 1207 4098 §Xl‘l_._.Sa_ncIus.Azfgu_slinus
1343 4016 1512 4098 libris
1560 4015 2052 4098 Retractalionum

420 4088 569 4143 nihil
589 4090 691 4162 abs
719 4107 780 4162 se
804 4089 874 4143 de
902 4087 1610 4162 dicinagratiaassertum
1635 4088 1697 4144 in
1728 4087 1892 4143 libris
1919 4105 2053 4142 con-

423 4164 515 4216 tra
535 4160 890 4233 Pelagianos
913 4160 1147 4232 scriptis
1174 4161 1465 4232 emunxit.

422 4268 535 4321 llos
562 4268 882 4338 Augustino
921 4283 1142 4321 errores
1181 4267 1430 4321 Adamus
1479 4282 1544 4319 ac
1585 4265 1864 4321 Moraines
1903 4265 2049 4335 obji-
2081 4245 2124 4300 Ῑ)

350 4356 528 4420 ciunt,
567 4355 663 4409 sed
695 4373 836 4409 vano
866 4371 1098 4424 prorsus
1146 4359 1350 4408 eventu
1383 4371 1396 4419 ;
1429 4370 1561 4408 nam
1593 4371 1661 4407 eo
1685 4353 1948 4424 improbo
1971 4354 2051 4407 la-

351 4443 488 4496 bore
521 4459 637 4495 non
683 4441 1061 4512 Hipponensis
1088 4441 1349 4511 praesulis
1382 4440 1593 4494 famam
1627 4442 1712 4495 vel
1755 4440 2055 4495 auctorita-

353 4536 472 4586 tem
529 4531 919 4601 decurtarunt,
953 4531 1051 4585 sed
1110 4547 1282 4602 quam
1315 4531 1562 4584 maxime
1620 4536 2051 4602 promoverunt.

352 4619 488 4684 Quis
521 4622 710 4672 autem
744 4619 905 4672 initio
937 4635 1120 4672 causa!
1161 4635 1276 4672 non
1309 4619 1506 4673 fuisset
1555 4619 1767 4674 veritus
1823 4637 1892 4673 ne
1939 4623 2054 4674 Au-

351 4706 639 4779 gustinus,
674 4706 732 4759 in
760 4706 1014 4760 ducentis
1062 4711 1118 4762 et
1171 4707 1417 4778 amplius
1471 4707 1633 4764 libris
1680 4725 1821 4779 quos
1878 4709 2057 4764 edidit

350 4797 410 4850 in
440 4800 524 4850 tot
553 4794 802 4866 epistolis
834 4812 973 4866 quos
1002 4796 1330 4866 publicavit,
1376 4797 1436 4850 in
1478 4797 1800 4852 innumeris
1828 4798 2055 4852 concio-

350 4886 521 4940 nibus
553 4903 693 4957 quas
749 4885 818 4939 ad
852 4887 1130 4957 populum
1181 4886 1398 4952 habuit,
1431 4887 1491 4940 in
1521 4892 1605 4942 tot
1630 4887 2056 4942 commentariis

350 4991 413 5028 ac
442 4974 858 5047 quaestionibus
897 4975 1104 5046 quibus
1134 4993 1318 5030 sacras
1350 4976 1564 5030 litteras
1597 4976 1892 5046 explicuit,
1925 4995 1956 5029 a
1978 4976 2057 5032 ri-

351 5063 670 5134 gidioribus
697 5064 846 5118 hisce
880 5065 1210 5119 censoribus
1253 5065 1495 5135 alicujus
1528 5067 1698 5119 errati
1730 5083 1862 5119 reus
1891 5071 2054 5119 tene-

352 5157 526 5214 retur,
560 5169 690 5206 cum
725 5152 813 5206 vel
853 5153 1066 5207 bonum
1097 5152 1289 5222 ipsum
1349 5152 1660 5207 Homerum
1707 5153 2056 5223 quandoque

351 5237 659 5294 dormitare
710 5241 771 5294 in
803 5242 1022 5312 adagiis
1081 5241 1194 5294 sit?
1235 5242 1428 5311 Neque
1469 5242 1624 5295 enim
1668 5242 1864 5296 omnia
1908 5242 2058 5296 dicta

352 5324 448 5379 illa
475 5327 636 5381 licuit
672 5331 1054 5399 perpendere;
1089 5328 1394 5400 aliquoties
1425 5329 1600 5384 etiam
1658 5331 1884 5402 scripsit
1939 5331 2059 5384 ani-

354 5429 446 5467 mo
475 5414 767 5482 distracto,
798 5434 862 5471 ac
903 5420 1122 5473 calamo
1156 5418 1228 5472 ad
1280 5417 1392 5472 alia
1425 5425 1794 5489 properante.
1857 5418 2054 5489 Aiijice

353 5503 696 5560 immensam
724 5504 881 5561 illam
910 5507 1194 5562 haeresum
1223 5507 1422 5562 silvam
1443 5507 1535 5562 cui
1562 5508 1963 5564 exscindenda:
1993 5524 2056 5563 ac

2156 3026 2351 3080 labore
2383 3025 2565 3079 vicem
2622 3028 2962 3096 rependens,
3020 3029 3294 3083 scribenti
3346 3028 3583 3082 adfuisse
3635 3022 3800 3078 credita

2158 3115 2250 3182 sit,
2281 3132 2394 3186 quo
2428 3115 2624 3186 procul
2659 3133 2692 3169 a
2721 3117 2982 3186 quolibet
3005 3118 3091 3170 vel
3123 3118 3419 3172 levissimo
3463 3131 3639 3170 errore
3678 3111 3799 3163 volu-

2158 3205 2316 3259 mina
2345 3204 2441 3257 illa
2471 3204 2638 3257 cedro
2697 3204 2870 3274 digna
2920 3205 3321 3274 perscriberet.
3374 3207 3439 3259 Et
3485 3209 3658 3257 tamen
3682 3198 3800 3252 hisce

2157 3293 2217 3347 in
2248 3293 2408 3346 libris
2439 3297 2692 3346 recentes
2721 3293 3032 3348 Aristarchi
3085 3298 3168 3348 tot;
3200 3310 3479 3361 excessus,
3517 3297 3596 3346 tot
3641 3287 3802 3342 antilo—

2158 3382 2303 3452 gias,
2333 3386 2415 3435 tot
2446 3399 2668 3436 errores
2721 3398 2779 3436 se
2827 3383 3273 3454 deprehendisse
3309 3379 3550 3449 jactantl
3590 3373 3805 3447 Augusti-

2158 3485 2266 3523 nus
2301 3469 2701 3523 modestissimi
2735 3470 2820 3524 vir
2864 3470 3082 3540 ingenii
3119 3488 3255 3524 suos
3286 3472 3454 3526 hosce
3494 3481 3727 3523 censores
3751 3462 3806 3514 ita

2160 3558 2408 3611 monitos
2437 3558 2558 3611 vult
2600 3557 2658 3611 in
2701 3557 2816 3612 ﬁne
2849 3559 2980 3612 libri
3039 3559 3107 3613 de
3168 3561 3333 3614 Dono
3383 3552 3803 3630 perseverantiae:

2161 3665 2188 3694 ι
2221 3645 2328 3709 Qui
2361 3662 2490 3698 vero
2524 3662 2713 3700 errare
2746 3663 2836 3700 me
2868 3647 3215 3715 existimant,
3251 3649 3426 3703 etiam
3481 3652 3638 3717 atque
3671 3642 3806 3696 etiam

2161 3750 2289 3805 quae
2314 3738 2445 3788 sunt
2474 3734 2624 3789 dicta
2652 3735 3038 3805 considerent,
3086 3753 3158 3791 ne
3191 3737 3449 3793 fortassis
3486 3734 3588 3806 ipsi
3633 3731 3802 3786 errent.

2163 3825 2278 3893 Ego
2311 3830 2500 3877 autem
2533 3840 2661 3878 cum
2684 3841 2786 3895 per
2812 3842 2907 3879 eos
2939 3825 3038 3896 qui
3070 3842 3230 3880 meos
3256 3827 3479 3880 labores
3512 3825 3807 3892 legunt,n0n

2162 3911 2347 3965 solum
2380 3911 2619 3978 doctior,
2667 3929 2864 3967 verum
2911 3915 3085 3968 etiam
3132 3913 3492 3969 emendatior
3529 3913 3620 3976 tio,
3655 3903 3808 3978 propi-

2162 3999 2306 4054 tium
2332 4000 2474 4053 mihi
2500 4002 2677 4054 Deum
2709 4018 2972 4072 agnosco,
3006 4008 3061 4056 et
3091 4004 3199 4058 hoc
3243 4020 3350 4074 per
3409 3998 3654 4056 Ecclesiae
3705 3993 3806 4046 doc-

2162 4092 2312 4142 tores
2343 4089 2589 4144 maxime
2615 4096 2897 4161 exspecto,
2931 4092 2979 4144 si
3009 4096 3064 4146 et
3112 4093 3171 4146 in
3231 4093 3488 4164 ipsorum
3543 4100 3720 4142 manus
3744 4096 3810 4132 ve-

2161 4177 2265 4243 nit,
2300 4177 2724 4250 dignenturque
2775 4196 2942 4234 nosse
3000 4182 3151 4252 quod
3203 4182 3408 4236 scribo.
3447 4201 3469 4228 ι
3505 4179 3630 4242 Quae
3675 4168 3810 4224 verba

2163 4283 2292 4320 cum
2331 4267 2561 4337 legisset
2630 4285 2887 4323 summus
2959 4263 3478 4323 Ecclesiasticorum
3551 4259 3811 4319 Annalium

2161 4355 2422 4425 scriptor,
2457 4372 2521 4410 ac
2546 4356 2801 4410 Vaticani
2849 4361 3077 4411 senatus
3121 4357 3448 4412 immortale
3497 4355 3676 4418 decus,
3718 4347 3810 4401 CIB-

2163 4461 2253 4497 sar
2274 4446 2566 4513 Baronius,
2601 4445 2659 4499 in
2689 4446 2809 4499 hinc
2840 4446 3242 4517 Augustiniani
3301 4444 3518 4517 ingenii
3577 4434 3814 4513 praeconia

2164 4534 2382 4603 erupit:
2417 4556 2437 4582 α
2474 4535 2602 4589 Haec
2632 4534 2757 4604 ipsa
2807 4535 2980 4607 digna
3030 4536 3265 4607 quidem
3324 4533 3501 4589 sancti
3555 4521 3811 4599 Augustini

2163 4623 2464 4692 modestia,
2495 4625 2786 4694 animique
2801 4625 2923 4694 ejus
2961 4624 3291 4680 admirabili
3319 4640 3451 4678 cum
3483 4615 3813 4676 submissione

2163 4712 2522 4771 verecundia.
2555 4717 2618 4766 ut
2647 4713 2815 4782 plane
2842 4712 2952 4766 nisi
2984 4713 3210 4767 aliunde
3258 4730 3327 4766 ex
3390 4711 3478 4766 his
3530 4710 3709 4763 saltem
3753 4699 3816 4751 in-

2162 4799 2421 4869 telligere
2449 4801 2652 4867 valeas,
2687 4799 2943 4854 afﬂatum
2974 4800 3070 4853 illo
3101 4800 3294 4854 divino
3347 4798 3557 4870 Spiritu
3595 4794 3680 4848 illa
3713 4783 3817 4841 scri-

2164 4887 2364 4958 psisse,
2388 4903 2516 4942 cum
2551 4905 2668 4942 non
2700 4905 2871 4960 super
2900 4889 3231 4960 quempiam
3261 4889 3442 4943 alium
3482 4900 3642 4957 quam
3679 4887 3816 4944 ευρρτ

2163 4975 2465 5044 humilem,
2501 4977 2757 5048 quietum
2806 4982 2861 5032 et
2885 4983 3224 5032 trementem
3274 4989 3590 5032 sermonem
3634 4965 3721 5023 Dei
3748 4960 3812 5016 di-

2163 5064 2358 5118 vinum
2393 5065 2566 5120 affore
2588 5082 2826 5132 numen,
2862 5067 3008 5120 Deus
3036 5083 3141 5137 per
3168 5067 3508 5137 prophetam
3540 5057 3694 5115 fuerit
3719 5064 3818 5137 con-

2165 5159 2418 5208 testatus.
2459 5175 2481 5204 ι
2515 5158 2587 5209 At
2617 5155 2872 5209 Ecclesiae
2911 5135 3422 5209 doctoresitantum
3469 5152 3619 5205 abest
3668 5147 3724 5196 ut
3747 5135 3814 5192 vel

2165 5258 2279 5297 una
2307 5243 2479 5296 litura
2509 5242 2689 5296 sancti
2739 5242 3044 5312 Augustini
3079 5243 3145 5297 de
3199 5241 3394 5296 divina
3441 5237 3614 5310 gratia
3641 5224 3814 5286 doctri-

2167 5348 2300 5385 nam
2333 5330 2708 5394 emendarint,
2737 5335 2799 5384 ut
2825 5332 3001 5385 veluti
3031 5349 3060 5385 e
3089 5330 3381 5385 sacratiori
3410 5327 3617 5381 cortina
3656 5319 3814 5373 datam

2166 5421 2426 5475 eamdem
2457 5424 2812 5488 venerantes,
2847 5426 3044 5474 contra
3090 5416 3602 5487 Semi-Pelagianos
3656 5405 3815 5462 defen-

2165 5509 2332 5576 derit,
2389 5526 2452 5564 ac
2508 5509 2766 5565 Romana
2820 5508 2946 5581 ipsa
3003 5509 3246 5564 Ecclesia
3293 5505 3548 5560 ﬁdelibus
3601 5505 3812 5565 sequen-
