3894 6184
122 236 199 286 745

1345 220 1669 275 νΙΝὒΙΟΙᾹΞ
1707 219 2163 276 AUGUSTINIAN
2169 222 2250 275 1E.

3438 230 3541 283 ’746

120 356 220 410 dam
259 345 599 421 proposuerit.
644 343 803 408 Quod
832 342 880 396 si
928 341 1293 409 recentiores,
1330 346 1413 396 tot
1448 346 1601 419 retro
1635 359 1658 395 s

2002 360 2236 428 ispania,
2267 375 2334 412 ea:
2380 362 2701 426 Germania;
2758 361 2938 415 miror
2980 378 3080 415 cur
3122 379 3236 417 non
3267 365 3439 419 etiam
3477 383 3540 421 ex

121 445 324 497 culorum
386 432 789 506 approbatione
843 432 1161 502 repudiata,
1209 448 1303 485 eos
1367 448 1424 484 se
1494 432 1741 485 Ecclesiae

122 532 305 584 (tectores
338 526 533 589 dicant,
564 522 768 593 quibus
801 538 901 574 sua
929 520 1135 589 scripta
1191 520 1565 574 examinanda
1614 534 1741 590 per-

124 619 240 674 misit
260 614 591 684 Augustinus,
644 611 835 665 smculi
864 611 1099 680 hujusce
1123 610 1297 663 nostri
1321 613 1612 662 tantorum
1642 609 1741 661 ho-

133 710 286 761 miuum
314 702 589 755 nutritoris
616 700 867 754 felicitati
897 698 1379 769 adgratulandum
1406 698 1532 762 erit,
1557 697 1603 749 si
1624 700 1737 750 Au-

127 795 281 867 gustini
322 799 499 845 tamen
543 806 763 843 errores
822 788 1025 843 melius
1056 788 1396 857 persuadere
1450 787 1736 855 poterunt,

126 900 252 955 quam
278 883 547 950 hucusque
588 879 789 931 fecere.
822 880 895 931 At
944 877 1242 930 meliorem
1283 875 1417 945 ipsis
1465 878 1737 936 mentem,

125 971 354 1026 meliorem
396 967 451 1020 in
486 965 867 1035 Augustinum
917 980 1111 1017 meum
1143 963 1399 1016 animum
1448 979 1479 1015 a
1519 959 1741 1031 superis

124 1075 283 1131 precor,
310 1061 363 1110 ut
401 1056 714 1125 praedicatio
746 1070 911 1108 suum
955 1070 1010 1106 IN
1070 1053 1333 1107 ECCLESIA
1377 1066 1496 1104 vmi
1548 1051 1739 1117 (Pros-

122 1147 205 1218 peri
235 1144 381 1198 verba
409 1147 540 1196 sunt
578 1142 646 1196 de
690 1140 940 1212 antiquis
976 1140 1282 1210 Augustini
1311 1136 1738 1192 calumniatori-

119 1238 191 1289 bus
213 1234 268 1288 ad
298 1234 555 1287 Ruﬁnum
595 1229 936 1298 scribentis),
965 1231 1128 1283 etiam
1159 1229 1226 1281 ab
1257 1230 1363 1297 his,
1385 1244 1419 1280 a
1442 1226 1637 1297 quibus
1666 1225 1741 1280 ad

118 1337 290 1395 presens
321 1322 605 1381 revellitur,
646 1319 956 1389 adjuvetur.

730 1425 954 1480 CAPUT
993 1424 1058 1478 V.

119 1538 377 1593 Hamtiores
437 1535 667 1601 triginta
733 1535 973 1601 quinque
1037 1530 1312 1584 doctorum
1383 1528 1735 1601 testimonia.

162 1624 311 1674 nempe
347 1599 669 1674 pontiﬁcum,
717 1599 1100 1665 cardinalium,
1154 1603 1540 1674 episcopo-rum,
1595 1599 1737 1650 alio-

162 1671 358 1745 rumque
405 1671 589 1729 contra
650 1680 893 1727 sanctum
958 1676 1325 1740 Augustinum
1394 1671 1735 1739 producunt;

165 1765 349 1817 quorum
379 1747 508 1813 ﬁdes
538 1746 883 1814 expcnditur.

1768 1643 1808 1697 Β

166 1854 478 1909 ltecentiorcs
521 1851 804 1917 nonnulli,
840 1867 908 1904 ne
941 1848 1118 1902 sancti
1167 1846 1465 1918 Augustini
1500 1844 1744 1900 auctori-

119 1948 242 1996 tatem
270 1942 460 1996 alicubi
506 1941 850 2007 deserentes,
880 1939 1161 1993 bonorum
1196 1935 1455 1991 omnium
1484 1935 1743 2004 indigna-

118 2033 277 2084 tionem
325 2031 596 2093 subirent,
646 2030 704 2082 in
756 2028 813 2082 id
860 2027 1081 2081 consilii
1125 2025 1563 2092 descenderunt,
1614 2021 1745 2075 scri-

115 2126 286 2187 ptorum
316 2120 570 2173 omnium
595 2118 825 2171 schedas
874 2116 981 2169 sibi
1018 2114 1382 2169 excutiendas
1428 2129 1570 2179 esse,
1620 2114 1674 2165 et
1698 2111 1745 2164 si

116 2209 211 2278 quid
234 2209 280 2262 in
308 2209 409 2262 illis
438 2207 631 2261 minus
671 2205 982 2259 honoriﬁce
1023 2205 1092 2258 de
1122 2203 1438 2273 Augustino
1465 2204 1744 2255 assertum

117 2300 180 2361 sit,
224 2298 269 2351 iu
312 2298 601 2369 publicum
651 2295 1078 2366 proferendum.
1132 2295 1273 2347 Nam
1313 2291 1412 2345 ubi
1452 2307 1518 2345 eo
1563 2289 1745 2343 stadio

118 2388 304 2440 aliorum
330 2386 580 2458 vestigiis
610 2402 666 2438 se
700 2384 992 2438 inhaesisse
1022 2381 1486 2443 monstraverint,
1518 2393 1743 2433 omnem

119 2476 213 2529 lacti
234 2476 479 2530 invidiam
512 2492 571 2529 se
608 2474 989 2528 declinaturos
1041 2471 1458 2534 existimarunt,
1506 2471 1748 2523 Joannes

117 2564 304 2618 Adamus
344 2581 403 2618 ac
434 2563 768 2619 Franciscus
807 2563 1066 2615 Annatus
1098 2559 1156 2613 id
1195 2574 1405 2627 magno
1460 2557 1647 2611 studio
1686 2572 1749 2609 ac

118 2651 281 2719 ingenti
330 2653 520 2707 labore
569 2650 817 2706 exsecuti
870 2652 1034 2702 sunt:
1067 2648 1161 2701 ille
1216 2651 1370 2717 part.
1420 2663 1477 2699 111
1533 2644 1751 2700 Calvini

116 2742 342 2807 destructi,
380 2758 504 2812 cap.
542 2745 597 2806 7,
628 2757 683 2810 p.
719 2742 813 2793 631
844 2755 857 2804 ;
893 2737 984 2791 hic
1013 2740 1205 2790 autem
1242 2752 1309 2789 eo
1343 2734 1450 2789 loci
1480 2732 1579 2787 ubi
1616 2749 1751 2802 erga

115 2831 428 2899 Augustinum
466 2830 749 2883 debuerat
778 2843 896 2880 esse
944 2823 1313 2879 reverentior.
1372 2822 1591 2877 Etenim
1642 2824 1751 2874 An-

115 2918 255 2985 natus,
286 2924 344 2971 ut
380 2917 837 2972 Jansenistarum
876 2914 1237 2984 jactantiam,
1289 2910 1388 2982 qui
1418 2915 1601 2964 totum
1645 2908 1751 2962 sibi
1783 2938 1821 2992 ε

117 3008 431 3075 Augustinum
460 3006 851 3073 vindicabant,
909 3004 1314 3073 compesceret,
1356 2998 1489 3051 satis
1533 2998 1752 3067 justum

117 3095 321 3149 volumen
340 3095 629 3165 procudit,
652 3109 764 3164 quo
786 3091 1168 3162 Augustinum
1190 3093 1391 3142 contra
1422 3086 1753 3141 Jansenium

117 3188 223 3236 stare
257 3185 642 3239 demonstrare
697 3186 950 3247 conatus,
1001 3178 1172 3232 unius
1224 3175 1532 3247 Augustini
1570 3173 1755 3229 verbis

117 3277 263 3326 contra
287 3271 669 3327 adversarium
701 3269 974 3341 loquitur,
1008 3272 1065 3322 et
1092 3266 1257 3321 sicuti
1287 3282 1445 3320 vena:
1474 3264 1581 3318 toti
1637 3280 1756 3316 cor-

119 3362 473 3432 poriinspersce
508 3365 663 3424 sunt,
709 3359 787 3412 ita
816 3362 871 3411 et
900 3358 1141 3426 illaitoto
1171 3371 1237 3410 eo
1270 3370 1441 3425 opere
1491 3353 1758 3407 oberrant

119 3456 458 3521 resonautque.
494 3450 623 3513 Quo
651 3464 782 3501 vero
813 3444 1119 3517 Augustini
1152 3461 1211 3497 se
1238 3443 1522 3497 vindicem
1547 3458 1609 3496 ac
1628 3457 1758 3511 pro-

118 3542 436 3607 pugnatorem
493 3526 840 3600 ostenderet,
888 3535 1040 3587 hunc
1093 3532 1329 3587 titulum
1360 3532 1503 3585 libro
1556 3529 1751 3584 dedit:

120 3631 417 3682 Aituesrmus
442 3645 475 3681 A
512 3628 738 3679 BAIANIS
765 3639 1101 3689 vmmcarus,
1127 3619 1472 3675 Jansenistas
1520 3619 1758 3673 Baianos

119 3714 389 3782 ignominiae
430 3733 607 3770 causa
654 3730 880 3779 vocans,
935 3713 1087 3783 quod
1145 3710 1430 3766 Michaelis
1470 3709 1588 3762 Baii
1634 3725 1760 3778 pro-

121 3804 508 3874 scriptasasede
554 3801 865 3873 apostolica
901 3802 1088 3854 theses
1137 3798 1443 3853 defendere
1493 3795 1759 3849 diceban-

121 3894 198 3944 tur.
224 3894 327 3957 Qua
349 3895 456 3949 ﬁde
504 3893 567 3946 id
600 3895 815 3962 septem
866 3888 1151 3959 prioribus
1200 3886 1360 3940 libris
1410 3882 1759 3955 prmstiterit,

122 3980 311 4037 viderint
336 3983 419 4037 illi
446 3986 649 4037 contra
681 3996 822 4052 quos
855 3978 936 4033 ibi
964 3978 1236 4045 decertat,
1266 3990 1300 4028 δ.
1329 3989 1574 4045 quorum
1595 3987 1764 4025 causa

122 4072 271 4135 procul
306 4088 448 4126 sum.
504 4072 749 4126 Octavus
805 4066 1061 4136 ejusdem
1090 4061 1397 4117 voluminis
1440 4060 1586 4114 liber
1612 4062 1764 4112 totus

124 4165 272 4215 contra
295 4161 679 4233 Augustinum
710 4162 795 4212 est
822 4165 886 4213 ut
907 4158 1149 4211 alterum
1181 4168 1316 4207 sane
1338 4155 1509 4221 atque
1531 4146 1764 4203 omnino

1846 446 2115 515 Japonia!
2153 448 2293 500 Cum
2322 449 2705 517 Augustinum
2731 466 2758 501 a
2796 449 3019 503 Baianis
3048 451 3397 506 vindicatum
3432 471 3543 508 no—

1847 534 1934 587 bis
1954 539 2315 588 ostensurum
2340 536 2644 605 promittis,
2682 540 2948 590 eumdem
2982 538 3187 593 misere
3238 541 3543 597 laceratum

1849 622 2098 676 exhibes.
2157 624 2301 677 Sane
2362 641 2633 693 magnum
2666 626 2827 679 illum
2870 628 3070 679 ducem
3117 628 3545 697 Hipponensem

1849 712 1917 765 ab
1949 712 2206 765 hostibus
2235 717 2332 766 tua
2358 714 2562 766 virtute
2593 714 2890 768 defensum
2923 716 2979 769 in
3023 718 3299 787 Capitolio
3347 720 3545 774 trium-

1849 800 2121 869 phantem
2154 817 2385 855 cernere
2443 803 2835 871 sperabamus,
2899 804 2979 857 illi
3010 806 3239 875 quidem
3272 808 3543 877 lauream,

1848 888 1954 942 tibi
1975 906 2108 943 vero
2134 890 2365 943 civicam
2398 906 2673 944 coronam
2708 892 3001 957 intexturi,
3034 911 3162 947 cum
3194 901 3426 965 repente
3480 915 3547 952 ex

1850 978 2146 1033 defensore
2184 980 2363 1032 hostis
2410 979 2740 1043 acerrimus,
2767 998 2797 1033 a
2848 982 3115 1035 Jansenio
3168 984 3229 1037 in
3274 986 3545 1055 Augusti-

1850 1083 1990 1121 num
2039 1067 2218 1122 aciem
2261 1069 2533 1136 deﬂectis,
2579 1085 2641 1122 ac
2696 1068 3027 1123 innumeros
3074 1077 3261 1125 tecum
3315 1076 3545 1130 trahens

1850 1156 2114 1209 eumdem
2136 1173 2456 1227 oppugnas.
2490 1156 2643 1211 Scire
2672 1158 2876 1211 vellem
2899 1174 3025 1228 qum
3056 1164 3109 1213 te
3127 1162 3293 1222 ratio,
3326 1165 3545 1217 Armate

1847 1244 1922 1315 (si
1955 1260 2083 1315 qua:
2111 1244 2171 1299 in
2202 1246 2356 1299 hisce
2385 1246 2504 1299 ulla
2523 1261 2641 1299 esse
2664 1247 2919 1315 postest),
2950 1248 3016 1299 ad
3050 1247 3361 1316 longiorem
3400 1250 3547 1303 hanc

1850 1337 1908 1387 et
1934 1334 2284 1388 acerbiorem
2336 1351 2637 1389 censuram
2668 1334 3027 1389 scribendam
3056 1335 3384 1405 impulerit?
3417 1340 3547 1392 Res-

1848 1422 2067 1492 pondes
2096 1439 2213 1493 cap.
2246 1426 2297 1487 4,
2331 1440 2461 1494 pag.
2498 1426 2597 1477 877
2628 1441 2640 1477 :
2668 1444 2693 1472 <<
2729 1425 2856 1477 Hmc
2894 1424 3029 1477 duxi
3058 1426 3453 1494 proponenda,
3484 1432 3550 1480 ut

1848 1512 2239 1581 intelligamus
2268 1530 2385 1566 non
2415 1513 2585 1565 nimis
2618 1513 3028 1566 inverecundos
3056 1514 3174 1567 fore
3205 1515 3249 1566 si
3285 1515 3383 1584 qui
3403 1515 3547 1568 forte

1848 1616 1966 1653 non
1991 1600 2070 1652 ita
2095 1617 2153 1653 se
2183 1601 2373 1654 faciles
2404 1601 2709 1654 exhibeant
2737 1602 2797 1653 in
2828 1602 2895 1655 iis
2937 1601 3201 1655 omnibus
3242 1604 3546 1657 admitten-

1853 1689 1938 1742 dis
1959 1705 2087 1759 qum
2126 1689 2304 1744 videri
2344 1690 2591 1757 cuipiam
2647 1691 2863 1759 possint
2905 1690 3201 1761 proposita
3256 1692 3428 1745 fuisse
3480 1692 3549 1745 ab

1851 1774 2190 1843 Augustino.
2226 1796 2253 1825 υ
2316 1775 2492 1829 Addis
2532 1791 2661 1845 pag.
2724 1778 2856 1829 87-1:
2890 1798 2917 1824 ‹‹
2947 1776 3082 1839 Qua!
3128 1777 3383 1847 plerique
3434 1794 3551 1831 non

1851 1861 2118 1915 videntur
2162 1863 2295 1916 satis
2344 1864 2685 1930 advertissc,
2745 1864 2881 1917 dum
2956 1864 3179 1918 Molinae
3252 1865 3548 1920 audaciam

1854 1956 2221 2021 exaggerant,
2254 1952 2560 2005 indicantis
2590 1953 2809 2023 aliquid
2840 1953 2981 2006 lucis
3021 1953 3285 2020 defuisse,
3334 1959 3549 2025 Augus-

1855 2038 1977 2092 tino
2008 2038 2067 2091 in
2095 2039 2449 2093 concilianda
2513 2056 2641 2093 cum
2702 2046 2891 2094 creata
2920 2040 3183 2094 libertate
3227 2041 3549 2095 divinorum

1856 2127 2212 2180 decretorum
2245 2132 2300 2180 et
2325 2127 2668 2182 auxiliorum
2701 2128 2969 2182 efﬁcacia.
3006 2150 3027 2176 ι
3077 2130 3296 2198 Ergone
3328 2134 3390 2182 ut
3436 2131 3553 2185 M0-

1855 2214 1989 2268 linm
2020 2216 2325 2281 audaciam,
2357 2232 2528 2286 quam
2550 2221 2903 2285 exaggerant,
2935 2233 3248 2283 exeusares,
3282 2219 3551 2288 Augusti-

1856 2320 1983 2369 nus,
2034 2303 2270 2357 eximius
2310 2305 2404 2358 ille
2456 2306 2710 2359 Ecclesiae
2753 2306 2984 2372 doctor,
3028 2310 3113 2359 tot
3148 2323 3409 2361 errorum
3448 2324 3552 2378 pu-

1854 2393 1999 2447 blice
2016 2410 2208 2447 coram
2241 2394 2375 2447 orbe
2406 2395 2682 2449 catholico
2708 2395 2931 2465 ingenti
2961 2394 3193 2448 testium
3219 2396 3388 2449 turba
3421 2412 3553 2450 con-

1857 2483 2026 2537 ducta
2056 2483 2402 2535 accusandus
2445 2483 2674 2535 fuerat?
2718 2484 2782 2535 Et
2831 2483 3068 2553 quidem
3115 2485 3371 2537 Annatus
3415 2500 3555 2537 non-

1860 2571 2014 2623 nulla
2036 2575 2229 2623 contra
2249 2570 2632 2639 Augustinum
2666 2570 2995 2624 testimonia
3042 2572 3307 2639 producit
3350 2572 3556 2642 quibus

1862 2674 1965 2712 nec
1990 2658 2111 2729 ipse
2162 2659 2442 2728 integram
2493 2659 2665 2713 ﬁdem
2726 2663 2994 2728 praestare
3052 2658 3205 2713 dicit.
3237 2661 3377 2713 Hinc
3425 2665 3556 2715 sunt

1861 2747 1970 2818 pia}
1996 2748 2108 2801 illae
2134 2747 2389 2815 ejusdem
2421 2764 2583 2800 voces
2626 2747 2789 2799 initio
2838 2763 2961 2816 cap.
2997 2749 3046 2811 3,
3097 2763 3227 2817 pag.
3280 2750 3400 2802 86-i.
3462 2752 3556 2803 Re-

1860 2838 1976 2901 fero
2031 2841 2258 2903 tantum,
2310 2851 2417 2889 non
2442 2836 2637 2904 probo;
2703 2852 2833 2905 qua:
2876 2835 3085 2904 repetit
3139 2851 3262 2904 cap.
3313 2837 3368 2901 fi,
3418 2852 3551 2906 pag.

1862 2927 2003 2978 876:
2057 2924 2182 2988 Qua:
2223 2924 2437 2992 quidem
2499 2940 2592 2990 ego
2636 2926 2831 2989 refero,
2890 2924 2985 2977 sed
3024 2939 3129 2976 non
3182 2924 3376 2992 probo;
3440 2924 3555 2978 imo

1863 3010 2089 3075 alicubi,
2125 3011 2260 3062 dum
2290 3010 2537 3079 pessime
2578 3010 2899 3080 Augustino
2932 3010 3303 3080 obloquentes
3342 3012 3553 3079 produ-

1863 3098 1956 3163 cit,
1999 3098 2159 3168 quasi
2196 3098 2372 3152 sancti
2413 3098 2658 3151 doctoris
2715 3098 2862 3151 vices
2902 3099 3121 3165 dolens,
3158 3100 3279 3152 hmo
3332 3098 3558 3168 publice

1862 3185 2025 3239 initio
2065 3202 2186 3255 cap.
2224 3189 2253 3240 3
2286 3190 2663 3239 contestatur:
2703 3187 2902 3240 Vellem
2935 3190 2984 3239 et
3023 3188 3133 3250 hoc,
3180 3193 3228 3241 et
3266 3188 3379 3239 alia
3414 3202 3556 3255 qua:-

1864 3276 2010 3341 dam,
2063 3289 2181 3343 quae
2218 3274 2565 3343 subjungam,
2608 3277 2797 3328 mitius
2826 3280 3110 3343 concepta.‘
3149 3280 3203 3327 et
3246 3292 3375 3345 pag.
3434 3278 3561 3344 876,

1864 3381 1986 3435 cap.
2017 3367 2067 3431 4,
2103 3364 2335 3417 dicteria
2377 3364 2565 3435 Pighii
2604 3364 2664 3417 in
2701 3363 3089 3434 Augustinum
3132 3364 3397 3429 recitans,
3448 3362 3557 3415 ait:

1867 3454 2063 3507 Omitto
2105 3453 2320 3505 honoris
2360 3468 2558 3515 causa,
2607 3453 2749 3521 quod
2787 3453 2853 3506 de
2907 3454 3212 3519 Augustino
3256 3452 3558 3520 subjungit,

1866 3545 1924 3594 et
1946 3557 2078 3610 pag.
2112 3540 2465 3610 insequenti:
2490 3544 2607 3597 Non
2632 3544 2865 3607 referam
2896 3557 3013 3609 qua:
3033 3542 3179 3593 discit
3207 3542 3302 3597 lib.
3332 3557 3404 3602 v1,
3432 3542 3560 3603 etc.,

1868 3628 2011 3696 quod
2068 3630 2205 3681 mihi
2268 3630 2562 3683 videantur
2608 3632 2666 3682 in
2713 3634 2959 3683 sanetum
3007 3629 3271 3682 doctorem
3321 3628 3563 3681 acerbius

1868 3733 2033 3785 quam
2058 3718 2241 3770 vellem
2274 3732 2383 3770 esse
2429 3717 2598 3771 dicta.
2653 3717 2855 3771 Mirum
2899 3717 3022 3770 hazc
3066 3720 3287 3769 Annato
3332 3715 3390 3767 in
3436 3714 3563 3768 reli-

1870 3806 2100 3875 gionem
2140 3805 2392 3859 venisse!
2430 3807 2544 3874 Ego
2580 3805 2814 3875 quidem
2861 3804 3033 3873 hujus
3072 3803 3363 3871 scriptoris
3402 3817 3565 3855 voces

1871 3893 2040 3946 surda
2070 3908 2207 3945 aure
2230 3892 2580 3961 pertransire
2622 3892 3012 3953 decreveram;
3062 3891 3189 3961 quis
3230 3890 3382 3944 enim
3421 3889 3563 3943 adeo

1872 3994 2007 4047 erga
2033 3994 2267 4047 superos
2297 3978 2653 4047 irreligiosus
2684 3996 2802 4032 esse
2834 3982 3037 4048 potest,
3072 3982 3133 4030 ut
3172 3976 3381 4031 dicenti
3423 3976 3567 4030 velle

1873 4082 1932 4119 se
1960 4069 2157 4119 contra
2171 4065 2551 4134 Augustinum
2579 4066 2971 4120 testimonium
3003 4065 3209 4131 dicere,
3237 4079 3402 4119 aures
3421 4079 3569 4134 prm-

1871 4154 2021 4221 beat,
2055 4170 2118 4207 ac
2168 4170 2285 4207 non
2316 4153 2505 4223 potius
2557 4154 2739 4207 audax
2783 4152 3031 4207 hominis
3066 4152 3368 4206 consilium
3418 4167 3574 4206 exse-

124 4230 601 4322 OPPOSitUm'PPiOTi
637 4247 869 4301 “mlum
906 4259 1142 4316 POscere
1172 4241 1451 4304 Videam“:
1486 4236 1769 4307 siquidem
1797 4230 1839 4285 D
1879 4246 2086 4307 cratus,
2118 4241 2316 4311 procul
2338 4241 2492 4295 abire
2516 4257 2648 4295 eum
2669 4241 2871 4312 jubeat
2891 4241 2919 4295 ?
2951 4241 3027 4293 Ne
3072 4244 3265 4296 tamen
3304 4238 3573 4311 Augusti-

125 4342 352 4403 postremo
380 4340 478 4393 illo
510 4337 660 4392 libro
693 4334 958 4388 universa
983 4333 1044 4386 in
1074 4334 1334 4386 sanctum
1386 4325 1772 4397 Augustinum

124 4423 305 4481 dicteria
333 4427 463 4483 hinc
494 4425 631 4480 inde
662 4439 873 4494 magna
900 4419 1181 4476 industria
1211 4434 1276 4472 ac
1304 4416 1497 4470 labore
1540 4413 1773 4467 collecta

125 4516 348 4580 producit.
383 4510 1061 4586 Augustinumjudicem,
1103 4510 1349 4573 Annate,
1384 4503 1657 4574 appellas,
1703 4500 1776 4555 ad

127 4602 214 4669 ejus
238 4606 479 4660 tribunal
516 4618 645 4656 cum
668 4598 1025 4655 Jansenianis
1047 4596 1257 4666 litigas,
1288 4592 1444 4647 illius
1480 4590 1777 4645 sententiae

127 4696 233 4745 stare
266 4698 315 4747 te
346 4694 508 4759 dicis,
533 4707 664 4745 cum
694 4689 776 4743 nil
808 4687 974 4742 nobis
997 4687 1065 4741 de
1083 4689 1181 4740 tua
1209 4683 1322 4737 ﬁde
1365 4679 1777 4747 metuentibus,

128 4778 465 4850 Augustinum
498 4798 616 4835 non
648 4781 924 4849 suspectae
953 4774 1189 4846 quidem
1220 4768 1623 4837 ﬁdeijudicem
1643 4783 1778 4838 pro-

128 4871 315 4924 nuntias
340 4873 466 4941 (hoc
506 4869 661 4924 enim
691 4874 986 4937 utcunque
1038 4862 1272 4917 tolerari
1318 4858 1553 4930 posset),
1587 4858 1683 4912 sed
1718 4872 1783 4909 ex

122 4954 273 5022 judice
300 4976 461 5014 reum
492 4958 645 5022 facis,
679 4973 744 5011 ac
769 4960 965 5010 contra
987 4952 1253 5007 eumdem
1294 4948 1529 5018 triginta
1561 4950 1617 5000 et
1672 4961 1786 4999 am-

127 5046 247 5112 plius
274 5053 436 5104 testes
468 5046 758 5119 producis,
797 5043 1112 5098 vociferans
1142 5045 1197 5095 te
1240 5037 1539 5092 nominare
1584 5037 1787 5105 przeci—

129 5148 233 5198 puos
278 5140 521 5192 Ecclesiae
584 5136 861 5205 principes
913 5136 1267 5201 pastoresque
1313 5126 1698 5186 celeberrimos,
1740 5128 1789 5177 et

129 5220 327 5278 doctores
353 5227 732 5279 scientissimus
774 5235 1025 5277 sensuum
1070 5218 1568 5281 ecclesiasticarum,
1620 5213 1791 5265 mini—

132 5324 280 5379 meque
328 5316 615 5382 suspectos,
676 5310 776 5365 lib.
838 5325 955 5375 VIII,
1014 5306 1196 5360 initio.
1251 5306 1318 5359 Et
1363 5319 1433 5357 ne
1480 5315 1793 5372 paucorum

131 5404 291 5456 contra
318 5403 697 5473 Augustinum
727 5415 793 5453 ea
830 5396 1179 5465 conspiratio
1222 5395 1539 5457 censeatur,
1570 5394 1793 5461 protes-

134 5489 241 5543 taris
266 5507 383 5562 cap.
419 5494 450 5547 3
504 5495 556 5545 te
588 5490 887 5545 advocasse
932 5488 1105 5542 testes
1132 5500 1201 5539 ea:
1254 5482 1456 5548 Gallia,
1492 5494 1559 5533 ccc
1611 5478 1793 5545 Italia,

367 5596 644 5662 PATROL.
697 5594 937 5662 XLVII.

1880 4346 1988 4384 nus
2006 4328 2489 4400 qualiumcumque
2510 4329 2812 4383 hominum
2831 4329 3173 4383 testimoniis
3204 4330 3574 4383 succumbere

1879 4419 2157 4484 videatur,
2208 4418 2384 4473 libeat
2438 4417 2638 4472 eadem
2686 4422 2970 4488 repetere;
3023 4416 3236 4472 etenim
3268 4415 3577 4471 adversarii

1883 4507 2228 4573 testimonia,
2276 4506 2568 4560 inﬁrmare
2608 4508 2693 4561 vel
2742 4507 2998 4576 rejicere,
3038 4505 3179 4559 boni
3219 4503 3475 4559 advocati
3524 4508 3582 4557 et

1884 4596 2048 4650 bonae
2078 4610 2281 4659 causai,
2315 4594 2633 4663 praesertim
2668 4610 2797 4647 cum
2828 4594 3109 4664 plurimos
3137 4598 3334 4648 contra
3364 4596 3581 4664 Augus-

1886 4684 2075 4739 tinum
2099 4686 2270 4735 testes
2289 4681 2567 4751 producit,
2605 4682 2704 4752 qui
2733 4683 3141 4752 Augustiniani
3181 4682 3432 4736 nominis
3463 4685 3580 4734 stu-

1890 4769 2195 4825 diosissimi
2224 4784 2450 4838 semper
2492 4768 2671 4822 fuere.
2706 4770 2876 4823 Initio
2905 4776 3095 4824 autem
3142 4786 3240 4823 eos
3282 4773 3450 4823 testes
3480 4784 3584 4820 no-

1890 4860 2074 4914 minat
2122 4857 2328 4928 quibus
2382 4856 2604 4926 judices
2666 4857 2773 4928 ipsi
2823 4862 3148 4929 assurgunt.
3217 4855 3584 4911 Caelestinum

1892 4964 2121 5021 papam,
2168 4947 2267 5017 qui
2316 4946 2373 5000 in
2424 4947 2664 5017 epistota
2719 4949 2789 5001 ad
2855 4950 3149 5019 episcopos
3201 4944 3414 5009 Gallim,
3472 4958 3587 4996 non

1895 5037 2240 5101 universam,
2271 5038 2336 5088 ut
2369 5039 2552 5105 putat,
2593 5036 2899 5106 Augustini
2937 5034 3251 5090 doctrinam
3296 5029 3586 5100 approba-

1895 5125 1994 5191 vit,
2027 5123 2123 5177 sed
2150 5127 2329 5176 certas
2360 5126 2582 5176 tantum
2609 5123 2883 5193 quasdam
2922 5119 3230 5175 sententias
3274 5117 3345 5170 de
3385 5116 3593 5186 quibus

1901 5214 2060 5268 nulla
2112 5211 2283 5265 modo
2329 5210 2715 5264 controversia
2756 5213 2858 5262 est.
2907 5210 3114 5260 Verum
3162 5203 3427 5272 pluribus
3471 5204 3594 5257 haec

1903 5317 2004 5355 suo
2034 5298 2272 5353 inferius
2299 5298 2422 5350 loco
2453 5312 2576 5366 cap.
2603 5299 2633 5350 8
2662 5295 2823 5348 nobis
2853 5292 3227 5347 examinanda
3256 5295 3408 5346 sunt.
3437 5292 3596 5346 Idem

1905 5391 2101 5459 postea
2149 5382 2433 5439 subnectit
2463 5384 2803 5453 purpuratos
2838 5378 3087 5433 Vaticani
3124 5382 3353 5433 senatus
3383 5381 3596 5445 Patres,

1913 5490 2120 5546 nempe
2162 5471 2489 5539 Baronium,
2531 5469 2876 5537 Sadoletum,
2923 5468 3402 5533 Bonaventuram,
3450 5468 3604 5539 Caje-

3253 5582 3337 5638 24
