3894 6184
382 248 484 302 747

1397 239 1950 296 SUPPLEMENTUM
1993 239 2085 329 an
2120 239 2353 295 ornas.
2390 240 2444 292 s.
2491 237 2871 293 AUGUSTINI.
3377 218 3379 222 ’
3727 247 3801 298 us

379 374 602 435 tanum,
642 365 978 422 Perroninm
1008 369 1064 419 et
1095 363 1416 430 Valerium;
1443 363 1513 417 de
1543 363 1752 434 quibus
1782 362 2071 434 sigillatim
2099 363 2145 418 A
2183 367 2348 428 serte,
2399 360 2726 427 clarissime,
2774 360 2915 414 citra
2955 359 3225 430 ambages
3267 360 3552 415 cardinalis
3596 379 3799 432 pronun-

375 460 752 533 judicandum
795 463 898 513 est.

387 566 414 636 §
441 567 484 621 Ι.
515 563 759 620 Baronii
785 579 853 636 ac
879 558 1140 636 Sgdoleti
1161 557 1487 614 tes-limonia
1515 574 1782 636 expensa.
1812 555 2082 636 Ludovici

456 635 630 690 Denii
677 632 1092 706 prOUSadoleto
1138 637 1341 685 contra
1387 633 1651 684 sanctum
1693 632 2080 700 Augustinum

452 707 608 761 dicta
644 704 1016 774 refellunlur.

450 810 633 880 Igitur
687 810 966 872 Annatus,
1021 805 1119 859 lib.
1170 822 1287 872 vui,
1344 822 1467 876 cap.
1523 809 1578 873 2,
1621 804 1701 859 ait
1745 804 2077 871 Baronium,

379 903 687 969 postquam
715 901 872 949 tomo
907 896 970 957 V,
1009 895 1079 948 ad
1119 911 1338 948 annum
1382 897 1508 956 431,
1542 895 1740 948 retulit
1776 894 1874 948 illa
1909 894 2082 948 verba

381 985 669 1041 Coelestini
701 984 761 1037 in
791 985 906 1038 tino
937 983 1194 1053 epistola:
1225 983 1294 1036 ad
1337 983 1531 1037 Gallia:
1571 982 1866 1052 episcopos
1898 998 1910 1034 :
1955 986 2082 1037 Pro-

380 1075 662 1142 fundiores
693 1078 890 1140 autem,
923 1076 1054 1139 etc.,
1086 1071 1272 1125 dicere
1307 1088 1319 1125 :
1354 1089 1384 1123 «
1417 1071 1529 1137 llis,
1557 1071 1815 1142 inquam,
1849 1071 2080 1141 protite-

380 1167 475 1216 tur
503 1162 905 1233 profundiores
935 1160 1278 1231 qumstiones
1307 1160 1432 1213 illas
1463 1160 1532 1214 de
1573 1160 2081 1230 prtedestinatione

382 1257 708 1307 sanctorum
761 1266 1126 1321 nequaquam
1158 1249 1228 1302 ab
1269 1249 1578 1318 apostolica
1623 1249 1756 1303 sede
1794 1248 2078 1314 deﬁnitas,

339 1377 342 1380 .
380 1340 622 1410 illasque
651 1342 876 1393 tantum
907 1354 1027 1392 esse
1069 1337 1362 1402 stabilitas,
1394 1352 1523 1407 quas
1554 1336 1623 1390 ad
1654 1336 2080 1390 condemnatio-

383 1446 514 1484 nem
555 1446 814 1483 errorum
866 1427 999 1482 satis
1021 1443 1186 1498 posse
1213 1426 1472 1479 sufficere
1503 1425 1850 1480 viderentur.
1889 1447 1910 1474 ι
1945 1425 2082 1489 Qui-

382 1518 484 1572 bus
528 1516 774 1570 recitatis
824 1516 982 1570 addit
1022 1519 1310 1569 Annatus:
1347 1533 1373 1564 ‹‹
1415 1513 1514 1566 ilic
1551 1531 1686 1583 ergo
1717 1530 1910 1583 quaero
1950 1529 2080 1583 quas

384 1607 498 1661 sint
533 1606 645 1659 illa:
699 1608 995 1658 auctorum
1039 1603 1383 1674 quaestiones
1434 1603 1502 1655 de
1553 1601 2074 1673 prmdestinatione,

384 1709 626 1763 quarum
666 1692 905 1746 liberam
955 1691 1281 1745 afﬁrmandi
1325 1695 1422 1745 aut
1468 1691 1720 1762 negandi
1749 1691 2076 1744 facultatem

382 1780 714 1836 Coelesliuus
752 1780 905 1845 facit,
950 1780 1257 1850 interprete
1309 1780 1570 1834 Baronio.
1615 1799 1642 1830 »
1690 1778 2078 1833 Allucinatum

379 1874 519 1939 puto
561 1870 714 1922 hunc
741 1869 1134 1935 recentiorem,
1171 1868 1268 1938 qui
1313 1885 1378 1921 ea
1409 1868 1477 1922 de
1531 1867 1775 1920 Baronio
1825 1867 2080 1936 publicat

380 1974 509 2028 quas
563 1956 658 2011 ille
716 1972 1000 2027 nusquam
1058 1957 1318 2010 asseruit.
1381 1955 1602 2010 Etenim
1660 1955 2078 2010 eruditissimus

379 2045 619 2114 scriptor
645 2044 829 2113 capita
871 2043 968 2096 illa
999 2042 1282 2097 Coelestini
1312 2043 1563 2113 epistolae
1613 2060 1830 2096 annexa
1861 2060 2076 2114 nequa-

380 2149 554 2203 quam
615 2130 916 2186 leestino
977 2132 1085 2201 ipsi
1135 2130 1412 2200 ascripsit,
1467 2131 1565 2185 sed
1623 2133 1889 2201 Prosperi
1956 2148 2078 2186 esse

379 2222 539 2290 dixit,
567 2221 659 2284 ita,
688 2223 842 2274 enim
893 2221 972 2274 ibi
1021 2221 1098 2274 ait
1130 2237 1142 2273 :
1179 2240 1205 2270 «
1255 2221 1538 2273 Putautur
1584 2219 1682 2272 illa
1729 2220 1914 2290 capita
1957 2237 2077 2275 esse

378 2308 663 2379 Prosperi,
693 2306 794 2377 qui
815 2311 877 2360 ut
897 2306 1158 2376 profiteri
1187 2306 1431 2371 videtur,
1455 2322 1520 2359 ea
1543 2306 1769 2375 collegit
1789 2323 1855 2359 ex
1885 2307 2078 2360 decre-

381 2397 450 2451 tis
490 2397 879 2450 Romanorum
925 2395 1281 2465 pontificum,
1323 2394 1608 2464 simulque
1652 2395 1901 2448 conciliis
1937 2395 2079 2448 Afri-

379 2485 553 2550 canis,
597 2484 693 2538 ubi
729 2483 884 2537 idem
929 2488 1128 2536 auctor
1176 2483 1297 2536 haec
1345 2483 1518 2536 habet
1546 2483 1606 2536 in
1646 2483 1802 2537 ﬁne:
1851 2486 2080 2550 Profun-

381 2575 557 2628 diores
575 2589 695 2626 vero
726 2571 1173 2642 dx‘fﬁcilioresque
1199 2577 1404 2640 partes,
1431 2575 1541 2625 etc.
1584 2592 1611 2621 »
1649 2573 1713 2625 Et
1742 2577 1931 2624 tamen
1968 2575 2078 2625 An-

379 2667 548 2717 natus
580 2661 750 2714 audet
779 2660 1061 2713 affirmare
1107 2660 1414 2713 Baronium
1463 2660 1542 2713 ita
1581 2660 1868 2714 leestini
1910 2661 2079 2714 verba

379 2751 839 2821 interpretatum,
872 2765 1000 2802 cum
1033 2748 1234 2802 eadem
1266 2750 1546 2818 Prospero
1571 2747 1916 2815 attribuerit,
1959 2749 2077 2803 imo

379 2855 482 2893 nec
525 2838 667 2892 citra
706 2836 944 2890 dubium
987 2835 1142 2889 illius
1179 2835 1378 2905 capitis
1425 2837 1580 2889 hunc
1623 2853 1743 2890 esse
1789 2842 2075 2891 auctorem

377 2945 627 2984 asserere
697 2943 866 2981 ausus
917 2927 1005 2993 sit,
1069 2929 1260 2995 putari
1305 2931 1526 2980 tantum
1587 2926 1745 2981 dixit.
1810 2931 1897 2980 An
1949 2944 2148 3003 veroc

378 3019 617 3087 Prosper
657 3021 714 3069 et
751 3014 1026 3068 Baronius
1065 3013 1443 3084 quaestionem
1481 3016 1634 3068 illam
1670 3016 1739 3069 de
1785 3017 2078 3085 praedesti-

379 3101 610 3154 natione
648 3101 717 3154 ad
753 3101 992 3171 gloriam
1034 3100 1156 3154 sine
1187 3101 1528 3154 meritorum
1559 3101 1896 3172 praevisione
1943 3119 2077 3156 con-

384 3191 471 3240 tra
535 3192 797 3239 sanctum
853 3185 1238 3255 Augustinum
1304 3186 1510 3239 resolvi
1577 3187 1752 3257 possit
1799 3189 1939 3242 citra
1994 3206 2078 3243 re-

378 3275 820 3346 prehensionem
871 3273 1230 3341 afﬁrmarint,
1271 3273 1446 3326 iidem
1489 3291 1592 3328 nos
1633 3276 1887 3332 doceant.
1942 3279 2076 3333 San-

379 3368 499 3417 ctus
539 3365 796 3433 Prosper,
839 3363 910 3416 ad
957 3363 1091 3416 dub.
1131 3366 1194 3416 10
1240 3363 1650 3428 Genuensium,
1696 3366 1820 3419 ait:
1851 3371 2076 3438 Augus-

379 3451 533 3504 tinus
564 3470 592 3501 ‹‹
640 3451 737 3520 pia
773 3455 966 3505 tamen
996 3451 1392 3522 constantique
1429 3451 1687 3506 doctrina
1715 3454 2078 3511 abundanter

376 3538 638 3608 probavit
681 3539 1105 3608 prmdicandam
1146 3555 1268 3592 esse
1318 3539 1579 3594 Ecclesia:
1618 3542 2075 3611 prmdestinatio-

376 3641 532 3693 nem,
578 3625 639 3678 in
681 3641 795 3695 qua
839 3629 924 3679 est
976 3625 1174 3696 gratias
1223 3627 1587 3697 praeparatio,
1638 3633 1694 3681 et
1743 3629 1987 3698 gratiam
2017 3629 2078 3683 in

379 3735 492 3789 qua
530 3724 616 3774 est
649 3720 1167 3790 prmdestinationis
1201 3721 1447 3788 effectus,
1483 3727 1536 3776 et
1576 3725 1934 3793 prsescientia
1978 3726 2077 3779 Dei

378 3824 492 3879 qua
530 3813 659 3862 ante
698 3811 901 3864 secula
939 3815 1154 3864 aeterna
1192 3811 1399 3882 quibus
1438 3816 1588 3866 esset
1624 3813 1936 3868 collaturus
1975 3830 2079 3868 sua

377 3897 526 3951 dona
561 3899 862 3969 praescivit,
894 3901 1056 3970 cujus
1088 3901 1515 3970 praedicationis
1559 3901 1819 3972 quisquis
1859 3905 1942 3955 est
1969 3901 2076 3954 im-

371 3989 682 4055 pugnator,
709 3986 1100 4055 apertissimus
1138 3991 1222 4040 est
1253 3988 1572 4058 Pelagiana:
1605 3988 1868 4043 elationis
1919 3989 2076 4059 adju-

372 4080 535 4125 tor.»
573 4073 844 4126 Barouius
873 4089 1026 4140 vero,
1067 4078 1205 4128 tom.
1244 4075 1334 4142 VI,
1365 4076 1436 4128 ad
1489 4091 1706 4130 annum
1749 4078 1873 4143 490,
1917 4081 2077 4146 post-

371 4176 546 4231 quam
612 4159 754 4213 dixit
791 4177 988 4215 omnes
1042 4164 1237 4216 Patres
1291 4164 1559 4217 adversus
1622 4165 1811 4218 Fausti
1869 4165 2073 4234 scripta

2190 452 2309 515 tiet,
2338 450 2675 520 appellanda
2705 454 2790 502 est
2817 449 2909 501 hic
2930 447 3138 502 Annati
3169 446 3325 515 fides,
3353 448 3446 518 qui
3470 451 3549 502 vel
3575 451 3630 504 in
3657 454 3802 520 primo

2190 545 2330 593 teste
2364 539 2724 609 producendo
2764 536 3119 608 apertissime
3175 541 3336 589 errat.
3385 539 3661 606 Augustini
3693 544 3807 594 salsa

2188 644 2280 682 res
2310 633 2412 690 est,
2461 626 2780 681 adversario
2836 625 3000 679 initio
3050 640 3234 677 causae
3283 623 3528 678 falsitatis
3579 628 3804 683 convicto.

2190 717 2252 770 In
2283 715 2480 769 limine
2509 714 2746 785 impegit
2775 718 3064 778 Annatus;
3101 712 3402 764 infaustum
3419 729 3600 766 omen.

2259 806 2415 858 Alter
2460 803 2618 858 testis
2656 805 3004 873 purpuratus
3055 799 3382 871 producitur
3419 801 3638 854 Iacobus
3680 801 3810 857 Sado-

2190 894 2356 957 letus,
2388 893 2486 964 qui
2518 893 2615 948 lib.
2652 909 2686 945 ιι
2719 892 2777 945 in
2809 891 2987 960 Epist.
3027 889 3096 943 ad
3132 889 3328 954 Rom.,
3363 888 3807 959 interpretansilla

2190 983 2393 1037 Pauli:
2428 984 2571 1047 Quos
2596 983 2887 1051 praesciuit,
2953 985 3039 1032 etc
3061 1019 3096 1044 .,
3133 978 3253 1032 haec
3311 979 3385 1032 ait
3438 979 3690 1033 referente
3730 984 3811 1033 An-

2191 1076 2324 1125 nato
2356 1086 2484 1140 pag.
2521 1072 2624 1124 860
2653 1085 2666 1122 :
2703 1089 2729 1120 «
2761 1070 2834 1122 Ex
2867 1069 3042 1122 altera
3070 1083 3297 1139 quoque
3329 1071 3503 1136 parte,
3533 1071 3585 1120 et
3611 1067 3651 1120 si
3677 1067 3733 1120 ab
3765 1085 3812 1121 ea

2192 1162 2302 1212 stat
2329 1159 2528 1212 doctor
2548 1157 2848 1224 maximus,
2899 1156 3166 1227 idemque
3224 1155 3578 1226 gravissimus
3623 1161 3671 1209 et
3717 1173 3811 1209 san-

2191 1247 2472 1302 ctissimus
2501 1247 2586 1299 vir
2625 1248 2638 1316 (
2665 1245 3018 1316 Augustinus
3047 1245 3087 1314 ),
3113 1250 3307 1298 tamen
3334 1244 3534 1298 durum
3555 1244 3808 1298 admodum

2192 1337 2332 1390 mihi
2361 1336 2604 1398 videtur,
2638 1336 2904 1406 quodque
2932 1332 3090 1387 illabi
3115 1348 3230 1386 non
3260 1332 3420 1386 facile
3449 1336 3610 1402 queat
3637 1332 3693 1386 ad
3718 1349 3813 1385 sen-

2191 1451 2284 1489 sus
2315 1439 2556 1500 nostros,
2589 1433 2635 1486 si
2662 1433 2898 1486 omnino
2930 1449 2964 1485 a
2991 1431 3154 1485 nobis
3187 1430 3333 1483 nihil
3372 1429 3442 1483 sit
3492 1429 3631 1500 quod
3677 1430 3817 1483 valeat

2189 1523 2262 1576 ad
2310 1523 2676 1576 obtinendam
2720 1520 3053 1591 gratiamin
3107 1517 3230 1590 pari
3279 1516 3590 1571 conditione
3633 1522 3814 1570 cuncto-

2190 1628 2338 1678 rum,
2371 1611 2450 1664 ita
2487 1610 2766 1681 quosdam
2815 1609 2951 1680 eligi
3007 1612 3066 1662 ut
3121 1607 3316 1661 caeteri
3354 1607 3411 1659 in
3457 1605 3738 1658 calamitate
3779 1612 3817 1657 et

2190 1700 2399 1754 damno
2432 1700 2830 1764 destituantur,
2866 1721 2885 1746 ιο
2921 1705 3026 1751 etc.
3061 1698 3270 1750 Verum
3298 1695 3393 1748 ubi
3423 1694 3481 1746 in
3510 1693 3707 1747 Baronii
3732 1699 3815 1746 les~

2186 1789 2426 1843 timonio
2474 1788 2770 1843 recitando
2802 1788 3007 1841 falsum
3040 1790 3331 1840 Annatum
3386 1784 3634 1848 vidimus,
3673 1783 3746 1836 hic
3784 1783 3816 1834 si

2187 1894 2304 1931 non
2347 1877 2624 1940 invidum,
2681 1876 2878 1929 saltem
2926 1875 3316 1944 negligentem
3361 1872 3516 1925 liceat
3568 1872 3816 1940 appellare,

2186 1966 2284 2037 qui
2333 1966 2547 2020 delatas
2598 1981 2631 2018 a
2672 1964 2936 2018 Sadoleto
2984 1962 3308 2032 Augustino
3362 1961 3548 2014 laudes
3597 1959 3815 2022 decurtat,

2184 2053 2344 2107 testis
2374 2053 2550 2123 ipisus
2579 2051 2764 2106 verbis
2793 2051 2947 2105 haud
2985 2050 3231 2104 ﬁdeliter
3264 2048 3533 2120 repetitis.
3577 2047 3688 2100 Haec
3724 2045 3817 2098 seri.

2185 2141 2270 2196 bit
2297 2141 2595 2196 Sadoletus
2624 2157 2636 2194 :
2669 2141 2774 2195 Sed
2803 2156 2870 2193 ca:
2898 2141 3072 2193 altera
3105 2154 3320 2207 quoque
3357 2142 3534 2206 parte,
3563 2140 3606 2189 et
3633 2137 3676 2188 si
3698 2135 3751 2187 ab
3772 2150 3815 2186 ea

2185 2233 2296 2282 stat
2344 2244 2545 2281 DOCTOR
2593 2243 2806 2281 OMNIUM
2851 2243 3114 2294 uaxmus,
3154 2225 3407 2292 idemque
3452 2223 3816 2290 gravissimth

2184 2318 2556 2370 sanctissimus
2586 2318 2690 2382 vir,
2729 2320 2834 2369 etc.
2877 2313 3041 2368 Vides
3085 2313 3242 2367 verbi
3292 2313 3440 2366 illius
3482 2326 3670 2365 omnem
3696 2323 3815 2362 ener-

2185 2402 2360 2472 giam,
2408 2419 2519 2473 qua
2555 2403 2851 2460 Sadoletus
2880 2401 3098 2456 caeteris
3129 2401 3394 2455 Ecclesiae
3416 2399 3714 2455 doctoribus
3737 2402 3815 2449 Au-

2188 2492 2485 2562 gustinum
2535 2492 2884 2562 anteponit?
2912 2495 2985 2545 At
3014 2490 3154 2544 illud
3189 2489 3411 2543 Annati
3447 2490 3647 2542 calamo
3676 2485 3814 2547 hzesit,

2189 2581 2343 2650 quod
2375 2597 2508 2634 sane
2555 2597 2709 2643 casu,
2753 2596 2867 2633 non
2898 2579 3132 2632 consilio
3172 2578 3446 2632 accidisse
3496 2576 3818 2636 concederem,

2189 2670 2299 2723 nisi
2329 2670 2636 2724 adversarii
2663 2671 2724 2723 in
2763 2668 3147 2739 Augustinum
3190 2668 3427 2722 animus
3474 2668 3531 2720 in
3572 2666 3719 2718 aliam
3754 2677 3818 2714 me

2189 2757 2530 2810 sententiam
2579 2758 2844 2811 traheret.
2899 2756 3219 2822 Enimvero,
3262 2756 3310 2809 si
3357 2756 3563 2809 diceres
3615 2750 3818 2806 Suarium

2189 2846 2475 2900 doctorem
2523 2846 2859 2913 maximum,
2922 2844 3316 2916 eumdemque
3363 2842 3741 2915 gravissimum,
3775 2837 3816 2888 li-

2189 2935 2391 2988 benter
2433 2935 2491 2988 id
2532 2935 2844 2988 audiretur.
2896 2936 2968 2988 At
3013 2934 3061 2987 si
3111 2933 3353 2988 adderes
3397 2948 3513 2986 esse
3561 2930 3702 2982 illum
3747 2942 3818 2977 ou-

2188 3040 2322 3076 qu
2354 3023 2669 3077 maximum
2699 3041 2762 3077 ac
2793 3023 3216 3094 gravissimum,
3262 3023 3550 3092 ingentem
3592 3017 3666 3070 illi
3714 3013 3817 3068 invi-

2187 3111 2338 3164 diam
2370 3113 2666 3177 coullares,
2701 3110 2863 3180 quasi
2890 3110 3196 3181 Aquinate,
3249 3111 3441 3177 Scoto,
3484 3107 3706 3167 Alberto,
3749 3117 3820 3153 cuc-

2186 3197 2438 3268 terisque
2467 3197 2822 3268 principibus
2861 3198 3214 3252 scholasticis
3254 3197 3596 3269 superiorem
3639 3193 3817 3246 faceres.

2186 3285 2288 3338 Sed
2322 3285 2392 3337 ad
2422 3284 2749 3339 Sadoletum
2790 3285 3099 3340 veniamus.

2260 3373 2356 3426 llic
2389 3373 2630 3443 scriptor
2666 3389 2784 3426 non
2831 3373 3016 3428 solum
3053 3378 3252 3428 contra
3302 3371 3666 3444 Augustinum
3693 3407 3706 3432 ,
3753 3364 3820 3416 sed

2187 3468 2241 3514 et
2269 3467 2463 3516 contra
2492 3465 2783 3514 Annatum
2806 3461 2993 3531 ipsum
3024 3463 3372 3516 sententiam
3404 3461 3553 3516 dicit.
3598 3460 3818 3515 Annatus,

2185 3566 2306 3618 cap.
2346 3553 2365 3602 1
2400 3553 2455 3602 et
2482 3552 2536 3616 ‘2,
2568 3548 2741 3602 tradit
2779 3548 3040 3602 homines
3075 3549 3470 3620 prmdestinari
3506 3546 3618 3600 sine
3653 3540 3822 3598 meritis

2185 3637 2258 3690 ad
2303 3636 2565 3706 gratiam,
2609 3637 2977 3707 dicamusque,
3013 3637 3202 3706 inquit
3232 3654 3368 3708 pag.
3409 3639 3528 3698 860,
3567 3639 3677 3688 ante
3712 3644 3820 3699 prae-

2183 3727 2304 3778 cisa
2349 3728 2543 3779 merita
2592 3727 2826 3780 homines
2874 3727 2948 3780 ad
3014 3729 3258 3793 gratiam
3303 3723 3688 3795 prazdestinari,
3731 3718 3821 3784 post

2177 3814 2474 3880 praevisum
2512 3817 2690 3866 autem
2726 3813 2918 3866 bonum
2957 3828 3112 3868 usum
3151 3815 3350 3881 gratia;
3382 3806 3735 3881 prmdestinari
3770 3798 3822 3852 ad

2183 3902 2436 3968 gloriam,
2466 3906 2571 3955 etc.
2603 3904 2675 3955 At
2701 3901 2995 3956 Sadoletus
3025 3900 3244 3972 aliquid
3277 3901 3470 3954 meriti
3507 3898 3571 3952 ad
3616 3892 3824 3948 obtinen-

2184 3987 2314 4042 dam
2346 3989 2590 4058 gratiam
2623 3989 2826 4058 exigit;
2869 3988 3081 4041 fatetur
3119 3988 3276 4042 enim
3311 3989 3517 4042 durum
3549 3983 3646 4037 sibi
3671 3976 3822 4039 videri,

2184 4080 2233 4132 si
2261 4081 2476 4132 omnino
2504 4095 2539 4132 a
2565 4079 2719 4132 nobis
2756 4080 2898 4131 nihil
2945 4081 3017 4132 sit
3056 4079 3201 4147 quod
3239 4081 3421 4134 valeat
3445 4077 3516 4132 ad
3539 4069 3827 4146 obtinendam

2186 4181 2439 4219 GRA'I‘IAM.
2481 4166 2690 4228 Audin,
2746 4167 2985 4233 gratiam
3033 4165 3196 4233 dixit,
3257 4182 3375 4220 non
3429 4166 3684 4231 gloriam,
3729 4169 3826 4225 qua:

371 4248 742 4317 conspirasse,
784 4249 905 4302 haec
943 4250 1138 4304 addit:
1195 4270 1224 4301 ι(
1266 4253 1407 4304 Cum
1436 4250 1613 4319 igitur
1648 4252 2076 4320 Faustijsenten-
2105 4240 2151 4296 Ῑ)
2191 4267 2324 4305 sane
2368 4253 2553 4306 fuerat
2594 4252 2864 4306 damnata
2909 4252 3529 4324 Sami-Pelagianorum
3566 4247 3752 4321 opinio,
3784 4242 3826 4294 in

370 4333 467 4387 tite
492 4334 698 4404 ubique
730 4335 799 4388 ab
843 4336 1086 4389 Ecclesia
1135 4335 1312 4390 fuerit
1359 4338 1790 4402 contradictum,
1844 4339 2075 4394 videant

371 4425 586 4490 quanto
646 4422 901 4492 periculo
942 4423 1178 4493 quidam
1219 4439 1285 4476 ex
1325 4423 1760 4492 recentioribus,
1819 4425 1956 4480 dum
2008 4427 2070 4480 in

370 4512 670 4561 novatores
718 4509 1022 4579 insurgunt
1071 4513 1133 4562 ut
1177 4525 1272 4563 eos
1321 4510 1639 4579 confutent,
1668 4529 1702 4565 a
1746 4513 1924 4567 sancti
1969 4518 2073 4568 Au.

370 4593 588 4666 gustini
610 4595 678 4649 de
710 4597 1214 4666 praedestinatione
1269 4599 1549 4652 sententia
1590 4600 1885 4670 recedunt,
1940 4619 2071 4656 cum

369 4681 584 4752 alioqui
613 4700 772 4738 arma
800 4701 917 4738 non
946 4685 1132 4739 desint
1165 4686 1373 4757 quibus
1403 4687 1712 4742 adversarii
1753 4690 2066 4762 proﬂigen-

367 4775 488 4825 tur.
525 4788 552 4821 ››
578 4771 644 4824 Et
671 4775 863 4825 tamen
892 4771 960 4826 de
985 4773 1268 4828 sententia
1295 4775 1476 4829 sancti
1510 4774 1762 4830 doctoris
1807 4777 1876 4832 de
1929 4796 2070 4850 pree-

365 4858 746 4914 destinatione
771 4860 844 4914 ad
870 4860 1111 4931 gloriam
1132 4861 1253 4916 hare
1273 4865 1531 4918 Annatus
1556 4865 1730 4920 tradit
1757 4883 1771 4920 :
1810 4889 1831 4914 ι
1863 4867 2070 4932 Quam-

363 4946 446 5001 vis
482 4949 835 5019 Augustinus
890 4949 950 5003 in
1008 4951 1358 5006 contrarium
1401 4954 1776 5024 propendeat,
1826 4956 2067 5026 permit-

364 5037 540 5091 tenda
569 5043 763 5092 tamen
800 5037 908 5091 erit
944 5039 1117 5109 hujus
1165 5041 1496 5111 quaestionis
1543 5043 1945 5099 determinatio
1997 5047 2064 5099 li-

364 5124 516 5180 berte
545 5125 961 5196 disputantium
991 5127 1274 5198 electioni,
1308 5130 1462 5200 quod
1491 5131 1710 5185 censuit
1738 5131 1910 5186 etiam
1943 5149 2069 5186 car-

365 5211 570 5266 dinalis
598 5215 894 5283 Baronius,
931 5237 952 5264 ι
985 5231 1108 5286 cap.
1146 5219 1197 5285 1,
1227 5233 1358 5287 pag.
1401 5219 1529 5274 857.
1563 5218 1621 5272 Si
1665 5219 1832 5274 nobis
1870 5221 2064 5276 nullus

365 5305 512 5353 esset
552 5303 848 5357 oculorum
899 5320 1052 5372 usus,
1096 5321 1159 5358 ac
1187 5319 1257 5358 ea
1293 5309 1518 5358 tantum
1547 5307 1618 5361 de
1664 5308 1905 5363 Baronio
1940 5325 2062 5364 cre-

364 5387 631 5446 deremus
659 5406 790 5460 qua:
836 5392 905 5447 de
945 5393 1145 5448 eodem
1173 5392 1460 5448 recentior
1496 5394 1593 5450 ille
1630 5396 1906 5467 publicat,
1949 5401 2062 5452 Au-

363 5475 628 5545 gustinus
665 5478 810 5534 forte
848 5496 1018 5536 causa
1055 5481 1298 5551 caderet,
1329 5481 1429 5538 sed
1467 5498 1596 5538 cum
1623 5485 1946 5555 oppositum
1979 5487 2061 5541 di-

2186 4356 2358 4410 quam
2408 4341 2704 4395 Sadoletus
2736 4342 2926 4394 minus
2982 4347 3144 4396 caute
3185 4342 3445 4414 impegit.
3490 4345 3559 4395 At
3602 4335 3823 4410 quoniam

2182 4429 2476 4484 Sadoletus
2505 4436 2631 4502 post
2663 4431 2880 4484 editum
2929 4431 3136 4485 Aunati
3174 4432 3389 4488 librum
3436 4434 3730 4502 elegantem
3755 4420 3825 4475 ad-

2181 4522 2444 4570 vocatum
2482 4518 2722 4587 invenit,
2769 4519 3114 4574 Ludovicum
3144 4520 3397 4576 Donium
3440 4527 3573 4576 tom.
3604 4518 3671 4572 ΠΙ
3708 4513 3819 4566 Hist.

2181 4605 2252 4659 de
2280 4607 2692 4673 Cardinalibus,
2725 4623 2854 4678 pag.
2881 4609 3006 4675 206,
3050 4609 3148 4678 qui
3187 4625 3303 4664 non
3342 4613 3508 4666 modo
3545 4604 3822 4664 Sadoletum

2179 4692 2451 4760 defendit,
2481 4711 2676 4748 verum
2709 4695 2882 4750 etiam
2938 4713 3096 4751 num.
3145 4702 3245 4753 HO
3293 4706 3551 4753 sanctum
3600 4685 3822 4760 Augusti-

2178 4794 2318 4833 num
2349 4781 2538 4850 arguit
2565 4782 2718 4852 quod
2741 4782 2830 4837 hic
2862 4802 2890 4832 ‹‹
2913 4783 3052 4838 dum
3080 4789 3200 4840 toto
3223 4788 3460 4856 spiritus
3479 4802 3542 4838 ac
3566 4779 3823 4835 verborum

2177 4869 2380 4923 ardore
2412 4885 2514 4940 pro
2545 4871 2874 4925 defensione
2919 4872 3129 4926 divinas
3172 4874 3374 4943 gratia:
3422 4875 3629 4944 pugnat
3666 4864 3823 4919 adver-

2176 4973 2270 5010 sus
2320 4958 2654 5029 Pelagianos
2699 4961 2948 5016 liberum
3005 4962 3312 5016 arbitrium
3361 4977 3489 5016 cum
3537 4954 3726 5028 injuria
3763 4947 3826 5001 di-

2174 5045 2324 5101 vinae
2380 5048 2583 5117 gratim
2643 5051 3000 5116 extollentes,
3035 5051 3098 5104 in
3145 5052 3386 5104 alteram
3441 5047 3596 5120 quasi
3644 5045 3824 5098 foveam

2175 5135 2363 5189 delabi
2391 5136 2638 5206 videtur,
2693 5138 3000 5210 minusque
3048 5139 3340 5194 interdum
3387 5139 3645 5196 tribuere,
3683 5137 3824 5200 quam

2171 5239 2279 5294 par
2307 5223 2398 5292 sit,
2431 5225 2624 5280 libera:
2647 5226 2900 5280 hominis
2927 5227 3226 5283 voluntati.
3266 5250 3288 5276 υ
3347 5227 3525 5290 Quam
3569 5226 3822 5276 censuram

2175 5312 2241 5366 ad
2277 5314 2513 5368 verbum
2571 5315 2783 5369 Denius
2838 5316 3138 5386 exscripsit
3189 5331 3256 5370 ex
3315 5315 3467 5370 Sixto
3517 5305 3731 5367 Senensi
3775 5301 3822 5352 in

2170 5402 2393 5470 praefat.
2427 5403 2528 5458 lib.
2561 5419 2594 5458 v
2624 5403 2768 5459 Bibl.
2796 5408 3004 5459 sanctas
3029 5420 3042 5459 :
3072 5405 3186 5460 imo
3234 5419 3305 5459 ex
3345 5402 3564 5458 Juliano
3599 5388 3819 5452 infensis-

2171 5490 2316 5547 simo
2365 5492 2462 5547 illo
2508 5493 2810 5563 Augustini
2856 5494 3019 5550 hoste
3077 5493 3228 5565 apud
3274 5497 3527 5549 sanctum
3572 5487 3815 5540 doctorem
