3946 6176
104 273 193 324 749

1343 258 1669 314 VlNDICUE
1706 259 2259 318 AUGUSTINIANZE.

3458 271 3564 323 750

102 395 188 448 lib.
214 407 248 444 ιι
274 389 336 443 de
366 386 529 454 Nupt.
573 387 629 437 et
657 399 919 454 concup.,
951 399 1073 455 cap.
1107 388 1159 439 3.
1217 382 1423 451 Quare,
1484 390 1547 438 ut
1579 386 1751 455 hujus
1781 388 1825 442 A
1862 385 2039 439 Instit.
2092 387 2381 454 monach.,
2438 404 2561 457 cap.
2611 390 2695 453 18,
2753 388 2852 443 ubi
2905 389 3011 443 ait:
3056 411 3082 439 α
3128 391 3253 444 Νοιι
3297 392 3562 446 omnibus

104 480 244 536 testis
270 476 329 530 ab
354 477 569 528 Annato
624 472 886 526 conducti
943 478 1000 526 et
1049 490 1080 525 a
1121 472 1296 526 Denio
1343 473 1557 527 defensi
1597 491 1757 528 error

105 568 375 639 aperiatur,
426 561 678 631 ejusdem
719 560 1001 615 sententia
1043 562 1113 633 de
1154 561 1333 616 initiis
1371 562 1503 616 ﬁdei
1541 581 1603 617 ac
1629 564 1756 617 reli-

105 671 315 728 quarum
338 652 602 704 virtutum
644 651 810 703 nobis
840 651 1209 704 monstranda
1254 656 1339 705 est
1371 667 1384 703 :
1438 667 1573 705 nam
1612 653 1660 705 si
1689 670 1755 706 ea

103 748 153 800 in
183 742 422 814 opinione
452 739 717 793 eumdem
772 740 842 793 ad
898 739 1412 810 Semi-Pelagianos
1458 741 1753 795 accessisse

101 831 524 895 monstrabimus,
558 829 685 900 quis
716 829 902 883 statim
926 845 1039 883 non
1068 830 1350 900 intelliget
1380 832 1591 885 nullius
1620 832 1754 886 ﬁdei

99 923 323 994 ejusdem
353 918 744 973 testimonium
784 918 1003 985 haberi,
1061 918 1276 989 quippe
1321 920 1422 989 qui
1468 936 1598 974 cum
1643 925 1754 975 Au-

99 1010 279 1083 gustini
314 1007 563 1062 hostibus
589 1006 976 1076 conspiravit?
1005 1006 1241 1077 Scripsit
1282 1008 1524 1062 Jacobus
1576 1009 1751 1063 Sado-

102 1102 220 1154 letus
243 1096 682 1152 Commentarios
720 1096 783 1148 in
829 1094 1075 1165 Epistola
1116 1096 1273 1149 Pauli
1324 1097 1392 1150 ad
1440 1097 1749 1164 Romanos,

96 1189 177 1242 ubi
218 1202 336 1239 cum
387 1185 455 1238 ab
486 1183 790 1254 Augustini
821 1184 1111 1245 sententia
1149 1184 1219 1237 de
1254 1184 1752 1255 praedestinatione

97 1277 325 1330 recedere
351 1273 537 1339 vellet,
575 1272 645 1325 ad
675 1272 1195 1342 Semi-Pelagianos
1247 1273 1455 1327 misere
1502 1274 1751 1329 declina-

93 1366 173 1418 vit.
205 1365 261 1416 lu
286 1361 422 1415 illud
475 1359 735 1431 Apostoli
776 1376 900 1430 cap.
953 1376 1069 1427 Vlll,
1124 1376 1270 1414 vers.
1326 1364 1427 1417 20:
1489 1366 1753 1433 Quoniam

93 1467 201 1521 quos
227 1451 481 1520 prmovit
509 1453 559 1502 et
582 1448 975 1518 praede/inicit,
1017 1453 1146 1515 etc.,
1191 1449 1314 1503 haec
1348 1450 1573 1506 scribit:
1605 1470 1632 1503 «
1664 1452 1753 1506 Sic

93 1540 210 1594 illud
243 1539 401 1605 addo,
426 1554 499 1590 ne
530 1537 587 1590 in
614 1536 814 1590 eodem
846 1536 1079 1607 quidem
1109 1538 1255 1591 facto
1313 1538 1556 1609 intelligi
1585 1557 1617 1593 a
1646 1557 1749 1593 no-

92 1630 162 1683 bis
186 1629 297 1698 ejus
324 1625 680 1696 sapientiam,
709 1625 756 1678 si
786 1625 943 1678 nulla
970 1642 1139 1679 causa
1166 1642 1230 1679 ac
1277 1627 1494 1680 ratione
1548 1628 1749 1681 discri-

93 1732 203 1769 men
238 1713 486 1778 faciente,
538 1712 677 1767 alios
720 1713 1007 1782 improbet
1054 1712 1383 1784 rejiciatque
1430 1715 1500 1768 ad
1554 1715 1749 1769 interi-

91 1809 209 1867 tum,
243 1803 375 1856 alios
405 1802 475 1855 ad
503 1803 744 1855 salutem
770 1806 827 1854 et
848 1801 1089 1871 gratiam
1138 1818 1300 1855 suam
1330 1802 1588 1872 recipiat,
1620 1820 1749 1858 cum

90 1892 179 1944 isto
223 1906 379 1959 agere
426 1889 601 1943 modo
632 1894 802 1958 atque
855 1888 1081 1958 operari
1131 1905 1290 1942 casus
1344 1891 1533 1960 potius
1577 1908 1751 1962 quam

92 1980 283 2033 consilii
310 1996 426 2032 esse
457 1978 737 2031 videatur.
771 1998 792 2025 ι
828 1979 911 2030 Ita
948 1980 1065 2031 vult
1101 1995 1165 2031 ex
1195 1983 1356 2047 parte
1404 1980 1568 2033 liberi
1600 1981 1750 2034 arbi-

92 2067 169 2119 trii
208 2066 413 2137 aliquid
451 2065 591 2120 boni
649 2066 992 2135 praecedere,
1028 2070 1086 2119 ut
1140 2066 1322 2135 gratia
1376 2068 1510 2121 huic
1561 2069 1752 2139 potius

92 2171 240 2224 quam
269 2155 426 2209 alteri
458 2155 727 2210 donetur.
766 2155 895 2207 Haac
920 2155 1089 2224 plane
1121 2155 1420 2209 Cassianus
1448 2157 1750 2223 sentiebat,

94 2244 232 2312 cujus
283 2244 348 2297 de
404 2246 521 2299 Deo
576 2244 749 2297 verba
795 2247 927 2296 sunt
974 2244 1161 2299 collat.
1198 2247 1282 2311 13,
1330 2261 1454 2314 cap.
1491 2249 1643 2298 12m
1674 2248 1753 2300 Ne

94 2332 289 2401 penitus
316 2333 622 2386 dormienti
653 2337 754 2386 aut
788 2332 958 2386 inerti
997 2332 1112 2386 otio
1144 2331 1417 2387 dissoluto
1479 2350 1580 2387 sua
1608 2335 1755 2388 dona

93 2421 315 2473 conferre
362 2421 641 2485 videatur,
672 2420 993 2474 occasiones
1023 2421 1445 2491 quodammodo
1495 2439 1755 2487 quaerens

94 2507 273 2576 quibus
297 2509 567 2562 humanae
594 2506 860 2577 segnitiei
912 2523 1149 2577 corpore
1179 2508 1429 2562 discusso
1461 2525 1576 2563 non
1606 2511 1753 2564 irra-

91 2594 290 2649 tionalis
343 2596 754 2650 muniﬁcentiae
809 2613 926 2650 suae
982 2597 1215 2666 largitas
1279 2598 1559 2663 videatur,
1618 2599 1756 2652 dum

92 2698 198 2736 eam
227 2684 323 2738 sub
352 2686 545 2740 colore
575 2685 872 2755 cujusdam
901 2685 1168 2739 desiderii
1195 2701 1259 2739 ac
1288 2686 1497 2739 laboris
1549 2686 1757 2756 imper-

91 2771 163 2824 tit.
193 2773 505 2828 »Afﬁrmat
554 2778 746 2827 tamen
802 2773 1015 2828 ibidem
1071 2774 1368 2827 Sadoletus
1418 2774 1540 2828 htec
1592 2774 1759 2828 initia

90 2858 232 2913 bona:
260 2863 584 2928 voluntatis,
622 2879 750 2933 quae
781 2878 883 2915 nos
937 2878 1042 2932 per
1097 2878 1200 2915 nos
1257 2862 1413 2931 ipsos
1464 2863 1755 2930 ponimus,

1780 1680 1822 1733 B

1865 491 1979 529 una
2006 475 2190 545 gratia
2214 476 2455 546 Spiritus
2486 478 2664 531 sancti
2694 477 2983 544 tribuitur,
3031 480 3127 532 sed
3164 480 3233 533 ad
3289 497 3458 550 quam
3501 498 3559 535 sc

1865 565 2257 635 unusquisque
2286 566 2469 619 studio
2502 568 2586 620 vel
2614 566 2894 621 industria
2922 585 3017 621 sua
3058 569 3299 638 dignum
3330 576 3557 638 aptum-

1864 668 1974 722 que
1996 653 2326 721 praebuerit.
2362 673 2387 704 »
2423 656 2701 708 Praeterea
2729 656 3026 710 Sadoletus
3066 657 3124 709 in
3155 662 3326 726 caput
3356 675 3407 711 ιχ
3437 675 3556 711 me-

1864 746 2148 795 moratum
2174 743 2297 795 haec
2324 742 2525 795 habet:
2562 762 2589 794 «
2621 745 2761 797 Nam
2801 761 2931 798 cum
2972 746 3075 799 sub
3118 746 3388 800 servitute
3420 763 3548 817 pec-

1863 830 1971 882 cati
1986 829 2119 907 nnati
2146 846 2247 883 nos
2278 830 2474 896 simus,
2526 847 2712 901 neque
2742 837 2936 885 nostra
2967 850 3073 903 ope
3101 851 3164 888 ex
3201 834 3299 888 illo
3331 836 3558 888 nostris-

1863 933 1974 988 que
2037 918 2250 971 viribus
2302 935 2597 989 emergere
2652 924 2820 990 atque
2892 922 3093 991 ejicere
3176 924 3558 993 nosmetipsos

1862 1024 2158 1078 queamus,
2190 1008 2453 1062 volumus
2485 1008 2718 1080 quidem
2752 1026 2815 1062 nx
2847 1026 3002 1063 NOBIS
3048 1011 3240 1077 etiam,
3299 1018 3355 1066 et
3400 1012 3559 1066 adni-

1860 1097 2056 1163 timur,
2090 1102 2482 1151 verumtamen
2513 1099 2581 1151 ad
2626 1099 3087 1169 consurgendum
3145 1100 3245 1153 Dei
3276 1118 3383 1171 ope
3414 1102 3556 1156 indi-

1863 1202 2084 1256 gemus,
2146 1187 2245 1256 qui
2298 1203 2607 1240 TENDENTES
2664 1203 2892 1241 animum
2951 1188 3020 1241 ad
3068 1205 3186 1241 esse
3240 1205 3558 1260 corpusque

1863 1273 2162 1343 agitantes,
2192 1278 2253 1327 ut
2307 1276 2658 1343 evolvantur,
2710 1276 3096 1330 misericordia
3150 1294 3254 1331 sua
3305 1279 3555 1347 adjuvat,

1861 1361 2098 1431 ignavos
2127 1379 2260 1416 vero
2305 1370 2362 1416 et
2404 1364 2645 1431 desides,
2692 1380 2880 1434 neque
2938 1365 3254 1435 quidquam
3297 1372 3556 1435 agentes,

1862 1451 2237 1520 quamobrem
2269 1451 2513 1505 debeant
2540 1452 2845 1514 sublevari,
2880 1452 2939 1505 in
2970 1454 3123 1523 ipsos
3153 1453 3273 1507 luto
3331 1454 3556 1521 inﬁxos,

1860 1539 2227 1609 perditosque
2258 1540 2548 1609 relinquit.
2588 1560 2615 1590 »
2651 1543 2711 1593 In
2761 1542 2968 1610 quibus
3027 1544 3255 1613 egregie
3313 1542 3564 1596 concinit

1862 1628 2064 1681 Fausto
2092 1628 2713 1698 Semi-Pelagianorum
2743 1629 3063 1699 coryphzeo,
3094 1630 3193 1683 lib.
3227 1648 3243 1682 ι
3300 1632 3368 1684 de
3427 1632 3562 1685 Gra-

1859 1716 1939 1769 tia
1968 1720 2023 1768 et
2058 1715 2237 1769 libero
2284 1716 2428 1781 arb.,
2464 1733 2589 1786 cap.
2627 1720 2687 1769 17
2717 1732 2729 1769 :
2768 1736 2794 1767 ‹(
2825 1718 2887 1770 Et
2920 1718 2996 1770 ita
3029 1733 3108 1784 se,
3170 1718 3382 1789 inquit,
3441 1719 3553 1772 duo

1858 1805 1965 1858 ista
1994 1804 2368 1873 coniungunt,
2419 1804 2758 1858 attrahentis
2816 1805 2995 1859 virtus
3045 1810 3100 1859 et
3128 1806 3446 1860 obedientis
3477 1808 3561 1860 af-

1858 1893 2055 1957 fectus,
2111 1893 2396 1961 quomodo
2430 1892 2475 1946 si
2515 1910 2667 1964 aager
2700 1893 2908 1963 aliquis
2956 1911 3251 1964 assurgere
3298 1901 3559 1961 conetur,

1861 1981 2171 2034 etfacultas
2202 1982 2459 2034 animum
2508 1999 2623 2035 non
2670 1986 2960 2052 sequatur,
3010 1987 3065 2036 et
3107 1988 3412 2053 propterea
3455 1984 3565 2037 sibi

1860 2069 2080 2139 porrigi
2112 2070 2400 2123 dexteram
2430 2069 2793 2138 deprecetur.
2832 2090 2861 2119 (ι
2892 2071 3091 2125 Addit:
3132 2092 3159 2119 ‹‹
3180 2072 3475 2126 Assistenti
3507 2078 3564 2126 et

1860 2158 2082 2211 vocanti
2112 2158 2350 2211 Domino
2381 2158 2629 2210 famulus
2660 2174 2853 2212 MANUM
2884 2159 3037 2225 ﬁdei,
3072 2175 3185 2229 qua
3222 2161 3561 2227 attrahatur,

1864 2261 2147 2311 EXTENDIT,
2181 2250 2286 2298 etc.
2323 2264 2349 2295 »
2380 2248 2452 2298 At
2480 2245 2793 2309 Sadoletus,
2844 2261 2915 2299 ne
2958 2246 3162 2315 positis
3191 2247 3368 2300 initiis
3396 2248 3564 2302 bona),

1861 2333 2168 2388 voluntatis
2226 2350 2293 2386 ex
2341 2332 2555 2385 viribus
2585 2338 2807 2387 naturae
2864 2339 3075 2403 praeter
3112 2335 3213 2388 Dei
3261 2335 3559 2401 auxilium,

1863 2426 2110 2475 statuere
2156 2421 2398 2490 videtur,
2449 2421 2691 2491 gratiam
2749 2422 3105 2492 perfectioris
3159 2423 3386 2477 virtutis
3443 2423 3567 2477 dari

1865 2526 1933 2563 ex
1986 2509 2221 2575 meritis,
2281 2510 2473 2563 addit:
2520 2528 2546 2561 α
2598 2510 2686 2564 Sic
2725 2516 2987 2565 nostrum
3046 2512 3275 2565 credere
3325 2511 3565 2581 simplex

1864 2597 2007 2651 illud
2030 2603 2087 2650 et
2138 2598 2487 2665 inchoatum,
2539 2613 2652 2666 quo
2705 2598 2772 2652 ad
2805 2600 3185 2653 obediendum
3219 2601 3334 2653 Deo
3364 2598 3567 2669 incipi-

1866 2702 1993 2739 mus
2024 2685 2306 2751 inclinari,
2340 2702 2455 2738 non
2489 2685 2760 2739 continuo
2788 2687 2997 2739 mereri
3028 2692 3131 2753 est,
3166 2688 3263 2740 sed
3293 2691 3428 2740 tunc
3448 2703 3564 2741 me-

1866 2790 2062 2827 remur
2083 2789 2211 2826 cum
2234 2773 2445 2826 ﬁrmati
2462 2773 2523 2826 in
2544 2774 2696 2826 bona
2723 2774 3011 2827 voluntate
3027 2775 3094 2827 ab
3112 2775 3235 2844 ipso
3261 2776 3396 2840 Deo,
3419 2780 3563 2829 etc.»

1868 2863 1983 2915 Hoc
2009 2861 2222 2931 pariter
2248 2860 2729 2931 Sami-Pelagiani
2784 2862 3101 2928 tradebant,
3135 2879 3383 2932 quorum
3415 2863 3567 2933 prin-

91 2964 193 3001 esse
221 2950 361 3004 bona
412 2950 682 3021 quendam
731 2951 1081 3021 imperfecta,
1127 2966 1262 3004 nam
1291 2950 1553 3004 concedit
1580 2951 1756 3005 virtu-
1788 2969 1827 3024 ο
1867 2967 2016 3019 ceps,
2049 2950 2238 3002 collat.
2277 2952 2358 3015 l3,
2383 2965 2505 3018 cap.
2540 2953 2624 3014 13,
2645 2950 2756 3004 ait:
2784 2971 2813 2998 «
2840 2952 2985 3004 Dum
3000 2967 3121 3004 eam
3151 2951 3437 3020 (gratiam)
3458 2953 3562 3005 sub

90 3039 187 3089 tem
215 3039 525 3093 secundum
554 3039 643 3092 sui
694 3039 1104 3109 perfectionem
1151 3037 1273 3092 sine
1329 3039 1510 3108 gratia
1560 3039 1759 3093 haberi

90 3140 188 3177 non
213 3141 385 3195 posse.
422 3150 451 3176 ‹‹
485 3126 636 3181 Nihil
662 3126 834 3193 enim,
869 3127 1076 3197 inquit,
1105 3128 1418 3196 perfectum
1450 3143 1571 3181 esse
1593 3145 1626 3182 a
1655 3144 1758 3181 no-

90 3212 163 3266 bis
186 3220 376 3283 potest.
404 3216 519 3271 Sed
548 3232 751 3270 NOSTRA
780 3220 911 3269 sunt
953 3232 1117 3270 INITIA
1144 3219 1201 3270 et
1245 3215 1536 3286 cogitandi
1567 3222 1624 3269 et
1652 3232 1756 3270 vo-

89 3299 244 3357 lendi.
274 3308 451 3376 Atque
487 3304 569 3358 ita
596 3307 814 3373 nostra,
843 3309 909 3358 ut
940 3318 1208 3374 magnam
1254 3320 1482 3375 quoque
1536 3310 1759 3375 partem

90 3390 141 3442 in
168 3390 271 3444 illis
289 3393 542 3447 obtineat
569 3394 735 3447 Deus.
762 3393 955 3462 Ipsum
1008 3392 1161 3446 enim
1200 3393 1519 3446 necessario
1549 3409 1758 3463 propo-

90 3478 245 3532 situm
273 3481 426 3535 nobis
446 3481 753 3547 habemus,
779 3496 909 3533 cum
940 3480 1129 3550 ipsum
1170 3481 1433 3534 volumus
1489 3485 1547 3534 et
1600 3481 1759 3551 cogi-

88 3571 273 3634 tamus,
300 3576 362 3623 ut
389 3570 466 3623 sit
497 3569 618 3639 ipse
647 3569 808 3639 prius
838 3573 1166 3622 nostrarum
1208 3569 1621 3638 cogitationum
1669 3585 1761 3623 vo-

90 3653 459 3729 luntatumque
493 3657 953 3723 invitamentum,
977 3656 1049 3710 ad
1086 3672 1257 3726 quem
1289 3673 1416 3710 cum
1454 3658 1759 3711 inclinave-

89 3738 246 3794 rimus
273 3744 442 3813 ,quod
484 3742 700 3796 bonum
730 3742 1094 3812 propositum
1124 3746 1285 3795 vocat
1338 3742 1566 3808 Paulus,
1617 3743 1762 3795 velle

94 3826 276 3883 deinde
304 3834 359 3884 et
396 3829 632 3901 operari
662 3846 730 3883 ex
761 3829 858 3883 illo
888 3830 1038 3883 bono
1092 3828 1387 3900 proposito
1446 3845 1763 3884 paurecrws

90 3931 119 3967 a
138 3916 239 3970 Deo
268 3919 429 3973 nobis
462 3923 570 3985 est,
602 3934 735 3972 cum
780 3918 958 3988 ipsius
989 3934 1098 3987 ope
1128 3922 1185 3971 et
1215 3917 1465 3971 subsidio
1512 3918 1583 3971 ad
1612 3922 1762 3971 recte

93 4005 355 4073 agendum
408 4012 855 4077 constanterque
900 4006 1206 4061 volendum
1253 4009 1308 4058 et
1348 4004 1652 4060 fulciamur
1709 4010 1766 4060 et

91 4105 542 4160 praemoveamur.
576 4116 603 4146 »
664 4096 781 4149 Hoc
830 4094 1021 4165 ipsum
1074 4094 1353 4148 docebant
1415 4093 1762 4147 Semi-Pela-

92 4180 248 4250 giani,
274 4184 372 4255 qui
408 4184 577 4238 initia
604 4187 660 4237 et
687 4182 826 4237 boni
880 4186 1105 4237 tantum
1160 4182 1479 4253 imperfecti
1533 4182 1763 4236 inchoa-

1868 3038 2055 3091 colore
2078 3038 2375 3107 cujusdam
2404 3037 2666 3092 desiderii
2698 3043 2753 3091 et
2783 3039 2994 3092 laboris
3022 3038 3296 3108 impertit,
3333 3044 3388 3092 et
3416 3039 3563 3094 nihi-

1866 3126 2114 3180 lominus
2170 3126 2354 3196 gratia
2394 3126 2493 3179 Dei
2539 3142 2800 3180 cauum
2852 3132 3195 3196 perseveret,
3253 3127 3391 3181 dum
3451 3128 3566 3181 exi-

1868 3215 1993 3284 guis
2023 3214 2364 3285 quibusdam
2391 3213 2690 3284 parvisque
2721 3214 3017 3269 conatibus
3069 3219 3288 3268 tantam
3332 3214 3569 3270 immor-

1867 3302 2101 3357 talitatis
2130 3304 2391 3373 gloriam,
2451 3306 2607 3356 tanta
2658 3302 2928 3372 perennis
2985 3303 3358 3357 beatitudinis
3416 3304 3567 3357 dona

1870 3390 2255 3445 inaestimabili
2280 3390 2479 3445 tribuit
2516 3391 2802 3461 largitate.
2847 3409 2873 3442 «
2907 3390 3087 3444 Irrisit
3126 3392 3233 3445 hoc
3280 3391 3566 3446 subterfu-

1869 3481 2027 3550 gium
2056 3480 2408 3550 Augustinus
2438 3480 2536 3533 lib.
2577 3481 2644 3533 de
2682 3479 3185 3534 Prtedestinatione
3214 3485 3565 3547 sanctorum,

1869 3583 1992 3637 cap.
2024 3570 2058 3621 2
2094 3584 2106 3621 :
2143 3568 2323 3631 «Quis
2352 3572 2565 3634 autem,
2596 3567 2800 3637 inquit,
2832 3567 2981 3621 dicat
3009 3584 3142 3621 eum
3182 3568 3282 3636 qui
3316 3570 3436 3639 jam
3466 3584 3571 3622 coe-

1868 3656 1954 3726 pit
1982 3657 2233 3722 credere,
2292 3656 2489 3709 abillo
2530 3656 2589 3708 in
2628 3672 2801 3725 quem
2831 3655 3069 3709 credidit
3122 3656 3267 3710 nihil
3315 3656 3571 3711 mereri?

1875 3744 2031 3798 Unde
2061 3745 2127 3798 ﬁt
2156 3749 2217 3797 ut
2241 3745 2362 3815 jam
2407 3744 2649 3796 merenti
2687 3747 2894 3797 caetera
2948 3743 3211 3797 dicantur
3240 3745 3369 3798 addi
3396 3744 3572 3797 retri—

1871 3832 2107 3886 butione
2130 3832 2339 3892 divina,
2374 3848 2437 3884 ac
2484 3848 2586 3901 per
2638 3831 2746 3885 hoc
2799 3830 3043 3901 gratiam
3099 3831 3199 3884 Dei
3252 3831 3570 3884 secundum

1873 3922 2079 3974 merita
2107 3925 2302 3973 nostra
2330 3919 2469 3973 dari.
2508 3939 2535 3969 »
2568 3920 2704 3973 Vide
2744 3919 3012 3973 eumdem
3058 3919 3157 3974 lib.
3192 3936 3244 3973 ιν
3301 3921 3372 3973 ad
3404 3919 3571 3973 Boni—

1872 4007 2103 4073 facium,
2136 4023 2265 4076 cap.
2310 4010 2359 4059 6.
2397 4008 2471 4060 Ex
2498 4007 2584 4059 his
2614 4010 2771 4076 patet
2794 4007 3144 4074 Sadoletum,
3191 4006 3327 4060 dum
3358 4006 3575 4076 impru-

1872 4096 2074 4150 denter
2103 4095 2171 4149 ab
2212 4093 2518 4163 Augustini
2578 4094 2857 4148 sententia
2912 4094 3181 4160 deﬂectit,
3232 4094 3573 4149 Sami-Pela-

1874 4182 2057 4255 gianis
2085 4182 2408 4247 adhaesisse,
2443 4181 2543 4252 qui
2589 4180 2755 4235 initia
2807 4181 3071 4251 quaedam
3126 4181 3261 4235 ﬁdei
3316 4198 3379 4235 ac
3408 4180 3572 4234 bona:

96 4269 287 4327 tionem
316 4275 536 4329 viribus
564 4273 733 4328 liberi
783 4272 1005 4327 arbitrii
1061 4272 1428 4343 deputabant.
1487 4272 1768 4327 Audiatur
1806 4260 1850 4315 Ῐ)
1875 4271 2185 4327 voluntatis
2224 4270 2283 4324 in
2314 4270 2475 4325 nobis
2532 4286 2600 4324 ex
2629 4269 2791 4323 nobis
2832 4270 3175 4336 asserebant,
3225 4286 3369 4341 quos
3400 4273 3575 4323 Arau-

93 4356 229 4415 idem
256 4363 558 4417 Cassianus
584 4362 682 4416 lib.
714 4378 794 4416 xu
825 4362 894 4416 de
925 4360 1106 4415 Instit.
1139 4361 1426 4427 monach.,
1475 4376 1599 4431 cap.
1659 4364 1720 4414 14
1751 4376 1764 4415 :

97 4465 119 4494 α
144 4448 242 4503 Sed
267 4452 435 4522 plane
479 4450 934 4505 constantissime
963 4466 1079 4504 non
1130 4465 1276 4512 mea,
1324 4449 1423 4503 sed
1478 4448 1770 4503 seniorum

93 4540 353 4593 sententia
378 4539 618 4607 deﬁnio,
661 4553 1053 4593 rsnrscrrouw
1083 4537 1320 4608 quidem
1361 4536 1484 4591 sine
1536 4536 1624 4591 his
1653 4553 1771 4591 om-

96 4625 217 4679 nino
244 4629 371 4699 capi
401 4646 520 4683 non
548 4644 735 4699 posse,
763 4628 852 4681 his
882 4631 1073 4680 autem
1098 4626 1276 4681 solius
1304 4625 1426 4680 sine
1456 4626 1639 4696 gratia
1668 4624 1772 4680 Dei

93 4728 243 4781 posse
271 4733 399 4771 eam
430 4734 465 4771 a
496 4716 727 4771 nemine
757 4714 1164 4770 consummari.
1198 4716 1270 4768 Ut
1320 4714 1475 4768 enim
1529 4714 1771 4769 dicimus

92 4808 312 4859 conatus
341 4811 568 4861 nostros
598 4804 1024 4877 apprehendere
1054 4820 1181 4858 eam
1227 4819 1330 4873 per
1385 4819 1443 4857 se
1468 4803 1621 4874 ipsos
1651 4802 1774 4858 sine

95 4889 186 4945 Dei
209 4893 496 4964 adjutorio
526 4911 643 4949 non
674 4910 865 4965 posse,
893 4894 971 4947 ita
996 4891 1439 4963 pronuntiamus
1464 4891 1774 4947 laboranti-

90 4976 187 5032 bus
213 4985 438 5037 tantum
469 5000 532 5037 ac
580 4981 987 5037 desudantibus
1024 4980 1473 5035 misericordiam
1506 4980 1605 5035 Dei
1644 4996 1774 5050 gra-

92 5065 336 5140 tiamque
363 5071 633 5126 conferri.
671 5092 693 5121 ι
729 5071 867 5134 Quae
906 5087 1029 5141 cap.
1086 5072 1154 5123 23
1186 5069 1255 5124 de
1308 5071 1466 5123 Dono
1521 5085 1778 5139 perseve-

90 5158 279 5213 rantiae
310 5164 541 5215 sanctus
571 5162 737 5215 Pater
766 5158 1035 5229 explodit.
1067 5158 1223 5212 Idem
1251 5156 1546 5211 Sadoletus
1591 5157 1652 5210 in
1680 5156 1778 5210 illa

90 5257 200 5315 cap.
261 5263 339 5315 1x,
401 5264 548 5302 vers.
610 5251 708 5303 22:
760 5248 822 5303 Si
874 5250 1051 5300 autem
1104 5246 1281 5300 volens
1311 5247 1448 5298 Deus
1507 5244 1779 5298 ostendere

90 5333 242 5403 iram,
273 5340 410 5403 etc.,
444 5336 665 5391 scribit:
700 5354 731 5388 α
770 5338 816 5390 A
852 5334 1019 5389 nobis
1059 5333 1251 5404 aliqua
1296 5331 1461 5386 initia
1488 5331 1655 5385 bonae
1692 5348 1780 5385 vo-

90 5418 339 5492 luntatis,
360 5430 427 5479 ut
458 5424 771 5496 praeparari
808 5423 881 5479 ad
927 5420 1379 5478 misericordiam
1421 5420 1539 5491 apti
1577 5419 1777 5486 simus,

90 5510 544 5576 proﬁciscuntur.
577 5533 606 5566 »
638 5513 766 5569 Non
807 5511 1070 5567 dissentit
1113 5528 1147 5567 a
1185 5510 1447 5566 Cassiano
1477 5509 1576 5564 lib.
1625 5525 1680 5563 vx
1709 5508 1779 5564 de

1876 4359 2068 4413 sicana
2095 4359 2341 4430 synodus
2374 4376 2411 4413 ιι
2445 4360 2552 4413 hoc
2581 4374 2799 4413 canone
2830 4361 2860 4411 5
2906 4358 3228 4412 damnavit:
3277 4376 3304 4409 «
3343 4358 3401 4412 Si
3448 4357 3576 4427 quis

1876 4448 2020 4502 sicut
2067 4452 2461 4520 augmentum,
2514 4448 2594 4502 ita
2627 4447 2797 4501 etiam
2827 4464 3032 4501 INITIUM
3082 4447 3237 4514 ﬁdei,
3268 4446 3575 4519 ipsumque

1878 4553 2250 4592 CREDULITATIS
2308 4553 2598 4603 arrecmu,
2654 4553 2766 4607 quo
2824 4537 2882 4590 in
2941 4553 3074 4591 eum
3120 4537 3427 4603 credimus,
3477 4536 3578 4607 qui

1871 4620 2147 4695 justiﬁcat
2176 4625 2441 4696 impium,
2476 4629 2532 4677 et
2585 4624 2653 4677 ad
2687 4625 3185 4695 regenerationem
3216 4624 3576 4695 baptismatis

1878 4713 2264 4784 pervenimus,
2294 4728 2412 4766 non
2438 4728 2542 4782 per
2571 4712 2769 4782 gratia:
2801 4714 3037 4779 donum,
3071 4714 3126 4767 id
3158 4719 3243 4768 est
3270 4730 3373 4783 per
3397 4712 3575 4781 inspi-

1878 4801 2162 4855 rationem
2217 4800 2455 4870 Spiritus
2509 4801 2689 4854 sancti
2760 4802 3146 4871 corrigentem
3226 4802 3575 4855 voluntatem

1881 4894 2135 4944 nostram
2164 4889 2234 4942 ab
2259 4888 2597 4943 inﬁdelitate
2647 4890 2717 4943 ad
2772 4891 2965 4957 ﬁdem,
3027 4890 3095 4945 ab
3154 4889 3447 4959 impietate
3505 4886 3577 4939 ad

1882 4978 2172 5048 pietatem,
2203 4977 2303 5032 sed
2331 4994 2700 5033 NATURALITER
2732 4979 2897 5033 nobis
2920 4980 3102 5033 inesse
3135 4978 3288 5043 dicit,
3345 4978 3579 5045 aposto-

1882 5066 2002 5121 licis
2031 5065 2389 5136 dogmatibus
2416 5067 2774 5121 adversarius
2804 5068 3171 5138 approbatur,
3218 5084 3239 5112 ι
3276 5067 3381 5117 etc.

1955 5155 2055 5209 Hic
2112 5170 2245 5207 vero
2279 5154 2443 5208 nobis
2475 5171 2561 5208 res
2595 5154 2701 5208 erit
2756 5171 2886 5209 cum
2916 5154 3114 5219 Denio,
3146 5150 3246 5222 qui
3276 5167 3436 5206 num.
3481 5153 3581 5206 106

1885 5243 2110 5297 scribit:
2146 5263 2167 5291 ι
2202 5244 2413 5296 Verum
2443 5243 2572 5313 quis
2629 5247 2853 5297 tantum
2908 5242 3096 5294 virum
3134 5245 3367 5311 tamque
3399 5238 3583 5293 orthoo

1886 5332 2097 5387 doxum
2145 5331 2725 5403 Semi-Pelagianismi
2766 5328 2986 5399 laqueis
3039 5326 3328 5383 irretitum
3368 5327 3585 5397 credat,

1886 5425 1987 5475 aut
2011 5420 2300 5475 volentem
2330 5424 2427 5475 aut
2458 5420 2882 5490 imprudentem
2907 5418 2937 5470 ?
2970 5437 2991 5466 ι
3026 5415 3199 5472 Miror
3243 5416 3395 5471 hunc
3444 5415 3588 5469 scri—

1883 5513 2113 5581 ptorem
2141 5508 2283 5565 adeo
2311 5507 2701 5581 perfunctorie
2740 5505 3008 5578 epistolas
3051 5505 3205 5577 ipsas
3232 5504 3479 5561 Sadoleti
3511 5504 3590 5558 le-
