3894 6184
371 271 465 319 ΤΞΗ

1381 249 1928 309 SUPPLEMENTUM
1975 247 2061 302 AD
2100 244 2334 299 OPERA
2373 244 2427 297 s.
2471 239 2859 296 AUGUSTINI.
3709 253 3785 304 τδρ

373 391 542 461 gisse,
573 393 638 443 ut
690 402 808 442 non
863 384 993 439 inde
1048 377 1390 435 intellexerit
1436 375 1763 431 Sadoletum
1812 373 1882 426 ob
1939 386 2065 426 eam
2101 372 2144 426 A
2177 371 2310 421 sunt
2350 366 2448 419 illa
2497 364 2860 418 Arausicanze
2910 359 3110 431 synodi
3167 375 3290 413 can.
3322 362 3386 416 9:
3443 365 3634 430 Quoties
3685 374 3786 424 enim

374 478 716 533 sententiam
748 477 813 529 de
843 472 1020 527 initiis
1040 470 1331 529 virtutum,
1369 481 1542 534 quam
1586 464 1703 518 suis
1733 462 1793 516 in
1825 461 2060 514 Paulum

373 563 808 625 Commentariis
836 560 1172 623 inseruerat,
1206 573 1239 609 a
1285 554 1614 609 doctissimo
1649 568 1712 606 ac
1766 549 2063 620 sapientis-

373 657 517 711 simo
557 651 838 708 cardinale
873 650 1116 718 Gaspare
1149 649 1467 701 Contareno
1499 658 1602 713 per
1631 642 1847 695 litteras
1878 653 2067 708 repre-

372 746 614 799 hensum
647 731 846 794 fuisse:
889 739 1014 791 Haec
1046 735 1200 790 enim
1230 733 1492 788 rescribit
1543 730 1836 785 Sadoletus
1858 726 1955 781 lib.
1988 742 2062 791 1x,

374 827 536 896 epist.
572 830 602 879 9
628 841 641 879 :
673 843 700 875 «
728 826 849 889 Quo
877 829 1066 878 autem
1092 823 1318 894 parcior
1338 822 1446 876 fuit
1466 821 1524 874 in
1553 818 1936 891 praeveniente
1966 815 2067 869 Dei

371 914 553 985 gratia
583 913 936 984 explicanda,
971 927 1142 982 quam
1173 926 1276 980 par
1307 915 1469 968 esset,
1513 922 1756 978 agnosco
1814 920 1945 960 eum
1979 919 2068 956 er-

368 1019 580 1069 rorem,
617 1019 745 1056 cum
791 1001 894 1056 tibi
947 1001 1027 1054 ita
1083 1000 1420 1064 videatur.»
1483 999 1695 1051 Rursus
1749 999 1944 1048 tamen
1973 992 2070 1045 ibi-

372 1093 504 1146 dem
533 1090 776 1160 repetit:
807 1112 826 1138 ε
866 1088 1206 1158 Pelaginum
1253 1102 1374 1140 esse
1415 1101 1530 1139 non
1579 1087 1719 1154 puto
1774 1082 1820 1134 si
1876 1080 1936 1133 in
1966 1079 2070 1133 ini-

371 1180 466 1234 tiis
496 1177 715 1248 aliquid
747 1175 1281 1245 retineamus,quod
1315 1174 1387 1227 sit
1412 1178 1692 1227 nostrum.
1726 1191 1746 1219 ι
1774 1170 2068 1240 Conques-

368 1271 461 1321 tus
491 1266 670 1320 amice
700 1264 886 1318 fuerat
912 1265 1264 1318 Contarenus
1295 1259 1448 1331 quod
1499 1275 1615 1313 non
1661 1257 1795 1312 satis
1841 1272 1946 1326 pro
1983 1255 2068 1309 di-

369 1355 586 1424 gnitate
611 1353 680 1408 de
710 1352 1015 1424 Augustini
1045 1349 1330 1404 sententia
1359 1349 1421 1402 in
1466 1348 1680 1402 eisdem
1732 1346 2070 1415 interpreta-

369 1442 620 1497 tionibus
673 1442 894 1495 locutus
943 1440 1173 1494 fuerat:
1234 1435 1465 1490 videbat
1510 1434 1663 1488 enim
1721 1435 2070 1487 Contarenus

371 1547 495 1584 eam
525 1530 856 1600 opinionem
898 1529 966 1582 de
1012 1526 1194 1581 initiis
1249 1525 1524 1579 virtutum
1583 1540 1648 1576 ex
1679 1521 1806 1576 solis
1855 1521 2071 1575 viribus

371 1619 594 1672 arbitrii
624 1618 683 1671 in
714 1616 928 1687 Pelagii
976 1613 1235 1685 reliquiis
1266 1614 1337 1667 ab
1381 1611 1699 1682 Augustino
1731 1607 2068 1663 solidissime

372 1710 755 1778 expugnatam
789 1705 982 1759 fuisse.
1015 1703 1102 1756 llli
1139 1719 1271 1756 vero
1301 1701 1358 1753 in
1399 1699 1639 1770 epistola
1672 1700 1753 1765 lO,
1807 1713 1957 1750 anno
1987 1696 2069 1749 in-

371 1795 635 1866 sequenti
666 1795 816 1862 data,
865 1794 988 1847 haec
1044 1791 1339 1846 Sadoletus
1372 1787 1657 1859 reposuit:
1690 1803 1716 1836 «
1751 1786 1888 1840 Cum
1936 1785 2069 1838 scri-

370 1886 607 1957 psissem
639 1885 706 1938 ad
741 1884 979 1939 Paulum
1038 1897 1129 1934 me
1196 1879 1444 1950 quadam
1493 1877 1554 1930 in
1592 1891 1654 1929 re
1708 1874 1904 1928 leviter
1946 1890 1973 1927 a
2016 1878 2071 1928 te

369 1973 662 2035 dissidere,
696 1971 859 2041 isque
911 1969 1054 2022 mihi
1105 1967 1313 2022 dixerit
1368 1978 1576 2034 cupere
1619 1966 1674 2015 te
1705 1960 1846 2014 scire
1885 1958 1983 2012 ubi
2017 1963 2074 2012 et

370 2077 485 2130 qua
513 2060 580 2114 de
612 2076 672 2113 re
701 2059 772 2125 sit
804 2057 1103 2126 dissensio,
1132 2055 1389 2126 primum
1440 2052 1546 2106 tibi
1597 2050 1844 2119 prmdico
1890 2065 1981 2102 me
2012 2049 2072 2101 in

370 2149 467 2202 illa
499 2148 566 2201 de
593 2148 776 2200 libero
809 2146 1042 2200 arbitrio
1073 2143 1353 2198 sententia
1396 2158 1513 2195 non
1543 2140 1780 2194 omnino
1811 2137 2072 2192 assentiri

368 2234 714 2304 Augustino,
751 2233 852 2303 qui
899 2233 1223 2286 libertatem
1254 2234 1466 2283 nostra:
1495 2227 1803 2282 voluntatis
1859 2243 2072 2279 PERSPI-

373 2338 472 2376 cun
495 2321 680 2374 aufert
716 2340 731 2387 ;
762 2321 1014 2389 dumque
1048 2318 1142 2373 Dei
1177 2317 1420 2389 gloriam
1471 2315 1718 2370 maxime
1773 2314 2071 2385 complecti

370 2409 512 2473 vult,
567 2407 791 2461 videtur
820 2406 963 2460 mihi
994 2406 1078 2459 illi
1110 2406 1384 2475 derogare
1415 2403 1634 2474 aliquid
1665 2402 1852 2473 potius
1898 2419 2072 2473 quam

371 2497 525 2568 quod
555 2495 816 2550 videatur
863 2495 1135 2549 tribuere.
1199 2495 1347 2560 Haec,
1401 2493 1448 2547 si
1528 2508 1779 2546 essemus
1825 2508 1960 2557 una,
2009 2491 2074 2544 li-

369 2585 615 2655 brosque
643 2585 704 2638 in
735 2584 1000 2638 manibus
1031 2584 1394 2650 haberemus,
1455 2580 1616 2634 facile
1647 2596 1737 2634 me
1787 2580 1891 2633 tibi
1937 2595 2072 2649 pro-

367 2673 640 2728 baturum
661 2673 1031 2726 conﬁderem.
1060 2692 1087 2723 »
1123 2673 1252 2725 llaec
1284 2671 1331 2724 si
1374 2672 1631 2724 Annatus
1661 2669 1911 2739 legisset,
1967 2669 2072 2722 du-

371 2762 464 2816 bio
490 2761 687 2832 procul
719 2760 869 2813 inter
909 2759 1193 2813 nobiliora
1242 2763 1439 2812 contra
1497 2763 1754 2812 sanctum
1785 2758 2073 2810 doctorem

369 2847 700 2901 testimonia
729 2845 1121 2899 recensuisset.
1156 2845 1263 2899 Sed
1313 2860 1419 2898 nec
1453 2842 1666 2898 Denius
1721 2843 2074 2894 commenta-

2177 458 2313 510 bona
2340 457 2574 523 agimus,
2621 453 2766 506 Deus
2804 454 2864 504 in
2893 450 3048 505 nobis
3081 454 3242 516 atque
3267 451 3538 520 nobiscum,
3568 459 3620 508 ut
3647 471 3789 525 operc-

2174 562 2315 610 mur,
2358 549 2630 613 operatur.
2698 543 2890 610 Neque
2940 537 3396 608 Semi-Pelagiani
3447 543 3703 611 negabant
3741 548 3790 600 ad

2174 633 2337 687 initia
2367 633 2462 686 illa
2492 633 2771 684 bonorum
2803 642 3042 698 operum
3084 628 3259 680 Deum
3290 642 3500 682 movere
3529 628 3582 681 in
3617 631 3792 686 ratione

2175 723 2324 789 ﬁnis,
2385 723 2533 775 Deus
2585 718 2736 772 enim
2786 721 2907 770 erat
2952 716 3237 785 objectum
3289 716 3676 784 apprehensum
3716 722 3791 773 sub

2175 812 2399 866 ratione
2424 809 2541 862 veri
2569 811 2624 861 et
2655 806 2813 874 boni,
2845 805 2933 858 cui
2965 803 3281 857 inchoative
3323 804 3624 868 credebant,
3674 810 3790 876 quod

2179 899 2593 962 desiderabant,
2644 895 2798 966 quod
2853 894 3145 964 petebant.
3220 892 3346 946 Ideo
3396 909 3519 947 vero
3593 895 3796 950 damnati

2176 993 2309 1042 sunt
2338 987 2474 1058 quia
2521 1001 2634 1040 non
2695 983 2829 1038 satis
2884 987 2967 1036 est
3019 984 3200 1036 Deum
3258 997 3471 1035 movere
3519 986 3710 1036 tantum
3753 990 3799 1036 ut

2177 1079 2482 1148 objectum,
2517 1074 2613 1128 sed
2666 1088 2891 1126 movere
2948 1071 3119 1127 debet
3155 1075 3424 1140 tanquam
3457 1086 3616 1140 agens
3644 1072 3698 1123 ad
3722 1071 3799 1125 hoc

2178 1172 2240 1221 ut
2264 1166 2560 1220 credamus
2599 1166 2655 1216 et
2697 1161 2936 1215 velimus
2964 1175 3067 1230 per
3096 1159 3434 1213 infusionem
3471 1159 3632 1212 sancti
3663 1159 3800 1229 Spiri-

2177 1259 2290 1320 tus,
2321 1269 2387 1307 ex
2419 1253 2617 1306 eodem
2676 1249 3023 1304 Arausicano
3081 1264 3204 1302 can.
3267 1250 3319 1312 6,
3373 1251 3427 1300 et
3475 1263 3590 1300 can.
3639 1252 3686 1312 5,
3725 1248 3798 1301 ubi

2177 1343 2442 1398 statuitur
2471 1343 2688 1395 initium
2719 1339 2865 1408 ﬁdei,
2917 1340 3198 1407 ipsumque
3238 1335 3562 1390 credulitatis
3603 1336 3802 1404 aﬂ'ectum

2178 1432 2304 1487 fieri
2331 1431 2392 1484 in
2437 1429 2598 1483 nobis
2646 1443 2748 1497 per
2795 1430 2990 1494 gratiae
3027 1426 3227 1479 donum
3277 1424 3336 1478 id
3383 1428 3458 1478 est
3499 1440 3588 1492 per
3617 1427 3803 1493 inspira-

2179 1525 2374 1575 tionem
2399 1521 2643 1588 Spiritus
2673 1518 2866 1570 sancti.
2913 1514 3155 1569 Aliunde
3213 1513 3382 1567 etiam
3443 1513 3638 1566 Denius
3678 1513 3804 1567 Sado-

2177 1610 2279 1664 leti
2307 1623 2561 1662 errorem
2589 1605 2910 1675 intelligere
2951 1608 3194 1673 poterat,
3257 1603 3391 1656 dum
3422 1601 3567 1656 idem
3617 1602 3718 1654 haec
3757 1603 3805 1654 de.

2179 1696 2497 1768 Augustino
2529 1693 2721 1749 scribit
2754 1710 2766 1747 :
2799 1693 3126 1748 Libertatem
3162 1696 3358 1745 nostrae
3411 1691 3677 1744 voluntatis
3714 1707 3803 1759 per-

2179 1789 2363 1856 Spicue
2393 1786 2594 1849 aufert.
2639 1783 2780 1837 Sunt
2834 1783 2924 1835 ha:
2980 1780 3198 1851 putida:
3251 1778 3806 1848 Semi-Pelagianorum

2179 1878 2306 1928 tum
2357 1876 2620 1927 veterum
2670 1874 2794 1925 tum
2853 1868 3238 1924 recentiorum
3317 1883 3491 1921 voces.
3543 1868 3615 1920 De
3655 1866 3808 1936 primis

2182 1963 2378 2018 scribit
2417 1966 2645 2015 sanctus
2681 1961 2927 2028 Prosper
2969 1958 3039 2012 ad
3087 1956 3364 2011 Ruﬁnum
3397 1972 3410 2009 :
3459 1977 3484 1998 ιι
3513 1954 3705 2024 Scripta
3722 1955 3808 2023 ejus

2183 2052 2412 2123 (nempe
2441 2048 2774 2120 Augustini)
2806 2047 3012 2117 quibus
3041 2061 3202 2099 error
3233 2044 3654 2114 Pelagianorum
3675 2042 3807 2112 impu-

2182 2144 2391 2211 gnatur
2428 2138 2729 2203 infamant,
2781 2136 3033 2190 dicentes
3087 2150 3220 2187 eum
3281 2133 3521 2187 liberum
3574 2130 3808 2185 arbitrium

2183 2228 2414 2300 penitus
2455 2227 2812 2280 submovere.
2840 2243 2866 2275 ι)
2929 2223 3167 2278 Easdem
3221 2221 3394 2276 tibias
3436 2224 3620 2274 contra
3665 2221 3808 2288 Augu-

2184 2317 2420 2370 stimum
2451 2315 2727 2368 intlarunt
2780 2312 3126 2377 Arminiani,
3181 2327 3332 2364 nova
3377 2309 3810 2377 Semi-Pelagiano-

2183 2421 2312 2461 rum
2342 2402 2665 2474 progenies,
2701 2415 2947 2471 quorum
2977 2415 3126 2452 unus
3157 2399 3328 2469 Hugo
3355 2397 3587 2464 Grotius,
3617 2395 3701 2448 lib.
3727 2409 3809 2446 XVII

2186 2493 2393 2547 Histor.
2419 2490 2680 2560 Belgicae,
2712 2488 2826 2542 ait:
2863 2507 2890 2536 ε(
2922 2487 3146 2542 Primus
3191 2485 3458 2539 omnium
3507 2481 3810 2552 Augustinus,

2185 2597 2252 2635 ex
2284 2597 2398 2650 quo
2428 2578 2540 2648 ipsi
2577 2594 2707 2632 cum
2774 2575 3005 2646 Pelagio
3056 2579 3113 2630 et
3150 2591 3295 2628 eum
3345 2574 3542 2628 secutis
3591 2576 3813 2625 certamen

2186 2671 2342 2736 (nam
2385 2673 2514 2721 ante
2563 2667 2727 2720 aliter
2782 2670 2838 2719 et
2893 2665 3015 2735 ipse
3072 2665 3352 2733 senserat)
3401 2678 3523 2717 acer
3555 2655 3815 2730 disputandi

2186 2759 2267 2812 ita
2295 2755 2574 2811 libertatis
2619 2771 2815 2809 vocem
2860 2754 3208 2823 relinquere,
3251 2758 3316 2807 ut
3345 2751 3396 2806 ei
3451 2751 3657 2806 decreta
3704 2763 3815 2817 qus:-

2187 2848 2319 2901 dam
2350 2845 2451 2900 Dei
2479 2849 2860 2916 praeponeret,
2893 2859 3023 2914 qua:
3054 2843 3170 2896 vim
3227 2843 3412 2913 ipsam
3467 2841 3723 2895 destruere
3761 2833 3812 2886 vi-

369 2936 486 2990 I‘iOS
514 2933 758 2990 δδάοῙθῐί
790 2933 961 3004 legit;
1018 2950 1150 2987 nam
1205 2933 1252 2986 Si
1305 2933 1534 2986 εοεάθῑῑι
1589 2931 1677 2984 νει
1733 2931 1931 2984 Ιϐνὶὶθῐ*
1985 2929 2072 2982 in-
2105 2956 2144 3012 ο
2185 2936 2475 2990 derentur.
2511 2957 2530 2981 ιι
2567 2933 2701 2997 Quis
2727 2933 2905 3002 igitur
2932 2931 3168 3001 posthac
3201 2931 3526 2986 Sadoletum
3567 2944 3628 2982 eo
3663 2926 3711 2978 in
3755 2939 3813 2976 cr-

372 3022 664 3094 spexisset,
698 3021 952 3092 profecto
1005 3019 1378 3075 intellexisset
1425 3022 1604 3073 semet
1655 3033 1889 3087 operam
1937 3032 2071 3086 per-

373 3112 508 3166 dere
534 3110 669 3164 dum
720 3109 1050 3163 Sadoletum
1108 3109 1177 3162 ab
1231 3123 1422 3162 errore
1477 3110 1713 3161 conatur
1759 3105 2068 3172 vindicare,

373 3199 536 3270 quasi
563 3198 657 3252 ille
687 3197 794 3250 hoc
822 3200 1046 3250 tantum
1068 3195 1331 3263 voluerit,
1360 3215 1386 3246 «
1433 3200 1494 3250 nt
1522 3195 1582 3248 in
1621 3193 1798 3248 initiis
1842 3211 1911 3247 ex
1953 3193 2068 3263 spi-

373 3287 486 3341 ritu
515 3285 714 3356 gratiae
747 3284 1039 3354 operantis
1074 3284 1236 3339 factis
1282 3283 1499 3354 aliquid
1530 3286 1791 3337 nostrum
1827 3279 2072 3350 reperia-

374 3381 490 3445 tur,
514 3374 649 3446 quia
677 3375 870 3428 anima
900 3373 983 3426 vel
1038 3373 1162 3443 ejus
1209 3370 1483 3442 potentiae
1539 3369 1792 3422 influunt
1838 3367 2070 3439 physice

372 3464 433 3515 in
481 3467 636 3516 actus
664 3461 864 3514 vitales
913 3459 1396 3530 supernaturales.
1433 3474 1458 3508 »
1491 3460 1564 3510 At
1619 3456 1920 3510 Sadoletus
1972 3456 2073 3510 du-

373 3553 493 3606 rius
540 3551 795 3623 loquitur
845 3566 1018 3621 quam
1046 3553 1110 3604 ut
1162 3566 1227 3603 eo
1256 3554 1418 3620 pacto
1441 3548 1688 3601 emolliri
1736 3547 1918 3617 possit
1950 3564 1964 3601 :
1996 3551 2070 3600 et-

372 3639 527 3693 enim
559 3641 680 3692 loco
707 3638 967 3709 superius
998 3636 1228 3691 laudato
1270 3635 1429 3690 Pauli
1479 3635 1644 3689 Rom.
1703 3651 1816 3698 vm,
1850 3640 1912 3689 ut
1944 3635 2070 3688 uni-

371 3743 592 3780 versam
645 3726 1022 3797 quaestionem
1051 3725 1296 3790 tolleret,
1333 3738 1507 3794 seque
1565 3723 1635 3776 ob
1675 3721 1840 3776 initia
1900 3723 2072 3777 virtu-

371 3821 496 3869 tum
534 3815 873 3870 naturaliter
919 3813 1107 3884 posita
1162 3831 1194 3867 ει
1232 3827 1573 3884 quacunque
1621 3811 1830 3866 erroris
1892 3813 2072 3882 suspi-

370 3905 534 3960 cione
563 3904 852 3971 liberaret,
906 3903 1102 3957 scribit
1129 3903 1282 3973 quod
1313 3920 1340 3952 «
1372 3917 1501 3956 cum
1567 3903 1712 3954 Deus
1769 3901 2072 3972 dupliciter

369 4009 540 4048 causa
585 3993 868 4047 bonarum
910 4007 1104 4045 rerum
1162 3991 1253 4057 sit,
1300 3990 1386 4043 vel
1441 3993 1501 4043 ut
1551 3988 1783 4042 effector
1840 3993 1897 4042 et
1950 3987 2070 4058 ipse

368 4098 563 4153 agens,
597 4082 685 4135 vel
711 4086 776 4135 ut
806 4079 934 4134 linis
962 4095 1168 4151 resque
1209 4078 1549 4144 desiderata,
1583 4098 1610 4127 »
1666 4076 1846 4148 priori
1896 4076 2068 4130 modo

369 4173 451 4228 ait
482 4175 662 4228 Deum
719 4183 945 4226 movere
998 4171 1070 4224 ad
1119 4175 1276 4225 actus
1332 4169 1641 4223 nobiliores
1695 4171 1751 4222 et
1789 4167 2069 4238 perfectos

367 4259 646 4314 virtutum
685 4258 840 4324 ﬁdei,
892 4257 1104 4312 amoris
1148 4255 1270 4325 Dei,
1314 4255 1628 4326 religionis,
1663 4260 1811 4322 etc.;

367 4365 500 4404 vero
531 4349 720 4404 addit:
759 4368 783 4399 ι
818 4349 1027 4401 Verum
1058 4362 1173 4416 qua
1209 4347 1355 4400 Deus
1409 4345 1596 4398 tinalis
1648 4360 1842 4398 rerum
1897 4360 2066 4398 causa

367 4441 473 4503 est,
506 4441 563 4492 et
593 4438 662 4491 ad
697 4452 830 4491 eum
863 4441 926 4490 ut
967 4435 1036 4489 ad
1089 4449 1379 4488 summum
1435 4433 1651 4486 bonum
1707 4436 1930 4486 mentes
1978 4449 2066 4486 no-

368 4529 498 4579 straz
533 4529 856 4592 moventur,
891 4528 1087 4578 nostra
1128 4523 1404 4576 hactenus
1452 4522 1736 4590 voluntas,
1771 4525 1828 4575 et
1857 4520 2066 4591 cogita-

366 4614 470 4682 tio,
499 4615 766 4684 etprima
816 4615 913 4667 illa
961 4617 1134 4684 atque
1190 4613 1458 4666 inchoata
1506 4611 1795 4666 actionum
1846 4615 2063 4664 nostra-

362 4717 496 4756 rum
542 4700 780 4754 consilia
809 4717 874 4754 ex
907 4701 1020 4754 Deo
1049 4716 1278 4770 quoque
1309 4703 1460 4752 sunt.
1493 4716 1522 4749 η
1577 4696 1877 4752 [lationem
1930 4696 2063 4751 assi-

363 4794 531 4861 gnat:
565 4808 593 4840 «
624 4790 750 4843 Non
799 4789 951 4843 enim
1004 4794 1139 4842 tunc
1179 4792 1242 4841 ut
1271 4803 1506 4842 movens
1535 4791 1591 4840 et
1619 4786 1920 4856 impellens
1960 4803 2060 4840 au-

359 4884 482 4934 ctor
509 4877 630 4950 ipse
661 4882 748 4932 est
777 4881 832 4931 et
863 4877 1211 4948 principium
1238 4877 1572 4931 universum
1605 4880 1818 4930 nostra:
1868 4876 2063 4929 volun-

358 4968 509 5035 tatis,
537 4968 636 5022 sed
668 4971 730 5022 ut
787 4966 1073 5038 appetitus
1104 4969 1158 5019 et
1186 4965 1570 5020 desideratus:
1622 4980 1898 5035 magnum
1936 4963 2060 5034 qui-

359 5055 491 5109 dem
523 5061 647 5109 tum
683 5071 912 5126 quoque
960 5058 1317 5106 momentum
1367 5053 1608 5106 all‘erens
1658 5053 1728 5106 ad
1778 5053 2058 5106 inclinan-

359 5143 499 5197 dum
530 5160 634 5197 nos
689 5148 862 5214 atque
920 5139 1358 5194 alliciendum.»
1395 5141 1515 5194 Non
1571 5157 1706 5211 ergo
1768 5140 1943 5212 primi
1973 5139 2058 5194 illi

358 5229 497 5284 boni
540 5236 730 5286 motus
762 5231 824 5284 in
876 5232 1058 5284 Deum
1116 5245 1181 5283 ex
1213 5229 1479 5283 Sadoleto
1536 5229 1682 5284 ﬁunt
1731 5245 1799 5283 ea:
1855 5231 2059 5298 spiritu

356 5321 551 5385 gratiae
605 5323 900 5389 operantis,
958 5323 1022 5373 ut
1069 5317 1282 5372 Denius
1355 5316 1599 5386 dicebat,
1656 5333 1844 5387 neque
1901 5316 2058 5371 enim

359 5405 507 5460 Deus
529 5409 665 5462 tunc
689 5413 880 5464 movet
905 5412 968 5463 ut
1004 5407 1219 5477 effector
1245 5409 1295 5461 et
1320 5407 1436 5474 ipse
1473 5421 1658 5474 agens,
1691 5422 1805 5476 qua
1830 5405 2053 5460 ratione

361 5510 584 5566 semper
609 5502 798 5552 movet
824 5513 928 5568 per
959 5496 1221 5567 spiritum
1277 5494 1476 5566 gratiae
1523 5494 1852 5564 operantis:
1906 5494 2055 5549 unde

2181 3041 2308 3079 rore
2334 3040 2462 3078 cum
2493 3020 3029 3091 Semi-Pelagianis,
3059 3020 3291 3074 incaute
3311 3019 3533 3090 quidem
3562 3022 3612 3070 et
3633 3013 3814 3069 inscien.

2180 3117 2284 3179 ter,
2342 3111 2574 3183 negabit
2650 3109 3027 3180 conspirasse,
3091 3109 3234 3163 dum
3319 3108 3544 3162 illorum
3617 3101 3814 3157 convicia

2180 3201 2240 3255 in
2269 3199 2657 3271 Augustinum
2698 3199 2918 3268 jactat?
2978 3197 3191 3250 Denius
3242 3213 3402 3252 num.
3461 3198 3572 3256 103,
3617 3190 3745 3263 quod
3775 3189 3814 3240 in

2181 3290 2329 3344 calce
2371 3289 2714 3355 litterarum,
2762 3293 2825 3341 ut
2871 3290 3052 3357 putat,
3101 3285 3396 3340 leestini
3453 3283 3663 3353 legitur,
3718 3281 3816 3332 Pro-

2177 3378 2458 3444 fundiores
2522 3392 2664 3441 vero,
2734 3378 2862 3442 etc.,
2930 3390 3257 3443 magnopere
3344 3366 3812 3427 animadvertendum

2181 3466 2334 3521 dicit.
2382 3466 2590 3519 Verum
2657 3467 2712 3517 et
2754 3463 2813 3517 id
2858 3463 3011 3534 quod
3069 3479 3192 3534 cap.
3252 3466 3282 3517 3
3323 3461 3584 3516 asseritur
3643 3469 3814 3522 magno-

2175 3570 2302 3624 pere
2358 3551 2898 3607 animadvertendum
2953 3551 3067 3613 illli,
3116 3552 3328 3617 fuerat,
3403 3549 3502 3604 ubi
3569 3548 3631 3602 de
3679 3540 3814 3597 Semi-

2183 3641 2496 3712 Pelagianis
2567 3645 2765 3695 contra
2837 3640 3226 3710 Augustinum
3289 3637 3669 3700 scribentibus,
3731 3631 3816 3683 har

2180 3731 2529 3784 recitantur:
2595 3749 2623 3780 α
2695 3730 2835 3785 Cum
2927 3728 3226 3798 Pelagium
3301 3732 3469 3798 atque
3558 3719 3818 3778 leeslium

2181 3819 2661 3874 anathematizare
2767 3833 2885 3870 non
2961 3817 3248 3879 dubitent,
3337 3812 3614 3885 magistris
3674 3815 3820 3862 tamen

2180 3908 2388 3963 nostris
2456 3923 2710 3967 TANQUAH
2800 3921 3167 3960 NECESSARIU}!
3243 3920 3431 3959 MODUM
3512 3904 3820 3956 EXCESSERIN‘T,

2181 4011 2603 4057 OBLOQUUNTUR.
2631 4014 2660 4046 »
2701 3995 2837 4057 Qua:
2881 3993 3116 4064 quidem
3163 3993 3212 4046 si
3261 4007 3576 4061 magnopere
3617 3982 3819 4041 animad-

2178 4087 2446 4149 vertisset,
2481 4082 2637 4136 haud
2666 4081 2934 4152 equidem
2993 4082 3426 4151 pronuntiasset
3473 4079 3617 4152 quod
3673 4078 3824 4140 Augu-

2179 4173 2361 4227 stinus
2416 4174 2474 4225 in
2503 4172 2731 4225 alteram
2778 4173 2941 4239 quasi
2963 4173 3178 4237 foveam
3208 4171 3393 4225 delabi
3421 4169 3640 4234 videtur,
3674 4165 3823 4217 mima-

1872 4258 2066 4325 postea
2108 4243 2148 4298 Ι)
2179 4274 2280 4327 que
2325 4259 2595 4314 interdum
2644 4260 2878 4313 tribuere
2937 4275 3100 4328 quam
3152 4276 3266 4329 par
3312 4261 3386 4314 sit
3423 4259 3595 4312 libera:
3639 4249 3822 4308 hominis

2173 4351 2460 4415 uoluntati,
2509 4364 2669 4403 num.
2735 4351 2853 4402 ΗΟ.
2921 4350 2999 4402 Ex
3055 4349 3354 4419 hucusque
3402 4347 3578 4401 fusius
3613 4336 3821 4413 probatis

2174 4436 2464 4491 evidenter
2493 4441 2715 4491 constat
2777 4437 3055 4491 Jacobum
3109 4437 3447 4492 Sadoletum
3510 4449 3630 4488 cum
3682 4423 3822 4482 Semi-

2174 4525 2490 4596 Pelagianis
2549 4530 2748 4579 contra
2795 4527 3180 4596 Augustinum
3245 4525 3473 4578 incaute
3527 4519 3753 4575 sensisse,
3787 4515 3824 4563 et

2172 4629 2370 4684 reapse
2409 4617 2466 4667 in
2497 4619 2792 4668 extremam
2819 4618 2870 4667 et
2918 4619 3338 4671 remotissimam
3389 4608 3692 4668 smitmtiam
3729 4616 3821 4656 COR-

2173 4705 2401 4756 tentione
2421 4702 2766 4771 disputandi,
2800 4705 2974 4770 magis
3010 4720 3174 4773 quam
3219 4704 3559 4759 considerata
3586 4703 3633 4751 et
3678 4693 3825 4762 quieta

2169 4793 2378 4845 ratione
2411 4791 2706 4844 adductum
2760 4807 2818 4845 se
2875 4793 3202 4857 contulisse,
3266 4809 3399 4863 quae
3437 4789 3602 4844 verba
3654 4783 3722 4836 ita
3755 4775 3824 4830 ille

2169 4879 2372 4934 merito
2413 4879 2608 4932 audire
2649 4879 2836 4945 debet,
2869 4881 2955 4934 uti
3002 4881 3211 4951 injuste
3264 4882 3464 4936 eadem
3502 4873 3718 4946 epistola
3773 4867 3821 4918 l0

2169 4964 2237 5018 ad
2268 4965 2565 5019 laudatum
2607 4967 2998 5021 Contarenum
3052 4973 3248 5024 contra
3287 4973 3543 5022 sanctum
3579 4963 3820 5017 doctorem

2167 5051 2388 5107 illemet
2419 5054 2735 5124 usurpavit.
2783 5055 3025 5110 Interim
3083 5060 3340 5111 Annatus
3397 5056 3574 5110 videat
3634 5046 3823 5119 qualem

2167 5146 2365 5195 contra
2401 5143 2786 5212 Augustinum
2831 5149 3036 5199 testem
3064 5145 3459 5216 appellaverit,
3491 5153 3680 5208 nempe
3713 5130 3817 5185 scri-

2166 5234 2393 5299 ptorem
2451 5231 2551 5301 qui
2595 5235 2793 5285 contra
2861 5234 3128 5288 eumdem
3173 5250 3305 5287 cum
3363 5217 3824 5293 SemLPelagianis

2167 5319 2321 5387 quod
2359 5319 2524 5373 initia
2565 5318 2840 5375 virtutum
2864 5321 3088 5386 attinet,
3116 5319 3520 5392 conSpiraverit
3553 5333 3566 5383 ;
3595 5318 3646 5367 et
3665 5317 3820 5364 tamen

2164 5407 2510 5478 promiserat
2545 5407 2712 5463 initio
2751 5409 2948 5465 statim
3012 5410 3144 5465 libri
3189 5409 3373 5464 octavi
3411 5425 3468 5462 se
3504 5406 3560 5460 in
3583 5397 3817 5474 judicium

2174 5499 2373 5550 contra
2410 5495 2803 5566 Augustinum
2841 5498 3251 5555 conductorum
3306 5501 3471 5552 testes
3507 5493 3704 5547 minime
3741 5497 3815 5536 su'
