3914 6186
63 302 151 352 753
1338 294 1609 349 VlNDlCL

1338 294 1660 349 VlNDlCIrE
1698 292 2238 348 AUGUSTINIANE.

3433 296 3538 349 754

58 418 261 485 spectas.
294 412 568 465 Hactenus
597 408 667 462 de
693 407 981 474 Sadoleto,
1013 409 1176 479 cujus
1204 408 1437 479 quidem
1469 414 1722 464 erratum
1754 410 1802 463 A
1841 411 2059 464 nefaria
2086 415 2142 464 et
2172 411 2521 467 damnabilia
2562 413 2829 483 dogmata
2868 414 2926 467 in
2975 414 3081 469 hac
3116 414 3401 485 tripartite
3444 417 3537 471 di-

60 502 308 558 libentius
331 498 630 559 siluissem,
681 498 793 551 sed.
826 497 1037 552 Annati
1081 503 1135 551 et
1174 498 1339 551 Denii
1372 514 1440 550 ex
1485 498 1732 553 Sadoleti

60 591 234 647 verbis
261 587 508 642 instituta
521 591 720 639 contra
749 591 1004 639 sanctum
1021 587 1245 640 Patrem
1260 587 1536 641 accusatio
1550 587 1729 642 invito

60 681 271 751 penitus
321 693 381 730 ac
436 675 735 729 reluctanti
786 676 1084 746 hucusque
1142 676 1291 729 dicta
1350 680 1725 731 extorserunt.

65 767 351 837 §ll.Sancti
376 767 765 819 Bonaventurae
790 770 840 817 et
871 766 1119 833 Cajetani
1148 765 1296 819 dicta
1322 767 1725 819 examinantur.

126 854 360 909 Tertium
418 857 620 906 testem
668 853 910 923 opponit
960 858 1218 907 sanctum
1277 856 1731 908 Bonaventuram

61 946 113 1000 in
138 948 166 997 2
194 941 630 1006 Sententiarum,
662 942 792 995 dist.
827 944 913 1007 33,
948 940 1149 1012 quiest.
1203 944 1257 1005 2,
1289 948 1397 997 art.
1447 946 1497 1008 3,
1532 944 1727 997 dicen-

60 1041 157 1088 tem
186 1049 199 1085 :
232 1050 257 1080 «
289 1031 370 1083 Ad
403 1030 545 1084 illud
578 1031 726 1101 quod
763 1030 952 1100 primo
1002 1031 1272 1101 objicitur
1296 1031 1357 1086 in
1383 1033 1730 1086 contrarium

62 1125 119 1178 de
146 1120 318 1175 verbis
349 1119 676 1189 Augustini,
708 1120 1016 1174 dicendum
1075 1122 1228 1192 quod
1278 1122 1627 1192 Augustinus
1671 1123 1729 1176 in

62 1212 220 1265 verbis
240 1210 347 1262 illis
374 1225 489 1261 non
515 1208 756 1262 intendit
803 1209 990 1263 dicere
1024 1210 1176 1280 quod
1222 1211 1445 1279 parvuli
1493 1210 1730 1264 sensibi-

61 1301 172 1353 liter
194 1297 534 1363 crucientur,
566 1298 665 1351 sed
689 1297 935 1352 intendit
982 1314 1181 1351 eorum
1213 1315 1442 1369 pcenam
1490 1300 1729 1353 manife-

60 1393 184 1442 stare
210 1392 487 1456 quantum
519 1386 589 1439 ad
619 1386 929 1439 carentiam
950 1386 1183 1440 visionis
1218 1389 1337 1453 Dei,
1371 1392 1427 1441 et
1448 1395 1727 1457 quantum

60 1477 208 1530 etiam
252 1476 319 1530 ad
365 1476 674 1530 utilitatem
704 1475 830 1541 loci,
892 1479 949 1529 et
1000 1477 1105 1529 hoc
1154 1476 1314 1530 valde
1373 1477 1729 1531 abundanter

60 1564 317 1635 exprimit,
373 1564 504 1634 plus
554 1564 767 1631 dicens,
818 1568 875 1617 et
920 1563 1111 1619 minus
1154 1566 1346 1619 volens
1395 1565 1657 1635 intelligi.
1697 1588 1724 1616 ιι

60 1656 243 1707 Verum
299 1653 598 1723 negotium
648 1652 809 1706 nobis
866 1669 984 1707 non
1035 1653 1260 1707 facessit
1315 1655 1726 1708 Bonaventuraa

58 1747 225 1796 contra
246 1742 634 1813 Augustinum
661 1741 1077 1808 testimonium,
1110 1758 1246 1796 nam
1299 1758 1365 1796 eo
1398 1742 1509 1795 loci
1538 1743 1726 1813 loqui-

58 1836 135 1884 tur
159 1832 221 1884 de
250 1830 394 1884 libro
428 1831 500 1885 de
528 1830 661 1885 Fide
693 1831 763 1884 ad
819 1833 1048 1885 Petrum
1107 1831 1430 1897 diaconum,
1480 1847 1602 1901 cap.
1636 1836 1725 1899 27,

59 1921 139 1972 ubi
166 1919 401 1989 legimus
451 1935 663 1989 pueros
705 1920 1041 1973 decedentes
1088 1921 1209 1973 sine
1253 1920 1535 1989 baptismo
1586 1923 1727 1987 ignis

58 2011 218 2062 sterni
256 2010 578 2077 sempiterno
624 2009 890 2076 supplicio
934 2010 1268 2077 puniendos;
1318 2008 1417 2078 qui
1457 2008 1602 2062 liber
1646 2014 1730 2063 est

60 2097 334 2166 l‘ulgentii,
367 2112 488 2149 non
514 2096 842 2166 Augustini.
875 2097 1081 2163 Quare,
1134 2096 1180 2150 si
1231 2098 1525 2150 communi
1577 2097 1728 2151 illius

58 2185 222 2239 saeculi
250 2185 523 2255 opinione
556 2185 758 2239 ductus
808 2184 1146 2255 Seraphicus
1174 2185 1367 2239 doctor
1421 2186 1729 2255 Augustini

58 2275 137 2327 illa
159 2274 317 2327 verba
344 2290 470 2327 esse
510 2274 750 2345 putavit,
810 2289 939 2327 cum
988 2274 1220 2327 alterius
1250 2273 1380 2341 sint,
1417 2275 1538 2344 ejus
1568 2275 1729 2328 testi-

58 2362 223 2416 monio
251 2379 361 2417 non
393 2367 742 2432 perstamus,
776 2378 889 2416 non
945 2362 1100 2416 enim
1143 2362 1296 2416 illius
1327 2362 1543 2417 dictum
1574 2363 1730 2432 apud

53 2452 241 2520 judices
267 2451 586 2522 quidquam
616 2450 887 2520 ponderis
918 2451 1108 2517 habet,
1144 2468 1257 2522 quo
1290 2468 1396 2521 per
1439 2451 1727 2521 deceptio-

56 2556 171 2593 nem
217 2540 280 2593 de
336 2539 613 2610 quopiam
666 2538 887 2609 aliquid
937 2539 1259 2593 affirmatur
1301 2540 1455 2610 quod
1512 2556 1626 2593 non
1658 2540 1728 2593 ab

58 2628 159 2693 illo,
189 2628 277 2682 sed
299 2630 367 2683 ab
408 2629 591 2682 altero
638 2633 919 2682 assertum
948 2633 1186 2683 constat.
1240 2629 1381 2682 Hine
1410 2630 1586 2683 sancti
1623 2632 1726 2682 Do-

54 2717 198 2769 ctoris
225 2717 502 2771 modestia
532 2718 733 2778 elucet,
767 2717 867 2788 qui
904 2717 1213 2787 Augustini
1262 2718 1625 2777 sententiam.
1666 2720 1728 2770 ut

59 2806 284 2873 putabat,
349 2806 509 2860 haud
576 2805 845 2859 severiori
910 2822 1150 2859 censura
1213 2792 1589 2875 perstrinxit,’
1630 2806 1725 2859 sed

56 2894 151 2948 leni
178 2894 647 2966 interpretatione
682 2894 985 2964 mitigavit.
1034 2897 1108 2948 At
1141 2898 1399 2947 Annatus
1436 2893 1593 2964 gravi
1637 2910 1725 2946 su-

1841 498 2056 553 visione
2112 500 2368 571 quisquis
2431 508 2623 555 mente
2694 503 2975 557 catholica
3029 504 3314 570 exhorret,
3385 505 3538 559 illius

1842 586 2326 658 quinquepartitaz
2385 591 2623 643 latebras
2682 591 3029 663 insidiasque
3085 593 3315 657 devitet,
3366 598 3537 664 atque

1841 675 1922 729 ita
1952 676 2100 730 inter
2131 682 2438 747 utrumque
2496 678 2566 732 sit
2618 685 2834 746 cautus,
2888 685 2947 735 ut
2999 682 3078 735 sic
3135 682 3379 736 declinet
3424 684 3535 737 Ma-

1840 765 2147 831 nichaeum,
2174 781 2243 819 ne
2275 782 2333 820 se
2382 766 2615 821 inclinet
2650 768 2712 821 in
2756 770 3069 839 Pelagium,
3114 786 3425 841 rursusque
3455 770 3535 824 ita

1840 870 1898 907 se
1931 855 2194 924 sejungat
2224 872 2254 907 a
2284 855 2620 925 Pelagianis,
2653 873 2725 909 ne
2756 874 2814 911 se
2847 859 3155 928 eonjungat
3192 858 3530 926 Manichzeis,

1839 946 1939 995 aut
1966 942 2013 994 si
2043 942 2102 995 in
2134 943 2421 996 alterutris
2445 944 2567 1013 jam
2597 949 2843 1009 tenetur,
2906 962 3009 999 nec
3038 947 3115 1000 sic
3154 963 3212 1001 se
3240 964 3272 1000 a
3297 947 3533 1018 quibus-

1838 1029 1978 1083 libet
2015 1032 2206 1084 alteris
2234 1037 2437 1096 servet,
2469 1030 2622 1085 utin
2652 1033 2857 1087 alteros
2910 1034 3105 1089 irruat.
3160 1058 3187 1084 υ
3238 1036 3373 1100 Quis
3423 1036 3533 1105 igi-

1839 1122 1933 1171 tur
1961 1118 2226 1189 Cajetano
2257 1120 2315 1172 in
2345 1121 2453 1173 hoc
2479 1121 2691 1186 credat,
2726 1136 2787 1174 ac
2835 1137 2949 1175 non
2982 1124 3169 1193 potius
3211 1124 3532 1193 Augustino

1839 1223 2031 1260 coram
2086 1208 2395 1277 apostolica
2432 1210 2563 1263 sede
2614 1210 2721 1263 hoc
2776 1212 3161 1279 protestanti‘?
3217 1213 3324 1266 Sed
3384 1213 3533 1267 dices

1840 1294 2060 1365 impetu
2089 1296 2488 1366 disputationis
2518 1298 2907 1366 Augustinum
2941 1304 3098 1351 extra
3148 1299 3375 1353 sibimet
3417 1306 3531 1353 sta-

1839 1389 2050 1438 tutosa
2080 1402 2138 1437 se
2187 1386 2397 1439 limites
2446 1403 2764 1447 excurrere,
2827 1388 2935 1440 hoc
2988 1392 3074 1440 est
3129 1391 3285 1440 extra
3337 1390 3534 1441 lineam

1837 1476 2148 1528 necessariae
2192 1478 2459 1543 veritatis,
2526 1480 2585 1529 ut
2625 1476 2881 1546 loquitur
2932 1477 3164 1529 testium
3203 1477 3529 1530 conductor.

1839 1561 2012 1615 Miror
2034 1567 2349 1629 Annatum,
2383 1564 2481 1635 qui
2504 1565 2687 1634 capita
2705 1564 2959 1629 epistolae
2993 1564 3276 1621 leestini
3304 1565 3374 1619 ad
3402 1566 3531 1619 Gal—

1839 1651 1923 1704 los
1953 1667 2189 1715 annexa,
2224 1652 2400 1722 ipsius
2430 1653 2715 1707 Caalestini
2745 1670 2864 1707 esse
2894 1658 3077 1723 putat,
3109 1653 3247 1718 imo,
3273 1670 3402 1724 qua:
3450 1660 3535 1708 est

1839 1740 2091 1794 hominis
2122 1740 2419 1810 diligentia
2449 1747 2619 1812 atque
2680 1742 2941 1807 eruditio,
2976 1760 3048 1797 ne
3088 1743 3367 1797 dubitavit
3410 1743 3535 1813 qui-

1838 1829 1969 1883 dem
1989 1830 2134 1882 hanc
2165 1830 2453 1883 crambem
2483 1830 2691 1884 iterum
2722 1831 3017 1885 recoxisse.
3085 1833 3255 1885 Vetus
3301 1832 3398 1885 illa
3427 1832 3535 1885 fuit

1837 1917 2122 1971 calumnia
2151 1934 2184 1970 a
2213 1918 2705 1990 Semi-Pelagianis
2735 1920 3053 1989 Augustino
3077 1920 3356 1991 opposita,
3384 1920 3531 1974 unde

1837 2005 2067 2058 eosdem
2141 2005 2397 2059 falsarios
2452 2007 2808 2061 oblocutores
2876 2008 3132 2078 pontifex
3197 2008 3412 2079 rejecit,
3471 2012 3535 2061 ut

1838 2093 2173 2165 §superiori
2205 2094 2470 2163 diximus,
2522 2096 2683 2165 cujus
2738 2113 2873 2149 sane
2920 2097 3108 2161 verba,
3152 2113 3281 2150 cum
3332 2096 3415 2150 illi
3448 2112 3534 2149 ac-

1836 2183 2185 2237 cusationem
2243 2189 2524 2253 repetant,
2579 2201 2683 2255 pro
2739 2184 3068 2239 defensione
3133 2184 3295 2238 nobis
3359 2184 3531 2238 etiam

1836 2273 2145 2342 repetenda
2176 2277 2342 2338 sunt;
2370 2274 2487 2326 haec
2522 2274 2674 2327 enim
2735 2274 2929 2328 scribit
2958 2291 2970 2328 :
3008 2295 3034 2322 ‹‹
3065 2273 3209 2337 Quia
3246 2273 3530 2338 nonnulli,

1836 2361 1937 2432 qui
1967 2360 2244 2415 catholico
2275 2362 2509 2415 nomine
2540 2362 2880 2432 gloriantur,
2926 2363 2986 2415 in
3028 2360 3311 2416 damnatis
3341 2365 3533 2416 autem

1835 2448 2236 2503 haereticorum
2282 2449 2561 2515 sensibus,
2614 2466 2715 2504 seu
2761 2450 3059 2521 pravitate,
3100 2450 3215 2503 sive
3246 2449 3535 2519 imperitia

1836 2538 2224 2605 demorentur,
2261 2538 2533 2609 piissimis
2562 2539 3010 2609 disputatoribus
3055 2540 3284 2593 obviare
3315 2555 3535 2608 praesu-

1837 2630 2020 2693 munt,
2054 2632 2264 2680 etcum
2297 2627 2591 2695 Pelagium
2632 2634 2804 2697 atque
2838 2628 3163 2682 leestium
3200 2629 3535 2682 anathema-

1837 2714 2011 2769 tizare
2042 2732 2157 2769 non
2209 2715 2495 2775 dubitent,
2547 2716 2834 2785 magistris
2889 2722 3080 2769 tamen
3131 2716 3359 2781 nostris,
3407 2720 3531 2770 tan-

1837 2820 2011 2875 quam
2063 2803 2449 2857 necessarium
2507 2804 2742 2857 modum
2790 2804 3144 2869 excesserint,
3207 2804 3529 2873 obloquun-

1836 2898 1948 2946 tur.
1978 2911 2006 2941 γ)
2031 2892 2136 2946 Sed
2166 2896 2443 2957 Annatus,
2481 2892 2580 2961 qui
2610 2892 2791 2944 solam
2841 2892 3217 2961 appendicem
3247 2891 3527 2961 epistolas,

58 2984 261 3051 percilio
291 2985 557 3039 eamdem
586 2984 647 3037 in
680 2982 1019 3037 sententiam
1034 2986 1194 3037 tonat
1217 2982 1313 3036 lib.
1343 2990 1459 3049 vui,
1486 2998 1607 3053 cap.
1648 2986 1665 3035 l
1709 2999 1721 3035 :
1762 2992 1801 3049 (ζ
1834 2979 2221 3047 Pro/undiures
2248 2996 2391 3045 vero,
2444 2984 2572 3046 etc.,
2634 2983 2765 3033 ante
2821 2981 3013 3033 oculos
3061 2980 3279 3042 habuit,
3319 2980 3441 3034 haec
3470 2980 3530 3033 in

54 3074 288 3139 Negamus
341 3074 611 3127 crudelem
657 3074 1105 3140 consequentiam.
1181 3072 1396 3125 Rursus
1454 3086 1520 3123 eo
1572 3070 1721 3123 dicto

54 3162 366 3231 Augustinus
408 3163 541 3231 plus
596 3162 746 3215 dicit
774 3164 951 3214 minus
1006 3161 1185 3214 volens
1238 3160 1493 3225 intelligi,
1547 3158 1723 3212 semel

56 3250 409 3305 Bonaventura
449 3266 584 3304 usus
612 3254 715 3315 est,
748 3253 804 3303 et
833 3265 899 3302 ea
958 3248 1018 3301 in
1072 3248 1371 3309 sententia,
1405 3263 1534 3317 quae
1586 3264 1617 3299 a
1646 3247 1723 3300 la-

53 3341 154 3391 tere
183 3344 373 3393 contra
402 3337 777 3408 Pelagianam
816 3336 1081 3391 haeresim
1108 3336 1315 3391 tradita
1361 3340 1462 3389 est.
1516 3337 1723 3389 Verum

53 3428 298 3494 Armatus,
328 3444 465 3498 pag.
496 3430 621 3493 893,
652 3425 884 3480 laudata
914 3424 1094 3479 sancti
1146 3426 1558 3478 Bonaventurae
1599 3440 1721 3477 mo-

54 3514 313 3570 deratione
340 3516 607 3570 abutitur
660 3515 732 3568 ad
784 3513 1125 3584 mitigandas
1154 3512 1459 3583 Augustini
1489 3517 1721 3567 senten-

54 3602 145 3655 tias
171 3604 222 3656 in
248 3604 568 3674 quaestione
627 3603 696 3656 de
752 3602 1002 3656 efﬁcacia
1057 3600 1262 3656 divinae
1318 3601 1559 3671 gratim;
1604 3601 1724 3655 haec

56 3692 181 3745 enim
210 3693 395 3747 scribit
436 3709 447 3745 :
484 3713 505 3741 ι
539 3694 603 3745 Et
633 3691 679 3744 si
711 3691 837 3762 quis
866 3691 1041 3744 instet
1059 3689 1446 3759 Augustinum
1482 3689 1608 3743 aliis
1632 3690 1720 3743 lo-

57 3780 118 3831 cis
146 3781 193 3835 id
222 3782 567 3851 exprimere,
602 3779 731 3851 quis
761 3795 875 3833 non
904 3779 1077 3847 videt,
1132 3778 1178 3832 si
1228 3778 1335 3831 hoc
1381 3783 1547 3844 esset,
1581 3778 1724 3831 nihil

58 3868 185 3922 aliud
231 3883 558 3925 secuturum
607 3884 780 3939 quam
829 3872 892 3921 ut
954 3867 1092 3921 dicit
1148 3871 1373 3920 sanctus
1430 3869 1722 3921 Bonaven-

56 3960 178 4026 tura,
208 3960 311 4013 illis
352 3959 498 4013 locis
544 3957 931 4027 Augustinum
989 3958 1116 4026 plus
1155 3956 1361 4021 dicere,
1418 3955 1483 4008 iis
1531 3960 1720 4008 autem

56 4062 162 4115 qua:
181 4053 304 4102 sunt
331 4066 363 4103 a
390 4048 561 4103 nobis
594 4048 783 4113 allata,
829 4046 1022 4099 minus
1051 4046 1191 4099 velle
1214 4046 1243 4098 ‘?
1274 4065 1300 4095 ι)
1334 4050 1418 4098 An
1462 4060 1593 4097 vero
1626 4044 1723 4096 illa

58 4133 103 4186 in
131 4138 393 4191 sententia
432 4138 499 4191 de
530 4136 715 4207 pcenis
744 4137 1113 4206 parvulorum
1143 4134 1312 4188 fuerit
1351 4133 1720 4203 Augustinus,

59 4222 177 4277 nihil
208 4226 273 4280 ad
303 4243 427 4280 rem
452 4230 794 4295 praesentem
824 4223 1003 4278 facit?
1029 4239 1163 4277 nam
1195 4223 1263 4275 de
1293 4223 1436 4275 libro
1484 4223 1553 4276 de
1594 4221 1723 4275 Fide

59 4312 114 4363 ad
162 4316 373 4369 Petrum
436 4316 659 4369 locutus
716 4318 799 4366 est
861 4314 1275 4378 Bonaventura,
1326 4311 1485 4381 cujus
1534 4310 1722 4375 verba,

60 4415 206 4468 quam
258 4419 463 4473 parum
526 4402 844 4457 adversario
898 4402 1118 4472 juvent,
1177 4399 1403 4454 abunde
1466 4398 1727 4469 superius

59 4486 275 4545 diximus
297 4509 418 4563 cap.
450 4496 502 4554 3,
536 4491 562 4561 §
598 4496 644 4546 1.

121 4570 421 4635 Audiamus
451 4586 722 4651 quartum
748 4578 1095 4632 cardinalem
1126 4577 1481 4647 Cajetanum,
1513 4575 1613 4645 qui
1651 4574 1729 4628 sic

59 4662 286 4735 loquitur
312 4676 461 4739 part.
529 4672 577 4734 ι,
601 4672 802 4739 quiest.
855 4669 946 4733 '70,
982 4671 1087 4720 art.
1130 4669 1159 4720 3
1196 4682 1207 4719 :
1244 4684 1271 4715 ι(
1303 4665 1599 4718 Sustineat
1626 4680 1727 4717 au-

59 4755 160 4806 tem
180 4758 343 4811 verba
376 4760 523 4811 hanc
574 4758 838 4827 glossam,
882 4755 1017 4825 quia
1051 4753 1281 4824 quando
1313 4756 1509 4805 contra
1563 4756 1731 4805 Aver-

64 4854 201 4896 roem
229 4851 347 4900 erat
374 4861 585 4912 sermo,
612 4846 694 4898 fas
726 4849 848 4897 erat
869 4844 1153 4897 declinare
1182 4842 1241 4895 in
1274 4841 1623 4912 oppositum,
1670 4844 1733 4894 ut

61 4932 391 5000 Augustinus
448 4938 645 4989 contra
691 4932 1027 5002 Pelagianos
1080 4930 1230 4986 facit.
1265 4949 1292 4981 »
1325 4960 1394 4970 —-
1429 4952 1450 4980 ι
1488 4932 1602 4984 Hoc
1633 4934 1730 4990 est,

59 5018 127 5071 ait
152 5023 398 5077 Annatus
451 5039 586 5094 pag.
622 5024 745 5086 862,
806 5022 1075 5076 excedere
1130 5019 1343 5074 lineam
1398 5019 1732 5073 necessarias

60 5109 331 5165 veritatis:
365 5117 429 5166 ut
487 5113 559 5166 sit
601 5111 781 5165 nimia
827 5110 1091 5181 quaedam
1123 5108 1391 5162 severitas
1448 5112 1505 5161 et
1534 5107 1732 5177 iniqua

62 5200 283 5264 vexatio,
318 5217 446 5269 quae
490 5200 742 5255 medium
786 5199 950 5265 illud,
1014 5199 1072 5252 in
1129 5214 1243 5267 quo
1289 5196 1496 5249 veritas
1552 5196 1729 5257 sedet,

66 5288 566 5357 transgredijubet,
600 5288 644 5341 si
674 5294 889 5359 przecat
919 5287 1288 5357 Augustinus.
1316 5303 1344 5336 υ
1376 5288 1448 5337 At
1477 5284 1731 5337 medium

59 5388 109 5423 se
138 5378 319 5429 tenere
350 5378 554 5431 clamat
580 5376 950 5447 Augustinus,
996 5379 1163 5445 atque
1193 5375 1301 5428 hoc
1332 5373 1551 5443 primus
1582 5389 1729 5426 mor-

61 5460 244 5517 talium
290 5464 480 5520 docuit
507 5466 605 5521 lib.
673 5482 726 5519 iv
778 5470 976 5520 contra
1008 5464 1150 5517 duas
1206 5462 1470 5534 epistolas
1516 5460 1730 5527 Pelag,

63 5564 170 5618 cap.
205 5555 257 5621 3,
282 5554 352 5607 ad
385 5554 735 5610 Bonifacium
781 5570 1014 5626 papam,
1046 5552 1167 5607 haec
1222 5551 1476 5606 scribens
1509 5565 1522 5602 :
1558 5568 1583 5599 α
1620 5550 1733 5602 lslu

1835 3067 2109 3123 anteriori
2130 3068 2341 3138 pagina
2372 3069 2563 3138 legere
2596 3083 2714 3122 non
2755 3068 2953 3136 valuit,
2988 3070 3075 3122 vel
3108 3069 3299 3139 legere
3346 3085 3409 3121 ac
3437 3084 3533 3123 ne-

1834 3159 2050 3231 gligere
2066 3158 2217 3212 idem
2244 3158 2367 3212 fuit.
2403 3158 2968 3227 IgiturAugustinus,
2995 3158 3296 3213 Coelestino
3317 3156 3528 3227 judice,

1834 3249 1920 3301 vel
1942 3247 1989 3300 si
2020 3246 2263 3317 negatis,
2297 3247 2497 3300 saltem
2556 3250 2715 3314 teste,
2766 3247 2978 3300 lineam
3031 3246 3364 3301 necessariae
3394 3246 3534 3299 veri-

1830 3336 1965 3390 tatis
1995 3352 2111 3389 non
2159 3335 2413 3389 excessit.
2448 3333 2583 3398 Quis
2637 3340 2829 3388 autem
2877 3336 3045 3389 unius
3076 3333 3333 3404 Cajetani
3376 3334 3531 3387 testi-

1832 3425 2093 3480 monium
2125 3424 2305 3477 sancti
2334 3422 2622 3478 leestini
2670 3440 2834 3495 papae
2865 3424 3265 3478 contestationi
3304 3438 3529 3493 praepo-

1831 3515 2087 3569 nendum
2115 3513 2331 3567 ducat?

1834 3625 1860 3689 §
1890 3622 1988 3676 III.
2024 3619 2371 3673 Cardinales
2404 3616 2731 3689 Perronius.
2776 3618 3049 3673 Valerius
3076 3635 3147 3672 ac
3170 3622 3405 3672 sanctus
3423 3618 3529 3671 Ca-

1900 3691 2058 3745 rolus
2086 3694 2435 3745 Bai-romam:
2461 3688 2652 3743 minus
2694 3693 2848 3744 recte
2880 3694 3083 3744 contra
3106 3692 3371 3743 sanctum
3408 3692 3529 3743 Au—

1897 3763 2191 3834 gustinum
2213 3760 2467 3816 adducti.

1903 3869 2173 3939 Sequitur
2199 3868 2431 3939 quintus
2463 3866 2768 3920 accersitus
2821 3882 2885 3918 ex
2937 3864 3115 3917 Gallia
3142 3863 3449 3918 Petronius
3479 3870 3535 3917 et

1831 3974 2108 4028 purpura,
2177 3961 2232 4009 et
2306 3955 2507 4009 erectis
2574 3972 2641 4007 ex
2704 3952 2978 4007 continuo
3059 3967 3188 4005 cum
3252 3951 3533 4005 haireticis

1833 4047 1983 4101 bello
2031 4046 2304 4113 trophaeis
2348 4043 2717 4108 clarissimus,
2770 4042 2930 4111 cujus
2987 4045 3119 4093 sunt
3174 4041 3293 4093 hinc
3338 4040 3529 4105 verba,

1832 4133 2021 4204 inquit
2049 4136 2306 4185 Annatus
2336 4148 2348 4185 :
2385 4151 2411 4181 ‹‹
2454 4132 2551 4184 Sat
2581 4130 2781 4183 monui
2830 4129 2889 4182 in
2919 4133 3119 4199 quarta
3150 4144 3409 4181 mearum
3440 4126 3532 4179 ob-

1837 4221 2220 4276 servationum
2249 4237 2353 4273 nos
2380 4219 2686 4273 admodum
2720 4218 3071 4287 distinguere
3114 4215 3369 4286 proprias
3394 4232 3530 4285 san-

1838 4312 1912 4366 cti
1940 4308 2247 4381 Augustini
2296 4308 2614 4379 opiniones,
2670 4307 2806 4360 dum
2854 4304 3107 4375 loquitur
3161 4308 3224 4357 ut
3278 4304 3532 4374 privatus

1836 4402 2050 4467 doctor,
2084 4404 2140 4452 et
2174 4397 2430 4468 ejusdem
2466 4396 2845 4461 narrationes,
2890 4393 3097 4465 quibus
3147 4393 3415 4463 loquitur,
3472 4398 3535 4445 ut

1836 4490 1996 4545 testis
2048 4504 2183 4541 usus
2239 4486 2560 4540 communis
2608 4484 2883 4550 Ecclesiae,
2953 4485 3039 4535 vel
3096 4498 3162 4535 ea
3219 4482 3354 4535 dicit
3404 4498 3533 4552 qua:

1835 4579 2134 4633 doctorum
2167 4577 2347 4630 mtatis
2378 4593 2495 4629 suae
2547 4575 2838 4628 communi
2885 4572 3188 4626 consensui
3218 4572 3535 4626 conformia

1837 4670 2009 4731 sunt;
2045 4666 2114 4719 ab
2146 4665 2273 4717 unis
2302 4664 2582 4733 siquidem
2615 4660 3001 4731 argumentari
3030 4676 3133 4713 nos
3154 4664 3373 4713 tantum
3406 4675 3535 4728 pro-

1837 4753 2119 4818 babiliter,
2167 4752 2236 4805 ab
2269 4751 2393 4804 aliis
2422 4750 2881 4804 dcmonstrative.
2919 4769 2945 4799 ))
2995 4750 3141 4802 Bene
3173 4748 3268 4801 ille
3301 4748 3532 4818 quidem

1838 4858 1902 4895 ac
1927 4841 2099 4911 digne
2130 4840 2199 4894 de
2256 4838 2577 4908 Augustino
2636 4838 2841 4905 sensit;
2895 4836 3023 4909 quis
3082 4836 3238 4891 enim
3287 4835 3534 4905 privatas

1836 4928 2140 4999 Augustini
2170 4927 2479 4981 sententias
2509 4926 2568 4980 in
2615 4942 2807 4993 sacras,
2850 4944 2900 4980 v.
2934 4943 3014 4995 g.,
3068 4924 3295 4995 pagina:
3354 4920 3534 4991 expli-

1837 5018 2060 5071 catione
2093 5017 2242 5069 intra
2272 5015 2407 5070 fidei
2438 5031 2681 5069 canones
2732 5015 2951 5069 refert?
2979 5018 3051 5067 At
3080 5012 3172 5066 hic
3210 5015 3531 5063 controver-

1838 5106 1979 5160 titur
2007 5105 2143 5176 quid
2184 5105 2251 5159 de
2281 5104 2586 5175 Augustini
2608 5104 2939 5158 auctoritate
2980 5099 3282 5155 Perronius
3333 5096 3536 5150 sentiat

1838 5194 1899 5247 in
1931 5194 2247 5263 quaestione
2292 5193 2360 5247 de
2402 5193 2900 5263 prmdestinatione
2954 5194 3009 5242 et
3038 5187 3237 5257 gratia.
3276 5186 3417 5239 Nam
3466 5185 3535 5239 de

1839 5281 2148 5351 Augustini
2202 5282 2537 5335 auctoritate
2577 5282 2637 5334 in
2693 5281 2761 5333 iis
2813 5294 2939 5349 quae
2984 5276 3051 5329 ad
3083 5273 3337 5328 divinam
3390 5272 3536 5327 circa

1839 5370 2103 5423 homines
2158 5369 2579 5439 providentiam
2630 5371 2903 5438 spectant,
2953 5363 3284 5418 testimonia
3313 5367 3368 5417 te
3405 5378 3536 5431 pro-

1843 5459 2149 5513 ducturum
2192 5458 2251 5511 in
2304 5459 2427 5529 ipso
2479 5458 2643 5513 titulo
2700 5454 2830 5508 libri
2886 5452 3068 5507 octavi
3125 5452 3531 5524 spoponderas.

1847 5548 2031 5603 Liceat
2083 5546 2226 5601 mihi
2276 5546 2576 5618 Augustini
2626 5545 2736 5598 huc
2766 5542 2938 5597 verba
2992 5542 3321 5598 inﬂectere:
3354 5542 3535 5608 Ingre-
