3894 6184
333 275 437 326 755

1229 237 1240 240 ἒ
1325 268 1884 325 SUPPLEMENTUM
1921 271 2012 324 AD
2049 269 2281 326 OPERA
2319 271 2374 325 S.
2416 269 2803 326 AUGUSTINI.

3693 275 3771 327 756

335 400 476 464 dere,
537 397 796 463 Perroni,
853 396 1134 466 ingredere
1200 399 1252 447 et
1304 394 1519 448 conside
1574 409 1695 448 cum
1751 394 2022 460 fratribus
2059 407 2101 460 Α
2141 394 2211 448 lis
2241 394 2344 448 sub
2368 393 2688 448 Iustiniano
2717 390 2961 461 scripsit,
3010 390 3072 444 in
3101 389 3246 444 libro
3274 388 3476 459 fcontra
3503 391 3774 448 Mocianum

339 489 470 553 tuis,
503 503 535 540 a
566 486 761 555 quibus
804 486 958 538 nulla
992 484 1154 550 ratio,
1184 482 1338 536 nulla
1380 486 1605 537 tentatio
1636 488 1683 538 te
1737 485 2036 553 separauit,

341 591 474 646 opus
505 580 582 629 est
623 580 744 640 tua,
803 579 852 626 et
905 574 1140 626 maxime
1188 577 1283 624 tua
1335 574 1620 640 sententia,
1666 571 1761 625 lib.
1795 589 1812 625 ι
1842 577 2038 625 contra

342 665 478 731 Jul.,
507 681 629 733 cap.
665 666 714 716 6.
739 661 958 730 Arrige,
981 664 1222 727 Annate,
1240 675 1424 727 aures,
1449 660 1757 714 Perronius
1785 677 1952 714 suum
1967 660 2036 714 de

345 751 660 822 Augustino
689 748 1082 802 testimonium
1099 749 1318 818 profert
1341 763 1353 801 :
1377 750 1739 816 Augustinus,
1767 751 2038 802 maximus

341 845 465 911 post
494 838 758 906 apostolos
784 837 1282 907 praedestinalionis
1312 836 1514 902 doctor,
1542 840 1649 890 imo
1676 854 1739 890 os
1763 843 1813 890 et
1841 853 2040 890 LINGUA

351 944 567 982 verams
596 928 887 988 Eccnesm,
921 931 1186 993 quantum
1215 925 1289 978 ad
1326 927 1479 978 illam
1530 926 1595 978 de
1632 929 1817 992 gratia
1846 926 2043 980 doctri-

346 1033 495 1084 nam,
526 1015 623 1069 lib.
655 1033 670 1068 I
704 1017 873 1084 Resp.
907 1015 974 1068 ad
1006 1030 1198 1084 regem
1240 1015 1482 1083 Anglice,
1532 1030 1652 1084 cap.
1690 1017 1773 1069 l2.
1825 1014 1968 1080 Quid
1998 1019 2046 1067 te

348 1107 540 1171 igitur,
574 1103 732 1158 addit
760 1102 1131 1173 Augustinus,
1164 1103 1386 1170 adjuvit
1425 1102 1569 1169 quod
1600 1102 1878 1168 Perronii,
1913 1103 2044 1155 'tan-

351 1209 515 1262 quam
561 1193 663 1246 tibi
719 1191 1147 1259 suﬂ‘ra—garelur,
1207 1193 1587 1258 testimonium,
1638 1191 1922 1260 posuisti?
1953 1190 2046 1241 Vis

351 1282 493 1335 scire
523 1297 595 1334 an
623 1296 780 1333 suam
812 1279 878 1332 de
933 1278 1431 1348 prmdestinatione
1462 1279 1808 1332 sententiam
1838 1279 2044 1331 docue-

352 1371 428 1424 rit
472 1367 846 1438 Augustinus,
889 1370 1210 1435 utprivatus
1255 1367 1456 1432 doctor,
1505 1383 1575 1419 an
1619 1372 1678 1420 ut
1727 1369 1876 1420 testis
1917 1380 2047 1421 usus

355 1459 646 1512 communis
701 1457 994 1511 Ecclesiar?
1053 1456 1196 1509 Audi
1243 1455 1552 1524 ipsummet
1600 1455 1722 1508 haec
1769 1455 2050 1509 dicentem

353 1547 456 1601 lib.
503 1545 571 1598 de
606 1546 762 1598 Dono
819 1559 1063 1614 persev.,
1104 1559 1227 1612 cap.
1277 1546 1367 1609 23,
1424 1544 1486 1596 in
1533 1543 1650 1597 ﬁne
1684 1558 1697 1598 :
1729 1563 1751 1592 ε
1812 1545 1891 1596 Ac
1946 1558 2051 1613 per

356 1636 464 1690 hoc
493 1632 1010 1703 praedestinationis
1040 1631 1211 1701 hujus
1249 1631 1444 1697 ﬁdem,
1476 1649 1606 1702 quas
1652 1635 1852 1686 contra
1876 1647 2051 1685 novos

356 1722 653 1778 hasreticos
678 1736 826 1773 nova
879 1719 1256 1772 sollicitudine
1311 1736 1465 1773 nunc
1521 1720 1868 1789 defenditur,
1908 1735 2053 1774 nun-

359 1826 534 1882 quam
564 1808 806 1862 Ecclesia
836 1807 1040 1861 Christi
1072 1823 1186 1861 non
1229 1808 1448 1862 habuit.
1500 1827 1528 1859 ››
1580 1809 1703 1862 Non
1759 1808 1939 1879 igitur
1990 1824 2057 1862 ea

357 1899 418 1952 in
450 1914 511 1950 re
543 1898 762 1950 locutus
793 1899 879 1949 est
905 1895 1259 1966 Augustinus
1285 1900 1350 1949 ut
1379 1895 1652 1965 privatus
1682 1895 1899 1960 doctor,
1933 1893 2054 1958 sed,

359 1991 423 2040 ut
456 1985 628 2038 tradit
658 1985 983 2050 Perronius,
1043 1989 1106 2037 ut
1135 2000 1190 2038 os
1245 1990 1295 2038 et
1325 1986 1515 2051 lingua
1558 1986 1749 2038 veteris
1789 1984 2054 2038 Ecclesiae.

363 2077 546 2139 Quare
600 2073 726 2144 quis
782 2089 901 2126 non
945 2072 1278 2142 indignetur
1306 2075 1551 2141 Annato,
1583 2073 1682 2143 qui
1710 2073 1838 2142 {eos
1865 2075 2061 2125 contra

362 2162 745 2233 Augustinum
797 2165 970 2214 testes
1019 2160 1279 2214 nominat
1308 2159 1408 2230 qui
1439 2161 1622 2213 sancti
1659 2159 1903 2214 doctoris
1931 2174 2062 2212 sen-

364 2251 571 2304 tentias
596 2250 666 2303 ad
697 2250 905 2303 caelum
928 2265 1107 2320 usque
1137 2248 1402 2302 laudibus
1435 2249 1731 2303 efferunt?

438 2339 595 2392 Itane
627 2343 847 2391 sextum
877 2343 1076 2390 contra
1104 2337 1487 2405 Augustinum
1532 2341 1735 2391 testem
1772 2337 1931 2391 dabit
1961 2337 2064 2390 Ve-

368 2443 509 2481 rona
537 2431 729 2480 nostra
778 2425 1188 2495 Augustinum,
1246 2430 1309 2478 ut
1356 2425 1459 2492 ais,
1511 2428 1855 2480 recentiorem
1904 2426 2064 2479 Vale-

370 2514 524 2568 rium
587 2515 868 2568 Venetam
929 2513 1328 2567 cardinalem?
1384 2514 1484 2567 Hic
1543 2513 1643 2568 lib.
1712 2532 1772 2568 ιιι
1830 2514 2062 2568 Rhetor.

372 2603 602 2668 Eccles.,
658 2618 780 2671 cap.
837 2604 926 2667 42,
983 2601 1191 2655 horum
1247 2601 1480 2655 clericos
1537 2605 1785 2656 monet:
1831 2619 1859 2652 «
1914 2601 2070 2655 Beati

371 2690 676 2761 Augustini
708 2690 916 2760 scripta
945 2690 1134 2744 clerici
1175 2694 1338 2744 caute
1368 2691 1677 2745 admodum
1731 2691 1944 2760 legant.
1987 2691 2071 2743 Ita

373 2779 528 2834 enim
561 2779 822 2832 acumine
852 2778 1070 2848 ingenii
1102 2778 1384 2849 praestitit,
1437 2784 1492 2832 et
1521 2779 1591 2833 de
1621 2778 1791 2832 rebus
1822 2778 2070 2832 difficili-

373 2869 480 2922 bus
507 2865 935 2922 tam‘subtiliter
986 2867 1312 2937 disputavit,
1347 2873 1412 2921 ut
1449 2883 1566 2920 non
1595 2867 1869 2921 mediocri
1908 2867 2070 2937 inge-

2092 1693 2133 1747 Β

2143 483 2268 538 ait:
2313 501 2341 533 (ί
2371 481 2480 546 Qui
2533 485 2746 546 autem,
2788 479 2997 551 inquit,
3055 479 3116 532 in
3166 479 3273 532 hoc
3321 479 3601 547 miremur,
3632 495 3782 550 neque

2145 571 2300 627 enim
2327 571 2532 624 melius
2561 569 2720 640 loqui
2747 567 2935 640 potuit
2958 567 3307 638 Augustinus
3327 582 3493 638 quam
3514 567 3784 638 prophetae,

2147 675 2318 730 quam
2351 657 2595 728 apostoli
2642 661 2699 711 et
2722 656 3106 726 evangelista,
3154 671 3393 724 quorum
3447 656 3711 709 mentibus
3735 659 3788 710 si-

2147 748 2361 802 militer
2389 748 2536 800 male
2566 745 2864 798 intellectis
2912 747 2968 798 et
3015 743 3327 813 incongrue
3383 742 3655 810 adhibitis,
3695 748 3788 798 tam

2148 834 2318 890 multi
2351 851 2481 889 suos
2511 834 2813 888 defendere
2844 837 3123 887 conantur
3150 847 3390 885 errores.
3421 851 3447 880 »

2225 927 2392 980 Natat
2433 923 2644 979 ibidem
2690 927 2945 977 Annatus
3010 925 3267 975 sanctum
3321 921 3574 975 Carolum
3625 922 3788 975 Borro-

2151 1030 2362 1068 maaum
2391 1012 2680 1066 Valerium
2710 1013 2780 1066 ad
2811 1011 2950 1064 illud
2980 1027 3126 1081 opus
3157 1009 3511 1063 scribendum
3543 1009 3790 1074 excitasse,

2152 1104 2421 1172 idemque
2462 1102 2784 1154 absolutum
2815 1099 3178 1171 approbasse,
3241 1098 3390 1151 unde
3437 1082 3516 1150 uti
3563 1097 3791 1162 Valerius,

2154 1192 2234 1245 ita
2294 1195 2351 1244 et
2423 1195 2649 1243 sanctus
2715 1189 2950 1244 Carolus
3008 1192 3208 1241 contra
3273 1185 3641 1256 Augustinum
3677 1191 3792 1239 stare

2155 1283 2379 1334 Annato
2407 1279 2558 1332 visus
2588 1283 2672 1331 est
2703 1294 2717 1331 :
2747 1296 2776 1328 α
2813 1278 2883 1331 Ut
2911 1276 3065 1337 ideo,
3097 1274 3306 1346 inquit,
3364 1273 3536 1328 videri
3571 1274 3726 1344 possit
3749 1291 3795 1327 ac

2155 1369 2356 1422 debeat
2383 1382 2563 1420 unum
2617 1366 2725 1418 hoc
2755 1364 3150 1418 testimonium
3181 1379 3302 1428 esse
3355 1363 3593 1416 duorum
3624 1360 3795 1414 virtute

2158 1472 2222 1508 ac
2267 1454 2560 1508 sanctitate
2619 1452 3204 1506 eminentissimorum
3262 1450 3636 1509 cardinalium,
3673 1469 3696 1497 ι
3738 1450 3798 1501 Ita

2161 1542 2510 1598 contrarium
2558 1545 2749 1594 sancto
2800 1540 3020 1594 doctori
3074 1544 3334 1593 sanctum
3383 1538 3632 1592 Carolum
3678 1537 3796 1601 facit,

2162 1631 2262 1702 qui
2292 1630 2350 1684 id
2380 1646 2450 1682 ne
2497 1627 2803 1694 somniavit
2832 1628 3081 1697 quidem.
3137 1629 3211 1680 At
3259 1640 3393 1679 cum
3443 1623 3678 1677 Valerius
3719 1639 3798 1693 pro

2163 1718 2482 1790 Augustino
2518 1718 2808 1787 loquatur,
2859 1732 3073 1786 supper
3112 1715 3195 1768 illi
3236 1717 3590 1768 Borromzeus
3630 1710 3799 1764 adden-

2164 1806 2271 1858 dus
2295 1811 2394 1860 est.
2429 1805 2539 1860 Sed
2571 1821 2694 1876 age,
2742 1804 2920 1875 ipsius
2967 1802 3147 1858 sancti
3191 1802 3380 1857 Caroli
3430 1801 3497 1854 de
3535 1797 3799 1870 Augustino

2163 1894 2558 1948 testimonium
2605 1892 2982 1963 proferamus.
3019 1893 3119 1946 Ille
3158 1891 3220 1944 in
3271 1889 3507 1961 epistola
3552 1887 3615 1941 ad
3657 1885 3801 1939 civita-

2165 1987 2282 2038 tem
2337 1982 2817 2038 Mediolanensem
2862 1982 2990 2035 ait:
3044 1998 3072 2030 ε(
3122 1981 3301 2034 Nemo
3349 1983 3434 2033 est
3486 1977 3578 2048 qui
3624 1975 3802 2045 ignoret

2169 2077 2446 2143 quantum
2493 2071 2756 2125 utilitatis
2797 2076 2854 2124 et
2890 2070 3108 2124 fructus
3154 2068 3413 2122 attulerit
3459 2064 3692 2119 Ecclesia:
3731 2063 3802 2115 Dei

2169 2177 2412 2231 magnus
2433 2159 2590 2214 illius
2630 2160 2831 2214 doctor
2880 2158 3257 2228 Augustinus.
3292 2154 3560 2210 Exstinxit
3585 2154 3637 2206 in
3661 2151 3803 2205 Africa

2173 2250 2530 2315 Manichaaos,
2559 2248 2776 2319 expulit
2824 2248 3162 2314 Donatistas,
3193 2246 3259 2299 in
3311 2245 3551 2298 nihilum
3605 2240 3803 2309 Pelagia-

2171 2355 2276 2393 nos
2329 2337 2626 2392 haareticos
2699 2337 2939 2408 redegit,
3003 2338 3385 2390 Fortunatum
3435 2329 3802 2387 haeresiarcham

2172 2427 2504 2491 confutavit,
2539 2430 2615 2494 et,
2670 2430 2734 2479 ut
2782 2425 3050 2478 universa
3101 2423 3304 2496 paucis
3335 2422 3673 2492 complectar,
3719 2433 3805 2470 om-

2173 2513 2267 2566 nia
2295 2528 2514 2566 venena
2545 2512 2811 2566 adversus
2850 2513 3184 2566 orthodoxa:
3209 2509 3510 2580 religionis
3553 2507 3804 2578 puritatem

2174 2616 2208 2652 a
2235 2601 2496 2655 daemone
2542 2606 2794 2655 eructata
2823 2601 3066 2656 sustulit.
3101 2601 3246 2655 Hinc
3301 2600 3510 2654 factum
3559 2601 3635 2650 est
3679 2599 3728 2648 ut
3749 2609 3797 2646 ex

2176 2689 2329 2743 illius
2357 2689 2636 2755 doctrina,
2679 2694 2737 2742 et
2782 2706 2813 2743 a
2842 2689 3106 2743 Patribus
3146 2688 3428 2742 eumdem
3449 2682 3742 2744 subsecutis,
3766 2685 3805 2733 et

2179 2795 2211 2831 a
2255 2777 2504 2847 synodis,
2561 2795 2594 2831 a
2643 2778 2926 2849 theologis
2971 2795 3036 2832 ac
3085 2777 3381 2832 catholicis
3420 2772 3700 2830 academiis
3744 2774 3808 2822 tot

2180 2865 2437 2920 Ecclesiae
2470 2866 2741 2937 dogmata
2769 2866 3166 2920 fulcimentum
3199 2871 3259 2920 et
3290 2866 3466 2920 robur
3493 2859 3802 2931 acceperint.-

374 2956 472 3010 nio
504 2955 728 3026 praediti
757 2955 862 3008 viri
888 2955 1009 3025 ejus
1048 2955 1222 3008 libros
1279 2957 1533 3025 legentes
1577 2956 1638 3009 in
1695 2970 1918 3010 errores
1975 2953 2072 3006 ali-
2108 2985 2147 3040 ε
2182 2954 2249 3007 Et
2276 2954 2398 3007 haec
2425 2954 2658 3024 quidem
2687 2954 2796 3008 fuit
2825 2954 3165 3008 sanctissimi
3192 2951 3616 3028 Mediolanensis
3641 2944 3808 3002 antisti-

379 3044 608 3115 quando
633 3045 780 3113 lapsi
809 3044 939 3097 sint.
977 3065 998 3092 ι
1033 3045 1148 3098 Hoc
1193 3044 1490 3114 egregium
1537 3044 1791 3098 scholion
1849 3043 2073 3112 afﬁngit

378 3136 637 3188 Annatus
659 3150 789 3204 pag.
824 3136 926 3188 863
957 3147 970 3186 :
1009 3154 1035 3183 ((
1065 3134 1132 3187 Et
1183 3134 1292 3187 hoc
1332 3133 1472 3203 quid
1501 3133 1658 3188 aliud
1689 3138 1772 3186 est
1813 3149 1986 3203 quam
2019 3131 2075 3186 id

382 3221 574 3288 ipsum
619 3220 770 3290 quod
828 3224 1156 3273 monentem
1221 3219 1542 3273 audivimus
1592 3221 2074 3286 Bonaventuram,

382 3307 768 3379 Augustinum
805 3309 933 3378 plus
964 3308 1152 3362 dicere
1209 3309 1540 3378 aliquando,
1598 3312 1655 3361 et
1704 3307 1894 3360 minus
1931 3307 2076 3360 velle

383 3396 644 3466 intelligi.
681 3415 708 3448 ι)
742 3397 784 3451 Ο
811 3397 1150 3466 praeclarum
1208 3397 1388 3450 nostri
1435 3395 1898 3450 commentatoris
1927 3411 2078 3450 com-

384 3484 678 3538 mentum!
716 3483 1029 3539 Cardinalis
1057 3484 1309 3538 Valerius
1339 3485 1645 3538 nonnullos
1692 3484 2078 3554 Augustinen-

387 3573 538 3626 sium
590 3572 870 3626 librorum
931 3573 1170 3626 lectores
1226 3573 1414 3643 lapsos
1473 3573 1534 3627 in
1592 3588 1815 3627 errores
1865 3571 2077 3633 scribit,

389 3662 542 3732 quod
571 3660 1009 3715 subtilissimum
1060 3661 1365 3732 Augustini
1394 3678 1624 3716 sensum
1654 3661 1895 3716 minime
1926 3677 2078 3715 asse-

388 3748 505 3802 cuti
558 3751 713 3805 sunt.
767 3752 1025 3802 Annatus
1096 3765 1163 3803 ex
1232 3751 1456 3804 Valerio
1504 3750 1636 3804 inde
1694 3750 1882 3820 lapsos
1927 3749 2078 3816 dicit,

390 3837 542 3907 quod
573 3837 923 3906 Augustinus
964 3837 1260 3907 disputans
1316 3840 1445 3910 plus
1499 3839 1846 3910 quandoque
1897 3838 2083 3892 verbis

389 3925 655 3992 excurrit,
685 3927 835 3996 quod
865 3942 983 3980 non
1013 3933 1097 3980 est
1121 3927 1191 3981 de
1248 3927 1572 3982 difﬁcilibus
1629 3933 1740 3982 tam
1789 3928 2079 3992 subtiliter,

2185 3043 2256 3097 tis
2287 3043 2355 3097 de
2387 3048 2580 3097 sancto
2607 3043 2928 3111 Augustino
2961 3043 3269 3097 sententia.

2183 3131 2331 3202 §IV.
2363 3131 2520 3186 Falli
2561 3148 2656 3186 eos
2697 3131 2795 3202 qui
2837 3134 3104 3186 sanctum
3157 3129 3538 3202 Augustinum
3578 3123 3808 3180 interdum

2273 3221 2615 3292 iniquiorem
2644 3220 2821 3276 libero
2848 3219 3089 3276 arbitrio
3110 3219 3312 3290 fuisse
3338 3215 3744 3273 calumniantur.

2255 3312 2388 3364 Post
2428 3315 2772 3380 purpuratos
2820 3315 2993 3364 testes
3037 3309 3336 3380 ingentem
3366 3307 3594 3362 aliorum
3622 3300 3808 3370 scripto-

2185 3414 2315 3452 rum
2345 3402 2629 3452 catervam
2657 3402 2852 3453 contra
2888 3402 3148 3452 sanctum
3197 3395 3575 3468 Augustinum
3609 3389 3809 3446 trahunt.

2187 3503 2330 3558 quos
2368 3487 2660 3558 sigillatim
2693 3492 2950 3558 repetere
2999 3502 3118 3541 non
3145 3491 3328 3552 vacat,
3361 3501 3456 3540 eos
3487 3497 3610 3536 vero
3638 3477 3699 3532 ad
3721 3489 3810 3528 cer-

2185 3583 2272 3631 tas
2301 3576 2477 3631 veluti
2505 3578 2710 3631 classes
2738 3576 3014 3646 redigam,
3071 3575 3120 3629 si
3157 3576 3263 3646 qui
3290 3576 3480 3646 plures
3507 3571 3564 3624 in
3604 3565 3810 3621 eamdem

2189 3666 2258 3719 de
2275 3666 2593 3737 Augustino
2623 3665 2954 3738 opinionem
2981 3663 3243 3718 coierint.
3293 3665 3356 3717 Et
3383 3662 3561 3734 primo
3613 3657 3716 3710 loco
3739 3666 3811 3719 ορ·

2187 3760 2413 3825 ponunt
2464 3756 2721 3808 Annatus
2773 3754 2920 3808 libro
2968 3767 3088 3822 vui,
3136 3753 3390 3807 Adamus
3443 3753 3580 3821 part.
3631 3762 3682 3799 ιιι
3727 3739 3810 3795 Cal.

2191 3843 2400 3909 destr.,
2473 3859 2597 3913 cap.
2663 3847 2719 3911 7,
2787 3847 2845 3896 et
2907 3842 3276 3913 Decampsius
3337 3841 3479 3894 libro
3541 3852 3595 3890 ιιι
3651 3834 3810 3888 Haeres.

2189 3933 2443 3998 Jansen.,
2473 3930 2684 4001 disput.
2724 3934 2772 3996 l,
2817 3947 2939 4000 cap.
2983 3932 3034 3996 3,
3076 3928 3500 3984 Genebrardum
3549 3927 3815 3994 Aquensem

389 4018 456 4068 ut
487 4014 565 4067 ait
593 4014 866 4081 Valerius,
909 4015 1004 4068 sed
1037 4019 1147 4068 tam
1175 4017 1406 4084 incaute,
1442 4021 1503 4070 ut
1525 4015 1811 4087 interpres
1850 4019 2087 4070 conten-
2194 4019 2528 4084 antistitem,
2587 4019 2647 4072 in
2703 4019 2941 4090 epistola
2996 4018 3234 4089 praeﬁxa
3280 4017 3544 4087 operibus
3592 4003 3814 4078 OrigeniS,

391 4103 476 4157 dit
504 4103 842 4173 disputasse.
875 4103 918 4158 Ο
966 4105 1160 4174 superi
1215 4106 1380 4160 mites
1408 4106 1668 4159 animos!
1701 4107 1934 4175 Magnus
1990 4104 2084 4157 ille
2191 4109 2485 4182 Albertum
2520 4108 2787 4179 Pighium
2838 4107 2934 4162 lib.
2983 4125 3043 4162 ιιι
3105 4108 3176 4162 de
3208 4107 3410 4162 Libero
3448 4103 3636 4168 Arbit.,
3665 4101 3711 4150 et
3731 4092 3818 4147 Six-

392 4192 591 4263 patrias
638 4209 781 4246 meae
839 4195 1072 4249 antistes
1126 4195 1533 4265 Augustiniani
1586 4195 1805 4265 ingenii
1845 4209 2084 4248 acumen
2191 4201 2314 4251 tum
2348 4197 2654 4251 Senensem
2706 4197 2766 4250 in
2795 4196 3017 4267 praefat.
3041 4196 3143 4250 lib.
3183 4213 3216 4249 ν
3269 4194 3636 4253 Bibliotheca,
3666 4185 3817 4267 dicen-

394 4288 564 4351 atque
601 4281 661 4334 in
718 4281 1062 4352 disputando
1119 4284 1512 4346 subtilitatem,
1570 4300 1740 4354 quam
1799 4283 2080 4354 plerique,
2123 4279 2164 4332 D
2195 4289 2279 4338 tes
2307 4285 2690 4355 Augustinum
2719 4266 3010 4338 interdum
3055 4283 3240 4338 libero
3295 4281 3522 4337 arbitrio
3564 4276 3713 4332 fuisse
3735 4266 3819 4323 ini-

394 4369 524 4424 licet
550 4368 727 4423 nobili
756 4370 987 4438 ingenio
1016 4371 1264 4440 praediti,
1299 4371 1524 4441 assequi
1555 4371 1883 4442 nequivere,
1931 4386 2087 4424 com-

396 4458 667 4524 mendat;
727 4461 981 4512 Annatus
1033 4459 1167 4512 inde
1218 4463 1415 4512 contra
1470 4461 1854 4529 Augustinum
1901 4478 2088 4516 exces-

397 4561 565 4599 suum
596 4547 1012 4601 accusationem
1043 4546 1228 4612 struit,
1262 4563 1326 4600 ac
1356 4550 1555 4600 testem
1587 4553 1783 4602 contra
1831 4555 2089 4605 sanctum

399 4634 688 4688 doctorem
715 4633 878 4688 illum
925 4651 983 4688 se
1031 4634 1164 4687 dare
1219 4635 1406 4705 ﬁngit,
1457 4635 1558 4706 qui
1593 4641 1676 4690 est
1700 4637 1929 4706 ejudem
1982 4640 2091 4692 Au-

397 4720 612 4791 gustini
642 4722 882 4776 eximius
907 4723 1182 4777 laudator.
1235 4726 1339 4778 Eos
1369 4739 1503 4778 sane
1541 4725 1610 4780 de
1664 4726 1871 4797 quibus
1929 4728 2090 4781 Vale-

396 4811 518 4866 rius
566 4811 822 4880 loquitur
873 4811 936 4865 in
981 4828 1201 4867 errores
1245 4814 1431 4884 lapsos
1459 4815 1654 4882 fuisse,
1709 4816 2092 4887 Augustinine

396 4917 470 4954 an
533 4899 794 4970 ipsorum
878 4901 976 4972 qui
1028 4903 1413 4972 Augustinum
1486 4919 1601 4958 non
1667 4904 2088 4972 intellexerunt,

397 4990 564 5060 culpa
595 4990 721 5044 est?
753 4989 890 5053 Quis
944 4994 1135 5045 autem
1191 4992 1406 5046 nesciat
1451 4992 1733 5061 plurimos
1777 4994 2092 5064 profundos

399 5079 784 5150 quorumdam
839 5095 1011 5134 sacrae
1068 5080 1296 5150 paginas
1345 5081 1649 5136 verborum
1721 5098 1919 5137 sensus
1977 5099 2092 5138 non

401 5173 766 5238 assequentes
790 5168 850 5222 in
887 5169 1132 5224 haereses
1161 5170 1340 5225 ruisse
1361 5171 1390 5224 ?
1412 5171 1568 5225 Itane
1597 5171 1657 5225 in
1705 5171 1848 5226 sacri
1879 5172 2092 5243 eloquii

402 5263 692 5311 auctorem
722 5258 998 5329 Spiritum
1027 5263 1284 5312 sanctum
1313 5260 1542 5328 culpam
1593 5259 1978 5327 devolvemus,
2020 5277 2094 5314 an

400 5344 600 5398 nonin
629 5346 886 5415 ipsorum
915 5347 1105 5418 potius
1133 5346 1533 5418 petulantiam,
1565 5348 1665 5418 qui
1695 5348 1844 5402 ultra
1873 5349 2093 5420 ingenii

400 5432 548 5486 vires
585 5448 705 5487 sese
735 5437 972 5490 evehere
997 5435 1186 5490 conati
1215 5439 1348 5490 sunt
1389 5434 1417 5488 ?
1445 5435 1582 5489 Hinc
1617 5436 1838 5492 erudite
1881 5438 2093 5491 Facun-

404 5521 530 5588 dus,
572 5522 972 5579 Hermanensis
1023 5524 1338 5597 episcopus,
1371 5523 1472 5594 qui
1500 5540 1605 5595 pro
1638 5526 1818 5580 tribus
1860 5526 2089 5597 Capitu-

2195 4372 2474 4444 quiorem.
2510 4375 2680 4427 Vetus
2707 4389 2774 4427 ea
2800 4373 3033 4445 quidem
3081 4389 3147 4428 ac
3173 4372 3403 4427 rancida
3444 4365 3816 4437 Pelagianorum

2196 4467 2253 4515 et
2278 4461 2898 4532 Sami-Pelagianorum
2937 4463 3223 4517 calumnia
3256 4465 3358 4516 est.
3415 4459 3668 4514 Julianus.
3708 4449 3818 4503 lib.l

2197 4552 2398 4621 Operis
2420 4552 2669 4623 imperf.,
2702 4569 2826 4624 cap.
2868 4554 2958 4622 54,
2985 4553 3180 4607 scribit
3199 4556 3394 4607 contra
3432 4543 3817 4618 Augustimumi

2199 4659 2227 4692 ‹‹
2262 4641 2529 4696 Liberum
2561 4641 2863 4696 arbitrium
2887 4641 2948 4696 in
2989 4645 3196 4695 natura
3237 4639 3482 4694 hominis
3528 4628 3817 4706 perseverat,

2198 4731 2347 4800 quod
2406 4735 2470 4784 ut
2514 4735 2579 4784 tu
2629 4746 2758 4784 cum
2831 4730 3149 4786 Manichaeis
3210 4745 3403 4799 negas,
3459 4727 3532 4780 ita
3583 4728 3820 4807 nosian"

2196 4818 2354 4871 stolis
2383 4823 2440 4873 et
2467 4819 2737 4873 omnibus
2789 4819 3082 4874 catholicis
3132 4819 3489 4874 conﬁtemur.
3525 4834 3544 4862 ι
3583 4813 3650 4866 De
3677 4806 3816 4861 Semi-

2198 4907 2519 4978 Pelagianis
2571 4911 2729 4979 patet
2777 4925 2840 4962 ex
2889 4907 3129 4979 epistola
3171 4905 3430 4978 Prosperi
3470 4902 3538 4957 ad
3582 4896 3819 4954 Ruﬁnum,

2199 4996 2360 5066 cujus
2391 4995 2564 5050 verba
2613 4996 2744 5051 data
2785 4996 2973 5068 sunt§
3025 5001 3083 5052 1.
3125 4997 3348 5062 Quanta
3404 4996 3584 5047 autem
3632 4979 3819 5068 veritate

2198 5064 2345 5138 hanc
2374 5100 2409 5138 a
2449 5099 2508 5138 se
2560 5085 2904 5139 calumniam
2944 5064 3298 5156 Augustinus
3347 5072 3689 5153 propulsavit,
3722 5064 3819 5119 illos

2199 5173 2386 5227 solum
2414 5173 2627 5227 nescire
2653 5173 2898 5228 arbitror
2927 5174 3032 5246 qui
3056 5173 3232 5228 sancti
3285 5167 3522 5226 doctoris
3561 5162 3819 5246 librosnec

2199 5279 2234 5316 a
2262 5261 2442 5316 limite
2473 5263 2861 5317 salutaverint.
2911 5244 3086 5318 Totus
3129 5263 3271 5316 liber
3295 5261 3362 5315 de
3409 5254 3583 5312 Gratia
3608 5253 3657 5302 et
3678 5244 3818 5337 libero

2203 5350 2437 5405 arbitrio
2465 5368 2569 5422 pro
2600 5352 2852 5406 humana
2896 5351 3158 5407 libertate
3193 5350 3468 5411 decertat;
3499 5338 3644 5396 initio
3667 5335 3816 5429 εῐξυπξ

2201 5437 2325 5495 haec
2354 5440 2549 5494 scribit
2576 5457 2589 5494 :
2621 5459 2649 5491 «
2679 5441 2960 5506 Quoniam
2986 5445 3120 5496 sunt
3147 5439 3376 5512 quidam
3410 5433 3502 5505 qui
3528 5429 3598 5482 sic
3621 5425 3814 5517 gratia?

2204 5528 2305 5584 Dei
2335 5528 2655 5585 defendunt
2689 5535 2756 5585 ut
2780 5533 2995 5601 negent
3021 5511 3270 5586 hominis
3297 5525 3527 5580 liberum
3565 5511 3812 5569 arbitrium
