3914 6186
52 299 139 349 757
1342 289 1669 345 VINDICIJE
1706 289 2256 346 AUGUSTINIAN/E.

3432 294 3539 346 758

52 422 145 472 aut
172 413 391 487 quando
434 409 615 481 gratia
651 410 997 479 defenditur,
1046 410 1245 481 negari
1289 411 1613 467 existiment
1662 413 1733 466 li-
1765 415 1805 468 A
1847 413 2002 484 quod
2031 413 2091 467 in
2150 413 2490 480 Enchiridio,
2554 430 2677 484 cap.
2712 416 2799 480 30,
2848 412 2938 467 his
2978 413 3257 483 expressit
3308 415 3543 470 :Libero

53 507 243 559 herum
283 500 595 565 arbitrium,
644 499 779 553 hinc
823 500 1042 571 aliquid
1088 501 1333 555 scribere
1380 503 1451 555 ad
1492 507 1736 557 vestram

57 593 391 655 cliaritatem,
449 587 745 641 Valentino
802 588 998 655 frater,
1056 592 1112 642 et
1167 590 1358 643 caeteri
1410 591 1511 660 qui
1566 590 1736 645 simul

60 685 169 736 Deo
206 677 434 745 servitis,
483 677 865 746 compellente
893 681 1093 731 mutua
1122 678 1418 743 charitate,
1460 679 1668 733 curavi.
1709 701 1729 726 ο

126 767 500 825 Genebrardus
537 766 617 819 ait
657 782 670 818 :
730 767 1072 832 Augustinus
1109 770 1221 833 fuit
1276 770 1519 835 iniquior
1564 771 1735 822 inter-

59 860 175 912 dum
209 857 368 910 libero
409 856 656 922 arbitrio,
710 854 900 909 Sixtus
945 855 1230 920 Senensis,
1292 872 1423 926 pag.
1485 859 1607 923 875,
1659 861 1736 910 te-

60 951 224 1001 statur
278 948 535 997 sanctum
608 943 898 997 doctorem
953 946 1130 998 minus
1174 946 1446 998 interdum
1499 947 1734 1000 tribuere

61 1051 205 1104 quam
250 1049 359 1103 par
415 1034 487 1087 sit
528 1033 707 1087 libera:
755 1034 985 1086 hominis
1035 1034 1323 1087 voluntati.
1386 1034 1452 1087 lli
1503 1034 1737 1104 quidem

61 1138 300 1178 INTERDUM
364 1122 546 1175 libero
627 1120 863 1174 arbitrio
929 1121 1118 1174 minus
1179 1138 1411 1192 tequum
1478 1128 1737 1177 sanctum

58 1214 321 1267 doctorem
366 1210 541 1264 fuisse
600 1210 908 1263 afﬁrmant.
955 1212 1028 1263 At
1072 1210 1439 1279 Decampsius
1478 1210 1736 1279 proxime

58 1300 365 1355 nominatus
400 1299 469 1353 de
492 1298 694 1353 iisdem
742 1297 940 1352 scribit
985 1315 998 1352 :
1052 1299 1309 1354 Sanctum
1364 1301 1739 1366 Augustinum

61 1405 281 1444 pensare
324 1388 490 1441 libero
539 1387 767 1440 arbitrio
822 1389 1000 1441 minus
1071 1403 1283 1455 aequum
1352 1389 1523 1453 fuisse
1572 1390 1737 1454 afﬁr-

59 1481 207 1531 mant.
263 1478 458 1546 Neque
512 1476 603 1529 hic
657 1476 903 1529 ﬁdeliter
958 1475 1190 1529 testium
1241 1475 1392 1529 dicta
1445 1475 1732 1529 exhibent.

59 1568 164 1621 Imo
213 1581 316 1619 nec
367 1564 523 1620 Sixto
583 1564 819 1619 Senensi
889 1565 1243 1635 Augustinus
1296 1565 1735 1635 indignaretur,

60 1656 146 1725 qui
171 1658 362 1724 aperte
389 1654 513 1707 haec
538 1654 709 1708 habet
743 1653 838 1707 lib.
873 1654 942 1708 de
975 1654 1164 1709 Gratia
1194 1653 1421 1719 Christi,
1454 1670 1574 1723 cap.
1625 1656 1690 1708 47
1720 1671 1732 1708 :

68 1766 86 1794 ι
115 1744 212 1798 Sed
238 1742 371 1813 quia
402 1742 511 1796 ista
530 1742 789 1813 quaestio,
821 1742 920 1797 ubi
963 1743 1032 1797 de
1068 1743 1302 1797 arbitrio
1348 1742 1655 1796 voluntatis
1685 1748 1741 1796 et

68 1833 153 1886 Dei
178 1832 356 1903 gratia
382 1831 729 1902 disputatur,
776 1831 855 1885 ita
886 1836 970 1886 est
1009 1832 1077 1885 ad
1121 1831 1557 1886 discernendum
1592 1830 1743 1885 difﬁ-

66 1921 189 1987 cilis,
214 1925 276 1973 ut
319 1921 549 1990 quando
600 1920 925 1974 defenditur
972 1919 1216 1975 liberum
1265 1919 1587 1987 arbitrium,
1641 1936 1741 1973 ne-

68 2010 172 2079 gari
210 2010 306 2063 Dei
351 2009 541 2080 gratia
595 2009 873 2075 videatur,
933 2009 1161 2079 quando
1220 2014 1417 2062 autem
1472 2008 1744 2062 asseritur

70 2098 155 2151 Dei
182 2098 375 2169 gratia,
400 2097 651 2151 liberum
682 2097 979 2151 arbitrium
1002 2102 1234 2167 putetur
1269 2097 1500 2153 auferri.
1543 2119 1570 2146 ››
1603 2098 1743 2153 Cum

70 2203 182 2240 vero
238 2187 499 2240 Julianus
564 2185 860 2255 objecisset
923 2186 1243 2255 Augustino
1313 2186 1500 2241 dicere
1554 2187 1745 2257 ipsum

70 2275 291 2328 liberum
339 2274 642 2329 arbitrium
692 2275 793 2328 Dei
843 2274 1087 2345 gratiam
1131 2276 1585 2330 commendando
1643 2291 1743 2328 ne-

72 2365 197 2435 gari,
258 2365 563 2436 respondet
614 2365 714 2419 lib.
764 2382 816 2418 1v
863 2371 1060 2419 contra
1113 2366 1403 2433 eumdem,
1461 2383 1585 2435 cap.
1646 2369 1677 2420 8
1729 2382 1742 2418 :

72 2456 172 2506 Non
214 2454 330 2507 dixi
377 2456 575 2522 negari
602 2455 893 2508 arbitrium
933 2455 1177 2521 liberum,
1231 2456 1313 2508 vel
1362 2457 1596 2521 auferri,
1653 2454 1747 2508 sed

72 2542 195 2608 dixi,
221 2548 276 2596 ut
322 2548 542 2612 putetur
584 2545 820 2609 auferri.
857 2543 1121 2596 Albertus
1177 2542 1410 2612 Pighius
1458 2542 1745 2611 ineptissi-

72 2648 181 2685 mus
206 2632 377 2686 sancti
404 2632 663 2686 doctoris
699 2648 901 2686 censor
947 2636 1050 2698 est,
1090 2648 1224 2685 nam
1266 2632 1410 2685 libro
1458 2649 1518 2686 ιιι
1544 2632 1613 2685 de
1659 2632 1746 2685 Li-

72 2720 189 2773 bero
242 2721 493 2775 Arbitrio
547 2722 669 2775 haec
717 2721 779 2774 in
809 2725 1065 2774 sanctum
1086 2720 1489 2791 [Augustinum
1526 2721 1748 2774 effutire

72 2824 169 2861 non
199 2809 461 2864 extimuit
510 2825 578 2862 ια
614 2809 814 2863 Libero
858 2808 1095 2862 arbitrio
1142 2808 1349 2862 alicubi
1387 2809 1609 2861 videtur
1638 2808 1745 2861 ini-

76 2898 242 2967 quior,
274 2898 450 2952 etiam
494 2914 701 2969 parum
728 2897 830 2965 illi,
873 2913 1046 2967 quam
1090 2900 1298 2967 potest,
1335 2897 1537 2950 tribuit
1580 2915 1591 2951 :
1626 2898 1748 2965 ejus

1846 504 2076 557 arbitrio
2119 505 2257 557 male
2304 508 2454 557 utens
2495 504 2666 568 homo,
2699 508 2749 556 et
2794 503 3121 571 se’perdidit
3155 508 3203 557 et
3242 505 3440 571 ipsum.
3474 505 3547 557 At

1845 592 2042 646 eadem
2102 590 2285 645 ferula
2340 591 2690 661 vapulahunt
2734 591 2935 661 synodi
2986 607 3049 644 ac
3091 592 3409 661 pontiﬁces,
3443 591 3544 662 qui

1844 680 2048 734 iisdem
2078 679 2267 732 verbis
2314 678 2657 733 sanctissimi
2707 679 2961 749 magistri
2984 696 3214 733 sensum
3246 680 3539 734 deﬁniere.

1843 769 2077 823 Sanctus
2117 766 2368 821 Gelasius
2406 783 2574 837 papa,
2602 767 2663 820 in
2701 769 2942 837 epistola
2985 769 3055 822 ad
3104 768 3400 839 episcopos
3440 783 3545 837 per

1844 857 2135 923 Picenum,
2164 856 2242 909 ait
2275 872 2286 908 :
2316 875 2343 906 «
2385 856 2590 909 Dicunt
2624 856 2775 925 quod
2822 858 2993 910 homo
3035 873 3137 927 pcr
3172 857 3419 910 liberum
3460 872 3545 909 ar-

1842 945 2100 1007 bitrium,
2152 943 2305 1014 quod
2347 942 2623 1012 corrupit,
2676 943 2903 997 foedavit
2943 960 3006 997 ac
3054 962 3325 1011 PERDIDIT,
3390 945 3544 998 bono

1845 1035 2190 1103 suli'ragante
2241 1036 2458 1086 naturae
2514 1032 2712 1085 beatus
2770 1032 3067 1087 efﬁciatur.
3139 1053 3164 1083 ι)
3226 1032 3543 1087 Concilium

1844 1121 2015 1176 etiam
2045 1121 2478 1185 Arausicanum,
2530 1136 2654 1174 can.
2711 1123 2791 1185 13,
2835 1121 2954 1173 hmc
3003 1120 3202 1174 definit
3243 1137 3255 1173 :
3311 1142 3337 1168 ‹‹
3378 1120 3543 1174 Arbi-

1843 1212 2019 1266 trium
2051 1210 2357 1264 voluntatis
2385 1209 2441 1262 in
2488 1209 2673 1279 primo
2722 1209 2956 1262 homine
3006 1208 3379 1275 intirmatum,
3431 1208 3545 1262 nisi

1842 1316 1948 1370 per
1999 1299 2245 1368 gratiam
2302 1296 2568 1367 baptismi
2626 1312 2741 1349 non
2799 1300 2985 1365 potest
3048 1296 3320 1365 reparari,
3393 1297 3541 1365 quod

1844 1404 2096 1449 AMISSUM,
2145 1386 2253 1440 nisi
2313 1402 2345 1439 a
2387 1402 2498 1455 quo
2540 1386 2724 1455 potuit
2745 1384 2889 1447 dari,
2923 1400 3035 1437 non
3066 1388 3251 1453 potest
3298 1384 3478 1457 reddi.
3513 1402 3541 1433 »

1846 1477 1980 1541 Quis
2013 1475 2168 1529 enim
2206 1477 2375 1543 neget
2414 1474 2694 1527 Adamum
2731 1471 2984 1525 amisisse
3032 1474 3367 1541 potestatem
3400 1470 3545 1523 bene

1845 1582 1909 1620 ac
1954 1563 2245 1617 meritorio
2303 1562 2579 1633 operandi
2631 1562 2703 1615 ob
2764 1564 3060 1630 peccatum
3137 1558 3547 1612 commissum?

1846 1655 1991 1709 Sane
2030 1654 2152 1707 haec
2190 1656 2274 1706 est
2298 1651 2477 1705 sancti
2506 1650 2825 1703 Innocentii
2848 1648 3104 1702 delinitio
3135 1648 3191 1701 in
3213 1647 3454 1717 epistola
3473 1647 3548 1701 ad

1853 1746 2047 1798 Patres
2080 1740 2551 1810 Carthaginenses
2598 1756 2611 1793 :
2646 1757 2673 1788 «
2719 1738 2981 1792 Liberum
3023 1736 3177 1790 enim
3223 1735 3546 1800 arbitrium,

1851 1831 2059 1903 inquit,
2085 1831 2180 1884 ille
2239 1844 2562 1898 perpessus,
2610 1827 2749 1881 dum
2798 1825 2919 1879 suis
2966 1823 3341 1879 inconsultius
3367 1823 3551 1876 utitur

1851 1920 2034 1987 bonis,
2061 1919 2268 1973 cadens
2308 1917 2366 1971 in
2414 1914 2897 1987 praevaricationis
2939 1911 3222 1983 profunda
3258 1912 3549 1965 demersus

1854 2015 1958 2074 est,
1993 2013 2048 2062 et
2073 2006 2218 2061 nihil
2247 2000 2735 2077 quemadmodum
2776 2003 2979 2056 exinde
3024 2016 3329 2069 exsurgere
3360 2003 3551 2069 posset

1853 2096 2090 2163 invenit,
2121 2111 2337 2165 suaque
2358 2094 2419 2147 in
2451 2098 2733 2147 aeternum
2766 2092 3025 2144 libertate
3071 2090 3339 2158 deceptus
3380 2087 3551 2156 hujus

1854 2183 2300 2254 ruinajacuisset
2338 2198 2661 2252 Oppressus,
2704 2179 2815 2233 nisi
2862 2195 2993 2232 eum
3042 2181 3171 2248 post
3210 2175 3415 2231 Christi
3446 2190 3550 2243 pro

1854 2290 1957 2327 sua
2007 2271 2189 2343 gratia
2231 2270 2534 2324 relevasset
2574 2268 2868 2321 adventus.
2924 2286 2945 2314 τ
3000 2264 3283 2318 Audiatur
3317 2262 3555 2316 interim

1855 2362 1943 2416 sui
1982 2361 2263 2431 interpres
2323 2356 2695 2427 Augustinus,
2742 2355 2893 2426 apud
2938 2353 3311 2424 apostolicam
3359 2352 3555 2405 sedem

1856 2468 1956 2505 sua
1990 2450 2138 2504 dicta
2186 2463 2472 2517 exponens
2501 2463 2513 2499 :
2540 2465 2567 2496 ‹‹
2605 2448 2839 2499 Peccato
2882 2443 3021 2496 Adae
3060 2441 3363 2495 arbitrium
3419 2440 3557 2494 libe-

1855 2557 1986 2594 rum
2016 2540 2084 2593 de
2127 2529 2425 2591 hominum
2470 2539 2675 2588 natura
2722 2531 2953 2603 periisse
3001 2547 3117 2584 non
3158 2529 3421 2590 dicimus,
3455 2528 3555 2581 sed

1856 2629 1928 2682 ad
1955 2626 2302 2698 peccandum
2323 2626 2509 2677 valere
2532 2623 2593 2676 in
2641 2621 2969 2675 hominibus
3019 2618 3257 2672 subditis
3302 2616 3553 2681 diabolo,

1858 2717 1929 2770 ad
1978 2717 2123 2769 bene
2172 2718 2360 2767 autem
2396 2713 2605 2782 pieque
2652 2710 2957 2763 vivendum
3005 2724 3120 2760 non
3179 2707 3385 2770 valere,
3443 2703 3555 2757 nisi

1858 2805 1983 2874 ipsa
2018 2804 2277 2856 voluntas
2316 2801 2565 2855 hominis
2621 2799 2718 2853 Dei
2761 2798 2943 2867 gratia
2983 2794 3153 2849 fuerit
3191 2794 3449 2858 liberata,
3500 2797 3557 2845 et

1857 2892 1930 2946 ad
1961 2906 2129 2945 omne
2171 2891 2385 2943 bonum
2424 2887 2684 2951 actionis,
2738 2885 3017 2939 sermonis
3056 2882 3416 2953 cogitationis
3459 2880 3554 2934 ad-

79 2985 375 3039 facultatem
400 2986 498 3039 vel
539 2989 823 3047 extenuat,
864 2986 954 3039 vel
1005 2985 1345 3050 dissimulat,
1394 2985 1482 3037 vel
1529 2984 1746 3050 eludit;
1779 2990 1817 3043 C
1852 2981 1980 3050 juta
2003 2978 2147 3048 (Lib.
2178 2996 2215 3032 ιι
2244 2979 2317 3032 ad
2344 2980 2550 3044 Bonif.,
2584 2992 2706 3045 cap.
2734 2978 2785 3042 5,
2819 2978 2869 3028 et
2893 2974 2986 3027 lib.
3016 2990 3053 3036 ι,
3087 2988 3208 3039 cap.
3240 2970 3316 3039 2).

74 3076 203 3126 certe
231 3074 501 3128 omnibus
543 3073 757 3127 viribus
802 3072 1011 3143 dejicit.
1066 3092 1093 3124 »
1144 3072 1279 3136 Quis
1312 3077 1502 3126 autem
1554 3072 1748 3142 impu-

74 3161 235 3216 dentis
262 3162 519 3217 hominis
554 3162 887 3217 testimonio
928 3162 1141 3229 credat,
1185 3177 1316 3215 cum
1355 3166 1584 3215 sanctus
1617 3162 1753 3215 Hor-

74 3251 261 3305 misdas
307 3269 460 3323 papa
518 3252 577 3305 in
630 3252 868 3321 epistola
911 3251 984 3305 ad
1024 3252 1411 3305 Possessorem
1475 3250 1685 3303 scribat
1732 3269 1747 3303 :

78 3341 196 3395 «De
230 3342 462 3395 arbitrio
508 3344 701 3395 tamen
734 3340 914 3394 libero
951 3344 1006 3393 et
1052 3339 1235 3409 gratia
1300 3339 1399 3393 Dei
1446 3339 1587 3409 quid
1640 3340 1750 3393 Ro-

77 3446 248 3496 mana,
274 3431 373 3484 hoc
421 3434 511 3483 est
538 3429 816 3483 catholica
848 3432 1119 3499 sequatur
1162 3432 1219 3481 et
1257 3432 1440 3482 servet
1487 3428 1749 3494 Ecclesia,

77 3518 191 3571 licet
252 3519 307 3573 in
368 3518 548 3572 variis
599 3517 762 3571 libris
804 3519 859 3571 B.
924 3515 1247 3587 Augustini,
1296 3520 1350 3569 et
1401 3516 1648 3570 maxime
1683 3516 1754 3570 ad

78 3607 388 3676 Prosperum
420 3611 481 3660 et
512 3605 789 3660 Hilarium
812 3605 1037 3659 abunde
1067 3605 1247 3674 possit
1268 3604 1554 3675 cognosci,
1588 3626 1615 3653 ››
1643 3608 1750 3658 etc.

80 3695 250 3765 Itaque
272 3695 578 3767 Augustini
607 3694 866 3748 doctrina
911 3694 981 3748 de
1005 3694 1183 3747 libero
1232 3693 1469 3747 arbitrio
1501 3694 1765 3747 doctrina

81 3783 310 3838 Ecclesia:
366 3788 476 3839 est.
513 3785 637 3838 Non
682 3783 860 3853 igitur
912 3783 1147 3852 iniquus
1191 3787 1276 3836 est
1313 3782 1666 3851 Augustinus
1694 3782 1755 3834 li-

83 3871 218 3925 hero-
263 3873 521 3937 arbitrio,
556 3890 676 3927 non
722 3873 864 3927 illud
923 3871 1102 3936 elidit,
1147 3887 1265 3924 non
1312 3874 1592 3930 extenuat,
1639 3886 1757 3922 non

82 3960 329 4029 suil'ocat;
367 3978 508 4016 nam
530 3962 843 4032 pessimum
883 3960 1101 4031 alioqui
1140 3959 1381 4013 Ecclesia
1418 3958 1755 4028 magistrum

83 4056 405 4118 sequeretur.
448 4050 584 4114 Quis
613 4051 784 4105 etiam
830 4067 948 4105 non
990 4053 1220 4118 spernat
1266 4047 1525 4117 ineptum
1571 4045 1758 4113 Pighii

84 4138 377 4207 consilium,
429 4156 544 4209 quo
593 4144 788 4192 monet
840 4138 911 4193 ad
959 4153 1151 4191 veram
1186 4136 1255 4190 de
1294 4135 1473 4189 libero
1524 4134 1758 4187 arbitrio

86 4225 373 4283 doctrinam
433 4227 860 4298 percipiendam
905 4226 1175 4296 legendos
1222 4241 1340 4279 esse
1365 4223 1556 4294 potius
1586 4222 1760 4276 libros

86 4317 244 4370 sancti
288 4317 539 4372 doctoris
588 4317 659 4371 ad
705 4316 1014 4371 catholicos
1063 4316 1242 4380 datos,
1295 4331 1467 4384 quam
1509 4312 1762 4382 reliquos

87 4410 263 4459 contra
298 4406 637 4477 Pelagianos
682 4404 969 4475 scriptos?
1016 4404 1198 4458 Stulte
1238 4402 1403 4474 quasi
1443 4402 1663 4456 diversa
1704 4400 1763 4453 in

89 4493 352 4549 alterutris
378 4496 474 4549 via
502 4495 724 4549 abierit.
776 4493 961 4547 Irrisit
1007 4494 1114 4547 hoc
1156 4490 1589 4547 Massiliensium
1620 4489 1763 4543 effu-

90 4581 248 4650 gium,
288 4601 401 4655 quo
453 4582 633 4637 sancti
674 4582 918 4637 doctoris
958 4582 1132 4636 libros
1178 4581 1476 4635 universos
1511 4578 1765 4649 recipere

91 4672 424 4739 recusabant,
472 4676 696 4725 sanctus
740 4673 982 4742 Prosper
1024 4670 1083 4723 in
1113 4670 1227 4723 line
1273 4668 1406 4723 libri
1427 4672 1625 4722 contra
1647 4667 1767 4721 Col-

92 4756 302 4815 latorem
366 4779 379 4816 :
436 4781 463 4812 α
524 4762 762 4825 Maneat,
822 4759 1107 4829 inquiens,
1159 4759 1327 4827 plane
1386 4761 1616 4811 maneat
1663 4755 1768 4809 ista

92 4849 339 4916 conditio,
367 4856 434 4905 ut
460 4851 667 4905 horum
705 4848 982 4903 librorum
1012 4847 1232 4901 novitas
1256 4846 1555 4917 repudiata
1582 4844 1770 4898 videa-

91 4937 174 4987 tur
200 4937 241 4990 si
272 4938 331 4991 in
352 4939 549 4992 eadem
564 4953 733 4990 causa
753 4936 1009 5005 ejusdem
1023 4934 1129 4988 viri
1150 4933 1414 4987 dissentit
1436 4931 1767 5002 antiquitas,

93 5027 142 5075 et
164 5029 225 5077 ut
243 5025 439 5080 inutile
477 5028 575 5079 aut
603 5025 984 5094 incongruum
1022 5022 1337 5092 judicetur,
1386 5020 1542 5091 quod
1586 5020 1656 5073 ab
1685 5018 1772 5072 his

94 5125 208 5178 qua:
259 5118 456 5167 contra
516 5113 849 5184 Pelagianos
914 5109 1190 5172 condidit,
1256 5109 1557 5163 dissonans
1614 5106 1771 5160 inve-

94 5199 254 5255 nitur.
289 5223 316 5250 »

1857 3087 1885 3158 §
1918 3087 1978 3139 V.
2023 3085 2183 3139 Falli
2221 3085 2357 3158 item
2382 3090 2492 3158 eos
2522 3082 2633 3158 qui
2648 3081 2845 3158 dicunt
2872 3081 3136 3158 sanctum
3176 3073 3557 3158 Augustinum

1925 3160 2129 3211 contra
2171 3154 2379 3209 Arium
2416 3154 2493 3208 ad
2530 3146 2868 3214 Sabelli-um,
2912 3152 2965 3203 et
3000 3151 3203 3203 contra
3240 3146 3558 3201 Sabellium

1926 3228 2004 3283 ad
2032 3226 2245 3282 Arium
2268 3224 2606 3280 declinasse.

1932 3338 2079 3390 Duos
2129 3334 2269 3387 alios
2320 3336 2489 3386 testes
2524 3337 2719 3384 contra
2748 3326 3133 3398 Augustinum
3170 3325 3259 3377 vel
3301 3324 3560 3377 nolentes

1858 3424 2033 3479 trahit
2060 3425 2338 3489 Annatus,
2369 3419 2696 3475 Cornelium
2727 3420 2979 3472 Mussum
3000 3414 3334 3483 episcopum
3376 3412 3560 3465 Bitun-

1859 3507 2068 3579 tinum,
2117 3527 2249 3581 pag.
2279 3511 2404 3574 865,
2459 3512 2515 3561 et
2565 3521 2838 3575 magnum
2898 3503 3232 3571 theologum
3281 3502 3559 3554 Joannem

1858 3602 2110 3664 Scotum,
2161 3613 2290 3667 pag.
2318 3599 2447 3650 872.
2498 3595 2597 3649 Ille
2641 3593 2874 3665 quidem
2905 3592 2965 3645 in
2988 3607 3110 3661 cap.
3133 3593 3162 3642 5
3191 3588 3445 3659 epistolae
3490 3588 3560 3641 ad

1862 3691 2150 3743 Romanos
2180 3687 2257 3739 ait
2291 3702 2303 3738 :
2340 3704 2367 3734 «
2396 3685 2515 3737 Non
2546 3700 2681 3751 ergo
2713 3698 2811 3735 vos
2842 3677 3433 3747 moveatAugustinus
3473 3678 3559 3729 vel

1862 3776 2181 3831 tantillum.
2209 3776 2326 3828 Huc
2355 3776 2441 3825 est
2465 3770 2621 3824 enim
2652 3768 3036 3839 illipcculiare
3059 3771 3121 3819 ut
3149 3781 3279 3819 cum
3310 3764 3559 3833 aliquem

1864 3868 2149 3935 expugnat
2168 3877 2443 3925 errorem,
2475 3863 2699 3912 tantum
2729 3855 3093 3909 vehementia
3120 3853 3285 3905 illum
3334 3866 3562 3919 exagge-

1862 3958 1970 4017 ret,
1995 3958 2060 4005 ut
2079 3950 2243 4005 alteri
2270 3947 2530 4019 opposito
2579 3960 2807 3999 causam
2857 3943 3115 4013 praebere
3152 3940 3429 3991 videatur.
3458 3938 3559 4001 lta,

1866 4057 1996 4095 cum
2018 4040 2214 4093 Arium
2248 4038 2579 4101 insectatur,
2624 4033 2847 4087 videtur
2888 4031 3076 4084 favere
3124 4025 3390 4105 Sabellio,
3433 4040 3563 4077 cum

1865 4128 2177 4185 Sabellium
2227 4125 2382 4191 Ario,
2416 4140 2547 4177 cum
2578 4120 2874 4190 Pelagium
2916 4114 3264 4180 Manichzeis,
3301 4129 3431 4166 cum
3459 4112 3562 4166 Ma-

1872 4216 2121 4271 nichteos
2168 4212 2420 4281 Pelagio.
2478 4232 2504 4259 »
2536 4211 2647 4262 Iste
2693 4223 2829 4260 vero
2864 4206 2921 4260 in
2968 4208 3023 4270 2,
3056 4202 3185 4257 dist.
3235 4204 3321 4266 33,
3360 4203 3560 4271 quaest.

1873 4309 1927 4372 2,
1962 4305 2030 4358 ad
2062 4308 2108 4369 l,
2138 4301 2374 4356 scribit:
2414 4322 2435 4348 ι
2486 4300 2551 4352 Et
2573 4297 2650 4351 ita
2685 4294 2935 4348 multum
2982 4289 3416 4362 ponderandum
3459 4292 3564 4355 est,

1872 4397 2071 4448 contra
2114 4407 2259 4462 quos
2305 4387 2603 4444 haereticos
2642 4383 2818 4438 sancti
2870 4386 3003 4437 sunt
3032 4378 3223 4437 locuti.
3270 4377 3413 4431 sicut
3453 4380 3567 4462 Au:

1874 4482 2136 4555 gustinus
2174 4482 2373 4535 contra
2416 4477 2615 4531 Arium
2664 4472 2887 4527 videtur
2946 4467 3106 4539 quasi
3165 4463 3449 4519 declinare
3498 4458 3570 4513 ad

1874 4552 2206 4638 Sabellium,
2240 4573 2295 4622 et
2337 4583 2366 4621 e
2409 4579 2708 4629 converso;
2793 4558 3054 4614 similiter
3106 4554 3330 4607 videtur
3375 4552 3573 4604 contra

1876 4660 2170 4730 Pelagium
2228 4656 2513 4711 declinare
2562 4653 2632 4706 ad
2674 4649 2895 4704 Arium.
2944 4669 2969 4695 υ
3012 4646 3179 4699 Recte
3206 4639 3573 4730 corrigitAn-

1875 4725 2042 4803 natus
2093 4744 2399 4801 dicendum
2438 4742 2581 4796 forte
2619 4738 2999 4793 Manichaum.
3039 4734 3165 4786 Haec
3194 4730 3424 4802 quidem
3457 4725 3568 4778 ille.

1946 4841 2019 4891 At
2066 4835 2220 4889 enim
2254 4832 2505 4886 modeste
2546 4827 2798 4899 loquitur
2838 4826 3055 4879 Mussus
3096 4837 3113 4891 ;
3158 4820 3236 4873 ait
3275 4818 3427 4872 enim
3458 4815 3573 4865 Au-

1878 4925 2171 4997 gustinum
2218 4924 2415 4975 contra
2446 4918 2646 4972 Arium
2691 4915 3076 4984 disputantem
3124 4908 3305 4997 videri
3330 4899 3572 4997 Sabellio

1877 4987 2095 5078 favere;
2133 5010 2329 5065 mitius
2371 5006 2604 5063 Subtilis
2643 5005 2750 5059 hoc
2786 5004 2980 5074 ipsum
3031 4994 3324 5067 expressit,
3360 4987 3576 5078 addidit

1880 5103 2033 5158 enim
2056 5075 2215 5169 quasi
2240 5099 2472 5153 videtur.
2509 5094 2670 5159 Quod
2722 5109 2836 5146 non
2885 5091 2958 5143 ob
2988 5087 3244 5155 ineptam
3274 5075 3577 5169 Augustini

1881 5167 2234 5255 metho‘dum,
2276 5186 2373 5241 sed
2422 5186 2493 5239 ob
2531 5181 2785 5254 mysterii
2831 5176 3243 5233 difficultatem,
3291 5184 3355 5222 ac
3401 5167 3575 5220 lecto-

158 5288 349 5357 Porro,
417 5290 464 5343 si
523 5304 850 5360 quaeramus
899 5287 1190 5342 undenam
1242 5282 1416 5337 iidem
1471 5280 1776 5351 scriptores
1882 5296 2010 5335 rum
2041 5276 2423 5349 quorumdam
2466 5273 2657 5327 minus
2695 5267 2989 5341 perspicax
3020 5259 3316 5360 ingenium
3365 5255 3576 5360 dixere,

97 5376 224 5429 moti
248 5377 362 5431 sint
386 5380 457 5431 ad
484 5377 867 5448 Augustinum
889 5380 1047 5430 tanta
1076 5373 1363 5429 calumnia
1393 5368 1773 5435 onerandum,

1885 5385 2014 5441 qua:
2057 5344 2325 5431 libenter,
2378 5363 2463 5417 uti
2511 5359 2850 5417 notavimus,
2902 5348 3157 5406 concedit
3206 5344 3578 5441 Augustinus,

96 5465 391 5532 respondet
417 5432 781 5537 Decampsius
822 5466 1027 5519 citatus
1070 5462 1225 5534 quod
1252 5459 1606 5531 Augustinus
1635 5432 1779 5511 dixit
1886 5432 1943 5512 et
1970 5462 2162 5510 tamen
2192 5456 2451 5506 Annatus
2481 5450 2561 5503 ait
2611 5446 2807 5537 eadem
2851 5439 3199 5537 pagina”872
3233 5452 3310 5537 :na
3350 5433 3473 5537 Quo
3500 5432 3581 5485 fa-

98 5558 312 5617 peccato
356 5554 493 5611 Adae
523 5558 781 5611 amissum
809 5570 872 5609 ac
906 5553 1184 5624 perditum
1202 5551 1430 5605 liberum
1455 5548 1775 5611 arbitrium;

1887 5551 2043 5600 ctum
2072 5542 2145 5597 sit
2164 5537 2648 5613 quemadmodum
2695 5535 2863 5586 antea
2900 5544 2966 5583 ex
3006 5525 3132 5581 aliis
3174 5522 3580 5586 referebamus,
