3894 6184
317 259 425 310 759

1317 250 1881 308 SUPPLEMENTUM
1919 253 2010 306 AD
2048 251 2282 307 OPERA
2321 253 2375 305 S.
2419 250 2804 306 AUGUSTINI.
3683 263 3760 314 760

316 380 381 430 ut
408 375 762 446 Augustinus
787 373 1087 430 declinarit
1122 373 1182 426 in
1204 373 1561 444 oppositum;
1599 393 1626 424 υ
1657 388 1788 428 cum
1819 378 2015 428 tamen
2051 378 2098 432 A
2130 374 2267 429 solis
2321 389 2550 428 currum
2598 374 2864 429 ductante
2903 373 3210 429 Phaetonte
3274 378 3427 429 extra
3489 377 3759 449 eclipticam

317 464 403 518 illi
448 467 633 520 visum
675 464 869 530 fuisse,
911 463 998 517 vel
1042 462 1204 532 quasi
1265 461 1449 515 visum
1503 461 1676 517 fuisse
1731 463 2017 518 declinare

319 552 587 608 scribant.
618 555 690 606 At
726 552 879 622 quod
925 550 1268 604 recentiores
1298 550 1432 604 inde
1479 551 1658 605 velint
1682 551 2016 605 convincere

320 646 577 695 sanctum
608 640 995 710 Augustinum
1046 644 1242 692 contra
1282 639 1481 692 Arium
1523 639 1910 710 disputantem
1947 640 2016 693 ad

320 729 628 784 Sabellium
659 727 991 793 declinasse,
1015 733 1215 798 patens
1259 727 1544 781 calumnia
1579 733 1697 795 est;
1722 744 2018 798 nunquam

322 817 478 870 enim
505 819 703 870 contra
727 816 928 870 Arium
957 815 1280 885 disputans,
1311 820 1485 884 atque
1516 815 1801 869 unitatem
1834 831 2020 868 essen-

321 902 415 956 tia
467 908 744 971 astruens,
804 904 958 957 visus
1005 908 1089 957 est
1118 919 1390 973 personas
1443 903 1502 956 in
1544 919 1722 958 unum
1776 903 2018 956 confun-

318 990 472 1059 dere,
500 997 564 1046 ut
607 993 796 1046 favere
844 992 1086 1047 Sabellio
1138 991 1412 1046 dicendus
1455 991 1545 1046 sit.
1591 991 1897 1061 Augustini
1937 991 2020 1046 di-

321 1086 476 1136 ctum
504 1082 587 1135 vel
620 1098 801 1134 unum
843 1083 1186 1152 producant,
1232 1085 1287 1134 et
1313 1095 1544 1133 causam
1591 1080 1876 1151 integram
1908 1080 2020 1133 illis

320 1170 592 1224 cedimus.
643 1171 762 1223 Imo
814 1172 1003 1225 nullus
1066 1169 1398 1223 mortalium
1453 1169 1594 1222 adeo
1652 1174 1844 1222 exacte
1900 1184 2019 1222 me-

322 1260 476 1314 diam
502 1259 654 1312 inter
680 1259 878 1312 Arium
911 1263 967 1313 et
993 1258 1300 1313 Sabellium
1335 1257 1484 1311 viam
1528 1258 1715 1311 tenuit
1755 1261 2024 1326 utAngu-

325 1348 532 1415 stinus,
577 1347 677 1417 qni
716 1347 909 1402 media
954 1347 1136 1417 ipsius
1192 1346 1296 1400 via
1339 1345 1491 1398 linea
1534 1345 1782 1400 incessit.
1836 1347 2022 1400 Unum

325 1441 384 1490 et
440 1436 682 1492 alterum
740 1435 1137 1490 testimonium
1186 1434 1493 1506 proferam,
1547 1451 1660 1506 quo
1714 1434 2023 1489 adversarii

326 1523 586 1578 falsitatis
614 1523 844 1594 penitus
875 1524 1303 1578 convincantur.

397 1612 630 1666 Sanctus
679 1612 892 1680 doctor,
944 1617 1104 1667 tract.
1138 1615 1201 1667 37
1253 1613 1313 1666 in
1358 1613 1658 1679 Joannem,
1687 1612 1766 1667 ita
1806 1611 2018 1682 Hippo-

327 1717 529 1754 nenses
559 1716 690 1753 suos
721 1701 1116 1771 alloquebatur
1150 1718 1163 1754 :
1195 1723 1218 1750 ι
1255 1701 1316 1754 In
1346 1717 1539 1755 errore
1566 1701 2021 1756 Sabellianorum

328 1803 476 1842 unus
505 1792 587 1842 est
615 1789 770 1842 solus
797 1789 920 1858 ipse
971 1791 1137 1842 Pater
1168 1788 1267 1859 qui
1319 1789 1511 1844 Filius.
1554 1791 1616 1843 In
1650 1805 1840 1844 errore
1869 1788 2026 1842 Aria-

327 1892 554 1942 norum,
586 1877 730 1930 alius
761 1883 845 1931 est
871 1877 1105 1948 quidem
1137 1880 1320 1944 Pater,
1355 1878 1499 1930 alius
1532 1878 1725 1944 Filius,
1769 1878 1866 1932 sed
1905 1878 2025 1948 ipse

332 1965 502 2020 Filius
549 1980 667 2017 non
715 1966 902 2019 solum
924 1965 1088 2031 alius,
1113 1966 1207 2020 sed
1239 1965 1413 2020 etiam
1449 1967 1622 2022 aliud.
1655 1968 1735 2020 Tu
1766 1983 1822 2020 IN
1861 1982 2025 2020 nemo

329 2053 506 2124 quid?
554 2053 848 2107 Exclusisti
894 2053 1300 2121 Sabellianum,
1343 2056 1576 2110 exclude
1623 2059 1678 2109 et
1724 2055 2021 2109 Arianum.

331 2145 498 2196 Pater
544 2143 708 2195 Pater
759 2146 858 2206 est,
913 2143 1088 2196 Filius
1137 2142 1312 2197 Filius
1358 2149 1461 2209 est,
1491 2143 1658 2212 alius,
1699 2159 1818 2197 non
1843 2143 2026 2211 aliud,

330 2229 466 2300 quia
501 2232 614 2297 Ego
647 2235 696 2284 ct
731 2232 912 2296 Pater,
946 2230 1156 2301 inquit,
1196 2246 1367 2286 unum
1416 2247 1620 2297 sumus,
1664 2232 1810 2286 sicut
1854 2232 2029 2286 etiam

329 2319 596 2373 hesterno
628 2319 741 2387 die,
773 2322 1051 2389 quantum
1093 2319 1254 2388 potui
1303 2320 1717 2374 commendavi.
1752 2321 1893 2374 Cum
1923 2337 2030 2374 au-

335 2407 418 2461 dit
445 2422 650 2473 sumus,
679 2407 943 2461 abscedat
975 2407 1244 2461 confusus
1294 2407 1668 2477 Sabellianus,
1709 2424 1838 2462 cum
1874 2408 2033 2463 audit

330 2513 514 2564 unum,
567 2496 832 2550 abscedat
877 2496 1147 2550 confusus
1195 2495 1458 2551 Arianus.
1516 2497 1806 2551 Gubernet
1833 2499 2030 2551 catho-

332 2586 476 2639 licus
523 2602 681 2640 lNTER
729 2598 1026 2649 manuque
1071 2585 1205 2640 ﬁdei
1241 2601 1358 2639 sua
1403 2585 1715 2657 navigium,
1758 2585 2032 2657 quoniam

333 2675 650 2728 cavendum
684 2678 770 2728 est
806 2673 865 2726 in
896 2678 1142 2744 utroque
1181 2673 1564 2742 naufragium.
1605 2694 1626 2722 ιο
1658 2674 1806 2738 Quid
1835 2674 2031 2728 erudi-

334 2762 470 2832 tius,
501 2762 640 2833 quid
682 2761 966 2828 subtilius,
1003 2762 1140 2833 quid
1189 2761 1378 2822 verius
1408 2762 1518 2816 dici
1561 2762 1788 2833 potuit?
1816 2761 2030 2816 Passim

332 2849 443 2904 hoc
472 2849 687 2921 populo
736 2849 1075 2916 inculcabat,
1107 2865 1221 2920 quo
1250 2849 1406 2920 regia
1446 2849 1598 2903 inter
1638 2849 1948 2903 Sabellium
1978 2853 2035 2903 et

2124 463 2481 534 praecipitem
2520 467 2728 526 actum,
2769 477 2944 534 quam
2987 463 3104 516 illis
3141 465 3440 535 Augustini
3481 468 3765 523 excessibus
3827 527 3844 537 ,

2128 558 2391 624 prastem
2419 553 2613 606 ﬁdem.

2127 652 2155 716 §
2189 651 2274 704 VI.
2289 679 2361 690 —
2374 649 2792 721 Expenduntur
2808 646 3043 721 illorum
3066 647 3406 721 testimonia,
3432 650 3525 720 qui
3544 655 3771 708 sanctum

2467 718 2853 790 Augustinum
2879 718 3151 774 novitatis
3176 718 3467 775 accusant.

2199 818 2293 872 Isti
2319 818 2553 890 quidem
2585 824 2698 872 tres
2753 819 3016 887 praesules
3060 822 3192 871 sunt
3226 833 3470 888 quorum
3505 821 3772 875 auctorita-

2125 911 2245 961 tem
2274 922 2336 960 ac
2387 906 2704 960 doctrinam
2741 911 3000 960 Aunatus
3046 905 3178 959 satis
3226 912 3562 977 exaggerat:
3592 925 3771 978 nempe

2129 997 2394 1052 Claudius
2423 996 2650 1051 Xaintes
2689 996 2749 1050 in
2797 997 2894 1050 lib.
2944 996 3224 1050 Atheismi
3255 996 3391 1062 Cal.,
3430 997 3514 1051 tit.
3563 999 3625 1052 de
3647 1001 3774 1052 Pra-

2129 1085 2537 1154 destinatione;
2567 1085 2898 1139 Ambrosius
2921 1084 3280 1150 Catharinus,
3311 1085 3371 1138 in
3397 1086 3576 1139 libello
3611 1087 3776 1141 itidem

2128 1172 2196 1226 de
2228 1172 2762 1239 Pradestinatione;
2814 1171 3192 1242 Hieronymus
3227 1172 3473 1238 Osorius,
3511 1173 3600 1227 lib.
3647 1191 3691 1227 ix
3722 1175 3776 1229 de

2127 1260 2370 1330 Iustitia,
2402 1261 2502 1330 qui
2547 1261 2725 1314 sancti
2777 1259 3079 1331 Augustini
3115 1261 3431 1314 doctrinam
3477 1261 3543 1315 de
3585 1263 3777 1332 prade-

2130 1350 2432 1403 stinatione
2463 1355 2515 1404 et
2550 1349 2950 1420 reprobatione
3002 1349 3267 1403 novitatis
3328 1355 3604 1418 accusant,
3645 1353 3777 1421 quasi

2130 1437 2368 1492 senserit
2392 1443 2590 1492 contra
2619 1439 2961 1492 sententiam
2991 1438 3254 1492 omnium
3286 1439 3514 1492 Patrum
3545 1439 3634 1509 qui
3660 1456 3780 1493 eum-

2131 1528 2262 1582 dem
2310 1531 2745 1598 pracesserunt.
2795 1527 2964 1580 Vetus
2993 1542 3128 1580 sane
3178 1532 3377 1580 contra
3423 1532 3665 1582 sanctum
3688 1530 3780 1582 Au-

2132 1614 2428 1685 gustinum
2460 1614 3081 1686 Semi-Pelagianorum
3111 1615 3394 1669 cantilena
3422 1621 3522 1682 est,
3553 1620 3610 1670 ut
3632 1632 3690 1669 ex
3716 1615 3782 1670 lit-

2133 1705 2269 1758 teris
2293 1703 2557 1774 Prosperi
2586 1708 2762 1774 patet,
2794 1704 2886 1758 cui
2931 1708 3158 1758 sanctus
3201 1705 3398 1758 doctor
3438 1704 3555 1758 hac
3591 1705 3781 1775 reponit

2133 1791 2237 1846 lib.
2278 1791 2347 1846 de
2368 1791 2876 1846 Pradestinatione
2919 1795 3267 1858 sanctorum,
3308 1808 3430 1862 cap.
3468 1794 3566 1846 14:
3601 1812 3627 1840 «
3665 1793 3780 1855 Quid

2133 1879 2309 1949 igitur
2366 1895 2509 1950 opus
2554 1884 2639 1934 est
2687 1884 2750 1933 ut
2780 1894 2982 1933 eorum
3029 1884 3352 1934 scrutemur
3396 1881 3652 1950 opuscula
3685 1879 3780 1950 qui,

2131 1967 2469 2038 priusquam
2496 1967 2604 2020 ista
2638 1967 2872 2021 haresis
2903 1967 3166 2033 oriretur,
3202 1984 3321 2022 non
3364 1968 3668 2022 habuerunt
3699 1985 3774 2020 ne-

2134 2057 2455 2112 cessitatem
2518 2056 2579 2109 in
2643 2057 2749 2110 hac
2787 2055 3006 2111 difﬁcili
3026 2057 3096 2110 ad
3137 2057 3469 2112 solvendum
3515 2056 3781 2129 quastione

2133 2144 2365 2211 versari,
2399 2145 2550 2216 quod
2609 2146 2809 2215 procul
2848 2144 3021 2199 dubio
3069 2146 3345 2212 facerent,
3402 2147 3447 2199 si
3488 2146 3780 2216 respondere

2134 2234 2342 2288 talibus
2384 2238 2742 2300 cogerentur.
2796 2254 2824 2283 »
2869 2234 2978 2289 Sed
3025 2235 3131 2288 hac
3181 2235 3252 2289 de
3283 2250 3344 2289 re
3393 2235 3639 2305 pluribus
3676 2233 3780 2288 alibi

2137 2323 2350 2377 dictum
2380 2328 2483 2376 est.
2518 2323 2663 2377 Sane
2695 2323 2952 2377 Clemens
2981 2324 3124 2390 VIlI,
3153 2322 3216 2376 in
3259 2322 3709 2393 disputationibus
3732 2322 3780 2375 de

2135 2412 2374 2465 Auxiliis
2407 2411 2652 2480 Molina,
2695 2411 3035 2465 sententiam
3073 2412 3143 2465 ad
3169 2411 3568 2482 Augustiniani
3591 2412 3779 2480 dogma-

2137 2501 2211 2555 tis
2259 2501 2328 2555 de
2371 2501 2877 2571 pradestinatione
2917 2499 3191 2554 amussim
3237 2501 3444 2572 exegit,
3495 2505 3549 2554 et
3591 2502 3782 2554 Faustus

2139 2589 2407 2643 Reiorum
2431 2589 2730 2660 episcopus
2764 2589 2897 2643 inde
2945 2589 3238 2659 pracipue
3267 2590 3506 2659 rejectus
3534 2594 3627 2652 est,
3663 2585 3780 2657 quod

2140 2674 2318 2727 sancti
2347 2673 2597 2728 doctoris
2633 2673 2702 2726 de
2731 2671 3242 2742 pradestinatione
3273 2672 3598 2727 sententiam
3635 2670 3781 2740 impu-

2140 2760 2356 2828 gnavit,
2389 2777 2563 2830 quam
2596 2761 2790 2814 Patres
2818 2760 3210 2830 Augustinum
3241 2761 3540 2823 subsecuti,
3569 2763 3783 2827 Prosper,

2143 2849 2500 2919 Fulgentius,
2535 2849 2814 2904 Casarius
2844 2854 3014 2919 atque
3045 2849 3300 2904 Africani
3331 2849 3576 2921 episcopi
3609 2850 3660 2903 in
3684 2847 3785 2902 Sar-

332 2938 532 2992 Arium
571 2938 660 2992 via
705 2939 1053 3008 procederet.
1087 2937 1332 2992 Omnino
1364 2938 1681 2992 audiendus
1711 2942 1796 2991 est
1825 2937 2033 2992 iterum
2065 2962 2104 3018 C
2145 2937 2303 2992 dinia
2331 2938 2570 3004 exsules,
2601 2937 2854 3009 itemque
2893 2938 3159 2992 monachi
3201 2939 3441 3010 Scytha,
3484 2937 3782 3006 Rhemigius,

333 3027 687 3098 Augustinus
715 3031 955 3080 tractatu
987 3028 1046 3082 71
1081 3026 1141 3080 in
1161 3028 1462 3093 Joannem,
1485 3027 1583 3081 ubi
1611 3026 2030 3097 elegantissime

335 3115 415 3169 ita
459 3114 753 3169 haereticos
783 3115 1038 3169 confutet
1087 3131 1100 3168 :
1149 3133 1176 3166 ε(
1212 3114 1509 3169 Contraria
1547 3115 1751 3182 dicitis,
1783 3115 1881 3168 sed
1914 3131 2032 3168 non

337 3204 537 3258 eodem
583 3205 755 3258 modo
787 3203 931 3259 sicut
979 3207 1064 3258 est
1097 3203 1306 3258 falsum
1353 3203 1704 3257 contrarium
1743 3218 1898 3269 vero,
1934 3203 2032 3256 sed

337 3291 483 3348 sicut
524 3297 655 3346 sunt
695 3293 847 3346 inter
885 3309 943 3347 se
989 3295 1100 3348 duo
1147 3293 1289 3346 falsa
1333 3292 1638 3346 contraria.
1687 3292 1939 3346 Errando
1970 3291 2032 3345 in

338 3382 560 3436 diversa
588 3381 702 3444 itis,
742 3398 796 3435 IN
828 3397 994 3435 nemo
1026 3387 1110 3436 est
1136 3381 1228 3435 via
1265 3396 1438 3451 quam
1487 3379 1828 3450 relinquitis.
1878 3381 2032 3434 Inter

337 3486 436 3524 vos
473 3470 628 3541 ipsos
675 3470 935 3541 longiore
963 3470 1262 3524 intervallo
1294 3468 1542 3540 separati
1577 3468 1711 3522 estis
1758 3483 1933 3539 quam
1963 3469 2031 3522 ab

336 3561 459 3629 ipsa
495 3559 605 3627 via,
638 3560 798 3631 cujus
837 3560 1154 3614 desertores
1200 3557 1350 3612 estis.
1383 3559 1491 3611 Vos
1528 3557 1684 3626 hinc,
1715 3573 1815 3610 vos
1842 3561 2032 3612 autem

336 3647 495 3702 illinc
523 3649 634 3702 huc
660 3648 868 3715 venite,
901 3648 1063 3702 alteri
1093 3647 1162 3700 ad
1184 3649 1392 3701 alteros
1423 3644 1665 3699 transire
1696 3644 1888 3706 nolite,
1933 3644 2032 3698 sed

336 3735 470 3790 hinc
509 3740 678 3806 atque
708 3736 866 3790 illinc
886 3736 957 3790 ad
986 3751 1092 3789 nos
1127 3735 1426 3801 veniendo,
1468 3733 1715 3788 invicem
1744 3749 1843 3786 vos
1872 3732 2030 3787 inve-

335 3823 477 3879 nite.
545 3823 873 3891 Sabelliani,
961 3823 1252 3894 agnoscite
1315 3838 1488 3894 quem
1553 3820 2031 3892 pratermittitis;

336 3898 552 3978 Ariani,
585 3915 807 3982 aequate
849 3927 1021 3983 quem
1051 3910 1314 3981 subditis,
1354 3915 1410 3964 et
1447 3910 1509 3964 in
1533 3910 1624 3964 via
1658 3925 1794 3964 vera
1842 3908 2033 3964 nobis-

336 4016 466 4054 cum
488 4000 855 4054 ambulabitis
889 4016 902 4054 ε
936 4004 1017 4054 est
1069 3999 1223 4053 enim
1270 3999 1424 4070 quod
1470 3998 1717 4053 invicem
1762 4014 1831 4053 ex
1870 3999 2032 4053 vobis

336 4089 501 4144 alteri
529 4105 598 4143 ex
629 4089 824 4143 alteris
853 4088 1149 4144 admoneri
1191 4087 1387 4159 utique
1432 4087 1700 4143 debeatis.
1734 4087 1902 4156 Audi,
1933 4087 2032 4142 Sa-

336 4177 627 4232 belliane:
672 4179 858 4248 Usque
910 4178 1052 4232 adeo
1101 4193 1216 4231 non
1248 4177 1368 4247 ipse
1417 4178 1603 4243 Pater,
1636 4175 1732 4230 sed
1779 4176 1922 4229 alter
1948 4181 2034 4230 est

2141 3026 2487 3081 Prudentius
2553 3025 2766 3097 aliique
2817 3033 3282 3096 propugnarunt,
3343 3028 3543 3099 quibus
3605 3030 3786 3080 sanctus

2139 3116 2378 3170 Thomas
2407 3131 2538 3169 cum
2564 3114 2791 3169 meliori
2840 3115 3313 3170 scholasticorum
3347 3123 3504 3187 parte
3534 3113 3783 3169 consensit.

2214 3205 2360 3258 Illud
2387 3208 2578 3259 tamen
2604 3203 2921 3258 notandum
2949 3204 3125 3266 venit,
3157 3205 3372 3260 horum
3420 3204 3587 3259 trium
3613 3202 3784 3272 episco-

2139 3309 2347 3364 porum
2403 3299 2600 3348 contra
2665 3292 3054 3363 Augustinum
3112 3293 3444 3348 testimonia
3509 3287 3784 3347 recentiori-

2141 3381 2248 3435 bus
2273 3379 2412 3449 ipsis
2437 3395 2555 3433 non
2611 3384 2800 3433 exacte
2849 3379 3104 3450 probari.
3162 3381 3465 3447 Moraines,
3512 3380 3700 3448 disput.
3743 3379 3780 3437 9,

2141 3485 2305 3524 num.
2346 3472 2434 3523 57.
2469 3483 2595 3521 cum
2626 3468 2748 3522 hac
2776 3483 2983 3539 parum
3028 3468 3345 3524 honorifica
3385 3469 3453 3524 de
3481 3473 3655 3523 sancto
3681 3466 3783 3519 doc-

2139 3561 2263 3612 tore
2302 3556 2520 3612 Claudii
2563 3557 2788 3612 Xaintes
2822 3558 2996 3612 verba
3044 3557 3338 3613 recitasset
3369 3575 3382 3612 :
3425 3577 3452 3610 α
3491 3560 3588 3611 Pro
3615 3555 3784 3610 resolu-

2140 3647 2296 3702 tione
2352 3646 2487 3702 t’idei
2531 3663 2694 3713 mea,
2745 3662 2921 3715 quam
2975 3646 3234 3702 Ecclesia
3281 3646 3563 3702 catholica
3607 3641 3783 3715 judicio

2140 3736 2434 3804 submitte,
2470 3752 2673 3790 censeo
2723 3737 2788 3791 D.
2831 3735 3220 3806 Augustinum
3251 3736 3429 3790 nimio
3453 3740 3634 3789 contra
3662 3731 3781 3786 Pela-

2140 3825 2338 3896 gianos
2371 3825 2574 3880 ardore
2606 3824 2903 3879 incensum
2942 3824 3114 3880 nimis
3151 3825 3567 3896 pracipitanter
3599 3825 3781 3874 senten.

2140 3915 2281 3968 tiam
2317 3917 2372 3968 et
2413 3929 2752 3968 consensum
2789 3912 3279 3984 praedecessorum
3317 3927 3544 3966 suorum
3571 3913 3780 3964 contem-

2140 4004 2336 4075 psisse,
2370 4022 2398 4054 »
2431 4002 2576 4056 hanc
2596 4002 2778 4073 ipsam
2806 4016 3106 4055 censuram
3134 4001 3464 4072 improbans
3491 3999 3597 4053 ait:
3630 4015 3653 4048 α
3675 3996 3780 4050 Huc-

2143 4109 2319 4163 usque
2366 4091 2664 4163 episcopus
2703 4090 3076 4156 Ebroicensis,
3119 4090 3240 4160 qui,
3286 4096 3348 4144 ut
3380 4089 3592 4159 opinor,
3630 4090 3679 4140 et
3701 4097 3780 4153 pa-

2139 4194 2201 4234 ce
2249 4179 2401 4233 illius
2457 4179 2672 4234 dictum
2716 4179 2862 4246 volo,
2918 4179 3235 4233 consultius
3283 4178 3518 4246 fecisset,
3566 4173 3781 4242 tantique

338 4267 533 4335 Filius,
596 4270 660 4320 ut
709 4283 841 4320 eum
891 4266 1136 4321 Arianus
1188 4265 1532 4336 inaequalem
1589 4269 1802 4318 asserat
1859 4264 2028 4318 Patri.
2064 4254 2109 4309 D
2142 4268 2383 4324 doctoris
2425 4266 2750 4322 auctoritati
2777 4266 3228 4332 convenientius,
3262 4265 3310 4320 si
3353 4280 3566 4336 semper
3593 4266 3642 4316 et
3683 4274 3783 4312 cou-

335 4356 505 4424 Audi,
535 4355 742 4410 Ariane
773 4373 786 4410 :
837 4357 1022 4427 Usque
1056 4355 1197 4409 adeo
1241 4354 1414 4408 Filius
1455 4353 1692 4422 aqualis
1743 4356 1828 4406 est
1856 4353 2030 4420 Patri,

335 4449 402 4496 ut
443 4443 795 4498 Sabellianus
845 4445 1112 4499 eumdem
1160 4458 1280 4496 esse
1328 4441 1479 4496 dicat
1529 4444 1585 4494 et
1640 4442 1890 4495 Patrem.
1947 4443 2032 4496 Tu

336 4531 478 4585 adde
510 4546 682 4601 quem
707 4532 876 4598 tollis,
901 4538 965 4587 tu
992 4531 1240 4600 adimple
1270 4545 1442 4601 quem
1473 4528 1706 4596 minuis,
1743 4533 1800 4584 et
1838 4530 2030 4585 nobis-

336 4635 468 4675 cum
497 4619 665 4673 ambo
697 4621 1022 4685 consistitis,
1056 4620 1190 4690 quia
1241 4635 1343 4674 nec
1387 4623 1449 4673 tu
1492 4619 1662 4685 tollis,
1698 4636 1802 4675 nec
1829 4625 1891 4675 tu
1923 4621 2031 4675 mi-

334 4709 465 4764 nuis
507 4724 641 4783 eum
685 4709 785 4780 qui
831 4714 886 4764 et
929 4709 1072 4762 alter
1100 4713 1184 4763 est
1209 4724 1242 4762 a
1280 4711 1465 4776 Patre,
1496 4714 1560 4763 ut
1605 4709 1903 4765 convincas
1932 4711 2030 4765 Sa-

331 4799 670 4866 bellianum,
719 4802 777 4852 et
819 4798 1055 4870 aqualis
1085 4803 1168 4852 est
1215 4799 1392 4868 Patri,
1424 4802 1486 4852 ut
1536 4799 1836 4853 convincas
1874 4799 2032 4853 Aria-

334 4904 495 4944 num.
546 4887 809 4958 Utrisque
851 4888 1006 4944 enim
1048 4889 1256 4943 clamat
1302 4905 1316 4943 :
1373 4891 1488 4957 Ego
1541 4892 1591 4942 et
1657 4891 1820 4944 Pater
1864 4905 2031 4944 unum

332 4994 540 5034 sumus.
593 4977 754 5043 Quod
803 4978 883 5032 ait
932 4994 1116 5046 unum,
1179 4977 1412 5032 audiant
1460 4977 1685 5045 Ariani;
1744 4978 1896 5048 quod
1950 4977 2031 5032 ait

330 5083 534 5137 sumus,
563 5067 801 5123 audiant
841 5067 1170 5136 Sabelliani,
1202 5071 1260 5122 et
1304 5083 1408 5121 nec
1447 5067 1531 5121 illi
1580 5068 1882 5138 aqualem,
1927 5083 2032 5122 nec

331 5156 676 5212 illialterum
706 5157 973 5229 negando
1004 5156 1119 5211 sint
1147 5156 1298 5210 vani.
1323 5175 1351 5208 »
1386 5157 1564 5223 Itane,
1592 5157 1638 5211 si
1668 5156 1888 5227 superis
1914 5157 2032 5227 pla-

333 5250 440 5314 cet,
469 5246 569 5315 qui
596 5263 712 5300 non
744 5248 916 5301 modo
947 5245 1106 5317 regia
1138 5245 1228 5300 via
1257 5261 1482 5314 semper
1518 5245 1765 5312 incessit,
1807 5246 1903 5300 sed
1929 5245 2031 5316 qui

333 5334 593 5386 eamdem
623 5335 862 5403 posteris
908 5351 1026 5390 non
1056 5334 1242 5390 dicam
1299 5333 1475 5404 digito
1526 5335 1880 5404 monstravit,
1932 5335 2029 5390 sed

331 5420 574 5491 pedibus
599 5421 732 5476 fecit
769 5427 926 5476 extra
957 5423 1170 5478 orbitas
1217 5420 1551 5488 excurrisse,
1592 5426 1650 5475 et
1676 5421 1746 5475 ad
1774 5410 2030 5476 extrema

333 5509 642 5565 declinasse
669 5510 924 5566 dicetur?
954 5514 1070 5582 Ego
1111 5509 1341 5581 quidem
1382 5508 1545 5579 prius
1565 5511 1789 5565 credam
1828 5526 2028 5582 reapse

2142 4360 2358 4410 stanter
2385 4371 2740 4428 quacunque
2784 4355 2928 4410 dixit
2979 4354 3357 4425 Augustinus,
3405 4353 3463 4407 in
3505 4362 3707 4404 sensum
3731 4344 3782 4397 il-

2143 4445 2263 4500 lum
2282 4445 2652 4500 commodum
2691 4443 3055 4514 exposuisset,
3114 4448 3172 4498 et
3218 4459 3334 4498 non
3372 4447 3579 4496 tantam
3604 4438 3656 4492 in
3681 4432 3781 4504 opi-

2140 4534 2331 4588 nando
2397 4533 2836 4589 inconstantiam
2878 4532 2932 4587 ei
2979 4531 3288 4587 tribuisset.
3337 4551 3364 4584 ››
3397 4530 3613 4585 Dixerat
3650 4521 3773 4578 enim

2140 4623 2458 4678 Sanctesius
2484 4622 2873 4693 Augustinum
2901 4621 3124 4676 varium
3154 4637 3222 4676 ea
3249 4621 3310 4674 in
3333 4617 3599 4674 sententia
3621 4612 3777 4667 fuisse.

2138 4710 2475 4766 Ambrosius
2522 4712 2877 4775 Catharinus,
2909 4711 2970 4764 in
3045 4710 3186 4765 libro
3256 4709 3325 4764 de
3377 4701 3704 4764 Prascientia
3735 4700 3781 4750 et

2138 4800 2657 4872 pradestinatione,
2691 4800 2830 4855 adeo
2862 4799 3127 4854 adversus
3157 4806 3413 4852 sanctum
3447 4790 3778 4864 Augustinum

2137 4903 2348 4958 procax
2378 4893 2482 4957 est,
2511 4892 2575 4943 ut
2600 4887 2778 4943 bilem
2807 4887 3049 4942 moverit
3093 4887 3182 4941 vel
3222 4886 3334 4956 ipsi
3382 4881 3627 4954 Vasquio,
3655 4873 3777 4930 unde

2137 4977 2227 5032 his
2258 4976 2624 5032 Catharinum
2656 4977 2915 5047 increpat
2943 4979 3090 5048 part.
3136 4993 3172 5044 1,
3205 4975 3350 5046 disp.
3383 4976 3468 5039 90,
3507 4983 3650 5025 num.
3683 4966 3729 5018 ll
3763 4975 3773 5012 :

2141 5085 2169 5116 ί(
2193 5067 2400 5121 Contra
2448 5066 2832 5136 Augustinum
2879 5081 3084 5136 parum
3123 5064 3374 5118 modeste
3419 5058 3651 5130 loquitur
3689 5051 3775 5104 Ca-

2137 5154 2418 5221 tharinus,
2465 5155 2606 5209 etin
2651 5154 2804 5210 illius
2831 5153 3174 5209 sententiam
3222 5169 3324 5206 suo
3370 5149 3532 5204 modo
3559 5140 3768 5214 explica-

2137 5248 2251 5298 tam
2302 5244 2619 5300 maledictis
2663 5244 2979 5315 procaciter
3004 5243 3201 5310 fertur,
3229 5245 3333 5296 etc.
3373 5243 3443 5295 At
3469 5237 3525 5290 in
3554 5234 3650 5287 hoc
3676 5235 3777 5282 tur-

2136 5333 2370 5405 pissime
2402 5337 2550 5386 certe
2591 5331 2928 5388 Catharinus
2971 5332 3164 5401 lapsus
3205 5335 3308 5398 est,
3348 5333 3465 5382 tum
3504 5319 3640 5394 quod
3679 5327 3770 5368 non

2135 5422 2460 5493 intelligens
2499 5426 2752 5476 mentem
2780 5421 3082 5492 Augustini
3119 5421 3303 5491 ipsum
3330 5413 3665 5487 impudenter
3687 5405 3771 5458 im-

2135 5515 2354 5583 pugnat
2385 5515 2442 5566 et
2468 5510 2755 5584 reprobat,
2778 5515 2903 5566 tum
2933 5511 3088 5582 quod
3113 5509 3232 5581 ipse
3258 5503 3586 5578 Augustinus
3603 5496 3768 5550 contra
