3914 6186
116 302 220 353 ⁷61
1427 302 1537 357 VIN
1546 302 1662 358 DICI

1427 302 1745 358 νΙΝΒΙΟΙΑΞ
1786 304 2324 361 .tUGUSTlNIANIE.

3526 304 3631 357 762

118 418 497 475 Massilienses
544 424 602 473 et
629 418 770 473 alios
815 437 849 474 a
878 421 1183 476 Caelestino
1226 422 1249 477 Ι
1281 422 1343 477 in
1368 422 1608 493 epistola
1635 424 1824 495 prima
1851 442 1893 495 Α
1922 441 2039 480 non
2069 427 2208 497 quid
2239 427 2352 482 illis
2382 428 2749 482 sentiendum
2803 426 2990 481 fuerat
3031 426 3100 481 de
3149 425 3491 496 Augustino,
3521 427 3630 480 hoc

0 568 15 587 _
119 510 195 563 ad
222 508 516 579 episcopos
568 509 764 563 Galliae
795 509 1105 565 honoriﬁce
1166 512 1511 566 defenditur.
1575 533 1601 564 »
1648 516 1711 567 Et
1740 514 1820 568 ibi

122 598 351 652 recitato
382 597 669 651 Coelestini
720 598 907 668 elogio
937 600 1116 667 addit,
1151 620 1179 651 «
1231 600 1339 654 hoc
1369 601 1655 655 Ccelestini
1704 607 1815 656 tes-

124 686 424 740 timonium
454 686 714 741 sufﬁcere
745 692 809 740 ut
863 704 925 741 os
977 687 1087 758 ipsi
1135 689 1440 743 Catharino
1496 692 1816 745 obstruere-

122 779 234 827 tur.
268 794 293 822 »
322 774 606 828 Accedant
636 791 700 829 ex
735 776 1008 845 Hispania
1058 777 1172 830 duo
1233 778 1619 833 Dominicanaa
1647 780 1817 833 fami-

116 863 210 915 lia
252 863 592 917 nobilissimi
636 864 914 931 doctores,
964 865 1064 936 qui
1112 866 1359 920 hominis
1388 866 1449 921 in
1499 869 1816 939 Augustino

113 951 508 1021 impugnando
538 951 827 1007 licentiam
857 953 1154 1023 castigant.
1191 955 1516 1010 Dominicus
1560 956 1714 1025 Soto,
1756 957 1816 1011 in

112 1054 243 1109 cap.
286 1055 338 1093 ix
360 1040 541 1110 Epist.
565 1041 635 1095 ad
663 1043 988 1095 Romanos:
1030 1064 1052 1092 ι
1090 1044 1215 1098 Non
1252 1044 1443 1114 potuit
1485 1044 1691 1115 (inquit
1745 1046 1817 1100 de

111 1127 436 1197 Catharino)
477 1128 569 1181 hic
595 1130 936 1184 reverendus
967 1133 1133 1185 Pater
1163 1131 1303 1185 citra
1352 1133 1689 1187 temeritatis
1721 1150 1818 1188 no-

110 1222 230 1269 tam
263 1233 377 1269 non
408 1217 595 1270 solum
640 1218 1048 1288 Augustinum,
1108 1236 1309 1275 verum
1357 1227 1579 1276 sanctos
1619 1239 1817 1278 omnes

106 1320 267 1357 nova
293 1304 661 1375 inauditaque
708 1322 811 1360 sua
856 1309 1335 1363 commentatione
1365 1316 1748 1367 contemnere.
1786 1331 1812 1363 »

110 1393 178 1445 Et
207 1394 454 1459 Bannez,
488 1399 635 1463 part.
672 1411 705 1459 ι,
758 1400 943 1466 quaest
969 1398 1059 1459 23,
1091 1402 1193 1451 art.
1226 1403 1280 1458 7,
1334 1414 1503 1470 prope
1562 1399 1811 1466 initium,

105 1480 176 1534 de
201 1482 509 1536 Catharino
542 1482 621 1537 ita
664 1484 961 1554 loquitur:
999 1503 1026 1535 (ί
1084 1486 1269 1541 Edidit
1298 1491 1412 1541 tres
1467 1488 1691 1543 libellos
1746 1491 1815 1544 de

104 1570 640 1638 Prmdestinatioue,
673 1573 733 1626 in
765 1573 975 1643 quibus
1014 1574 1158 1629 nihil
1202 1579 1285 1629 est
1323 1577 1683 1646 eruditionis,
1716 1578 1816 1633 sed

102 1658 433 1727 plurimum
464 1659 693 1713 erroris.
728 1681 749 1710 s
785 1661 922 1725 Quis
959 1679 1093 1716 vero
1124 1667 1445 1734 quantusve
1492 1665 1667 1720 fuerit
1705 1667 1812 1721 iste

104 1746 297 1800 sancti
317 1747 623 1817 Augustini
650 1751 1052 1820 reprehensor,
1087 1757 1142 1806 et
1170 1753 1323 1807 unde
1354 1756 1673 1823 emerserit,
1692 1760 1810 1809 tra-
1843 1744 1882 1798 Β

102 1835 190 1889 dit
222 1835 357 1890 Soto
386 1836 447 1890 in
476 1838 753 1908 Apologia
779 1839 848 1893 de
879 1840 1219 1895 certitudine
1275 1843 1496 1912 gratize,
1526 1843 1691 1898 initio
1722 1844 1809 1898 his

102 1924 304 1994 ipsum
329 1924 700 1980 Cathariuum
730 1927 1064 1998 alloquens:
1100 1948 1128 1980 ‹‹
1156 1930 1280 1984 Jam
1311 1935 1476 1985 astate
1502 1933 1810 2001 ‘provectus

105 2029 176 2066 ex
234 2014 642 2083 jurisconsulto
700 2016 1079 2086 (trigesimum
1151 2019 1334 2073 aetatis
1378 2037 1592 2074 annum
1641 2026 1809 2075 natus

106 2101 415 2156 Florentiae
447 2103 836 2158 Dominicanze
880 2105 1113 2160 familiae
1148 2124 1361 2161 nomen
1391 2109 1566 2179 dedit)
1596 2110 1812 2164 theolo-

102 2206 218 2261 gus
266 2191 572 2261 derepente
616 2192 911 2262 :prodiisti,
963 2195 1131 2249 simul
1162 2200 1217 2250 et
1263 2197 1461 2251 audire
1499 2198 1718 2269 cmpisti
1749 2199 1812 2252 in

102 2280 343 2341 scholis,
379 2285 435 2333 et
477 2285 675 2334 contra
717 2283 981 2353 egregios
1029 2285 1353 2339 scholarum
1392 2286 1654 2342 doctores
1683 2288 1813 2341 scri-

102 2368 269 2422 bere.
308 2389 331 2417 »
363 2370 554 2423 Tantae
596 2372 951 2425 auctoritatis
995 2374 1147 2443 apud
1194 2390 1327 2427 suos
1356 2376 1529 2429 habet
1560 2376 1810 2431 Cathari-

105 2462 251 2510 nus!
318 2456 599 2512 Caeterum
651 2474 768 2513 non
821 2476 1052 2530 possum
1080 2478 1199 2515 non
1245 2462 1538 2533 indignari
1565 2468 1808 2532 Annato,

105 2544 263 2597 hanc
291 2545 536 2616 glossam
569 2563 702 2618 pag.
750 2550 852 2603 866
899 2550 1188 2604 Catharini
1230 2552 1560 2607 testimonio
1610 2570 1815 2625 appen-

104 2632 311 2687 denli:
347 2634 688 2689 «Ambrosii
756 2637 1044 2691 Catharini
1093 2639 1377 2709 judicium
1421 2646 1566 2695 esset
1604 2642 1812 2696 merito

104 2729 458 2794 suspectum,
493 2725 538 2778 si
571 2742 743 2796 quam
774 2727 1078 2796 proﬁtetur
1108 2728 1398 2783 interdum
1450 2731 1510 2785 in
1539 2732 1812 2802 Augusti-

36 2828 45 2837 '
105 2828 180 2865 no
220 2812 533 2868 deserendo
560 2815 902 2882 libertatem,
935 2823 1237 2887 usurparet
1284 2820 1457 2872 solus.
1499 2819 1608 2874 Sed
1655 2826 1813 2874 tanta

103 2906 451 2957 caeterorum
542 2904 843 2958 doctorum
927 2906 1274 2976 conspiratio
1348 2907 1481 2961 satis
1569 2910 1815 2963 ostendit

106 2990 487 3043 Catharinum
545 2991 607 3045 in
663 3009 731 3046 ea
797 3009 880 3056 re,
962 3010 1079 3047 non
1138 2999 1197 3048 ut
1266 2995 1656 3063 Catharinum,
1715 2998 1810 3067 qui

105 3095 217 3132 suo
247 3095 399 3149 saepe
427 3080 661 3150 ingenio
703 3081 949 3136 nimium
990 3082 1242 3149 indulsit,
1281 3085 1378 3138 sed
1436 3089 1501 3138 ut
1558 3086 1815 3140 Ecclesiae

104 3167 405 3222 catholicae
461 3169 956 3241 archiepiscopum
1016 3175 1069 3226 et
1135 3172 1427 3226 doctorem
1483 3174 1538 3227 id
1607 3174 1818 3228 sensis-
1858 3198 1871 3211 -

106 3274 194 3325 se,
242 3275 271 3307 »
301 3262 405 3310 etc.
469 3259 652 3325 Erras,
704 3262 948 3327 Annate,
1007 3275 1181 3315 erras.
1246 3261 1583 3317 Catharinus
1640 3263 1817 3317 libros

106 3346 244 3399 illos
272 3346 338 3400 de
370 3347 876 3403 Prasdestinatione
930 3349 1155 3419 scripsit
1202 3355 1512 3421 antequam
1543 3356 1692 3406 esset
1722 3369 1818 3406 an-

109 3432 297 3499 tistes,
327 3449 457 3487 nam
508 3435 646 3488 editi
695 3441 831 3489 sunt
884 3436 1116 3495 Parisiis
1157 3452 1307 3490 anno
1352 3440 1479 3493 1541
1514 3458 1529 3505 ;
1561 3439 1657 3493 ille
1682 3456 1815 3494 vero

108 3522 449 3576 Minorcnsis
490 3523 789 3593 episcopus
829 3524 892 3578 in
948 3523 1254 3578 Picentinis
1286 3525 1469 3580 dictus
1523 3532 1607 3581 est
1666 3544 1817 3584 anno

114 3610 275 3673 1546,
332 3608 421 3662 die
474 3612 539 3663 27
592 3611 856 3682 Augusti,
917 3628 986 3666 ex
1041 3617 1195 3667 tomo
1260 3631 1337 3668 vn
1400 3615 1577 3670 Italia:
1646 3634 1817 3673 sacrae

110 3697 335 3767 Ughelli
364 3716 379 3766 ;
448 3699 911 3771 archiepiscopus
963 3716 1094 3755 vero
1150 3703 1408 3773 Compsa:
1451 3720 1602 3758 anno
1656 3710 1812 3774 1552,

106 3785 204 3839 die
235 3789 266 3840 3
296 3786 472 3843 Junii.
524 3789 649 3841 Non
679 3788 873 3859 itaque
915 3789 1135 3844 locutus
1186 3796 1270 3844 est
1296 3797 1381 3859 ~ut
1434 3793 1816 3863 archiepisco-

105 3891 216 3944 pus
273 3876 537 3930 Ecclesize
594 3877 909 3945 catholicas,
969 3878 1089 3947 sed,
1149 3882 1294 3933 testo
1362 3880 1513 3950 Soto,
1571 3884 1652 3935 uti
1711 3899 1815 3936 nu-

105 3979 280 4033 perus
318 3980 387 4017 ea:
426 3966 816 4035 jurisconsulto
846 3968 1118 4035 theologus
1183 3967 1241 4020 in
1270 3966 1341 4021 iis
1386 3968 1547 4023 libris
1584 3969 1645 4023 in
1683 3971 1812 4042 qui-

105 4053 233 4118 bus,
297 4059 574 4113 assertore
632 4057 927 4120 Bannesio,
985 4057 1125 4110 nihil
1180 4061 1260 4109 est
1314 4058 1657 4124 eruditionis,
1713 4060 1811 4113 sed

101 4143 405 4209 plurimum
468 4146 686 4198 erroris.
750 4144 890 4197 Hinc
951 4143 1164 4199 factum
1223 4150 1307 4199 est
1360 4151 1419 4199 ut
1475 4147 1811 4202 Catharinus

98 4228 471 4300 jurisperitus
501 4231 560 4285 in
590 4232 703 4286 illis
728 4232 891 4286 libris
922 4248 1073 4303 saepe
1103 4233 1352 4288 laudarit
1384 4235 1608 4289 codices
1639 4240 1695 4289 et
1721 4236 1807 4290 di-

1927 515 2090 569 nobis
2122 520 2206 569 sat
2234 520 2318 570 est
2345 517 2497 570 haud
2530 516 2698 586 plene
2719 531 2815 568 eos
2844 520 3015 569 testes
3046 514 3459 569 recentioribus
3489 531 3621 583 pro-

1928 604 2089 657 batos
2119 620 2260 667 esse,
2313 620 2561 675 quorum
2595 604 2732 675 ipsis
2784 604 3113 671 fatentibus,
3175 604 3398 673 primus
3444 605 3623 655 minus

1927 694 2161 747 consulte
2216 694 2440 759 locutus,
2491 694 2634 747 alter
2662 693 2966 761 impudens,
2995 709 3195 762 parum
3248 692 3518 746 modestus
3576 697 3625 745 et

1927 796 2151 849 procare,
2210 784 2316 834 imo
2366 797 2457 835 nec
2512 788 2735 835 mentem
2796 784 3094 850 Augustini
3151 782 3475 848 intelligens.
3512 782 3618 834 Po-

1928 874 2170 923 stremus
2245 870 2495 940 denique
2563 871 2809 938 deceptus
2896 871 3119 924 dicitur.
3202 873 3446 935 Annate,
3516 870 3621 921 hos

1927 961 2123 1009 contra
2166 959 2548 1029 Augustinum
2578 960 2800 1012 testes?
2836 958 2944 1013 Sed
2999 960 3139 1013 alios
3198 959 3368 1013 modo
3424 956 3619 1011 audia—

1927 1059 2072 1097 mus.

1925 1149 1953 1219 §
2008 1150 2143 1223 XII.
2221 1149 2583 1223 Testimoniis
2631 1150 2941 1213 Driedonis,
3007 1150 3237 1223 Tapem',
3290 1150 3523 1206 Medinze
3564 1154 3621 1223 et

2007 1221 2119 1275 Val
2123 1220 2254 1275 losil
2258 1221 2301 1275 li
2313 1226 2514 1294 contra
2526 1225 2787 1294 sanctum
2806 1229 2855 1275 Α
2867 1238 3003 1294 ugus
3012 1220 3193 1276 lirium
3208 1224 3490 1294 producta
3492 1222 3621 1291 fal-

1994 1294 2128 1345 sala.
2154 1310 2292 1358 esse,
2310 1310 2415 1347 nec
2434 1292 2687 1359 ﬁdeliter
2708 1292 3015 1347 recensita.

1995 1400 2251 1453 Annatus
2299 1400 2460 1471 quasi
2508 1400 2698 1470 lippis,
2726 1400 2841 1453 imo
2894 1400 3056 1453 caecis
3104 1400 3392 1467 scriberet,
3449 1415 3617 1451 ausus

1926 1491 2009 1539 est
2054 1503 2149 1541 eos
2179 1494 2378 1542 contra
2400 1494 2659 1543 sanctum
2690 1489 3075 1559 Augustinum
3116 1491 3284 1541 testes
3318 1487 3614 1552 advocare,

1926 1575 2025 1646 qui
2053 1578 2140 1631 vel
2171 1577 2415 1631 maxime
2443 1578 2622 1632 sancti
2649 1578 2891 1632 doctoris
2936 1577 3333 1631 auctoritatem
3364 1581 3616 1640 tuentur,

1925 1667 2077 1738 quod
2118 1682 2252 1720 sane
2299 1666 2407 1719 nisi
2438 1666 2609 1720 variis
2654 1666 2874 1719 technis
2926 1682 3061 1719 usus
3090 1668 3360 1736 praestare
3404 1663 3614 1734 potuit.

1923 1755 2143 1810 Etenim
2169 1772 2265 1809 eos
2303 1754 2439 1809 citat
2468 1755 2567 1826 qui
2621 1755 2831 1825 apertis
2862 1754 3045 1808 verbis
3074 1754 3216 1808 citra
3240 1810 3243 1813 ἰ
3277 1754 3455 1807 ullam
3484 1768 3617 1806 con-

1918 1844 2153 1898 trariam
2181 1843 2717 1912 interpretationem
2748 1860 2863 1896 non
2893 1843 3059 1897 modo
3089 1842 3537 1912 Augustinianos
3558 1858 3616 1895 se

1918 1934 2179 2004 probant,
2220 1934 2317 1987 sed
2367 1932 3008 2003 Augustinianissimos;
3046 1931 3205 1984 novis
3247 1930 3402 1983 enim
3432 1929 3618 1982 verbis

1918 2022 2165 2076 insolitae
2222 2021 2607 2075 recentiorum
2668 2021 3007 2074 assertiones
3062 2019 3408 2090 castiganda:
3461 2023 3612 2074 sunt.

1920 2112 2042 2177 Quo
2071 2128 2204 2165 vero
2234 2111 2408 2165 ﬁdem
2463 2110 2704 2165 testibus
2746 2115 2926 2180 paret,
2973 2109 3166 2180 aliqua
3194 2125 3392 2163 eorum
3446 2106 3618 2161 verba

1918 2200 2257 2265 dissimulat,
2292 2199 2405 2254 alia
2448 2199 2766 2266 detruncat,
2807 2198 2918 2252 alia
2948 2202 3153 2267 mutat,
3207 2195 3367 2269 gravi
3420 2201 3619 2251 contra

1918 2294 2005 2343 tot
2033 2289 2288 2343 doctores
2312 2288 2543 2358 injuria.

1990 2379 2052 2432 In
2083 2377 2285 2447 primis
2325 2377 2574 2446 appellat
2630 2375 2990 2442 Driedonem,
3044 2378 3280 2430 testatus
3335 2390 3463 2446 pag.
3516 2378 3619 2430 8’78

1917 2466 2043 2521 haec
2067 2465 2389 2537 scripsisse:
2427 2486 2453 2517 (ι
2488 2466 2681 2535 Neque
2726 2466 2939 2519 sentire
2970 2470 3165 2519 contra
3214 2464 3465 2519 divinam
3494 2480 3621 2533 gra-

1918 2556 2078 2620 tiam,
2112 2557 2325 2625 [neque
2379 2554 2426 2607 si
2483 2554 2731 2621 fallatur,
2766 2553 3081 2625 perniciose
3138 2552 3258 2606 falli
3311 2568 3444 2606 eum
3494 2551 3617 2622 qui,

1922 2642 2179 2712 quamvis
2208 2641 2563 2711 Augustinus
2591 2641 2756 2695 aliter
2784 2641 3010 2707 sentiat,
3045 2640 3375 2711 generalem
3403 2654 3619 2708 agnos-

1921 2731 1997 2785 cit
2026 2748 2160 2801 erga
2207 2746 2405 2783 omnes
2447 2729 2732 2794 homines,
2766 2746 2894 2781 cum
2948 2729 3199 2798 primum
3231 2728 3302 2781 ad
3325 2742 3494 2781 usum
3521 2743 3618 2780 ra-

1918 2819 2094 2873 tionis
2127 2818 2490 2888 perveniunt,
2526 2817 2862 2883 bonitatem,
2894 2822 2960 2871 ut
3011 2832 3107 2869 eos
3132 2817 3291 2886 juvet
3320 2814 3618 2886 peculiari—

1921 2908 2027 2962 bus
2058 2906 2299 2961 auxiliis.
2359 2925 2386 2956 »
2451 2905 2655 2959 Driedo
2696 2922 2762 2959 eo
2793 2904 2919 2966 loci,
2954 2920 3164 2974 nempe
3193 2904 3253 2958 in
3284 2904 3381 2958 lib.
3416 2904 3484 2958 de
3508 2904 3618 2957 Ca-

1921 2996 2180 3067 ptivitate
2208 2998 2263 3049 et
2291 2993 2685 3063 redemptione
2731 2993 2955 3063 generis
2986 2994 3170 3059 hum.,
3215 3010 3336 3063 cap.
3366 2996 3420 3058 2,
3453 2997 3613 3047 tract.

1924 3090 1975 3153 4,
2012 3084 2222 3138 memb.
2254 3086 2308 3149 2,
2353 3087 2500 3153 part.
2556 3085 2587 3137 8
2628 3081 2959 3135 immediate
3012 3085 3142 3136 ante
3172 3081 3270 3135 illa
3316 3082 3489 3135 verba
3546 3082 3617 3135 ab

1925 3172 2248 3229 adversario
2299 3171 2560 3240 adducta,
2606 3170 2727 3224 haec
2784 3170 2983 3224 tradit:
3018 3188 3044 3223 c
3102 3170 3369 3235 Quamvis
3427 3186 3620 3224 TUTIOR

1924 3263 2075 3317 vivat
2103 3259 2363 3331 quisquis
2406 3275 2537 3312 cum
2568 3258 2881 3312 venerabili
2923 3261 3088 3314 Patre
3143 3259 3458 3330 Augustino
3505 3275 3619 3313 non

1922 3367 2026 3423 per
2052 3348 2260 3404 auxilia
2300 3346 2640 3401 sufﬁcientia
2670 3363 2737 3401 ex
2767 3363 2931 3418 aequo
2963 3347 3229 3401 omnibus
3259 3346 3465 3401 adultis
3496 3362 3621 3417 pro-

1924 3439 2127 3511 posita,
2158 3438 2255 3492 sed
2288 3452 2394 3507 per
2424 3436 2674 3490 divinam
2706 3436 3153 3491 misericordiam
3198 3440 3255 3490 et
3274 3436 3557 3505 justitiam
3587 3452 3621 3489 a

1923 3528 2165 3582 curiosis
2208 3525 2510 3581 hominum
2542 3524 2955 3595 quaestionibus
3013 3541 3071 3579 se
3122 3524 3381 3591 absolvit,
3426 3524 3619 3579 humi-

1921 3617 2094 3672 liatus
2125 3616 2228 3670 sub
2256 3614 2475 3686 potenti
2534 3630 2712 3668 manu
2750 3614 2869 3667 Dei.
2907 3637 2930 3662 υ
2982 3614 3195 3668 Deinde
3225 3630 3399 3684 quam
3429 3614 3507 3667 ibi
3536 3615 3619 3667 in-

1923 3707 2115 3760 sinuat
2143 3706 2212 3759 de
2241 3704 2466 3758 auxiliis
2494 3703 2901 3757 communibus
2932 3702 3300 3769 sententiam,
3334 3703 3520 3756 locum
3558 3704 3617 3757 in

1922 3795 2172 3865 parvulis
2203 3809 2319 3848 non
2349 3792 2558 3847 habere
2615 3792 2883 3857 ostendit,
2931 3808 3043 3861 quo
3098 3790 3391 3845 insolubili
3445 3806 3614 3860 argu-

1922 3889 2117 3938 mento
2143 3887 2370 3937 sanctus
2407 3879 2761 3950 Augustinus
2790 3879 2949 3932 illam
2979 3895 3205 3949 semper
3233 3879 3612 3948 impugnave-

1919 3976 2026 4027 rat.
2059 3974 2131 4025 At
2186 3971 2285 4041 qui
2340 3985 2499 4023 secus
2558 3968 2782 4032 sentiat,
2816 3983 2922 4021 non
2962 3969 3109 4035 falli,
3162 3967 3369 4037 inquit,
3420 3970 3614 4035 perni—

1920 4063 2073 4125 ciose,
2105 4061 2155 4113 si
2196 4059 2436 4124 fallitur,
2478 4073 2570 4110 nec
2625 4061 2814 4111 contra
2844 4056 3086 4109 divinam
3116 4058 3357 4123 gratiam
3385 4055 3607 4109 sentire.

1920 4150 2063 4203 Nam
2085 4152 2282 4201 contra
2302 4144 2586 4216 justitiam
2616 4145 2809 4214 potius
2840 4144 3012 4198 sentit
3054 4160 3226 4213 quam
3255 4147 3451 4197 contra
3482 4159 3611 4214 gra-

1915 4236 2076 4303 tiam,
2119 4250 2223 4288 nec
2267 4232 2606 4305 perniciose,
2664 4232 2762 4286 sed
2807 4232 3182 4286 tolerabiliter
3233 4232 3469 4286 fallitur.
3528 4234 3613 4287 'l‘u

105 4324 287 4387 gesta,
329 4324 393 4373 ut
422 4336 552 4373 suas
584 4321 652 4375 de
687 4321 1190 4391 praedestinatione
1244 4322 1541 4395 opiniones
1587 4325 1808 4379 theolo—
1843 4335 1885 4388 Ι)
1917 4340 2070 4390 vero,
2099 4326 2341 4387 Annate,
2372 4326 2437 4375 ut
2463 4319 2767 4391 Augustini
2795 4320 2855 4373 in
2885 4321 2998 4374 ﬁne
3051 4319 3146 4374 lib.
3195 4336 3248 4374 v1
3291 4325 3486 4373 contra
3515 4322 3614 4375 Ju-

104 4407 190 4474 gis
220 4408 618 4477 persuaderet.

176 4497 378 4550 Restat
402 4498 651 4565 Osorius,
682 4498 750 4552 de
782 4514 894 4569 quo
955 4498 1077 4553 haec
1104 4499 1275 4553 habet
1302 4500 1525 4555 Gabriel
1557 4502 1809 4573 Vasquez

107 4588 250 4653 part.
280 4602 317 4651 ι,
345 4585 556 4656 disput.
581 4589 666 4653 89,
685 4603 807 4657 cap.
830 4589 1060 4653 8,'num.
1077 4591 1176 4643 62:
1201 4609 1223 4638 ι
1240 4590 1518 4656 Alterum,
1542 4589 1601 4643 in
1620 4607 1734 4661 quo
1750 4592 1808 4645 hi

105 4679 370 4728 auctores
387 4676 619 4746 (nempe
639 4676 995 4745 Catharinus,
1023 4677 1402 4745 Camerarius,
1426 4678 1675 4749 Osorius)
1696 4680 1810 4733 fue-

102 4767 243 4816 runt
261 4762 504 4834 decepti,
526 4769 611 4818 est
628 4764 783 4835 quod
796 4769 1073 4834 putarunt
1093 4767 1310 4819 Grzecos
1334 4767 1524 4819 Patres
1544 4766 1809 4836 Augusti-

101 4868 177 4906 no
189 4853 475 4906 contraria
498 4852 772 4918 docuisse,
787 4853 1236 4924 quasiassereret
1255 4855 1608 4926 Augustinus
1623 4856 1806 4910 homi-

101 4958 204 4996 nes
234 4941 306 4995 ad
335 4942 577 5012 gloriam
633 4942 755 4995 sine
816 4942 1034 4997 meritis
1101 4943 1307 4998 electos
1364 4944 1558 5011 fuisse,
1610 4966 1639 4998 )›
1698 4950 1801 5001 etc.

100 5032 323 5104 Itaque,
358 5030 601 5102 Vasquio
660 5036 825 5099 teste,
885 5031 1119 5086 Osorius
1174 5033 1443 5104 deceptus
1476 5039 1576 5088 est.
1611 5037 1803 5088 Anna-

98 5122 189 5171 tus
222 5118 372 5172 libro
394 5120 582 5189 primo
615 5120 703 5175 sui
750 5120 1071 5189 Augustini,
1101 5138 1134 5175 a
1162 5137 1285 5192 cap.
1318 5125 1350 5175 '2
1378 5137 1559 5193 usque
1590 5123 1659 5177 ad
1701 5139 1803 5178 no-

98 5222 265 5272 num,
296 5208 481 5262 fusius
536 5216 779 5264 conatur
822 5210 1067 5281 probare
1097 5211 1483 5282 Augustinum
1523 5228 1643 5266 non
1674 5229 1802 5267 sen-

98 5295 240 5349 sisse
280 5302 475 5351 contra
502 5300 769 5369 antiquos
826 5301 1040 5367 Patres,
1101 5304 1159 5355 et
1214 5300 1501 5371 praecipue
1557 5317 1680 5372 cap.
1748 5305 1800 5368 6,

99 5385 197 5438 ubi
245 5386 516 5441 Faustum
546 5394 740 5442 contra
780 5389 1165 5461 Augustinum
1198 5389 1532 5461 loquentem
1560 5389 1798 5444 inducit.

98 5473 222 5537 Qua
268 5490 406 5547 ergo
460 5477 679 5532 ratione
715 5478 1097 5550 Augustinum
1150 5478 1263 5533 illis
1301 5477 1640 5533 testimoniis
1696 5495 1801 5549 op-

102 5566 370 5634 pugnat?
409 5566 573 5631 Quod
604 5566 651 5621 si
676 5567 824 5623 dicat
852 5567 1090 5622 recitare
1120 5583 1179 5622 se
1215 5567 1354 5639 quid
1381 5567 1466 5623 illi
1496 5567 1798 5637 senserint,

1916 4414 2134 4467 lianum
2176 4412 2367 4480 verba,
2399 4409 2535 4464 velis
2564 4408 2731 4477 nolis,
2767 4409 2869 4463 tibi
2911 4410 3192 4479 ingeram,
3230 4411 3615 4466 miserabiliter

1913 4504 2149 4571 falleris,
2180 4502 2263 4555 vel
2288 4503 2451 4555 etiam
2492 4499 2880 4553 detestabillter
2919 4500 3153 4565 falleris,
3195 4500 3423 4569 quando
3464 4500 3591 4553 Drie

1915 4592 2125 4646 donem
2174 4595 2370 4645 contra
2416 4588 2803 4659 Augustinum
2855 4588 3247 4642 testimonium
3288 4588 3476 4642 dicere
3509 4589 3614 4644 tibi

1914 4680 2103 4751 ﬁngis,
2139 4680 2523 4749 qui'rurioneu
2555 4676 2735 4730 sancti
2791 4677 3039 4731 doctoris
3086 4677 3428 4732 sententiam
3478 4694 3609 4731 con-

1914 4773 2174 4822 testatur.

1984 4858 2202 4911 Rursus
2230 4853 2462 4909 adducit
2491 4854 2759 4908 eumdem
2790 4853 3134 4909 Driedonem
3160 4855 3255 4909 lib.
3282 4871 3298 4908 ι
3327 4855 3395 4908 de
3413 4853 3610 4908 Libero

1909 4945 2159 5000 Arbitrio
2198 4960 2320 5014 cap.
2354 4946 2407 5009 2,
2466 4947 2611 5014 part.
2670 4946 2724 5011 5,
2756 4941 2853 4997 ubi
2883 4942 2998 4997 ait:
3036 4962 3063 4994 α
3094 4944 3167 4997 Ex
3195 4942 3496 5011 Scripturis
3526 4957 3610 4995 sa-

1911 5033 2021 5087 cris
2052 5033 2120 5087 ab
2146 5031 2466 5104 Augustino
2498 5030 2756 5085 adductis
2779 5048 2949 5104 super
2985 5033 3091 5085 hac
3120 5047 3179 5084 re
3209 5046 3320 5084 non
3349 5045 3609 5099 expresse

1910 5128 1967 5177 et
2019 5122 2324 5177 efﬁcaciter
2366 5120 2629 5176 concludi
2660 5126 2848 5192 potest
2872 5121 3122 5175 infantes
3152 5119 3273 5172 sine
3328 5118 3609 5188 baptismo

1909 5211 2247 5266 decedentes
2297 5210 2576 5282 supplicio
2608 5210 2809 5265 zeterni
2837 5208 2987 5279 ignis
3037 5223 3157 5261 esse
3189 5205 3543 5261 cruciandos.
3579 5226 3607 5257 ››

1907 5301 2193 5372 Additque
2229 5303 2482 5354 Annatus
2516 5299 2722 5369 nobile
2774 5296 3031 5351 scholion
3056 5311 3069 5349 :
3095 5314 3123 5346 «
3158 5296 3237 5349 En
3266 5300 3329 5348 ut
3355 5294 3607 5349 inefﬁca—

1908 5406 1998 5443 ces
2029 5390 2238 5444 fatetur
2280 5389 2552 5444 adductas
2580 5388 2662 5453 {ab
2692 5386 3010 5456 Augustino
3067 5400 3133 5438 ex
3182 5384 3472 5454 Scriptura
3522 5401 3609 5439 sa-

1907 5495 2002 5533 cra
2025 5478 2416 5549 probationes,
2467 5482 2643 5547 utque
2700 5474 2919 5544 optioni
2948 5474 3333 5527 studiosorum
3369 5475 3607 5544 permit-

1907 5569 1993 5636 tit,
2030 5572 2090 5624 ut
2118 5568 2283 5623 illum
2321 5573 2421 5623 aut
2449 5568 2762 5637 sequantur
2790 5567 2888 5617 aut
2939 5562 3224 5618 deserant.
3276 5581 3304 5613 ι)
3339 5562 3609 5635 Intelligit
