3894 6184
269 258 372 310 763
1279 245 1844 302 SUPPLEMENTUM
1886 245 1976 298 AD
2014 242 2248 300 opem
2289 245 2344 299 s.
2383 243 2772 298 AUGUSTINI.
2923 243 2930 246 ·
3635 254 3717 305 τοι

283 376 492 432 Driedo
522 372 855 430 testimonia
879 371 1184 443 Scriptura:
1215 369 1285 424 ab
1312 368 1630 440 Augustino
1662 369 1832 422 allata
1860 384 1974 422 non
2005 372 2045 423 A
2080 375 2219 428 Deus
2265 384 2371 425 non
2417 375 2647 436 denegat
2696 369 2957 435 gratiam,
3009 365 3159 437 quod
3204 369 3524 424 recentiores
3551 375 3719 441 putant

271 465 597 532 efﬁcaciter,
642 465 751 519 hoc
799 467 882 516 est
909 461 1059 515 haud
1091 458 1546 513 ‘demonstrative
1574 457 1815 528 probare
1845 474 1968 528 pm-
2075 478 2196 517 esse
2229 459 2628 518 certissimum.
2663 458 2830 514 Vides
2858 458 3022 513 tertio
3056 459 3229 512 Deum
3261 459 3396 512 haud
3452 461 3715 529 reprehen-

275 572 408 610 nam
440 570 638 608 sensus
692 566 1001 623 puerorum
1056 548 1116 602 in
1170 547 1396 601 ίῐιῖθΐίεε
1448 563 1583 600 nam
1639 546 1968 600 immediate
2077 557 2134 611 di
2160 572 2324 627 posse
2355 555 2402 609 si
2443 551 2835 608 laborantibus
2869 564 2974 620 pro
3032 545 3244 600 viribus
3291 546 3466 601 adhuc
3515 549 3724 619 deneget

271 645 393 699 haec
433 645 502 698 de
553 647 790 710 utraque
844 637 1125 692 sententia
1174 635 1567 707 przemiserat:
1615 637 1743 692 Cum
1776 639 1971 688 neutra
2078 645 2357 716 gratiam;
2390 661 2518 716 qua;
2571 639 2805 698 Adriani
2842 639 2991 694 dicta
3039 651 3170 690 cum
3197 634 3420 688 illorum
3473 637 3723 708 theologia

272 735 524 788 uideatur
569 731 860 798 efﬁcaciter
885 743 952 781 ea:
998 727 1286 795 Scriptura
1323 741 1482 780 sacra
1511 725 1810 778 demonstra

2185 735 2590 790 monveniunt.
2626 732 2843 787 Ibidem
2873 744 3006 783 vero
3028 726 3138 780 ait:
3194 743 3222 775 α
3268 725 3328 779 In
3383 725 3629 779 omnibus
3654 726 3723 779 his

278 825 472 891 Neque
500 820 647 873 hanc
679 815 1020 872 sententiam
1047 813 1488 868 ἀθωοηείνδῖίνθ
1519 813 1819 884 Ρτοδειίθῐη
1867 829 1970 866 Ποε
2080 823 2514 878 exclamandum
2565 827 2647 876 est
2693 835 2824 874 cum
2885 813 3241 886 Augustino:
3275 813 3316 868 Ο
3343 813 3560 866 altitudo
3607 814 3724 867 divi-

276 907 710 965 contendimus:
744 906 881 960 alias
935 905 1127 958 nullus
1181 907 1372 973 posset
1417 901 1744 972 oppositum
1802 906 1814 954 1

2185 927 2284 964 um
2313 912 2592 980 sapientiae
2637 913 2687 962 et
2737 907 2972 961 scientiae
3024 904 3150 957 Dei!
3183 920 3210 951 »
3265 900 3399 954 Cum
3427 904 3603 953 tamen
3652 917 3723 954 re-

279 1001 472 1068 Neque
501 995 793 1065 optionem
845 992 979 1047 feeit
1024 995 1088 1044 ιη
1114 990 1518 1060 ῐΑυειιειίηυσι
1549 991 1634 1042 vel
1666 1004 1974 1060 sequemur
2081 1000 2360 1054 ceutiores
2390 1000 2537 1053 hanc
2593 995 2773 1050 sancti
2831 991 3136 1063 Augustini
3165 989 3610 1043 exclamationem
3638 1004 3727 1041 non

273 1087 359 1139 vel
392 1086 756 1139 deseramus:
792 1098 923 1136 nam
965 1080 1285 1151 Αιιειιειίηο
1325 1079 1493 1132 etiam
1525 1078 1622 1131 ille
1653 1077 1714 1131 ίῑι
1745 1077 1971 1148 οΡίηίΟ·
2083 1090 2252 1143 modo
2280 1105 2394 1142 non
2420 1087 2739 1150 imitentur,
2774 1085 2871 1138 sed
2916 1081 3213 1145 irrideant,
3265 1077 3414 1148 quod
3439 1079 3520 1144 ζει
3547 1077 3728 1130 Joanne

278 1179 347 1229 ne
399 1173 565 1228 nobis
596 1172 993 1226 inhaerendum
1023 1186 1144 1224 esse
1193 1169 1448 1238 exemplo
1479 1167 1691 1234 docuit,
1725 1167 1846 1221 haec
1887 1183 1974 1222 as-
2082 1178 2299 1232 Adamn
2329 1177 2592 1247 superius
2620 1173 2729 1228 fuit
2755 1170 3137 1226 manifestum.

276 1270 511 1318 truens:
543 1279 568 1314 α
601 1263 672 1315 Ut
708 1276 866 1330 ergo,
917 1259 1068 1330 quod
1100 1257 1262 1312 nobis
1311 1271 1680 1324 eaouamuus,
1713 1259 1814 1324 .Scr

2196 1266 2380 1322 .ccedit
2407 1265 2575 1320 tertio
2625 1265 2747 1318 loco
2781 1260 3228 1315 Bartholommus
3258 1254 3494 1319 Mediua,
3528 1269 3734 1323 magnus

279 1352 472 1423 risque
528 1349 700 1404 saetis
754 1349 936 1417 πιδείε
988 1363 1301 1402 consonum
1348 1347 1590 1408 Videtur,
1649 1346 1973 1410 ageremus.
2086 1355 2442 1414 Dominicani
2474 1353 2717 1408 instituti
2747 1351 3088 1419 theologus;
3121 1347 3245 1416 ejus
3273 1344 3440 1397 verba
3472 1342 3547 1395 sic
3573 1341 3741 1394 recitat

279 1440 628 1494 arbitramur
710 1435 1105 1507 hujuscemodi
1179 1436 1446 1504 parvulos
1504 1434 1758 1489 sensibili

2199 1451 2340 1500 latus
2391 1461 2522 1516 pag.
2579 1447 2720 1498 875:
2760 1462 2782 1490 ι
2837 1439 2970 1494 Sine
3000 1436 3178 1491 dubio
3212 1431 3490 1488 sententia
3533 1434 3609 1484 est
3649 1433 3737 1482 Au-

282 1531 416 1584 dem
445 1527 726 1594 melestiei
757 1543 857 1580 seu
881 1524 1185 1579 δΪίῙίεῖίοηθ
1212 1525 1284 1577 δι)
1325 1523 1458 1594 igne
1507 1528 1564 1578 et
1614 1524 1674 1578 in
1699 1523 1831 1594 ἱεηθ
1861 1528 1975 1577 ίοτ-
2087 1535 2303 1608 gustini
2349 1533 2500 1605 quod
2528 1533 2700 1586 homo
2754 1529 2813 1582 in
2844 1543 2992 1598 pura
3020 1529 3227 1580 natura
3269 1521 3438 1576 habet
3467 1517 3743 1572 naturalem

283 1618 466 1690 queri.
505 1639 525 1666 ’
567 1616 765 1681 Αιιάίε,
824 1618 1062 1681 Armate:
1116 1629 1242 1667 eam
1296 1612 1658 1677 sententiam,
1715 1628 1888 1683 quam
1915 1617 1978 1666 tu
2008 1662 2050 1716 Β
2085 1607 2358 1679 ἧὶτὶυιθω
2398 1619 2695 1692 operandi,
2754 1632 2926 1688 quam
2975 1631 3091 1668 non
3141 1612 3316 1666 habet
3362 1609 3612 1677 inlapsa.
3643 1607 3746 1660 Non

455 1708 552 1716 Αμλ
593 1709 602 1716 .
1040 1702 1056 1716 ‘l
1091 1703 1104 1716 I
1260 1701 1275 1716 1
1322 1706 1331 1716 ι
1409 1707 1418 1716 ι
1498 1701 1507 1710 ³
1698 1702 1736 1716 n
1779 1701 1788 1710 '
1849 1701 1862 1716 1
2336 1715 2339 1716 ,
2566 1709 2580 1716 -
2660 1713 2668 1716 _
2752 1706 2784 1716 0-
2997 1703 3032 1716 Λ
3075 1701 3084 1711 α
3140 1706 3148 1716 ι
3208 1715 3211 1716 ,
3254 1714 3303 1716 ,,-
3360 1696 3485 1716 [ΞΔ-2
3548 1694 3725 1716 ---Α..ζ-

281 1724 420 1778 ρδε·
452 1708 555 1760 858
588 1709 860 1774 tanquam
920 1702 1185 1756 crudelem
1245 1701 1560 1767 detestaris,
1622 1717 1654 1754 e
1696 1701 1979 1755 Driedene
2010 1694 2050 1716 υ
2089 1716 2276 1787 placet
2329 1715 2521 1765 tamen
2549 1706 2894 1763 doctoribus.
2932 1723 2960 1754 ι)
2994 1703 3036 1757 Ο
3071 1701 3313 1770 integra:
3359 1696 3492 1750 ﬁdei
3543 1694 3747 1761 exscrip-

281 1794 460 1848 astrui
488 1791 957 1863 probabiliorem,
992 1807 1055 1843 ac
1087 1806 1257 1843 sacras
1276 1789 1512 1860 paginae
1546 1790 1728 1860 magis
1779 1806 1819 1843 c4

2210 1805 2311 1855 tm!
2341 1799 2566 1854 Medina
2587 1813 2653 1850 eo
2678 1795 2828 1865 _loci,
2884 1793 3131 1848 adducta
3168 1786 3454 1842 sententia
3490 1782 3748 1837 nonnullo-

281 1880 463 1937 nam?
493 1880 815 1951 Augustino
852 1879 1030 1949 igitur
1067 1877 1275 1932 militat
1303 1877 1665 1932 doctissimus
1721 1877 1816 1932 ille
1871 1877 1976 1946 vir,
2088 1908 2217 1946 rum
2271 1890 2651 1945 “serentium
2688 1887 2980 1942 diversam
3021 1896 3142 1935 esse
3189 1878 3461 1931 virtutem
3513 1870 3748 1943 operaudi

281 1987 472 2042 neque
505 1970 622 2024 una
654 1974 773 2022 arte
799 1969 860 2022 in
889 1968 1293 2033 recentiorum:
1323 1971 1502 2020 castra
1535 1966 1738 2020 ebduei
1771 1970 1980 2037 Ροὶθδῖν
2091 1980 2344 2036 hominis
2379 1978 2579 2032 stantis
2611 1981 2668 2030 et
2698 1974 2864 2045 lapsi,
2911 1972 3024 2025 ait:
3060 1970 3192 2034 Qua
3241 1967 3357 2020 sine
3387 1963 3544 2017 dubio
3569 1960 3750 2014 videtur

282 2060 379 2114 sed
413 2059 583 2112 inane
613 2062 840 2112 tantum
869 2057 1021 2112 illius
1059 2072 1272 2110 nomen
1298 2056 1469 2127 ﬁngis
1518 2056 1586 2111 ad
1618 2054 1982 2126 decipiendos
2090 2073 2156 2125 ι),
2208 2069 2516 2135 Augustini
2567 2065 2850 2120 ερηιθηιία,
2917 2061 3055 2124 Quas
3101 2055 3181 2110 ita
3253 2052 3448 2107 recitat
3493 2054 3746 2104 Annatus:

283 2149 568 2203 ίηοδιιῑοδ·
2089 2160 2215 2215 Sine
2259 2157 2422 2211 dubio
2473 2155 2738 2210 sententia
2786 2155 2863 2204 est
2893 2146 3218 2214 Augustini.
3253 2139 3503 2205 Falleris,
3553 2154 3584 2193 ο
3633 2138 3750 2191 bone

364 2234 629 2290 Driedoni
659 2233 931 2304 magistro
968 2249 1274 2304 supparem
1317 2231 1659 2287 submittunt
1689 2230 1983 2286 Ruardum
2091 2245 2211 2300 vir!
2267 2260 2379 2298 ηοη
2432 2243 2515 2296 ita
2562 2239 2758 2295 scribit
2787 2236 3046 2293 Mediua:
3111 2232 3328 2299 Videri,
3358 2229 3454 2294 ait,
3492 2241 3599 2280 non
3646 2237 3751 2275 vero

284 2325 565 2396 TaPerum
599 2340 666 2377 ex
709 2323 910 2377 eadem
959 2322 1397 2376 LevanieHSiUm
1451 2321 1743 2376 eeedemie
1790 2321 1984 2375 ἀοεῖο·
2091 2350 2202 2390 esse
2229 2347 2430 2404 reapse
2461 2331 2620 2384 illam
2652 2325 2958 2398 Augustini
2988 2321 3336 2377 sententiam
3360 2337 3375 2384 ;
3397 2322 3455 2370 tu
3494 2330 3616 2368 vero
3645 2310 3754 2364 illud

283 2427 430 2478 rem,
467 2426 638 2481 quem
680 2410 802 2463 haec
840 2413 1035 2463 contra
1081 2409 1467 2479 Augustinum
1514 2407 1758 2462 scribere
1814 2407 1988 2462 tradit
2092 2402 2538 2476 νενδητηύίάενί
2592 2415 2840 2480 abradis,
2883 2410 3106 2483 (ἰαίνει
3157 2407 3400 2462 Medium
3439 2402 3652 2457 vocibus
3677 2402 3756 2451 Αυ.

287 2502 570 2562 Armatus!
599 2513 732 2568 Peg-
767 2500 904 2551 879‘
957 2519 977 2544 ⁶¹
1009 2495 1135 2550 Alia
1182 2501 1376 2550 tamen
1405 2495 1601 2566 οΡίῑιίο
1647 2495 1830 2566 magis
1859 2511 1987 2550 οοη·
2094 2510 2325 2583 gustino
2357 2508 2542 2562 acrius
2562 2505 2830 2576 Iinsultes.
2861 2501 2970 2557 Sed
3002 2514 3107 2553 nec
3126 2497 3248 2551 ait:
3281 2497 3402 2550 Non
3425 2492 3591 2562 placet
3617 2494 3758 2542 tamen

292 2591 558 2641 semenee
619 2591 702 2639 est
746 2584 1088 2655 Αυειιειίηο,
1146 2584 1301 2655 (11³οά
1349 2600 1465 2638 ne"
1523 2583 1788 2637 omnibus
1841 2584 1988 2636 Deus
2095 2577 2439 2661 doctoribus;
2473 2594 2685 2663 relege,
2716 2594 2772 2644 et
2821 2587 3040 2642 videbis
3091 2585 3172 2638 ita
3213 2582 3380 2637 scribi
3413 2596 3426 2633 :
3457 2582 3569 2636 Non
3615 2577 3757 2644 placet

291 2675 555 2731 concedit
610 2674 720 2728 tale
751 2673 1045 2739 auxilium,
1084 2695 1104 2720 ι
1153 2679 1258 2726 etc.
1311 2673 1374 2726 Et
1426 2672 1667 2726 deinde:
1704 2692 1730 2722 (ι
1761 2674 1829 2739 {Ha

2219 2703 2275 2740 en
2314 2687 2452 2740 viris
2507 2662 2855 2744 nocioamos,
2899 2675 3107 2747 quibus
3163 2689 3296 2728 eam
3347 2669 3638 2742 aliquibus,
3683 2662 3757 2716 sed

287 2769 481 2819 tamen
527 2762 865 2834 ορίηίοηυπι
890 2762 1047 2832 Pri"r
1083 2761 1308 2815 Videtur
1362 2760 1544 2830 ωεείε
1586 2761 1987 2815 commendare
2096 2777 2243 2831 forte
2262 2773 2472 2838 minus,
2496 2776 2559 2825 ut
2581 2770 2677 2824 ille
2699 2767 2932 2840 quidem
2963 2764 3227 2837 putabat,
3260 2759 3438 2817 doctis
3466 2754 3760 2812 sententiam

293 2854 546 2910 diVinem
583 2851 923 2917 bonitatem:
973 2873 1001 2900 ”
1049 2856 1156 2905 εἷο·
1188 2853 1262 2904 At
1305 2855 1390 2905 θεῖ
1445 2851 1597 2921 (ἰυοἀ
1649 2851 1718 2905 de
1761 2854 1986 2905 A011an
2095 2865 2320 2935 placere
2378 2858 2682 2930 signiﬁcat,
2731 2873 2829 2910 eos
2872 2860 3064 2908 autem
3117 2851 3295 2905 tacito
3352 2846 3576 2903 nomine
3621 2840 3760 2914 paulo

289 2957 731 3014 οοηίιυετεωατν
765 2939 976 3011 quippe
1029 2939 1128 3010 (ἶηί
1183 2939 1356 2994 verba
1410 2939 1614 3010 Teperi
1669 2939 1983 3010 Plurimum
2013 2957 2052 3012 C
2091 2932 2223 3008 ante
2276 2951 2642 3006 indicaverat.
2696 2947 2801 3001 Sed
2853 2945 2964 2999 alia
3009 2959 3211 2998 rursus
3257 2939 3539 2996 audienda
3577 2940 3652 2988 est
3688 2932 3762 2984 ob-

290 3030 720 3103 Αυευείίηίθῐιεε
751 3029 1048 3083 sementim
1075 3027 1337 3099 ifevemie
1378 3028 1672 3083 emiserit:
1724 3045 1857 3084 nam
1910 3029 1989 3083 ita
2093 3043 2304 3114 jectio:
2336 3039 2570 3106 etenim,
2603 3035 2881 3091 recensita
2906 3032 3143 3089 Medinas
3176 3029 3482 3093 sententia,
3529 3024 3765 3079 exclamat

291 3119 490 3175 scribit
517 3120 770 3189 Τδῐῖθτυε
801 3117 870 3170 ad
924 3122 1032 3170 δι’ίο
1079 3122 1134 3177 7»
1169 3133 1298 3188 ρδε·
1355 3120 1556 3170 2221“
1619 3119 1742 3172 Alia
1795 3123 1990 3173 tamen
2093 3107 2386 3186 recentior
2433 3127 2530 3181 ille
2580 3141 2713 3196 pag.
2768 3125 2905 3178 876:
2955 3141 2982 3172 «
3038 3123 3232 3190 Atque
3285 3119 3391 3172 hac
3443 3113 3648 3169 ratione.
3691 3107 3761 3162 hic

293 3209 489 3280 opinio
521 3207 703 3277 magis
751 3211 835 3260 est
892 3212 1271 3260 consentanea
1297 3207 1633 3276 Augustino,
1664 3224 1725 3260 ετ
1781 3224 1831 3261 PA

2223 3234 2298 3273 ;or
2327 3214 2709 3271 indubitatam
2734 3209 3036 3281 Augustini
3067 3207 3396 3263 doctrinam
3415 3205 3519 3258 hoc
3546 3202 3600 3254 in
3619 3212 3761 3270 punc-

295 3313 576 3365 εοΝαῐιιιδν
609 3296 762 3367 (μιοά
795 3312 910 3350 ηοη
941 3295 1383 3365 οωηίδυδίθθυδ
1403 3295 1660 3349 concedit
1688 3296 1798 3348 tale
1823 3296 1991 3348 ein'
2101 3313 2160 3363 to
2188 3313 2246 3362 et
2279 3303 2604 3360 doctoribus
2645 3299 2990 3356 contrariam
3023 3314 3143 3351 esse
3185 3298 3422 3356 fatetur.
3453 3296 3506 3348 et
3553 3307 3645 3344 sun
3670 3286 3765 3340 sine

294 3387 456 3442 lium.
487 3407 509 3434 ι
550 3387 849 3456 Pupugere
881 3383 1216 3438 recentioris
1244 3388 1498 3438 mentem
1521 3383 1633 3437 duo
1663 3383 1760 3437 illo
1793 3384 1988 3438 verba:
2101 3397 2218 3451 ιιιιο
2260 3393 2393 3449 ﬁdei
2421 3392 2666 3453 violata},
2701 3389 2787 3442 νει
2818 3391 3024 3458 spreta;
3067 3383 3429 3455 antiquitatis
3457 3377 3716 3449 scrupulo,
3743 3392 3764 3420 »

296 3476 423 3547 (ιιιίδ
445 3475 598 3529 enim
625 3474 758 3528 inde
791 3489 908 3528 non
939 3472 1128 3528 Videat
1155 3477 1436 3542 quantum
1469 3473 1752 3543 'Pendel‘is
1797 3477 1992 3543 Αυςιι·
2105 3485 2255 3540 Belle
2309 3484 2428 3537 haec
2482 3480 2592 3534 sibi
2644 3481 2903 3532 Armatus
2933 3475 3118 3546 ﬁngit.
3177 3473 3429 3538 Medina,
3479 3485 3576 3522 sua
3622 3463 3769 3536 ipsius

297 3565 560 3620 stinianee
593 3563 910 3630 sententiae,
946 3566 1084 3616 teste
1122 3563 1360 3632 Tapero,
1391 3561 1662 3616 accedat?
1692 3563 1792 3616 llla
1821 3561 1996 3631 igitur
2105 3570 2387 3627 sententia
2432 3569 2688 3633 recitata,
2731 3568 2924 3635 aperte
2952 3567 3312 3634 protestatur
3355 3576 3413 3614 se
3453 3572 3566 3612 non
3592 3553 3769 3607 habere

299 3653 556 3708 consulto
601 3653 812 3706 omisit.
844 3652 1028 3716 Quare
1053 3651 1183 3722 jure
1237 3666 1367 3704 cum
1421 3651 1742 3720 Augustino
1793 3649 1892 3704 lib.
1944 3667 1995 3704 ιν
2107 3658 2494 3714 adversarium
2570 3653 2975 3724 Augustinum.
3046 3652 3175 3705 Hinc
3235 3654 3374 3704 sunt
3427 3647 3547 3717 ejus
3595 3639 3768 3695 verba:

299 3746 496 3796 contra
519 3741 653 3808 Jul,,
688 3757 810 3812 cap.
865 3743 921 3808 8,
968 3739 1059 3794 hic
1089 3740 1254 3794 liceat
1282 3740 1643 3794 exclamare:
1702 3741 1768 3794 Ut
1820 3755 1994 3808 appa-
2109 3768 2138 3800 α
2172 3749 2366 3817 Neque
2399 3747 2462 3800 D.
2507 3742 2860 3814 Augustinus
2909 3739 3044 3794 huic
3071 3744 3289 3792 nostra:
3343 3733 3630 3790 sententiae
3677 3726 3771 3780 ullo

299 3831 506 3885 reatde
560 3845 618 3883 re
648 3835 821 3898 tanta,
858 3830 1052 3900 quibus
1082 3829 1178 3883 abs
1227 3835 1276 3884 te
1325 3829 1619 3896 fraudibus
1666 3828 1994 3898 disputetur.
2107 3815 2291 3891 modo—
2331 3834 2680 3888 adversatur.
2720 3850 2742 3878 ι
2778 3829 2843 3883 Et
2883 3827 3056 3882 audes
3103 3842 3302 3880 coram
3347 3821 3623 3895 judicibus
3648 3815 3771 3869 am!"

300 3920 471 3975 Addit
506 3922 764 3974 Annatus
805 3917 1126 3988 signiﬁcare
1169 3919 1451 3989 Taperum
1483 3917 1744 3971 eamdem
1777 3921 2000 3971 senten-
2109 3941 2268 3979 mare
2299 3922 2581 3978 Medinam
2640 3917 2808 3973 fateri
2836 3917 2941 3972 sibi
2983 3931 3094 3971 esse
3132 3916 3472 3970 οοηινατοίωη
3517 3901 3775 3975 Augustini

301 4009 439 4062 tiam
471 4023 592 4062 esse
621 4006 857 4062 Adriani
905 4007 993 4068 νΙ,
1047 4010 1074 4059 4
1109 4007 1554 4074 Sententiarum,
1587 4011 1790 4078 quiest.
1840 4011 1890 4076 1,
1930 4007 1999 4062 de
2109 4013 2460 4068 doctrinam?
2491 4007 2729 4079 Egregie
2756 4005 3112 4076 Augustinus
3141 4009 3344 4058 contra
3366 4000 3644 4056 Julianum
3693 3989 3773 4044 lib.

301 4095 656 4169 paenitentia.
692 4096 831 4150 Ilinc
883 4095 1118 4150 insultat
1170 4113 1300 4168 pag.
1335 4100 1477 4152 886:
1536 4097 1831 4152 Adrianus
1861 4112 2001 4166 quo-
2112 4119 2185 4167 ιν,
2217 4117 2338 4171 cap.
2372 4103 2440 4154 8:
2478 4117 2505 4149 (ι
2537 4096 2674 4161 Quis
2717 4111 2832 4149 non
2863 4097 3170 4164 exspectet,
3220 4091 3434 4162 inquit,
3478 4081 3776 4156 sapientiam

301 4203 402 4255 que
432 4187 626 4241 Sextus
651 4185 821 4253 juxta
850 4185 911 4238 id
957 4185 1101 4254 quod
1141 4187 1422 4240 retulimus
1452 4189 1612 4239 antea
1657 4201 1724 4240 ea;
1779 4185 2000 4240 Ruardo
2034 4253 2062 4257 _
2110 4187 2462 4251 disserentis,
2491 4185 2592 4257 qui
2612 4184 2785 4238 ﬁdem
2805 4181 3131 4253 cognoverit
3164 4176 3498 4234 mentientis
3521 4173 3547 4225 ?
3569 4197 3593 4220 η

306 4253 512 4344 Ϋαρθνο
557 4273 870 4343 jungendus
915 4253 1037 4326 erit.
1097 4273 1204 4328 Sed
1272 4273 1526 4343 profecto
1583 4275 1765 4328 nullas
1832 4274 1998 4328 nobis
2034 4253 2075 4307 ί)
2181 4277 2389 4332 Eadem
2419 4253 2528 4329 ﬁde
2559 4273 2868 4343 animoque
2902 4274 3162 4325 Annatus
3193 4284 3328 4339 pag.
3377 4269 3481 4321 870
3509 4263 3575 4317 ad
3621 4257 3778 4344 tribue

302 4340 624 4433 praestigias
670 4340 871 4416 ifacies.
931 4361 1078 4425 Quid
1108 4340 1332 4431 scripsit
1377 4361 1660 4415 Adrianus
1699 4363 1901 4416 citatus
1930 4363 2002 4430 :in
2110 4366 2203 4420 nal
2233 4369 2430 4418 contra
2458 4340 2843 4433 Augustinum
2873 4357 3303 4413 Ferdinandum
3343 4351 3677 4408 Vallosillum
3709 4340 3778 4394 vel

306 4451 401 4504 fol.
429 4454 460 4505 3
488 4449 737 4521 dubii§:
783 4453 870 4505 Ea:
904 4450 988 4503 his
1025 4449 1318 4518 respondeo
1363 4449 1437 4503 ad
1487 4453 1793 4518 quaesitum,
1831 4452 2001 4506 modo
2111 4456 2405 4510 nolentem
2436 4453 2630 4518 trahit,
2660 4451 2759 4522 qui
2787 4451 2971 4504 multis
3011 4451 3158 4513 locis,
3193 4447 3408 4519 inquit,
3442 4447 3574 4499 satis
3604 4438 3781 4494 indicat

303 4536 685 4608 proferimus:
747 4558 774 4588 «ι
825 4539 959 4592 Eam
995 4536 1467 4603 misericordiam,
1493 4537 1612 4607 {ait,
1644 4543 1708 4592 ut
1737 4539 2003 4608 probabi-
2115 4545 2335 4598 liberam
2359 4557 2469 4597 esse
2498 4541 2566 4595 ab
2597 4541 2904 4608 Augustino
2941 4538 3214 4593 interdum
3245 4532 3558 4591 discedendi
3584 4530 3778 4598 copiam-

308 4626 437 4680 liter
465 4629 651 4691 teneo,
687 4625 1000 4680 viatoribus
1031 4625 1258 4680 exhibet
1303 4628 1470 4696 Deus,
1516 4643 1628 4698 qua
1660 4627 2007 4684 sufficienter
2117 4633 2260 4688 Dein
2299 4632 2468 4702 plura
2506 4627 2775 4683 Vallosilli
2828 4626 3156 4681 testimonia
3202 4624 3496 4695 producit,
3525 4621 3583 4674 in
3608 4615 3784 4689 quibus

307 4714 389 4769 eis
414 4713 642 4779 assistit,
675 4718 730 4767 et
755 4731 914 4767 suam
947 4713 1188 4785 gratiam
1230 4715 1411 4783 affert,
1461 4731 1574 4787 qua
1614 4733 1719 4788 pro
1750 4721 2006 4771 extremo
2115 4726 2310 4776 tamen
2346 4720 2438 4774 hic
2492 4719 2635 4773 adeo
2665 4721 2991 4771 constanter
3043 4731 3173 4770 cum
3226 4713 3550 4784 Augustino
3580 4713 3712 4762 stare
3739 4715 3784 4752 se

307 4806 515 4858 saltem
561 4802 768 4856 virium
797 4802 1134 4872 laborando,
1175 4809 1408 4874 possent
1433 4806 1648 4876 peccati
1704 4806 2008 4876 indulgen-
2116 4809 2437 4880 proﬁtetur,
2474 4811 2536 4860 ut
2580 4821 2806 4860 mecum
2837 4821 2971 4858 sane
3001 4804 3100 4858 illa
3127 4808 3426 4873 reputans,
3458 4799 3517 4854 in
3547 4811 3662 4851 eam
3689 4788 3787 4860 opi-

306 4894 448 4948 tiam
486 4891 827 4964 promereri,
859 4897 923 4946 ut
968 4893 1030 4947 in
1072 4893 1179 4948 hoc
1233 4893 1553 4949 differentia
1607 4894 1679 4948 sit
1725 4895 2008 4948 viatorum
2118 4897 2351 4952 nionem
2372 4896 2598 4964 abeam,
2629 4894 2833 4949 alienis
2865 4893 2965 4948 illa
2993 4892 3173 4947 oculis
3198 4895 3490 4946 Annatum
3525 4883 3786 4941 lectitasse:

308 4983 472 5038 abiis
511 4981 612 5054 qui
660 4982 1017 5038 transierunt
1045 4983 1376 5038 terminum.
1433 4984 1491 5039 Si
1543 4990 1734 5039 tamen
1781 4988 2009 5038 contra~
2118 4985 2296 5058 pudet
2324 4985 2480 5040 enim
2522 5000 2586 5038 ac
2644 4983 2798 5054 piget
2825 4983 2895 5037 de
2942 4982 3064 5036 viro
3098 4980 3244 5034 tanti
3284 4979 3438 5032 inter
3482 4969 3791 5030 recentiores

309 5071 460 5126 rium
494 5071 678 5134 faciat,
712 5070 768 5126 id
801 5076 887 5126 est
907 5071 954 5124 si
1008 5087 1125 5125 non
1156 5073 1253 5127 dat
1305 5072 1385 5127 eis
1435 5072 1850 5143 indulgentiam
1881 5088 2012 5143 pec-
2121 5056 2373 5129 nominis
2403 5073 2544 5128 adeo
2575 5073 2856 5143 palmares
2885 5068 3322 5124 allucinationes
3353 5067 3372 5135 (
3397 5081 3512 5120 non
3541 5061 3680 5115 enim
3707 5056 3790 5108 im-

310 5165 569 5215 catorum
602 5160 915 5215 laborando
950 5176 1056 5230 pro
1101 5160 1334 5227 viribus,
1369 5161 1522 5232 quod
1554 5161 1704 5233 apud
1751 5163 2013 5216 doctores
2122 5167 2380 5233 posturas
2451 5161 2673 5227 dicam)
2741 5157 3039 5229 suspicari.
3100 5159 3312 5210 Verum
3360 5153 3556 5208 eadem
3605 5145 3791 5215 objecta

317 5247 559 5302 dubium
587 5253 645 5302 et
672 5248 954 5304 incertum
989 5253 1092 5316 est,
1131 5265 1493 5320 nequaquam
1524 5249 1820 5320 injustitize
1851 5250 2015 5320 argui
2123 5250 2515 5304 excutiamus:
2576 5271 2596 5296 α
2635 5247 2825 5302 Multis
2854 5246 3012 5312 locis,
3036 5245 3132 5311 ait,
3164 5244 3305 5297 satis
3345 5240 3557 5296 indicat
3583 5235 3790 5290 liberam

316 5339 527 5405 posset.
561 5358 588 5385 ››
620 5337 787 5391 Vides
817 5337 1006 5408 primo
1052 5337 1238 5392 dicere
1268 5319 1729 5408 seiprobabiliter
1776 5339 1882 5393 hoc
1924 5319 2013 5393 te-
2125 5355 2246 5393 esse
2284 5339 2354 5392 ab
2383 5337 2704 5407 Augustino
2763 5334 3052 5388 interdum
3108 5329 3434 5388 discedendi
3482 5324 3710 5397 copiam,
3741 5319 3792 5408 ut

321 5404 478 5476 nere.
511 5423 679 5477 Vides
707 5404 954 5480 secundo
985 5426 1236 5481 Adriano
1289 5404 1432 5480 teste
1475 5427 1713 5481 dubium
1745 5432 1802 5482 et
1829 5427 2016 5481 incer-
2125 5426 2364 5499 quaesito
2421 5404 2501 5480 l3.
2538 5425 2600 5478 in
2628 5429 2851 5478 tomum
2889 5422 2938 5476 II
2970 5418 3382 5492 Chrysostomi,
3435 5417 3565 5470 dum
3612 5404 3792 5480 qut!"ii

320 5517 445 5567 tum
474 5527 595 5565 esse
625 5511 765 5567 illud
803 5514 1189 5586 principium:
1220 5516 1461 5570 Facienti
1507 5515 1652 5586 quod
1701 5519 1763 5570 in
1815 5531 1872 5571 se
1915 5520 2014 5582 est,
2127 5532 2360 5573 causam
2414 5510 2933 5586 praedestinationis
2971 5514 3028 5566 et
3070 5503 3500 5580 reprobationis.
3555 5520 3581 5550 ιι
3617 5500 3683 5553 At
3705 5506 3790 5548 cur
