3914 6186
72 310 171 359 765
1353 303 1618 360 VINDICI

1353 303 1685 361 VINDICUE
1725 305 2277 362 AUGUSTINIANIE.

3463 311 3568 364 766

74 425 339 482 Vallosilli
386 425 551 478 verba
597 428 794 479 contra
841 425 1229 497 Augustinum
1293 442 1410 481 non
1458 428 1725 499 producis
1746 469 1760 495 ,
1800 433 1843 485 A
1873 426 2047 481 tionis
2071 443 2203 480 vera
2234 427 2454 482 ratione
2483 427 2758 498 attigisse,
2787 443 2914 498 quae
2961 428 3343 498 Augustinum
3373 445 3436 482 ac
3462 445 3570 484 cas-

77 516 575 589 quod‘casterorum
606 514 932 567 testimonia
949 514 1199 569 referens
1230 515 1586 586 praestitisti?
1614 517 1761 572 Sane

78 606 206 677 quia
232 604 382 657 nulla
409 607 579 668 sunt;
630 602 802 656 debui
850 602 1057 669 dicere,
1086 604 1366 657 contraria
1424 609 1557 661 sunt
1598 621 1609 658 :
1644 610 1761 659 ete-

81 695 189 747 nim
217 693 353 746 adeo
388 692 671 745 mordicus
698 692 1132 762 Angustinianas
1172 693 1471 748 sententia
1518 694 1586 747 de
1631 710 1761 763 gra-

80 782 211 835 tuita
261 780 762 850 prasdestinatione
819 780 1094 847 adhaeret,
1148 786 1214 834 ut
1265 781 1479 834 ibidem
1538 782 1687 835 dicat
1744 799 1759 836 :

78 890 103 920 α
134 868 332 938 Opinio
366 868 647 920 contraria
677 882 795 920 non
824 872 908 920 est
935 868 1262 937 probabilis,
1290 869 1419 922 licet
1437 886 1555 923 non
1585 870 1764 924 luere-

77 958 195 1023 tica,
227 961 281 1009 et
301 956 494 1009 nullus
526 972 652 1009 eam
703 956 935 1009 deberet
964 972 1213 1011 asserere
1254 957 1313 1011 in
1344 959 1549 1011 scholis
1581 976 1764 1029 neque

78 1044 220 1098 alibi.
256 1064 276 1091 av
315 1045 379 1097 Et
409 1044 558 1097 hunc
606 1043 744 1097 dicis
773 1043 833 1096 in
864 1043 1249 1114 disputatione
1294 1046 1362 1099 de
1393 1047 1763 1116 przedestina-

76 1134 220 1185 tione
249 1131 433 1185 facere
472 1133 697 1186 liberam
716 1133 784 1185 ab
822 1133 1127 1199 Augustino
1172 1134 1483 1188 discedendi
1510 1138 1716 1204 copiam
1738 1136 1766 1190 Ῡ

78 1224 278 1275 Rursus
324 1221 559 1287 ibidem,
607 1237 815 1290 nempe
869 1222 1185 1292 quaestione
1244 1226 1326 1289 t3,
1376 1224 1766 1294 Chrysostomi

76 1308 407 1363 testimoniis
480 1309 793 1379 explicatis,
852 1310 1010 1363 addit
1056 1327 1068 1364 :
1111 1312 1464 1381 Augustinus
1521 1317 1765 1383 patrono

77 1414 183 1451 non
211 1397 471 1468 indiget;
502 1414 636 1451 nam
663 1414 791 1453 cum
817 1399 978 1468 prius
1005 1399 1138 1453 huic
1163 1399 1414 1470 dogmati
1444 1407 1768 1456 constanter

75 1485 411 1553 adhaesisset,
434 1502 496 1539 re
535 1491 729 1539 tamen
779 1487 1115 1557 diligentius
1176 1493 1488 1558 perspecta,
1540 1490 1763 1561 opinio-

74 1590 192 1627 nem
226 1573 360 1627 locis
383 1572 701 1627 innumeris
729 1576 1075 1641 retractavit,
1136 1598 1156 1624 ο
1190 1592 1398 1648 nempe
1450 1580 1630 1632 Deum
1661 1579 1764 1632 ho-

72 1664 241 1715 mines
269 1662 675 1732 prasdestiuare
718 1679 782 1716 ex
812 1663 1068 1734 praevisis
1100 1665 1319 1718 meritis
1350 1665 1484 1719 ﬁdei
1526 1672 1759 1721 natura-

75 1750 153 1803 lis.
182 1750 353 1804 Addit
378 1750 737 1804 adversarius
769 1768 783 1805 :
819 1770 847 1802 ‹‹
904 1754 967 1805 Et
998 1753 1238 1823 quaesito
1285 1756 1347 1807 18
1386 1754 1447 1807 in
1502 1759 1638 1808 tom.
1686 1756 1761 1810 ΙΙΙ

76 1838 239 1893 sancti
262 1840 594 1910 Augustini,
626 1840 725 1894 ubi
757 1840 1011 1910 disputat
1040 1858 1111 1894 an
1142 1841 1365 1913 possint
1393 1842 1524 1896 alite
1582 1843 1765 1897 virtu-

76 1933 151 1982 tes
177 1944 293 1981 esse
354 1930 477 1982 sine
530 1928 662 1998 ﬁde,
712 1934 767 1983 et
804 1929 883 1982 sic
938 1929 1215 2000 loquitur,
1260 1936 1372 1984 etc.
1431 1932 1554 1985 Non
1611 1932 1766 1985 enim

80 2021 289 2071 sanctus
341 2018 593 2071 Thomas
623 2020 905 2072 consentit
934 2034 1065 2071 cum
1091 2018 1366 2089 Gregorio
1396 2020 1767 2089 Ariminensi,

80 2121 250 2175 neque
280 2120 412 2158 cum
447 2106 506 2161 Β.
535 2105 877 2175 Augustino,
910 2106 1067 2176 quod
1118 2122 1319 2160 omnes
1368 2113 1525 2160 actus
1564 2107 1768 2162 intide-

81 2195 211 2247 lium
259 2194 372 2248 sint
400 2199 653 2264 peccata.
696 2213 725 2246 »
779 2196 1209 2265 Respondemus
1244 2196 1596 2250 Vallosillum
1650 2198 1771 2251 haec

80 2283 272 2336 dixisse
300 2299 366 2336 ex
399 2284 647 2337 aliorum
692 2284 976 2337 sententia
1029 2284 1248 2337 calamo
1298 2284 1369 2337 ad
1422 2283 1534 2337 alia
1561 2299 1768 2354 prope-

84 2376 265 2437 rante;
297 2388 437 2426 nam
490 2371 730 2442 quaesito
759 2376 828 2426 2'2
880 2372 940 2426 iu
988 2373 1054 2427 D.
1112 2373 1500 2439 Ambrosium,
1560 2373 1657 2426 ubi
1703 2389 1771 2426 ex

85 2460 320 2529 professo
352 2461 739 2530 quaestionem
768 2460 925 2514 illam
954 2460 1151 2531 agitat,
1184 2465 1241 2514 et
1271 2462 1339 2514 ad
1371 2476 1545 2530 quam
1575 2477 1633 2514 se
1680 2477 1770 2513 re-

86 2548 184 2601 fert
202 2552 334 2601 tom.
369 2549 468 2601 VII
491 2547 795 2618 Augustini
812 2548 1066 2619 quaesitis
1091 2550 1153 2601 18
1176 2553 1232 2602 et
1260 2551 1341 2613 l9,
1369 2553 1426 2601 et
1450 2552 1592 2602 tom.
1621 2547 1768 2613 VlIl,

87 2637 307 2707 quaesito
340 2641 393 2703 3,
430 2642 485 2690 et
516 2636 673 2703 alibi,
714 2642 910 2707 aperte
941 2641 968 2705 §
996 2636 1092 2690 Ad
1133 2642 1452 2705 argumenta
1501 2637 1769 2703 Gregorii,

86 2725 138 2777 in
167 2725 529 2796 responsione
574 2725 643 2779 ad
669 2727 721 2790 4,
755 2724 926 2778 tradit
954 2729 1213 2778 sanctum
1242 2725 1625 2794 Augustinum
1654 2742 1771 2778 non

88 2812 223 2865 idem
247 2812 494 2865 sensisse
536 2828 667 2865 cum
698 2811 967 2883 Gregorio
995 2812 1342 2865 Ariminensi
1381 2813 1449 2865 de
1504 2814 1772 2882 operibus

86 2899 409 2967 inﬁdelium,
448 2902 511 2954 Et
542 2901 598 2953 in
628 2906 768 2954 tom.
802 2902 900 2968 ΙΙΙ,
928 2901 1168 2971 quaesito
1202 2904 1283 2965 l8,
1325 2900 1520 2954 scribit
1548 2901 1618 2955 de
1649 2900 1769 2953 vir-

1869 519 2023 569 teros
2052 521 2219 569 antea
2267 518 2459 570 Patres
2505 518 2685 570 celata
2739 532 2964 586 semper
3015 516 3232 570 fuisset.
3265 538 3286 563 ι
3319 518 3567 572 Tandem

1870 603 1948 657 sic
2007 604 2339 658 concludit:
2376 624 2401 654 «
2461 606 2524 658 Et
2576 604 2814 674 quaesito
2868 607 2956 673 30,
3005 604 3065 658 in
3127 611 3266 659 tom.
3328 606 3413 665 IV,
3475 607 3574 661 ubi

1870 693 2300 762 responsionem
2350 694 2420 746 ad
2459 693 2781 763 oppositam
2813 693 2917 745 sibi
2935 693 3327 747 auctoritatem
3352 697 3571 763 Augus-

1870 779 1977 832 tini
2008 780 2067 832 in
2121 797 2187 834 ea
2226 781 2513 851 quaztione
2565 797 2704 834 num
2761 781 2926 835 liceat
2954 782 3118 835 uxori
3168 783 3235 835 de
3288 797 3570 835 consensu

1878 867 2067 920 mariti
2126 869 2415 931 fornicari,
2466 869 2543 923 sic
2595 870 2885 923 exorditur
2932 887 2943 923 :
3002 873 3104 924 Pro
3152 873 3214 924 B.
3266 872 3573 938 Augustino

1870 958 2249 1025 respondemus
2280 958 2423 1026 quod
2463 958 2601 1027 quid
2639 958 2927 1012 secundum
2959 962 3238 1012 veritatem
3292 960 3575 1012 tenendum

1870 1046 1964 1109 sit,
2026 1046 2391 1114 deﬁnivimus.
2450 1048 2531 1100 Ita
2588 1051 2914 1099 truncatum
2968 1047 3357 1100 testimonium
3397 1048 3572 1099 Vallo-

1876 1132 1986 1184 silli
2018 1135 2190 1188 refert
2219 1138 2494 1201 Anneius,
2528 1140 2591 1188 ut
2623 1139 2853 1205 putetur
2909 1136 3069 1204 parvi
3124 1136 3317 1189 habita
3346 1138 3571 1204 Augus-

1871 1218 1978 1272 tini
2006 1226 2345 1291 auctoritas;
2397 1240 2530 1277 nam
2570 1223 2663 1277 ille
2696 1223 2935 1291 scriptor
2965 1222 3153 1276 statim
3208 1224 3365 1276 addit
3399 1240 3411 1276 :
3449 1245 3474 1269 α
3513 1225 3576 1276 Et

1874 1326 1997 1396 ipse
2025 1319 2245 1369 tantum
2280 1312 2583 1383 proposuit
2632 1311 3013 1381 quaestionem
3053 1326 3126 1362 an
3159 1310 3219 1363 in
3269 1326 3401 1364 casu
3433 1326 3576 1363 uxor

1872 1411 2052 1484 possit
2097 1406 2249 1461 licite
2308 1400 2595 1463 fornicari,
2646 1399 2945 1453 accedente
3005 1415 3286 1451 consensu
3338 1398 3465 1463 viri,
3514 1398 3575 1450 in

1879 1518 1993 1573 quo
2024 1512 2191 1551 sensu
2233 1493 2493 1546 doctores
2523 1488 2843 1542 scholastici
2897 1488 3272 1558 quaestionem
3323 1503 3433 1539 non
3469 1487 3578 1539 dis-

1874 1592 2096 1662 putant.
2131 1605 2157 1636 »
2191 1585 2390 1636 Postea
2417 1578 2587 1632 aliam
2611 1576 3050 1646 explicationem
3081 1575 3338 1630 annectit
3370 1591 3382 1627 :
3424 1596 3444 1623 ι
3478 1576 3578 1629 Se-

1876 1677 2063 1732 cundo
2095 1672 2335 1728 dicimus
2367 1670 2425 1721 B.
2461 1665 2842 1736 Augustinum
2892 1681 3083 1718 casum
3128 1681 3247 1718 non
3288 1663 3576 1729 deﬁnisse,

1874 1766 2028 1838 quod
2056 1780 2122 1817 ex
2179 1759 2362 1813 verbis
2401 1757 2523 1826 ejus
2554 1759 2774 1809 constat
2797 1742 2815 1808 ε’
2858 1759 3164 1824 postquam
3196 1753 3351 1806 enim
3382 1768 3578 1805 casum

1878 1850 2195 1924 proposuit,
2256 1843 2532 1899 conclusit
2591 1843 2668 1896 sic
2715 1858 3008 1896 asserens:
3064 1843 3219 1897 Nihil
3249 1843 3333 1894 hic
3364 1843 3422 1893 in
3452 1842 3581 1895 alte-

1875 1958 1995 1996 ram
2010 1943 2223 2011 partem
2244 1936 2478 2003 disputo,
2514 1934 2667 1986 liceat
2697 1934 2888 2000 cuique
2911 1934 3225 1985 existimare
3256 1930 3400 1999 quod
3428 1930 3578 1995 velit,

1879 2036 1985 2086 etc.
2042 2030 2116 2083 Ex
2143 2042 2255 2095 qua
2286 2025 2476 2077 littera
2521 2025 2741 2074 constat
2796 2020 2948 2091 quod
3006 2036 3135 2073 cum
3197 2019 3366 2083 dicat,
3399 2020 3582 2073 Liceat

1876 2120 2067 2185 cuique
2094 2115 2409 2169 existimare
2456 2109 2599 2177 quod
2624 2109 2769 2172 velit,
2804 2107 2957 2178 quod
2992 2106 3222 2160 deﬁnite
3253 2106 3395 2159 nihil
3428 2121 3581 2158 asse-

1883 2205 2018 2271 ruit,
2071 2202 2169 2256 sed
2220 2198 2480 2269 opinioni
2514 2202 2569 2250 et
2592 2196 2810 2268 judicio
2842 2196 3083 2248 aliorum
3142 2194 3583 2248 existimandum

1878 2292 2135 2364 reliquit.
2174 2309 2201 2341 »
2231 2290 2360 2342 Hzec
2393 2286 2754 2341 doctissimus
2775 2285 2871 2338 ille
2902 2284 3221 2355 episcopus,
3269 2283 3370 2353 qui
3422 2298 3583 2336 sum-

1882 2398 1973 2436 ma
1998 2378 2293 2449 diligentia
2321 2380 2489 2447 atque
2528 2373 2749 2443 ingenti
2778 2373 2973 2426 labore
3001 2387 3361 2443 quascunque
3410 2370 3587 2424 dubia

1883 2471 1948 2524 in
1977 2466 2257 2523 universis
2292 2464 2469 2517 sancti
2517 2461 2820 2531 Augustini
2853 2460 3238 2514 voluminibus
3288 2474 3585 2513 occurrere

1879 2560 2164 2629 poterant,
2190 2553 2485 2623 explicuit,
2520 2566 2814 2620 unumque
2835 2548 3153 2619 praesertim
3167 2546 3584 2600 ostendendum

1881 2646 1988 2700 sibi
2014 2642 2331 2715 proposuit,
2364 2640 2443 2694 nil
2477 2639 2602 2693 falsi
2632 2638 2839 2692 alicubi
2862 2638 2930 2690 ab
2961 2636 3279 2706 Augustino
3305 2640 3585 2689 assertum

1880 2735 2074 2789 fuisse.
2109 2733 2294 2797 Quare
2325 2729 2452 2800 quis
2505 2743 2621 2781 non
2653 2743 2803 2794 aegre
2864 2726 3006 2778 ferat
3035 2730 3093 2777 et
3148 2724 3366 2789 acerbe,
3431 2722 3583 2775 hunc

1880 2821 2340 2877 strenuissimum
2399 2816 2578 2870 sancti
2644 2814 2890 2868 doctoris
2969 2813 3333 2866 defensorem
3391 2814 3588 2863 contra

1880 2912 2148 2967 eumdem
2190 2910 2262 2962 ad
2318 2905 2571 2960 tribunal
2614 2904 2841 2957 obtorto
2902 2902 3047 2955 collo
3093 2918 3126 2954 a
3170 2900 3585 2954 recentioribus
3660 2968 3665 2972 _

87 2989 282 3043 tatibus
321 2990 645 3043 infidelium
671 2994 931 3043 sanctum
983 2989 1366 3059 Augustinum
1392 2992 1620 3043 sensisse
1649 3005 1765 3043 cum
1801 3018 1839 3073 ρ
1878 3000 2049 3066 trahi,
2079 2998 2203 3052 ﬁeri
2233 2996 2397 3049 illum
2429 2995 2809 3064 ipsorummet
2858 3007 2955 3045 ore
2987 3007 3052 3043 ea
3092 2991 3423 3060 loquentem
3455 3004 3585 3058 quae

85 3083 252 3132 sancto
286 3081 512 3133 Thoma.
564 3080 625 3133 Et
657 3082 797 3132 tom.
832 3078 969 3141 Vill,
1004 3076 1245 3148 quaesito
1277 3081 1326 3141 3,
1359 3077 1440 3131 ait
1464 3078 1534 3132 de
1565 3077 1769 3132 eodem

89 3174 283 3234 sancto,
314 3169 572 3233 doctore,
600 3183 862 3238 quaerens
899 3183 973 3220 an
1004 3166 1199 3220 omnia
1228 3166 1549 3221 inﬁdelium
1600 3182 1774 3237 opera

90 3255 191 3309 sint
229 3262 461 3327 peccata
490 3273 502 3310 :
547 3274 573 3308 α
624 3258 688 3311 Et
724 3256 804 3309 ita
833 3255 894 3309 in
926 3271 985 3309 re
1022 3256 1286 3309 convenit
1317 3271 1449 3310 cum
1479 3255 1774 3309 communi

93 3360 247 3398 sensu
276 3345 557 3410 Ecclesiae,
602 3349 658 3398 et
686 3360 817 3398 cum
866 3344 1124 3398 doctrina
1180 3344 1481 3399 doctorum
1531 3345 1776 3399 scholas-

93 3431 334 3488 ticorum.
367 3454 400 3485 ιο
440 3436 503 3489 Et
536 3435 659 3488 hinc
712 3438 800 3487 est
844 3433 1117 3487 Vallosilli
1161 3434 1230 3488 de
1270 3433 1588 3505 Augustino
1642 3449 1773 3487 sen-

94 3522 272 3575 tentia.

159 3611 336 3682 Pergit
365 3614 627 3665 Annatus
660 3628 672 3664 :
710 3629 737 3661 «
772 3612 835 3664 Et
863 3611 1104 3682 quaesito
1133 3613 1222 3671 25,
1256 3610 1317 3663 in
1364 3614 1504 3664 tom.
1541 3612 1616 3664 ΙΙΙ
1659 3614 1773 3665 Au-

97 3697 310 3765 gustini,
344 3698 450 3752 ubi
479 3699 767 3753 concludit
794 3698 1065 3753 timorem
1094 3698 1359 3752 servilem
1380 3704 1503 3752 tum
1534 3699 1775 3766 bonum,

96 3791 204 3839 tum
233 3787 595 3842 meritorium
639 3804 783 3856 esse,
823 3788 1083 3858 quamvis
1119 3788 1474 3857 Augustinus
1515 3788 1777 3842 videatur

98 3873 169 3927 illi
197 3875 346 3930 aliud
401 3876 664 3938 sensisse,
706 3875 764 3929 in
794 3892 909 3947 quo
940 3877 1084 3930 forte
1140 3877 1457 3929 Vallosillus
1503 3877 1775 3945 deceptus

97 3967 184 4017 est.
223 3984 244 4013 ι
278 3965 385 4019 Sed
436 3966 664 4035 appello
723 3966 917 4019 oculos
966 3966 1261 4032 lectorum,
1318 3964 1460 4018 nihil
1509 3964 1665 4018 enim
1695 3964 1774 4018 ibi

99 4052 165 4105 ait
190 4054 256 4109 de
274 4055 619 4125 Augustino,
672 4059 735 4108 ut
762 4053 931 4125 ﬁngit
978 4056 1276 4119 Annatus;
1336 4054 1397 4108 in
1437 4053 1550 4107 fine
1582 4058 1775 4107 tamen

98 4143 301 4211 quaesiti
328 4144 591 4214 ejusdem
613 4143 791 4197 sancti
822 4142 1067 4197 doctoris
1098 4143 1311 4197 dictum
1341 4143 1770 4213 interpretatur.

99 4246 189 4283 nec
214 4234 438 4303 uspiam
468 4232 663 4287 scribit
688 4232 796 4286 sibi
827 4232 1006 4287 videri
1035 4232 1423 4303 Augustinum
1467 4230 1775 4285 asseruisse

1881 3105 1995 3144 non
2037 3086 2209 3141 modo
2238 3101 2355 3138 non
2390 3082 2549 3147 dixit,
2583 3082 2679 3134 sed
2714 3097 2843 3152 quas
2884 3079 2955 3133 ab
2984 3077 3289 3150 Augustini
3321 3076 3583 3131 sensibus

1880 3177 2083 3248 procul
2109 3175 2303 3228 abesse
2334 3170 2673 3225 solidissime
2706 3168 3161 3223 demonstravit?

1884 3275 2084 3343 §VIII.
2156 3268 2435 3338 Viguerii,
2479 3267 2872 3393 Sotzéj‘abri,
2928 3263 3211 3321 Horantii
3259 3262 3589 3319 testimonia

2631 3354 2875 3393 ηοω-δα.

2631 3354 2875 3393 ωευεεα.

1955 3439 2338 3504 Recentiores,
2372 3436 2503 3491 licet
2534 3436 2595 3490 in
2643 3435 2925 3507 superiori
2974 3434 3208 3489 testium
3247 3433 3589 3504 repetitione

1882 3529 2125 3583 convicti
2174 3528 2308 3596 sint,
2340 3543 2438 3580 ora
2486 3531 2679 3580 tamen
2735 3525 2997 3594 judicum
3044 3523 3317 3594 aspicere,
3367 3523 3588 3577 nedum

1882 3634 1984 3671 sua
2013 3616 2222 3669 iterum
2268 3619 2466 3669 contra
2519 3614 2901 3684 Augustinum
2955 3613 3174 3683 aperire
3207 3628 3324 3666 non
3363 3612 3590 3665 erubes-

1882 3710 2037 3770 cunt,
2069 3704 2187 3758 imo
2217 3720 2396 3757 novos
2420 3707 2619 3756 contra
2646 3707 2905 3755 sanctum
2953 3701 3246 3754 doctorem
3276 3704 3447 3754 testes
3487 3700 3588 3753 ad-

1884 3795 2115 3857 ducunt,
2151 3793 2231 3846 ita
2261 3797 2321 3845 ut
2352 3791 2399 3844 si
2453 3791 2683 3845 testium
2739 3805 2981 3843 numero
3032 3788 3364 3841 certandum
3418 3788 3587 3855 foret,

1880 3882 2195 3936 verendum
2256 3896 2376 3933 esse
2428 3895 2499 3933 ne
2550 3878 2778 3931 illorum
2818 3876 3183 3930 multitudine
3238 3876 3590 3945 Augustinus

1881 3971 2254 4033 obrueretur;
2300 3968 2397 4021 sed
2452 3984 2511 4021 re
2562 3966 2726 4019 nobis
2776 3966 3071 4033 hucusque
3105 3963 3344 4017 feliciter
3395 3980 3585 4019 succe-

1885 4058 2053 4112 dente
2084 4056 2464 4109 animosiores
2488 4054 2641 4119 facti,
2676 4054 2747 4107 ad
2794 4053 3149 4123 reliquorum
3180 4051 3414 4105 testium
3455 4068 3587 4105 exa-

1884 4162 2016 4199 men
2050 4143 2389 4197 accedimus.

1952 4236 2199 4288 Joannes
2236 4230 2539 4302 Viguerius
2582 4246 2713 4301 pag.
2773 4231 2876 4283 872
2929 4228 3282 4294 nominatur,
3317 4228 3524 4299 quod§
3556 4232 3587 4283 6

99 4318 339 4375 timorem
371 4322 639 4376 servilem
668 4338 787 4375 non
816 4337 937 4375 esse
966 4321 1221 4387 bonum;
1255 4320 1405 4374 unde
1448 4320 1544 4373 ille
1576 4334 1772 4373 recen-
1812 4314 1856 4368 D
1888 4322 1957 4377 de
1988 4324 2220 4376 Peccato
2252 4319 2521 4390 originali
2550 4319 2670 4372 haec
2716 4317 2942 4387 scripsit
2978 4333 2990 4371 :
3022 4336 3048 4367 (ί
3079 4318 3361 4370 Praeterea
3390 4314 3449 4368 in
3486 4316 3591 4368 hoc

102 4406 202 4460 tior
227 4426 339 4464 non
354 4412 542 4464 solum
564 4411 623 4464 in
650 4415 910 4464 sanctum
924 4409 1309 4480 Augustinum
1332 4408 1644 4479 injuriosus
1672 4414 1777 4473 est,

102 4510 280 4551 verum
309 4499 484 4552 etiam
536 4499 597 4552 in
650 4500 837 4569 ipsum
884 4498 1255 4559 Vallosillum,
1300 4513 1471 4568 quem
1504 4497 1780 4567 deceptum

106 4583 245 4652 dicit,
277 4603 341 4640 ea
370 4588 439 4641 de
469 4587 788 4657 Augustino
841 4585 1293 4657 pronuntiando,
1350 4602 1479 4657 quae
1526 4602 1597 4639 ne
1627 4602 1779 4639 som-

106 4673 264 4729 niavit
287 4678 541 4747 quidem.
573 4678 746 4731 Addit
790 4681 993 4748 quarto
1028 4694 1041 4731 :
1078 4698 1106 4726 ‹‹
1139 4678 1203 4730 Et
1255 4677 1495 4747 quaesito
1552 4679 1637 4743 l0,
1693 4676 1779 4729 iu-

107 4766 232 4817 tom.
260 4766 320 4830 X,
354 4766 451 4821 ubi
480 4767 614 4821 dicit
639 4766 944 4836 Augustini
989 4766 1328 4819 sententiam
1381 4766 1449 4818 de
1497 4780 1667 4818 causa
1692 4779 1780 4817 re-

104 4852 438 4918 probationis
469 4854 821 4924 displicuisse
851 4854 1140 4925 plerisque
1169 4858 1423 4908 veterum
1466 4856 1717 4908 Patrum.
1754 4873 1780 4901 ν

108 4940 276 5009 Bene;
306 4948 363 4997 at
393 4944 580 4998 statim
612 4944 849 5014 quinam
878 4942 1090 4997 fuerint
1129 4943 1213 4997 illi
1254 4944 1447 4997 Patres
1477 4942 1780 5013 signiﬁcat,

103 5043 296 5100 nempe
326 5033 705 5087 Massilienses
761 5038 812 5086 et
851 5035 1087 5089 Faustus
1117 5033 1377 5101 Rejensis.
1434 5032 1562 5085 Haac
1591 5037 1782 5085 tamen

102 5116 247 5172 siluit
274 5124 547 5190 Anuatus,
578 5121 806 5175 videbat
833 5121 988 5175 enim
1020 5121 1148 5175 illos
1198 5122 1392 5174 Patres
1441 5136 1563 5174 esse
1593 5119 1781 5174 Semi-

103 5205 523 5278 Pelagianornm
577 5210 900 5282 magistros,
958 5210 1068 5264 hoc
1131 5212 1216 5263 est
1269 5208 1484 5263 nullius
1553 5224 1783 5279 prorsus

104 5298 460 5353 auctoritatis.
510 5301 684 5354 Porro
740 5299 956 5353 ibidem
1014 5298 1335 5352 Vallosillus
1373 5295 1627 5351 confutat
1680 5296 1782 5350 Ca-

103 5383 383 5440 tharinum
408 5389 583 5443 sancti
614 5387 922 5461 Augustini
968 5387 1309 5442 sententiam
1359 5384 1782 5456 reprehenden-

104 5474 229 5538 tem,
260 5478 313 5528 et
344 5477 629 5531 concludit
660 5494 674 5531 :
705 5499 733 5527 «
761 5478 884 5532 Non
924 5492 1062 5547 ergo
1093 5480 1180 5530 est
1208 5491 1310 5529 cur
1358 5473 1699 5529 Catharinus
1720 5474 1781 5528 in

108 5562 397 5633 proloquio
418 5565 505 5621 sui
531 5565 706 5621 libelli
735 5567 951 5622 diceret
990 5581 1049 5620 se
1076 5569 1355 5637 punctum
1409 5562 1783 5633 praedestina-

1888 4426 2004 4464 non
2043 4412 2269 4463 tenetur
2294 4408 2356 4461 D.
2391 4406 2759 4477 Augustinus.
2798 4405 2953 4459 Unde
2984 4402 3314 4459 Gennadius
3345 4402 3413 4456 de
3444 4401 3592 4455 Viris

1888 4498 2208 4552 illustribus
2252 4497 2320 4551 de
2372 4497 2576 4550 eodem
2634 4494 2947 4564 Augustino
3002 4494 3243 4563 loquens
3290 4490 3409 4545 ait:
3444 4492 3592 4544 Licet

1886 4590 2065 4641 minus
2116 4586 2405 4655 capacibus
2474 4584 2864 4638 dubitationem
2931 4582 2996 4635 de
3062 4581 3322 4635 abortivis
3378 4580 3589 4645 fecerit,

1887 4692 2038 4730 error
2096 4680 2275 4728 tamen
2323 4675 2494 4737 illius,
2526 4677 2585 4725 ut
2638 4671 2887 4741 superius
2944 4672 3087 4735 dimi,
3138 4670 3306 4723 multo
3357 4683 3595 4722 sermone

1885 4768 2211 4828 contractus,
2243 4764 2389 4815 tacta
2418 4762 2649 4814 hostium
2695 4764 3078 4829 exaggeratus,
3112 4758 3337 4813 necdum
3368 4754 3590 4809 haeresis

1888 4854 2231 4921 quaestionem
2284 4849 2452 4903 dedit.
2512 4849 2617 4902 Per
2668 4864 2797 4919 qum.
2826 4848 2999 4902 verba
3029 4849 3126 4901 dat
3156 4844 3477 4913 intelligere
3525 4843 3588 4895 D.

1888 4939 2265 5011 Augustinum
2298 4938 2359 4991 in
2406 4938 2511 4991 hac
2544 4936 2816 5008 opinione
2846 4954 3085 5001 errasse,
3114 4936 3211 4988 sed
3243 4934 3430 5003 ipsum
3471 4932 3590 4984 lia:-

1889 5028 2132 5083 reticum
2163 5044 2277 5081 non
2309 5026 2504 5093 fuisse,
2555 5043 2622 5081 eo
2670 5027 2823 5097 quod
2869 5042 2983 5081 non
3015 5024 3124 5078 fuit
3160 5021 3437 5093 pertinax,
3474 5018 3591 5073 imo

1892 5116 2216 5171 retractavit
2260 5116 2320 5169 in
2371 5116 2609 5188 epistola
2651 5116 2718 5170 ad
2766 5116 3129 5170 Iulianum...
3186 5112 3465 5164 Praeterea
3494 5108 3592 5162 de-

1888 5206 2110 5260 cretalis
2144 5206 2397 5275 Majores,
2442 5206 2507 5259 de
2537 5205 2823 5274 baptismo,
2874 5203 2933 5256 in
2986 5218 3100 5272 qua
3130 5203 3214 5252 est
3245 5197 3591 5252 determina-

1889 5299 2014 5349 tum
2058 5310 2153 5349 eos
2196 5311 2312 5348 non
2360 5294 2479 5365 pati
2517 5309 2745 5365 poenam
2800 5306 3018 5354 sensus,
3070 5292 3327 5357 tempore
3486 5289 3595 5342 Au-

1898 5384 2113 5455 gustini
2144 5384 2401 5438 nondum
2440 5384 2590 5437 edita
2640 5386 2780 5435 erat.
2834 5378 2975 5437 Quia
3024 5378 3178 5432 idem
3224 5376 3593 5447 Augustinus,

1895 5473 1996 5544 qui
2046 5488 2219 5543 supra
2275 5472 2515 5527 modum
2565 5468 2869 5524 Ecclesiam
2925 5467 3314 5533 reverebatur,
3362 5465 3409 5519 si
3442 5465 3596 5519 edita

1893 5562 2112 5626 fuisset,
2140 5562 2468 5633 oppositum
2506 5575 2622 5613 non
2661 5556 2913 5613 dixisset.
2961 5576 2988 5609 η
3043 5557 3252 5611 Verum
3301 5554 3394 5611 hic
3434 5553 3593 5609 testis
