3894 6184
292 235 389 286 767
1319 232 1880 288 SUPPLEMENTUM
1921 234 2012 287 AD
2048 233 2286 289 OPERA
2323 235 2378 290 s.
2420 232 2799 291 AUGUSTINI.
3649 253 3738 304 768

292 357 515 410 nullam
544 356 696 428 apud
716 356 937 427 judices
965 356 1136 412 ﬁdem
1164 359 1438 425 meretur,
1455 355 1610 426 quod
1638 372 1837 411 eorum
1858 371 1988 428 quas
2025 360 2070 412 A
2100 373 2188 410 ses
2215 356 2616 424 communiter,
2652 373 2900 428 quorum
2934 357 3194 412 omnium
3223 360 3524 419 testimonia
3557 367 3740 423 indica-

288 445 426 500 dicit
454 461 686 516 prorsus
699 446 944 500 inscium
957 463 1015 499 se
1027 445 1306 515 propalat.
1330 447 1396 498 In
1411 444 1611 515 primis
1638 445 1981 511 Gennadius,

287 551 412 604 cap.
451 537 517 590 38
549 535 618 589 de
658 534 934 589 sententia
966 533 1144 587 sancti
1193 533 1500 604 Augustini
1529 535 1597 588 de
1644 534 1827 605 poenis
1857 549 1983 604 par-

286 624 555 677 vulorum
587 624 708 676 sine
735 623 1017 692 baptismo
1049 622 1418 676 morientium
1449 639 1562 676 non
1589 623 1862 694 loquitur,
1885 623 1983 676 sed

287 713 356 767 de
388 712 799 766 resurrectione
830 727 1138 782 puerorum
1187 711 1247 765 in
1279 712 1456 765 uteris
1517 717 1766 765 matrum
1819 711 1982 766 dece-

289 800 566 855 dentium.
603 801 746 854 Nam
801 799 1147 866 Gennadius,
1177 816 1308 854 cum
1340 799 1570 854 dixisset
1598 799 1981 871 Augustinum

287 904 355 941 ex
385 888 750 959 multiloquio
780 904 1018 956 errasse,
1050 889 1164 943 ait:
1201 890 1332 943 «De
1362 889 1778 942 resurrectione
1809 887 1982 942 etiam

286 981 644 1030 mortuorum
686 977 862 1031 simili
913 977 1165 1031 cucurrit
1214 976 1557 1042 sinceritate,
1607 976 1740 1030 licet
1791 976 1982 1029 minus

287 1066 591 1136 capacibus
621 1067 1032 1121 dubitationem
1087 1067 1156 1120 de
1187 1066 1455 1121 abortivis
1510 1065 1724 1120 fecerit.
1776 1065 1979 1119 Catho-

285 1155 421 1209 licus
451 1156 763 1226 permansit
795 1161 1008 1224 tamen,
1041 1160 1097 1210 et
1123 1171 1282 1209 error
1305 1154 1457 1208 illius
1487 1170 1748 1208 sermone
1774 1155 1978 1222 multo,

281 1250 345 1298 ut
373 1244 507 1312 dixi,
541 1249 883 1311 contractus,
911 1246 1064 1300 lucta
1103 1242 1353 1298 hostium
1399 1247 1795 1314 exaggeratus,
1855 1259 1980 1296 nec-

279 1333 417 1386 dum
464 1333 696 1386 haeresis
746 1333 1124 1404 quzestionem
1172 1333 1344 1387 dedit.
1400 1352 1427 1384 »
1478 1332 1700 1386 Etenim
1749 1336 1977 1385 sanctus

284 1423 501 1489 doctor,
529 1421 626 1476 lib.
677 1439 789 1476 xxn
843 1423 912 1477 de
962 1423 1199 1476 Civitate
1250 1422 1368 1490 Dei,
1426 1437 1548 1491 cap.
1610 1424 1693 1485 i3,
1736 1420 1979 1474 dubium

282 1509 555 1580 proponit
579 1526 651 1564 an
681 1511 917 1565 abortivi
937 1516 1136 1581 partus
1183 1513 1242 1564 in
1271 1511 1358 1564 die
1381 1510 1585 1580 judicii
1624 1511 1979 1564 resurrecturi

184 1628 193 1637 ε
282 1602 410 1654 sint.
443 1600 642 1664 Quaere
682 1599 985 1670 Viguerius
1027 1600 1198 1654 verba
1243 1599 1519 1654 Gennadii
1550 1615 1652 1654 nec
1699 1599 1972 1669 percepit,

281 1705 385 1742 nec
443 1688 690 1743 ﬁdeliter
751 1689 968 1756 retulit,
1017 1705 1153 1743 nam
1196 1688 1318 1743 haec
1365 1688 1556 1743 omisit
1605 1704 1618 1742 :
1661 1689 1976 1743 Catholicus

278 1780 582 1848 permansit
639 1782 835 1846 tamen,
892 1777 1100 1849 quibus
1145 1777 1367 1848 periodi
1435 1793 1632 1830 sensus
1687 1776 1975 1845 variatur;

280 1882 535 1921 errorem
575 1865 729 1921 enim
771 1883 886 1920 non
953 1867 1021 1922 de
1052 1866 1320 1921 abortivis
1377 1866 1702 1922 Gennadius
1759 1864 1974 1936 objicit,

283 1956 381 2010 sed
429 1955 496 2010 de
543 1956 1044 2026 praedestinatione
1091 1973 1160 2010 ex
1206 1957 1464 2011 absoluto
1504 1956 1604 2010 Dei
1635 1955 1883 2018 decreto,
1913 1959 1981 2010 ut

279 2043 414 2098 alibi
441 2045 656 2099 dictum
686 2050 787 2099 est.
832 2047 1026 2116 Neque
1055 2045 1212 2099 enim
1242 2044 1524 2100 sententia
1570 2043 1874 2115 Augustini
1907 2044 1979 2098 de

282 2133 469 2204 poenis
522 2134 897 2203 parvulorum
957 2135 1068 2188 fuit
1117 2136 1269 2189 lucta
1314 2135 1564 2189 hostium
1617 2138 1976 2203 exaggerata,

285 2238 422 2276 nam
449 2223 518 2276 de
544 2223 660 2275 illis
709 2223 1093 2293 Augustinum
1119 2223 1518 2277 tantummodo
1547 2222 1835 2277 dubitasse
1883 2221 1980 2277 Se-

289 2309 682 2380 mi-Pelagiani
707 2310 991 2377 dicebant,
1053 2315 1113 2364 ut
1162 2315 1316 2381 patet
1350 2326 1418 2365 ex
1448 2310 1651 2364 litteris
1681 2309 1880 2364 Hilarii
1909 2309 1980 2364 ad

285 2399 689 2468 Augustinum.
727 2401 1003 2454 Prteterea
1034 2399 1240 2454 falsum
1271 2403 1354 2454 est
1379 2403 1636 2454 sanctum
1680 2401 1980 2454 Doctorem

283 2487 628 2542 sententiam
657 2488 812 2542 illam
843 2492 1172 2544 retractasse
1204 2489 1266 2543 in
1308 2489 1549 2559 epistola
1570 2489 1640 2544 ad
1667 2489 1976 2554 Iulianum;

289 2576 500 2631 etenim
552 2577 771 2631 nullam
802 2577 871 2632 ad
931 2578 1220 2632 Iulianum
1275 2578 1578 2647 epistolam
1631 2577 1982 2648 Augustinus

287 2665 529 2736 scripsit.
553 2667 698 2720 Sane
730 2666 789 2720 in
809 2667 991 2737 Opere
1011 2666 1346 2736 imperfecto
1376 2671 1575 2721 contra
1602 2667 1740 2734 Ju1.,
1770 2666 1868 2720 lib.
1897 2684 1974 2734 ιιι,

284 2771 407 2826 cap.
442 2757 566 2821 200,
596 2756 749 2826 quod
797 2756 1002 2810 ultima
1032 2760 1195 2810 iactate
1235 2755 1584 2827 conscripsit,
1617 2759 1880 2810 constans
1918 2756 1980 2809 in

283 2844 484 2898 eadem
529 2844 638 2898 fuit
670 2845 950 2899 sententia
977 2861 990 2899 :
1027 2865 1053 2896 «
1086 2845 1144 2899 Si
1171 2849 1386 2911 autem,
1434 2845 1643 2915 inquit,
1677 2861 1794 2899 non
1825 2845 1978 2899 erui-

2091 445 2277 500 vimus
2307 463 2430 517 cap.
2462 450 2566 515 3,§
2598 449 2650 500 5.
2685 446 2979 510 Quantum
3017 462 3151 500 vero
3191 445 3352 502 Sotus
3374 453 3664 522 Augustino
3690 459 3736 513 in

2092 533 2569 604 disputationibus
2617 535 2685 588 de
2733 533 2916 605 gratia
2956 534 3242 602 detulerit,
3291 553 3354 591 ex
3379 555 3492 610 cap.
3545 545 3576 595 2
3619 545 3740 613 ejus-

2093 622 2223 677 dem
2254 623 2385 677 libri
2415 623 2721 694 colligitur,
2744 623 2842 677 ubi
2874 623 2952 676 ait
2979 640 2992 676 :
3027 642 3055 674 ιι
3089 625 3402 695 Hocipsum
3429 631 3742 699 Augustinus

2092 711 2344 782 agnovit,
2376 719 2442 766 ut
2479 713 2750 783 pleraque
2781 712 2894 765 alia
2944 728 3074 782 qua:
3105 712 3163 765 in
3191 722 3572 784 argumentum
3599 720 3744 790 hujus

2090 801 2278 870 operis
2309 801 2615 871 excogitari
2641 804 2912 871 possunt;
2945 817 3118 871 quem
3168 807 3464 872 propterea
3494 806 3622 860 nihil
3653 809 3745 862 mi-

2090 905 2220 943 rum
2251 890 2298 943 si
2321 890 2501 944 ferme
2533 905 2735 944 UNICUM
2767 904 3103 943 CORYPHIEUM
3137 890 3438 946 identidem
3467 893 3571 948 huc
3596 895 3745 950 simus

2092 995 2203 1033 pnas
2231 995 2458 1033 amarus
2489 980 2762 1033 Parmnus
2797 977 3145 1032 accersituri.
3180 998 3208 1030 ››
3244 980 3367 1033 Haec
3393 981 3504 1034 ille.

2163 1068 2493 1122 Franciscus
2555 1068 2729 1122 etiam
2784 1067 3092 1122 Horantius
3150 1073 3345 1122 contra
3401 1071 3742 1140 Augustinum

2089 1156 2313 1222 citatur,
2346 1156 2432 1210 vir
2479 1173 2614 1210 sane
2653 1156 2926 1220 eruditus,
2963 1161 3020 1210 et
3067 1155 3168 1226 qui
3197 1157 3408 1226 synodo
3437 1159 3742 1214 Tridentinm

2089 1244 2375 1314 interfuit,
2442 1261 2557 1316 quo
2619 1261 2750 1299 cum
2820 1244 3166 1314 Cyprianum
3218 1244 3463 1315 itemque
3511 1247 3744 1318 Hierony-

2088 1349 2249 1387 mum
2279 1333 2339 1386 in
2390 1333 2735 1404 quibusdam
2769 1349 2988 1387 errasse
3044 1332 3296 1398 dixisset,
3344 1333 3463 1387 haec
3491 1333 3555 1388 de
3584 1339 3746 1406 Augu-

2089 1423 2236 1477 stino
2267 1422 2565 1492 subjungit
2593 1422 2692 1476 lib.
2726 1440 2798 1489 1v,
2832 1439 2954 1492 cap.
2990 1424 3042 1488 3,
3075 1422 3163 1476 ="de
3211 1422 3366 1476 Locis
3393 1423 3744 1492 Theologicis:

2093 1513 2306 1566 «Idem
2330 1511 2652 1582 Augustino
2675 1512 2842 1583 longe
2873 1511 3202 1566 doctissimo
3233 1511 3486 1582 contigit.
3533 1511 3634 1566 Sed
3657 1529 3748 1583 quo

2087 1599 2286 1655 feror?
2313 1600 2569 1655 cuinon?
2604 1622 2626 1650 ι
2658 1601 2766 1665 Qui
2805 1602 3088 1672 nusquam
3139 1601 3520 1672 Augustinum
3567 1618 3750 1655 errasse

2088 1689 2321 1757 diceret,
2358 1689 2569 1744 eximia
2613 1689 2999 1760 Augustinum
3059 1689 3228 1743 laude
3280 1689 3582 1755 fraudaret,
3633 1690 3751 1744 duos

2088 1778 2582 1834 Retractationum
2634 1779 2813 1833 libros
2869 1779 3272 1850 expungendo.
3314 1779 3520 1832 Verum
3566 1783 3752 1833 Annato

2083 1869 2444 1940 probandum
2473 1873 2594 1923 erat
2633 1868 3019 1939 Augustinum
3073 1867 3134 1921 in
3185 1867 3346 1922 libris
3391 1871 3580 1920 contra
3619 1868 3750 1921 Pela-

2085 1957 2290 2028 gianos
2321 1957 2390 2012 ab
2418 1957 2693 2012 Horantio
2723 1958 3141 2028 reprehensum
3173 1957 3369 2021 fuisse,
3399 1957 3505 2011 hoc
3534 1956 3671 2010 enim
3707 1972 3753 2010 se

2087 2045 2430 2115 scriptorum
2489 2044 2832 2099 testimoniis
2891 2045 3212 2099 evicturum
3251 2045 3635 2116 spoponderat.
3661 2047 3749 2098 Au-

2087 2133 2202 2188 dite
2251 2133 2490 2188 interim
2531 2149 2660 2204 qua:
2709 2134 2780 2188 sit
2819 2133 2973 2188 illius
3031 2134 3328 2204 scriptoris
3359 2135 3427 2189 de
3476 2133 3753 2203 Augustino

2081 2222 2384 2294 judicium.
2419 2224 2518 2277 Ille
2548 2223 2646 2277 lib.
2681 2240 2719 2290 ι,
2753 2239 2876 2293 cap.
2930 2226 3019 2289 5i,
3055 2223 3152 2278 ubi
3182 2223 3255 2278 de
3307 2223 3489 2290 gratia
3518 2227 3572 2277 et
3598 2222 3748 2275 libero

2089 2311 2329 2366 arbitrio
2380 2311 2654 2382 disputat,
2705 2312 2877 2366 hocce
2933 2310 3125 2366 nobile
3158 2311 3478 2382 Augustino
3532 2309 3752 2379 Elogium

2088 2400 2367 2472 appendit
2415 2417 2430 2454 :
2476 2423 2498 2451 ι
2549 2402 2678 2456 Haec
2744 2401 2913 2470 longe
2959 2400 3224 2455 omnium
3273 2400 3335 2454 in
3381 2398 3752 2471 perlustrandis

2087 2490 2222 2545 ﬁdei
2323 2493 2530 2545 nostraa
2625 2489 2994 2544 sacramentis
3072 2490 3346 2562 princeps
3428 2487 3754 2558 Augustinus.

2086 2579 2268 2644 Quam
2323 2579 2556 2650 quidem
2604 2579 2926 2634 doctrinam
2966 2583 3249 2650 tanquam
3313 2595 3343 2633 e
3387 2580 3523 2633 caelo
3573 2578 3755 2646 lapsam

2087 2667 2447 2738 suscipimus,
2500 2672 2565 2722 ut
2603 2672 2855 2722 sanctam
2900 2685 3266 2735 veneramur,
3312 2673 3377 2723 ut
3412 2667 3541 2722 ﬁdei
3583 2668 3756 2719 nostrae

2088 2757 2303 2829 regulae
2334 2757 2690 2812 conformem
2727 2758 3142 2828 amplexamur,
3186 2763 3246 2813 et
3292 2762 3353 2812 ut
3401 2757 3636 2827 antiquae
3678 2756 3759 2808 Pa-

2088 2850 2243 2901 trum
2277 2845 2575 2900 traditioni
2604 2846 2741 2900 satis
2770 2850 3140 2912 constantem,
3185 2847 3488 2918 modisque
3529 2843 3758 2899 omnibus

288 2937 381 2986 tur
409 2932 479 2986 de
506 2936 786 3004 potestate
812 2933 1201 2999 tenebrarum,
1250 2938 1306 2987 et
1334 2933 1448 2988 illic
1494 2937 1753 2988 remanet
1779 2950 1980 3005 parvu-
2011 2950 2051 3005 ρ
2090 2935 2310 2990 veritati
2361 2937 2801 2988 consentaneam
2842 2939 2899 2989 et
2927 2936 3365 3002 convenientem
3394 2936 3713 3002 {retinemus
3734 2950 3754 2980 ι

284 3022 394 3082 lus,
427 3021 568 3092 quid
598 3022 826 3076 mireris
882 3023 942 3076 in
977 3023 1111 3092 igne
1142 3029 1354 3077 (sterno
1403 3039 1534 3078 cum
1561 3023 1789 3077 diabolo
1833 3023 1983 3076 futu-

286 3127 438 3177 rum,
471 3110 570 3181 qui
621 3110 682 3164 in
729 3111 828 3165 Dei
857 3127 1100 3181 regnum
1133 3111 1346 3166 intrare
1375 3128 1492 3166 non
1535 3111 1782 3166 sinitur?
1817 3131 1844 3163 »
1879 3113 1981 3166 Ne-

287 3216 399 3270 que
435 3199 542 3253 hoc
595 3201 774 3254 sancti
820 3201 1071 3256 doctoris
1100 3206 1379 3256 assertum
1409 3202 1746 3255 damnatum
1797 3206 1884 3254 est
1909 3201 1980 3255 ab

284 3289 614 3343 Innocentio
663 3291 738 3344 III
787 3289 848 3342 in
908 3289 1005 3343 illa
1071 3290 1356 3355 decretali,
1429 3295 1494 3344 ut
1561 3290 1772 3361 optime
1826 3293 1984 3344 notat

290 3377 598 3447 Gregorius
629 3378 688 3432 in
717 3381 751 3432 2
775 3377 1219 3446 Sententiarum,
1253 3379 1384 3434 dist.
1417 3382 1506 3448 33,
1537 3395 1592 3449 q.
1628 3381 1680 3445 3,
1736 3383 1793 3432 et
1822 3391 1983 3449 supe-

293 3466 411 3520 rius
437 3483 507 3520 ex
532 3467 786 3537 professo
816 3467 1189 3522 ostendimus.

357 3558 614 3626 Augetur
645 3555 876 3610 testium
924 3571 1198 3610 numerus
1245 3556 1525 3611 Dominici
1553 3556 1673 3610 Soti
1721 3571 1979 3622 censura,

285 3661 400 3716 qua
430 3644 769 3699 sententiam
784 3645 964 3699 sancti
990 3645 1376 3716 Augustinide
1403 3645 1586 3715 poenis
1611 3645 1982 3716 parvulorum

288 3733 639 3805 perstringit,
693 3734 963 3806 inquiens
1023 3735 1119 3789 lib.
1155 3753 1172 3788 1
1203 3735 1272 3790 de
1313 3737 1526 3790 Natura
1554 3739 1609 3788 et
1651 3737 1819 3805 grat.,
1853 3750 1979 3804 cap.

290 3826 373 3889 Ii,
435 3824 586 3894 apud
639 3826 923 3878 Annatum
969 3840 1101 3896 pag.
1161 3827 1264 3880 874
1313 3842 1327 3880 :
1383 3848 1401 3873 α
1466 3825 1817 3894 Augustinus
1851 3825 1982 3893 plus

276 3913 431 3981 justo
463 3912 686 3966 videtur
715 3918 983 3984 torquere
1015 3914 1300 3984 parvulos,
1345 3915 1498 3968 unde
1530 3914 1628 3985 qui
1681 3913 1803 3983 ejus
1853 3929 1976 3966 sen-

277 4000 471 4054 tentiae
500 4000 879 4065 subscribunt,
937 4002 1205 4073 perpauci
1263 4008 1413 4058 sunt.
1467 4006 1524 4056 et
1570 4005 1816 4056 tortores
1846 4017 1981 4072 par-

284 4089 548 4142 vulorum
581 4094 1007 4159 nuncupantur.
1064 4113 1084 4138 υ
1139 4091 1296 4146 Idem
1345 4108 1478 4146 vero
1531 4093 1786 4146 Aunatus
1834 4105 1975 4159 pag.

315 4181 376 4232 7t
414 4179 692 4232 Joannem
727 4181 970 4235 Fabrum
1018 4181 1347 4252 episcopum
1397 4182 1777 4235 Viennensem
1821 4179 1978 4233 hom.

2094 3024 2228 3094 Cap.
2269 3026 2338 3079 46
2373 3028 2536 3077 vocat
2583 3027 2842 3078 sanctum
2895 3026 3288 3095 Augustinum
3347 3041 3512 3079 unum
3553 3023 3757 3076 omnium

2088 3115 2459 3169 doctissimum
2500 3118 2550 3167 et
2595 3116 2998 3168 sanctissimum
3034 3131 3048 3180 ;
3098 3129 3226 3185 cap.
3289 3116 3358 3169 48
3407 3113 3485 3168 ait
3531 3129 3544 3166 :
3591 3111 3752 3175 Magni

2087 3204 2387 3269 Augustini
2413 3217 2558 3256 mens
2611 3203 2968 3272 empendatur.
3028 3204 3155 3257 Haec
3187 3205 3260 3258 de
3313 3206 3503 3256 sancto
3554 3201 3755 3254 doctore

2092 3291 2350 3346 Horantii
2378 3291 2657 3344 sententia
2688 3295 2791 3357 est,
2825 3297 2888 3345 ut
2925 3291 3076 3346 haud
3104 3292 3238 3362 jure
3288 3295 3488 3348 contra
3519 3287 3753 3345 eumdem

2090 3397 2124 3434 a
2153 3379 2564 3434 recentioribus
2592 3380 2882 3435 nominari
2909 3381 3106 3451 possit.

2165 3481 2306 3551 §IX.
2337 3478 2592 3551 Joannis
2621 3495 2658 3532 a
2677 3479 2960 3542 Bononia,
3002 3479 3274 3551 Arborei,
3304 3475 3755 3551 ApragoniiLPeAn-

2090 3550 2232 3619 noti,
2281 3549 2458 3618 Eslii,
2519 3551 2683 3620 Vega:
2710 3553 2766 3604 et
2798 3549 3019 3605 Tostati
3067 3549 3403 3606 testimonia.
3428 3547 3759 3604 examinata.

2161 3647 2434 3702 Omnium
2503 3647 2976 3703 bibliothecarum
3067 3648 3372 3703 schedulas
3442 3643 3754 3701 recentiores

2092 3740 2484 3797 excusserunt,
2515 3736 2790 3791 rimantes
2843 3737 2890 3790 si
2947 3753 3077 3807 quin
3118 3737 3426 3793 doctorum
3480 3735 3606 3789 licet
3631 3728 3758 3786 haud

2092 3826 2172 3880 ita
2223 3825 2534 3880 celebrium
2591 3825 2741 3880 dicta
2813 3825 3158 3893 invenirent,
3222 3827 3432 3898 quibus
3489 3816 3760 3893 Augustini

2088 3915 2396 3969 auctoritas
2429 3915 2846 3969 decurtaretur.
2899 3915 3065 3969 Enim
3117 3931 3254 3969 vero
3288 3915 3349 3969 in
3399 3914 3607 3969 librum
3657 3906 3756 3961 exi-

2095 4020 2273 4075 guum
2320 4003 2509 4058 nescio
2555 4003 2717 4074 cujus
2760 4003 2996 4057 Joannis
3041 4019 3071 4056 a
3126 4002 3391 4058 Bononia
3446 3999 3757 4059 inciderunt,

2102 4095 2219 4164 qui,
2252 4096 2317 4146 ut
2346 4093 2520 4146 refert
2548 4094 2802 4146 Aunatus
2836 4108 2963 4162 pag.
3015 4094 3138 4158 878,
3166 4091 3558 4162 expositiones
3586 4091 3758 4153 Augu-

2098 4180 2236 4235 stini
2291 4180 2348 4235 in
2403 4181 2500 4234 illa
2547 4181 2847 4250 Apostoli:
2893 4182 3038 4235 Deus
3085 4196 3265 4235 omnes
3335 4181 3566 4233 homines
3611 4173 3759 4228 salvos

289 4270 319 4320 9
350 4267 418 4320 de
450 4273 682 4336 peccato
707 4267 852 4338 orig.
887 4269 944 4323 in
975 4247 1233 4324 eamdem
1274 4270 1392 4324 Soti
1421 4268 1760 4322 sententiam
1802 4267 1980 4321 addu-
2014 4247 2057 4302 Ῑ)
2100 4273 2220 4339 fieri
2249 4270 2299 4338 (Ι
2331 4271 2467 4324 Tim.
2492 4286 2550 4335 ιι,
2587 4247 2664 4337 ἐ),
2707 4285 2822 4323 non
2868 4269 3153 4338 recipiens
3185 4269 3268 4322 ait
3299 4284 3313 4323 :
3355 4290 3376 4316 ι
3415 4269 3532 4322 Non
3569 4263 3762 4316 videtur

293 4360 473 4422 xerat,
507 4356 720 4427 quippe
767 4357 868 4427 qui
913 4358 1054 4412 dixit
1098 4357 1482 4428 Augustinum
1526 4358 1604 4410 sic
1651 4356 1986 4427 opinantem

289 4446 560 4497 excessive
645 4446 898 4500 locutum.
997 4449 1064 4502 At
1133 4445 1376 4516 quaestio
1455 4445 1523 4498 de
1605 4444 1790 4515 poenis
1860 4460 1988 4513 par-

283 4532 550 4585 vulorum
581 4549 865 4604 nusquam
907 4551 974 4589 ex
1004 4534 1258 4605 professo
1310 4533 1379 4588 ab
1429 4534 1747 4604 Augustino
1777 4533 1988 4604 agitata

280 4619 412 4686 fuit,
472 4620 567 4674 sed
616 4622 907 4676 occasione
973 4640 1007 4676 a
1072 4622 1392 4694 Pelagianis
1459 4623 1590 4678 data
1655 4637 1817 4675 suam
1867 4638 1988 4675 sen—

283 4708 526 4763 tentiam
597 4710 1031 4780 pronuntiavit;
1074 4710 1135 4764 in
1190 4726 1455 4766 sermone
1521 4715 1585 4766 14
1654 4711 1723 4766 de
1785 4711 1984 4765 Verbis

287 4798 541 4869 Apostoli
587 4797 770 4852 fusius
819 4799 1053 4870 quidem
1103 4816 1276 4871 quam
1316 4800 1452 4855 alibi
1509 4817 1573 4854 ea
1623 4801 1692 4855 de
1739 4816 1800 4854 re
1843 4800 1989 4854 locu-

284 4892 380 4942 tus
433 4892 536 4942 est.
605 4889 718 4943 Nec
770 4889 1041 4960 perpauci
1107 4895 1241 4944 sunt
1304 4890 1405 4962 qui
1443 4889 1629 4944 eidem
1673 4889 1984 4955 adhaerent,

279 4991 417 5031 nam
470 4975 724 5031 Gelasius
776 4993 841 5030 ac
888 4976 1192 5047 Gregorius
1233 4977 1548 5048 pontifices,
1590 4977 1803 5042 Avitus,
1861 4976 1989 5031 Ful-

285 5064 533 5134 gentius,
621 5064 890 5132 Isidorus,
979 5065 1232 5136 synodus
1304 5066 1684 5121 Sardiniensis
1753 5067 1986 5120 Patrum

288 5151 706 5218 Africanorum,
768 5154 1138 5220 Prudentius,
1199 5153 1367 5218 Beda,
1440 5154 1712 5209 Aelredus
1773 5153 1988 5224 aliique

290 5241 470 5292 sancti
499 5242 694 5296 Patres
739 5242 1214 5313 Augustinianam
1268 5241 1338 5296 de
1391 5243 1758 5312 parvulorum
1803 5243 1989 5312 poenis

295 5327 640 5382 sententiam
671 5331 849 5385 secuti
887 5335 1038 5386 sunt.
1076 5332 1336 5401 Itemque
1365 5346 1433 5383 ex
1461 5330 1740 5400 theologis
1778 5331 1986 5400 Grego-

296 5414 437 5482 rius,
490 5415 719 5483 Dricdo,
770 5419 1030 5485 Musaeus,
1077 5421 1324 5485 Moreau,
1362 5419 1607 5485 Macedo,
1661 5419 1989 5489 Polmanus,

303 5503 650 5571 Paludanus,
696 5507 939 5562 Poncius
982 5508 1223 5563 Conrius
1267 5523 1331 5562 ac
1370 5508 1630 5564 doctores
1677 5508 1986 5563 Lovanien-

2097 4357 2188 4412 hic
2243 4357 2450 4412 modus
2498 4357 2723 4412 dicendi
2775 4357 3081 4412 sufﬁciens.
3144 4378 3172 4409 »
3232 4359 3423 4411 Item:
3473 4374 3501 4406 α
3535 4355 3648 4408 Non
3694 4351 3762 4400 est

2091 4445 2398 4501 verisimile
2443 4446 2779 4517 Apostolum
2827 4446 2936 4500 hoc
2988 4446 3251 4501 sensisse.
3288 4467 3316 4494 »
3353 4446 3418 4499 In
3473 4440 3664 4514 primis
3687 4436 3765 4492 hic

2094 4533 2339 4604 scriptor
2390 4533 2448 4587 in
2495 4534 2665 4588 tacita
2718 4533 3004 4588 solutione
3061 4535 3478 4605 objectionum,
3526 4546 3650 4602 pag.
3679 4526 3762 4579 365

2095 4621 2618 4687 editgLovaniensis
2676 4621 2811 4676 anni
2850 4625 3013 4692 1555,
3067 4640 3178 4694 quo
3233 4621 3547 4677 modestius
3591 4621 3763 4685 Augu-

2096 4710 2231 4765 stini
2299 4711 2833 4782 interpretationem
2905 4712 3144 4766 alteram
3201 4715 3431 4765 secutus
3488 4706 3762 4762 omitteret,

2093 4805 2355 4854 sanctum
2396 4801 2692 4855 Doctorem
2753 4800 2938 4854 noluit
2993 4801 3320 4867 nominare,
3380 4793 3638 4867 religioni
3677 4786 3768 4843 sibi

2095 4888 2307 4943 ducens
2347 4905 2380 4942 a
2433 4892 2548 4943 tam
2609 4905 2768 4943 sacro
2822 4889 3058 4944 nomine
3099 4890 3295 4960 palam
3341 4887 3639 4947 discedere,
3683 4876 3765 4932 sed

2097 4976 2222 5031 ait:
2258 4995 2286 5027 α
2329 4977 2588 5048 Denique
2635 4977 2788 5032 haud
2838 4994 2931 5032 me
2976 4967 3116 5032 latet
3161 4977 3438 5031 eximium
3489 4968 3766 5044 quemdam

2093 5081 2384 5120 sacrarum
2412 5065 2732 5120 litterarum
2763 5066 3134 5137 interpretem
3156 5067 3311 5120 hunc
3342 5066 3529 5120 locum
3557 5060 3621 5114 ad
3638 5059 3767 5112 hunc

2097 5154 2334 5208 modum
2385 5155 2692 5225 explicare.
2722 5176 2750 5204 »
2786 5156 2988 5210 Postea
3021 5172 3035 5209 :
3070 5175 3097 5206 (ι
3127 5154 3322 5208 Alium
3373 5165 3598 5207 sensum
3626 5140 3767 5216 pullit

2096 5243 2248 5297 idem
2309 5243 2504 5297 doctor
2552 5243 2811 5298 eximius.
2867 5263 2894 5295 ι)
2943 5247 3016 5298 At
3063 5243 3405 5297 recentiores
3457 5255 3570 5293 non
3615 5231 3766 5289 modo

2095 5331 2410 5402 Augustino
2464 5332 2760 5386 nominato
2819 5333 3050 5387 easdem
3104 5330 3601 5401 interpretationes
3651 5319 3765 5389 reji-

2095 5420 2275 5486 ciunt,
2302 5422 2399 5475 sed
2453 5420 2705 5476 dicteriis
2738 5421 2912 5476 etiam
2960 5424 3216 5488 onerant,
3276 5422 3538 5473 vocantes
3565 5411 3766 5467 easdem

2097 5525 2226 5564 cum
2258 5509 2468 5589 Molina
2506 5511 2592 5565 vel
2632 5513 2814 5582 primo
2848 5517 3067 5584 aspectu
3103 5511 3421 5582 peregrinas
3450 5511 3502 5562 et
3525 5503 3762 5558 extortus
