3914 6186
109 292 212 342 769

1407 291 1729 347 VlNDICI/E
1768 293 2313 352 AUGUSTINIANAC.

3507 312 3609 361 770

114 408 172 464 in
206 407 504 467 Concord..
535 412 737 476 quaest.
775 412 859 475 l9,
893 413 998 464 art.
1032 412 1085 477 6,
1118 410 1264 481 disp.
1294 415 1341 476 l,
1365 414 1507 467 velle
1534 430 1663 468 cum
1694 416 1798 468 Pe-
1838 419 1881 472 A
1909 416 2025 471 illic
2078 424 2334 489 urgetur.
2374 440 2395 467 ι
2447 419 2593 484 Quid
2651 418 2818 474 tum?
2885 420 3090 477 Scribit
3136 428 3363 479 sanctus
3416 428 3611 482 doctor

116 498 257 552 tavio
296 497 365 550 ad
396 496 715 550 eludendum
767 501 965 566 magis,
1006 516 1167 567 quam
1195 504 1368 554 rectas
1395 507 1444 555 et
1488 504 1689 557 solidas
1720 506 1803 556 vi-

118 589 244 653 deri,
276 591 415 638 tom.
450 586 471 637 Ι
506 586 708 654 Dogm.
743 586 939 652 theol.,
991 589 1086 641 lib.
1132 606 1186 656 x,
1239 605 1361 658 cap.
1425 594 1475 644 3.
1530 594 1602 644 At
1651 592 1804 646 idem

118 677 344 745 scriptor
392 675 450 727 in
487 674 777 743 praecipua
822 677 1137 746 quaestione
1186 678 1254 731 de
1302 679 1803 747 praadestinatione

117 765 228 817 haec
250 761 422 815 tradit
452 777 465 815 :
500 779 527 811 ς(
563 763 825 817 Nostram
857 780 983 818 mox
1017 765 1385 834 subjiciemus
1438 769 1798 833 sententiam,

115 866 345 921 eamque
376 849 537 904 dictis
561 851 627 905 Β.
674 852 953 921 Fulgentii
986 854 1230 924 sumptis
1280 871 1344 921 ex
1381 857 1437 909 Β.
1478 858 1802 925 Augustino

112 938 477 993 stabiliemus.
513 959 540 991 »
571 939 899 1011 Passimque
947 958 1013 995 eo
1052 942 1113 995 in
1161 960 1334 1014 opere
1380 945 1558 999 sancti
1605 950 1801 1017 Augu-

112 1028 235 1082 stini
264 1029 597 1082 testimonia
630 1029 903 1085 inculcat.

176 1116 425 1186 Opponit
475 1132 608 1187 pag.
688 1120 813 1185 880,
885 1120 1162 1173 Joannem
1213 1121 1533 1176 Arboreum
1591 1123 1649 1177 in
1705 1124 1804 1178 illa

112 1206 274 1259 verba
314 1206 489 1275 Epist.
518 1206 590 1259 ad
623 1208 810 1273 Rom.,
844 1223 967 1278 cap.
1002 1225 1060 1261 III
1087 1225 1099 1261 :
1131 1210 1231 1263 Ubi
1274 1216 1351 1264 est
1375 1213 1629 1279 gloriatio
1661 1214 1804 1269 tua?

107 1294 315 1346 exclusa
345 1298 457 1359 est;
484 1309 592 1362 per
620 1310 785 1363 quam
810 1295 981 1364 legem
1004 1299 1032 1349 ?
1057 1298 1329 1363 factorum
1356 1300 1385 1351 ?
1414 1302 1553 1365 Non,
1588 1300 1682 1355 sed
1707 1316 1804 1370 per

110 1383 262 1447 legem
303 1381 472 1449 ﬁdei;
514 1383 613 1436 ubi
669 1384 849 1437 sancti
903 1385 1212 1455 Augustini
1268 1386 1800 1457 interpretationem

101 1476 340 1541 jejunam
370 1478 529 1528 vocat
560 1478 615 1528 et
642 1477 1057 1545 emplodendam.
1108 1478 1278 1533 Miror
1307 1480 1550 1535 alterum
1578 1498 1802 1537 summa

106 1562 305 1616 Annati
340 1563 699 1633 diligentiam
744 1566 1187 1636 subterfugisse:
1223 1568 1434 1623 etenim
1468 1570 1581 1624 ait:
1614 1574 1799 1640 Empo-

104 1654 224 1703 sitio
261 1656 338 1705 est
362 1652 603 1706 ridicula
626 1658 675 1705 et
704 1655 1079 1723 explodenda;
1113 1672 1309 1710 verum
1367 1658 1641 1713 ridiculus
1700 1676 1799 1730 po-

1915 505 2055 558 duas
2119 508 2504 577 expositiones
2562 510 2872 579 excogitari
2930 528 3094 580 posse
3152 514 3395 567 laudatae
3449 518 3609 571 Pauli

1915 596 2228 660 sententiae,
2263 612 2505 665 quarum
2539 603 2779 668 utraque
2821 599 3126 669 Pelagiana
3170 602 3402 655 haeresis
3434 605 3608 658 suffo-

1914 688 2110 736 catur:
2168 685 2451 754 siquidem
2512 702 2627 739 una
2685 687 2981 757 displiceat
3036 690 3213 743 altera
3276 692 3606 761 recipiatur,

1913 771 2020 825 hoc
2050 773 2182 825 satis
2212 774 2531 842 Augustino
2562 775 2691 841 fuit,
2726 791 2908 845 neque
2939 776 3037 846 qui
3069 778 3314 847 primam
3364 796 3479 833 non
3512 782 3609 835 ad-

1913 858 2103 923 mittit,
2151 860 2452 929 Augustini
2507 861 2683 913 hostis
2741 863 2928 915 statim
2976 865 3426 932 censendusest;
3494 884 3611 921 non

1912 947 2065 1000 enim
2093 948 2201 1001 hoc
2232 948 2405 1018 exigit
2435 950 2807 1019 Augustinus,
2849 952 2986 1004 dum
3041 952 3140 1021 ait,
3189 955 3300 1006 sive
3329 955 3610 1019 gloriatio—

1911 1051 2031 1088 nem
2061 1036 2267 1089 dixerit
2297 1036 2643 1102 laudabilem,
2673 1040 3309 1103 etc.,sivegloriationem
3330 1044 3605 1109 vitiosam,

1913 1123 2119 1194 quibus
2150 1124 2430 1194 signiﬁcat
2457 1126 2609 1178 nolle
2636 1141 2693 1178 se
2726 1126 2786 1178 in
2818 1127 2884 1179 iis
2915 1128 3258 1197 explicandis
3289 1130 3605 1196 immorari,

1915 1218 2156 1282 utraque
2186 1218 2379 1266 tamen
2434 1214 2905 1282 interpretatione
2945 1217 3279 1287 Pelagianos
3326 1219 3601 1285 convinci,

1912 1304 2188 1371 sequente
2211 1302 2465 1371 quolibet
2495 1317 2668 1371 quam
2694 1299 2848 1356 velit.

1984 1392 2266 1444 Caeterum
2302 1390 2614 1443 exciderint
2641 1390 2741 1444 illa
2785 1391 3058 1455 Arboreo,
3109 1392 3279 1447 modo
3317 1394 3378 1448 in
3422 1411 3608 1466 quaes-

1910 1476 2163 1530 tionibus
2193 1478 2261 1531 de
2292 1478 2791 1547 prmdestinatione
2840 1484 2897 1533 et
2947 1480 3130 1550 gratia
3188 1483 3608 1552 Augustianum

1911 1581 1969 1619 se
2000 1565 2353 1635 profiteatur.
2392 1566 2511 1620 Lib.
2548 1583 2583 1619 x
2610 1568 2955 1638 Theosopb.,
2990 1586 3114 1639 cap.
3144 1572 3212 1624 9:
3247 1572 3607 1640 Augustinus,

1909 1653 2008 1719 ait,
2060 1655 2217 1707 liberi
2268 1654 2491 1709 arbitrii
2533 1661 2768 1710 assertor
2828 1658 3294 1727 studiosissimus;
3356 1662 3455 1714 lib.
3496 1669 3601 1715 xu"

106 1739 210 1793 tius
236 1740 394 1793 testis
454 1741 525 1794 sit
560 1742 865 1808 Arboreus,
925 1744 1024 1815 qui
1080 1747 1469 1815 Augustinum
1532 1724 1798 1802 Latinum
1838 1724 1879 1778 Β
1912 1756 2031 1810 cap.
2067 1745 2096 1794 7
2125 1757 2139 1794 :
2172 1741 2237 1796 Si
2263 1744 2530 1808 nonnihil,
2582 1742 2789 1813 inquit,
2824 1744 2923 1797 tibi
2950 1747 3022 1798 sit
3060 1724 3285 1813 judicii,
3323 1749 3487 1813 facile
3525 1764 3610 1803 co-

109 1845 424 1883 sermonem
458 1830 660 1885 docere
710 1834 1027 1902 praesumit.
1062 1834 1298 1888 Sanctus
1347 1834 1564 1901 doctor,
1601 1837 1695 1890 lib.
1731 1837 1799 1891 de

107 1916 308 1987 Spiritu
342 1922 397 1971 et
430 1919 560 1987 litt.,
605 1936 721 1990 cap,
762 1923 844 1985 l0,
879 1925 943 1975 ut
974 1922 1180 1991 probet
1207 1923 1471 1977 homines
1505 1925 1803 1995 nonjusti-

111 2007 255 2059 licari
283 2023 347 2061 ex
380 2008 532 2077 lege,
556 2009 653 2062 sed
681 2026 746 2062 ex
766 2010 877 2064 ﬁde
907 2010 1181 2064 auxilium
1204 2012 1400 2082 gratim
1433 2012 1800 2083 impetrante,

112 2094 199 2147 illa
225 2097 395 2149 verba
426 2098 685 2166 Apostoli
725 2098 973 2164 adducit,
1028 2100 1149 2153 haec
1190 2100 1579 2171 subjungens:
1614 2121 1639 2153 ‹‹
1674 2103 1801 2157 Sive

113 2184 506 2252 gloriationem
529 2186 735 2240 dixerit
762 2187 1130 2255 laudabilem,
1176 2205 1303 2259 quae
1337 2189 1395 2243 in
1426 2190 1665 2245 Domino
1694 2196 1799 2259 est,

113 2286 338 2342 eamque
369 2274 682 2342 exclusam,
715 2273 770 2327 id
802 2279 904 2344 est,
940 2291 1053 2328 non
1085 2280 1150 2329 ut
1175 2276 1519 2345 abscederet,
1552 2279 1799 2349 pulsam,

114 2360 198 2413 sed
243 2364 303 2413 ut
353 2361 658 2429 emineret,
693 2378 1037 2433 expressam,
1071 2366 1222 2419 unde
1255 2371 1309 2419 et
1363 2368 1683 2421 exclusores
1712 2368 1801 2422 di-

114 2453 307 2502 cuntur
334 2450 577 2521 quidam
607 2451 852 2505 artiﬁces
898 2453 1227 2521 argentarii,
1263 2458 1365 2507 etc.
1395 2470 1407 2519 ;
1444 2454 1559 2508 sive
1589 2454 1803 2524 gloria-

114 2537 314 2591 tionem
344 2538 611 2593 vitiosam
644 2539 713 2593 de
754 2540 1022 2609 superbia
1078 2541 1399 2595 venientem
1452 2558 1800 2597 commemo-

114 2640 229 2678 rare
257 2627 516 2687 voluerit,
562 2644 761 2681 eorum
806 2629 1020 2682 scilicet
1050 2630 1149 2700 qui
1206 2646 1335 2684 cum
1384 2630 1491 2684 sibi
1540 2631 1692 2701 juste
1720 2632 1803 2685 vi-

114 2713 305 2768 dentur
332 2716 545 2783 vivere,
573 2717 649 2770 ita
701 2717 1020 2786 gloriantur
1076 2719 1241 2788 quasi
1302 2735 1419 2772 non
1481 2720 1804 2790 acceperint

116 2818 227 2856 eam
254 2820 430 2874 quam
461 2821 575 2858 non
606 2822 708 2875 per
737 2806 921 2875 legem
975 2806 1268 2871 factorum,
1325 2808 1423 2861 sed
1483 2824 1587 2878 per
1618 2810 1802 2879 legem

115 2892 233 2945 lidei
263 2893 397 2947 dicit
430 2894 735 2959 exclusam,
767 2894 826 2947 id
859 2897 943 2948 est
976 2895 1216 2965 ejectam
1247 2898 1303 2948 et
1333 2896 1635 2966 abjectam,
1668 2896 1804 2967 quia

1909 1843 2125 1895 gnosces
2156 1845 2222 1883 ea:
2250 1845 2389 1884 sana
2415 1835 2465 1885 et
2490 1832 2760 1884 luculenta
2803 1834 3110 1898 Augustini
3147 1835 3415 1901 doctrina,
3448 1840 3611 1891 Deum

1908 1933 2015 1971 non
2041 1934 2108 1971 ea:
2138 1934 2194 1972 eo
2253 1919 2512 1973 dilexisse
2569 1921 2750 1987 Jacob,
2801 1922 2944 1989 quod
2994 1924 3190 1988 futura
3245 1925 3362 1992 ejus
3418 1929 3612 1982 merita

1906 2008 2243 2076 praeciderit.
2309 2010 2447 2061 Toto
2488 2024 2554 2061 eo
2616 2010 2909 2063 volumine
2965 2009 3023 2062 in
3083 2012 3490 2081 quaestionibus
3540 2014 3610 2067 de

1910 2094 2129 2163 gratia:
2184 2098 2309 2149 Haec
2363 2096 2779 2164 Augustiniana
2851 2102 2928 2151 est
2983 2102 3229 2167 assertio,
3316 2106 3368 2155 et
3440 2101 3609 2156 initio

1908 2183 2043 2237 libri
2071 2183 2157 2236 vel
2193 2200 2225 2236 a
2262 2184 2461 2238 limine
2496 2201 2553 2238 se
2587 2185 2765 2238 sancti
2823 2185 3071 2239 doctoris
3129 2188 3612 2243 studiosissimum

1911 2274 2244 2325 ostensurus
2299 2272 2538 2326 scribit:
2586 2275 2823 2341 Hujusce
2874 2276 3186 2328 assertionis
3228 2281 3437 2345 partes,
3495 2294 3613 2346 qua:

1908 2361 2377 2427 Augustinianum
2406 2363 2629 2431 sapiunt
2659 2362 2983 2429 doctrinam,
3006 2366 3227 2417 seorsim
3252 2365 3609 2420 stabiliemus.

1911 2448 2092 2518 Igitur
2120 2450 2469 2503 recentiores
2498 2451 2953 2522 suumzipsorum
2995 2452 3063 2506 de
3102 2452 3424 2523 Augustino
3451 2455 3612 2524 judi-

1910 2537 2084 2603 cium,
2120 2539 2272 2609 quod
2304 2539 2569 2609 dogmata
2625 2541 2694 2594 de
2750 2540 3257 2609 praedestinatione
3315 2546 3371 2595 et
3424 2543 3608 2612 gratia

1912 2626 2130 2689 attinet,
2172 2628 2342 2698 hujus
2370 2628 2602 2682 Arboris
2640 2645 2745 2683 nec
2776 2629 2928 2683 foliis
2976 2645 3080 2683 nec
3110 2630 3315 2684 umbra
3346 2630 3612 2701 obtegere

1912 2714 2129 2769 valent.

1984 2801 2106 2864 Quo
2136 2806 2329 2857 tamen
2385 2802 2693 2873 Augustini
2721 2803 3121 2859 auctoritatem
3172 2806 3409 2876 propius
3458 2807 3610 2861 arie-

1908 2892 2051 2955 tent,
2105 2889 2336 2947 Petrum
2391 2892 2743 2963 Aragonium
2797 2896 2853 2946 et
2872 2892 3218 2962 gGabrielem
3279 2896 3607 2949 Pennotum

114 2996 205 3047 per
245 2981 435 3051 legem
464 2982 595 3035 ﬁdei
625 2982 868 3052 quisque
897 2983 1206 3053 cognoscit,
1234 2983 1280 3036 si
1312 2984 1451 3076 quid
1480 2985 1624 3038 bene
1646 2985 1798 3076 vivit,
1840 3022 1878 3076 Ο
1911 2978 2357 3076 ΑυξξιειίΠ-ίθηρε
2382 2979 2444 3033 in
2474 2979 2791 3076 Subsidium
2821 2985 3057 3076 Ῠοςθιῐιῐο·
3088 2983 3433 3076 Aragouius,
3487 2987 3608 3076 2-2,

119 3068 204 3121 Dei
242 3070 428 3137 gratia
459 3087 516 3123 se
564 3071 794 3124 habere.
832 3092 859 3120 »
892 3072 1088 3142 Itaque
1128 3076 1355 3127 sanctus
1408 3073 1626 3140 doctor,
1669 3073 1800 3127 sub-

115 3155 342 3212 indicata
378 3159 575 3229 prima
603 3160 1001 3230 explicatione,
1029 3177 1157 3231 quae
1207 3161 1377 3214 alicui
1432 3162 1578 3215 forte
1607 3162 1800 3215 venire

118 3250 290 3311 posset
318 3246 375 3300 in
411 3252 686 3314 mentem,
720 3248 789 3301 ad
821 3248 1058 3301 alteram
1090 3249 1401 3316 descendit,
1448 3250 1539 3303 cui
1576 3266 1803 3320 semper

118 3333 338 3388 inhaeret
364 3336 431 3390 in
473 3336 633 3391 libris
668 3342 868 3390 contra
900 3338 1255 3407 Pelagianos.
1287 3341 1358 3392 At
1397 3339 1683 3393 Arboreus
1722 3339 1802 3393 ri-

121 3421 348 3478 diculum
379 3426 825 3493 grammaticum
852 3427 986 3497 agit,
1023 3427 1161 3480 dum
1189 3428 1575 3498 Augustinum
1606 3427 1803 3481 barba-

120 3509 262 3565 rismi
291 3530 560 3567 accusans
586 3515 691 3568 ait:
727 3533 755 3565 «
794 3516 904 3567 Nec
934 3515 1182 3584 pictores
1227 3516 1445 3579 eximii,
1497 3517 1801 3587 elegantis-

117 3598 370 3671 simzeque
408 3602 647 3672 picturae
678 3602 903 3656 ﬁctores
941 3608 1037 3656 aut
1083 3620 1443 3673 expressores
1482 3604 1592 3658 dici
1622 3605 1805 3659 solent

116 3690 441 3755 exclusores,
489 3691 587 3744 sed
620 3692 1003 3760 exsculptores
1035 3696 1133 3745 aut
1164 3692 1527 3762 cfligiatores.
1556 3712 1584 3742 »
1633 3694 1803 3756 Quasi

116 3778 452 3843 Augustinus
491 3780 723 3849 vulgare
762 3779 918 3832 illius
948 3780 1130 3832 zetatis
1167 3786 1548 3849 quorumdam
1597 3797 1801 3851 argen-

116 3866 258 3917 tariae
285 3868 426 3921 artis
457 3867 724 3937 opiﬁcum
750 3883 962 3921 nomen
982 3869 1235 3938 potuerit
1254 3868 1547 3937 ignorare.
1597 3870 1804 3925 Scribit

117 3951 251 4007 idem
282 3959 511 4009 sanctus
546 3958 709 4009 Pater
738 3956 798 4009 in
840 3956 937 4009 illa
964 3956 1108 4026 psal.
1158 3973 1338 4010 LxVii:
1389 3960 1454 4011 Ut
1510 3959 1803 4013 excludant

116 4042 181 4105 hi,
208 4048 307 4097 etc.
333 4060 346 4098 :
385 4063 416 4094 α
450 4046 509 4097 In
542 4049 661 4098 arte
685 4045 1010 4114 argentaria
1040 4046 1360 4099 exclusores
1394 4050 1672 4100 vocantur
1699 4046 1799 4116 qui

114 4127 174 4181 de
202 4131 527 4186 confusione
557 4148 758 4187 massze
785 4136 1068 4187 noverunt
1118 4134 1362 4187 formam
1406 4133 1550 4187 vasis
1608 4134 1798 4204 expri-

114 4230 271 4273 mere.
305 4240 331 4271 »
400 4222 554 4275 Unde
608 4226 770 4292 patet
816 4239 913 4276 eos
945 4223 1301 4293 argentarios
1354 4222 1599 4277 artiﬁces
1656 4239 1800 4293 quos

1912 3083 1967 3137 q.
2006 3069 2090 3132 l0,
2122 3072 2228 3121 art.
2283 3071 2335 3134 6,
2368 3084 2498 3123 cum
2556 3069 2851 3139 probasset
2901 3070 3197 3125 hominem
3250 3072 3370 3127 sine
3428 3074 3613 3143 gratia.

1912 3155 2014 3209 Dei
2041 3172 2206 3225 posse
2237 3156 2384 3210 bene
2433 3158 2727 3211 moraliter
2767 3159 3015 3228 operari,
3051 3160 3239 3214 addit:
3279 3183 3301 3210 ι
3333 3163 3409 3215 Ex
3440 3162 3606 3216 dictis

1912 3260 2047 3314 ergo
2094 3244 2337 3298 infertur
2386 3246 2728 3300 sententiam
2778 3248 2839 3301 D.
2890 3248 3198 3318 Augustini
3253 3248 3425 3303 fuisse
3456 3250 3609 3321 quod

1910 3332 2173 3387 homines
2204 3336 2425 3388 nullum
2456 3334 2675 3389 bonum
2716 3352 2859 3406 opus
2890 3337 3184 3391 moraliter
3213 3338 3437 3393 efﬁcere
3486 3356 3612 3409 pos-

1909 3425 2044 3475 sunt
2072 3421 2193 3476 sine
2246 3421 2429 3492 gratia
2481 3422 2601 3488 Dei,
2636 3423 2791 3493 quod
2838 3423 2990 3478 idem
3044 3425 3366 3480 afﬁrmabat
3398 3428 3607 3497 Grego-

1910 3509 2046 3564 rius.
2082 3532 2102 3556 η
2170 3512 2326 3564 Unde
2386 3510 2465 3564 ait
2518 3513 2797 3577 Annatus,
2849 3528 2980 3582 pag.
3045 3516 3186 3567 882:
3248 3516 3484 3585 «Atque
3536 3515 3612 3569 ita

1910 3599 2098 3668 palam
2138 3598 2443 3669 proﬁtetur
2474 3601 2673 3653 Petrus
2702 3600 3023 3669 Aragonius
3074 3618 3131 3654 se
3174 3603 3244 3656 ab
3291 3604 3610 3673 Augustino

1910 3689 2216 3743 discedere.
2248 3711 2273 3738 »
2309 3691 2597 3743 Pennotus
2626 3705 2758 3743 vero
2790 3690 2888 3744 lib.
2923 3706 2954 3741 v
2984 3692 3362 3762 Propugnac.,
3396 3710 3518 3763 cap.
3553 3698 3603 3755 6,

1910 3777 2084 3831 tradit
2129 3777 2369 3831 minime
2400 3778 2746 3832 credendum
2780 3794 2900 3831 esse
2951 3798 2973 3827 ι
3011 3795 3243 3833 omnem
3298 3783 3604 3851 Augustini

1910 3865 2195 3919 rationem
2252 3882 2370 3919 esse
2422 3870 2677 3919 exactam
2747 3867 3316 3934 demonstrationem,
3377 3886 3609 3923 omnem

1911 3953 2343 4023 responsionem
2375 3970 2493 4007 esse
2524 3954 2733 4023 dogma
2760 3954 2913 4020 ﬁdei,
2939 3970 3169 4009 omnem
3196 3955 3608 4024 expositionem

1910 4042 2162 4094 locorum
2194 4057 2363 4095 sacra:
2396 4042 2703 4111 Scripturas
2734 4058 2856 4095 esse
2890 4048 3103 4096 certam
3130 4044 3387 4112 regulam
3420 4048 3478 4097 et
3526 4046 3610 4097 in-

1909 4128 2201 4182 fallibilem
2216 4128 2366 4199 ipsas
2388 4129 2608 4183 divinas
2630 4129 2947 4199 Scripturas
2964 4130 3400 4202 interpretandi,
3420 4153 3447 4181 »
3467 4137 3599 4200 etc.;

1910 4217 2116 4288 quibus
2145 4217 2395 4272 recitatis
2455 4217 2542 4271 his
2585 4220 2839 4272 Annatus
2889 4219 3158 4273 insultat:
3219 4239 3247 4270 ‹‹
3282 4220 3441 4290 Vide,
3492 4222 3609 4275 lec-

118 4304 294 4361 Latino
338 4310 615 4363 vocabulo
668 4311 888 4365 fusores
946 4312 1207 4378 dicimus,
1270 4315 1527 4382 tempore
1576 4314 1661 4366 Au

2085 4322 2197 4376 quo
2250 4306 2641 4361 moderamine
2672 4307 2731 4361 in
2770 4309 3226 4363 commendanda
3264 4310 3442 4364 sancti
3493 4314 3609 4365 Au—

113 4395 205 4447 tini
231 4413 262 4449 a
287 4400 459 4468 vulgo
486 4400 801 4468 appellatos
831 4400 1008 4454 fuisse
1058 4402 1377 4454 exclusores.
1429 4402 1589 4455 Certe
1633 4400 1715 4454 uti
1750 4417 1803 4453 1v

116 4480 239 4553 Reg.
271 4502 399 4540 xxxv
430 4489 662 4542 clusores
707 4489 1014 4559 argentarii
1065 4490 1441 4543 nominantur
1490 4489 1590 4559 qui
1643 4505 1803 4559 gem-

116 4585 222 4625 mas
253 4591 393 4629 auro
422 4575 507 4627 vel
540 4582 778 4646 argento
810 4577 1167 4643 claudebant,
1209 4577 1291 4631 ita
1344 4578 1661 4631 exclusores
1716 4578 1802 4631 di-

117 4661 374 4716 cebantur
405 4665 504 4735 qui
540 4681 603 4720 ex
644 4682 784 4719 auro
842 4667 928 4719 vel
987 4670 1226 4736 argento
1285 4683 1419 4720 vasa
1448 4666 1801 4733 fundebant;

115 4749 260 4816 cujus
288 4754 523 4822 quidem
548 4755 697 4807 vocis
719 4754 1125 4825 etymologiam
1157 4771 1272 4808 non
1319 4758 1477 4807 vacat
1521 4754 1803 4808 curiosius

116 4834 408 4907 inquirere,
465 4860 593 4897 cum
626 4848 681 4896 et
702 4844 937 4897 nomina
988 4844 1053 4896 ad
1088 4844 1364 4912 placitum
1406 4844 1799 4914 imponantur,

115 4929 165 4976 et
188 4943 284 4981 vox
340 4931 437 4983 illa
486 4932 657 5001 vulgo
718 4936 1110 5002 usurparetur.
1170 4932 1456 4985 Arboreus
1511 4937 1704 4986 autem
1735 4934 1803 4987 de

116 5012 409 5080 pictoribus
454 5024 511 5072 et
540 5020 765 5088 pictura
808 5035 1019 5073 nomen
1049 5019 1190 5073 illud
1225 5035 1527 5089 perperam
1576 5020 1802 5090 accipit,

115 5104 256 5169 quod
285 5107 355 5159 ab
390 5108 710 5177 Augustino
767 5109 835 5162 de
894 5108 1263 5162 excusoribus
1309 5109 1672 5178 argentariis,
1705 5126 1805 5162 seu

115 5190 176 5243 de
198 5191 263 5245 iis
292 5196 391 5265 qui
419 5202 655 5262 statuas,
689 5213 787 5249 seu
816 5197 1118 5267 quodlibet
1168 5197 1322 5249 aliud
1379 5197 1681 5263 excudunt,
1716 5197 1803 5250 in-

116 5279 398 5349 telligitur.
452 5285 632 5354 Igitur
677 5284 871 5354 inepte
928 5285 987 5339 in
1041 5286 1149 5338 hoc
1201 5285 1490 5338 Arboreus
1520 5284 1802 5339 calculum

117 5370 327 5436 posuit;
379 5389 580 5427 verum
632 5376 891 5427 Annatus
947 5374 1057 5427 hoc
1117 5372 1311 5427 nobile
1365 5372 1619 5427 scholion
1650 5373 1807 5427 addit

117 5469 236 5525 pag.
266 5460 359 5513 88l
389 5476 401 5514 :
434 5482 461 5511 «
496 5462 558 5514 Et
587 5465 781 5515 tamen
837 5462 980 5516 liber
1007 5462 1105 5515 ille
1144 5461 1213 5515 ab
1242 5462 1565 5533 Augustino
1605 5466 1805 5517 contra

121 5542 448 5615 Pelagianos
476 5550 716 5620 scriptus
748 5555 852 5613 est,
888 5555 944 5606 et
964 5551 1123 5605 locus
1150 5550 1312 5607 Pauli
1341 5554 1535 5607 contra
1571 5551 1802 5607 eosdem

1913 4394 2127 4465 gustini
2158 4395 2417 4451 doctrina
2445 4400 2681 4450 utantur
2711 4396 2881 4450 etiam
2935 4397 3020 4450 illi
3074 4398 3174 4468 qui
3232 4414 3299 4452 ex
3348 4398 3607 4455 instituto

1914 4484 2036 4554 ejus
2064 4485 2331 4549 cultores,
2385 4484 2701 4539 imitatores
2753 4489 2807 4538 et
2845 4485 3063 4539 alumni
3112 4490 3246 4539 sunt
3273 4487 3335 4539 in
3365 4493 3612 4559 utroque

1912 4574 2112 4627 ordine
2156 4574 2558 4628 canonicorum
2607 4579 2662 4627 et
2717 4574 3107 4629 eremitarum.
3166 4576 3235 4630 Ut
3289 4579 3611 4649 perspicere

1912 4662 2082 4716 liceat
2111 4679 2284 4733 quam
2305 4662 2379 4715 sit
2400 4662 2795 4733 superstitiosa
2824 4664 3236 4719 hodiernorum
3270 4667 3610 4721 Baianorum

1913 4751 2135 4820 religio,
2171 4751 2269 4822 qui
2327 4751 2579 4819 specioso
2627 4768 2885 4806 errorum
2939 4759 3220 4823 praetextu
3262 4756 3444 4810 solum
3494 4760 3610 4809 Au-

1913 4840 2206 4911 gustinum
2232 4840 2293 4893 in
2323 4856 2439 4907 ore,
2491 4840 2548 4892 in
2583 4842 2781 4907 oculis,
2824 4842 2883 4895 in
2930 4844 3099 4898 corde
3156 4844 3364 4899 habere
3396 4862 3453 4898 se
3494 4845 3599 4897 ﬁn-

1912 4932 2072 5000 gunt.
2123 4951 2143 4976 n
2184 4930 2304 4982 Non
2335 4945 2569 4998 possum
2618 4946 2829 4999 negare
2884 4933 3239 5002 Aragonium
3284 4934 3341 4985 in
3372 4948 3436 4986 ea
3479 4948 3607 4987 sen-

1912 5018 2093 5071 tentia
2122 5017 2311 5082 fuisse,
2346 5022 2599 5072 attamen
2630 5018 2844 5074 ibidem
2898 5022 3078 5075 concl.
3126 5024 3157 5072 2
3188 5022 3399 5073 fatetur
3426 5021 3613 5075 homi-

1912 5121 2043 5159 nem
2074 5106 2195 5158 sine
2232 5106 2415 5175 gratia
2443 5123 2591 5174 raro,
2624 5112 2674 5161 et
2702 5111 3093 5176 infrequenter,
3149 5113 3198 5160 et
3245 5124 3364 5163 cum
3412 5126 3613 5176 magna

1912 5194 2239 5261 difﬁcultate
2281 5210 2447 5263 posse
2478 5196 2701 5250 efficere
2732 5197 2948 5249 bonum
2981 5211 3140 5264 opus,
3177 5201 3240 5248 ut
3288 5212 3490 5266 parum
3544 5201 3613 5254 ab

1911 5282 2324 5348 Augustiuiano
2350 5283 2616 5354 dogmate
2650 5284 2912 5338 recedere
2952 5282 3233 5337 videatur.
3265 5287 3336 5338 At
3367 5284 3395 5353 ἕ
3452 5288 3614 5342 Caete-

1912 5387 2034 5425 rum
2065 5372 2157 5426 hoc
2188 5388 2293 5426 non
2341 5373 2584 5427 obstante
2629 5373 2835 5441 probat
2886 5372 3229 5426 sententiam
3285 5375 3464 5428 sancti
3500 5379 3613 5431 Au-

1916 5459 2129 5531 gustini
2165 5460 2391 5515 nullum
2420 5462 2713 5516 continere
2744 5475 3013 5528 errorem,
3076 5478 3139 5515 ac
3180 5462 3422 5533 proinde
3452 5480 3616 5535 posse

1917 5549 2205 5605 sustineri.
2241 5550 2382 5605 Huic
2412 5554 2605 5605 tamen
2652 5548 2964 5603 domestico
3017 5550 3149 5604 testi
3206 5568 3277 5606 ne
3329 5554 3615 5607 tantillum
