3894 6184
303 262 400 312 771
1326 249 1874 308 SUPPLEMENTUM
1916 251 2006 306 AD
2043 250 2271 308 OPERA
2313 251 2370 304 S.
2411 248 2801 306 AUGUSTINI.
3663 257 3750 308 772

299 379 525 451 judices
555 382 798 443 moveat,
825 375 1169 448 opponimus
1196 378 1310 428 tres
1366 391 1436 428 ex
1482 374 1588 428 hac
1640 378 1836 429 nostra
1891 390 2009 428 ere-
2044 374 2088 428 A
2140 372 2402 445 mpendit
2431 377 2496 426 ut
2531 371 2801 426 eumdem
2832 370 2894 425 in
2922 385 3086 425 suam
3139 372 3466 428 sententiam
3517 375 3752 434 traheret:

309 469 525 523 mitana
553 467 770 522 familia
801 463 1200 520 celeberrimos
1227 461 1506 527 doctores,
1558 462 1658 532 qui
1716 461 2005 516 mordicus

305 557 484 611 sancti
553 554 858 626 Augustini
928 551 1225 606 sententia:
1281 550 1595 616 adhaerent,
1666 549 2005 619 Gregorium

307 644 749 703 Ariminensem,
802 643 854 706 2,
891 641 1019 694 dist.
1054 641 1144 708 20,
1178 643 1380 709 quaest.
1421 643 1468 704 1,
1503 643 1607 692 art.
1641 641 1694 706 2,
1735 638 2006 692 Basilium

307 733 592 799 Pontium,
647 745 923 801 magnum
979 729 1313 798 theologum
1359 727 1891 794 Salmanticensem,
1945 727 2007 780 iu

304 819 725 875 Relectionibus
752 818 821 871 de
851 816 1078 870 auxiliis
1110 815 1318 870 divina:
1358 815 1575 885 gratiae,
1612 820 1669 870 et
1698 817 2006 886 Gasparem

306 907 610 973 Casalium,
654 906 987 961 Lusitanum
1046 905 1397 976 episcopum,
1452 904 1552 958 lib.
1610 903 1726 958 Ide
1767 903 2009 968 Quadri-

303 995 511 1066 partita
539 995 786 1058 Iustitia,
821 995 921 1066 qui
950 992 1258 1064 Augustini
1308 993 1516 1064 dogma
1565 991 1868 1062 explicant,
1915 1009 2006 1046 so-

301 1084 592 1139 lidissimis
644 1083 1005 1154 argumentis
1060 1083 1353 1151 muniunt,
1387 1087 1558 1152 atque
1615 1081 1686 1135 ab
1737 1081 2004 1135 adversa-

301 1173 519 1227 riorum
546 1173 752 1244 jaculis
797 1173 1105 1226 vindicant.
1157 1172 1278 1225 Imo
1327 1170 1710 1225 recentiorum
1757 1169 2006 1224 subtilis-

305 1262 483 1316 simus
517 1263 766 1332 Vasquez
797 1261 947 1314 idem
973 1259 1258 1314 fusissime
1283 1263 1612 1330 propugnat
1641 1260 1753 1325 1-2,
1789 1257 2002 1328 disput.

310 1354 430 1418 190,
463 1366 636 1422 quem
667 1355 989 1420 sequuntur
1042 1365 1110 1402 ex
1163 1349 1363 1402 eadem
1407 1347 1626 1402 familia
1672 1346 2006 1416 Turrianus,

307 1442 477 1492 tract.
514 1437 583 1490 de
615 1436 822 1498 Gratia,
850 1435 1060 1506 disput.
1089 1437 1156 1501 4;
1191 1433 1496 1498 Maeratius,
1528 1437 1668 1486 tom.
1729 1433 1800 1498 Il,
1843 1437 2005 1487 tract.

310 1526 530 1589 eodem,
566 1529 696 1579 sect.
731 1527 800 1593 8;
836 1523 1094 1593 Ripalda,
1128 1527 1264 1578 tom.
1299 1524 1318 1576 Ι
1359 1523 1427 1576 de
1476 1523 1614 1577 Eute
1678 1522 2004 1592 supernat.,

307 1614 516 1686 disput.
551 1617 638 1680 20,
672 1618 804 1667 sect.
835 1617 887 1678 6,
916 1612 1148 1682 aliique.

379 1695 452 1757 At
483 1705 773 1757 Pennotus
829 1718 941 1755 non
979 1701 1347 1765 adversatur;
1393 1699 1608 1754 etenim
1656 1699 2010 1769 Augustinus

308 1808 444 1845 usus
501 1796 586 1844 est
636 1791 696 1843 in
753 1805 985 1843 suarum
1041 1789 1458 1842 sententiarum
1513 1788 2008 1843 conﬁrmationem

309 1878 660 1949 argumentis
690 1878 863 1932 etiam
904 1877 1314 1945 probabilibus,
1373 1893 1502 1948 qua:
1561 1877 1606 1931 si
1663 1882 1852 1931 essent
1907 1877 2007 1931 de-

306 1969 676 2023 monstrativa
741 1972 1100 2038 argumenta,
1188 1967 1389 2020 stultos
1439 1967 1760 2021 diceremus
1815 1983 2008 2020 recen-

307 2058 482 2112 tiores
535 2057 636 2127 qui
693 2055 906 2110 eisdem
945 2055 1379 2125 responsionem
1417 2056 1760 2126 procudunt.
1824 2056 2010 2108 Unum

307 2145 726 2205 contendimus,
787 2144 1059 2214 capitales
1107 2144 1287 2197 sancti
1341 2143 1647 2213 Augustini
1702 2143 2011 2196 sententias

311 2234 581 2288 adversus
639 2232 978 2302 Pelagianos
1035 2236 1090 2284 et
1127 2231 1641 2302 Sami-Pelagianos
1696 2248 1812 2284 non
1843 2248 2010 2302 posse

309 2321 450 2376 citra
477 2321 815 2376 temeritatis
844 2325 1041 2374 notam
1063 2319 1415 2390 impugnari.
1457 2321 1635 2384 Quam
1667 2336 1802 2374 vero
1865 2322 2008 2374 Pen-

310 2414 480 2478 notus
536 2425 741 2480 parum
831 2408 1216 2463 recentiorum
1284 2424 1468 2464 causa:
1540 2409 1742 2473 faveat,
1802 2408 1862 2462 in
1921 2408 2010 2462 his

311 2497 567 2568 ejusdem
619 2495 807 2551 verbis
855 2513 1027 2551 nemo
1075 2513 1192 2551 non
1235 2497 1416 2551 videt:
1477 2497 1593 2552 «Si
1651 2496 2003 2560 leestinus,

307 2585 518 2656 inquit,
573 2586 844 2639 Romanae
921 2584 1180 2639 Ecclesire
1257 2586 1510 2655 pontifex
1569 2585 2009 2641 calumniatores

310 2673 582 2728 doctrinae
641 2675 703 2728 D.
779 2672 1089 2742 Augustini
1153 2673 1221 2727 de
1279 2674 1782 2743 praedestinatione
1849 2678 2010 2728 vocat

306 2762 531 2833 plantas
586 2762 737 2816 male
783 2765 1120 2826 crescentes,
1173 2767 1231 2816 et
1280 2762 1595 2832 improbos,
1638 2763 1848 2834 quibus
1876 2779 2006 2832 per-

306 2855 552 2920 petuum
609 2850 901 2904 silentium
962 2849 1380 2919 imponendum
1437 2851 1528 2916 sit,
1597 2855 1654 2905 et
1705 2857 2008 2905 sectatores

309 2939 642 3008 dogmatum
679 2954 1080 3008 perversorum
1100 2942 1157 2992 et
1186 2937 1612 3006 damnatorum,
1662 2956 1695 2992 a
1720 2939 2008 2994 contrario
2037 2960 2075 3015 ρ

309 3027 624 3082 doctrinam
672 3027 980 3097 Augustini
1038 3027 1107 3080 de
1171 3027 1673 3097 praedestinatione
1719 3027 1924 3098 probat
1949 3032 2012 3081 ut

309 3115 624 3170 doctrinam
669 3131 887 3181 sanam,
936 3113 1112 3186 piam,
1158 3115 1491 3169 catholicam
1523 3121 1580 3170 et
1625 3116 1695 3170 de
1739 3117 1872 3183 tide,
1919 3116 2011 3170 cui

310 3220 340 3257 a
378 3202 670 3258 catholicis
701 3219 820 3256 non
867 3202 1041 3273 possit
1073 3202 1404 3269 contradici,
1465 3223 1492 3255 ι)
1549 3203 1646 3258 lib.
1679 3220 1711 3256 v
1736 3205 2003 3274 Propug.,

310 3306 432 3360 cap.
487 3293 573 3358 16,
615 3307 778 3345 num.
821 3293 879 3346 2.
925 3293 1184 3345 Annatus
1221 3296 1430 3358 tamen,
1482 3291 1580 3346 lib.
1621 3309 1739 3360 VIII,
1794 3309 1918 3362 cap.
1951 3295 2006 3357 2,

308 3394 440 3448 pag.
508 3380 630 3444 860,
673 3379 798 3434 ait:
861 3379 1346 3434 «Constituamus
1403 3379 1562 3434 illam
1601 3385 1823 3451 partem
1881 3397 2010 3451 quae

307 3468 438 3537 plus
467 3467 614 3521 favet
642 3467 824 3522 libero
851 3467 1110 3535 arbitrio,
1161 3469 1534 3539 dicamusque
1583 3473 1715 3522 ante
1771 3469 2011 3539 praevisa

309 3555 516 3609 merita
545 3556 808 3610 homines
837 3557 908 3610 ad
953 3557 1198 3627 gratiam
1229 3557 1648 3628 praedestinari,
1681 3563 1811 3628 post
1861 3575 2009 3628 prae-

310 3645 497 3699 visum
536 3649 726 3700 autem
757 3645 975 3700 bonum
1021 3663 1186 3700 usum
1235 3646 1434 3716 gratiae
1489 3646 1888 3717 praedestinari
1941 3647 2011 3701 ad

310 3733 571 3803 gloriam,
606 3734 743 3805 quid
775 3734 910 3789 inde
941 3735 1204 3804 sequitur
1239 3739 1438 3788 contra
1468 3735 1696 3805 regulas
1741 3752 1775 3788 a
1813 3736 2012 3790 Caeles-

308 3821 428 3877 tino
453 3823 712 3893 positas?
739 3839 974 3894 prorsus
1010 3822 1176 3877 nihil.
1234 3824 1363 3877 Hmc
1418 3822 1597 3893 igitur
1649 3839 1766 3877 una
1821 3828 1905 3877 est
1943 3839 2012 3878 ex

309 3910 721 3982 quaestionibus
773 3926 914 3982 quas
942 3913 1196 3964 astruere
1228 3927 1344 3964 non
1396 3911 1519 3965 vult
1572 3911 1930 3977 Coelestinus,
1963 3911 2012 3965 si

309 3998 594 4053 credimus
647 3998 906 4053 Baronio.
937 4019 964 4048 »
1021 3999 1147 4052 Jam
1193 3998 1390 4066 sentis,
1437 3999 1561 4069 jam
1607 3999 1784 4065 vides,
1835 4015 2008 4070 quam

305 4086 454 4141 belle
484 4087 589 4141 tibi
619 4089 910 4142 Pennotus
948 4087 1229 4143 concinat.
1272 4088 1435 4152 Quod
1487 4088 1557 4142 de
1613 4088 1858 4144 Baronio
1911 4089 2010 4144 ad-

309 4175 415 4242 dis,
465 4175 674 4230 falsum
731 4174 949 4246 esse§1
1005 4193 1073 4230 ex
1131 4177 1336 4232 eodem
1369 4176 1610 4232 Baronio
1646 4177 2012 4232 demonstra-

307 4264 514 4320 vimus.

385 4351 723 4408 Guillelmus
762 4351 934 4406 etiam
968 4351 1154 4406 Estius
1206 4351 1634 4422 intromittitur,
1667 4353 1766 4424 qui
1800 4356 1819 4407 1
1870 4353 2008 4408 Sen-

310 4439 646 4510 tentiarum,
675 4440 806 4495 dist.
835 4442 925 4505 44,
961 4439 989 4511 §
1032 4444 1117 4504 14,
1150 4441 1260 4494 ait:
1297 4460 1326 4490 ι(
1357 4439 1516 4503 Quod
1549 4441 1596 4494 si
1636 4441 2011 4496 nihilominus

311 4528 616 4582 contendat
643 4528 852 4600 aliquis
879 4528 1184 4599 Augustini
1239 4528 1411 4582 verba
1445 4545 1574 4599 quae
1630 4530 1850 4600 objecta
1880 4535 2011 4584 sunt

313 4616 426 4671 huc
456 4615 672 4670 inﬂecti
701 4633 816 4671 non
844 4633 1031 4687 posse,
1070 4620 1344 4687 putetque
1375 4633 1506 4670 eum
1549 4633 1745 4672 revera
1779 4618 2011 4672 alterius

313 4721 434 4759 esse
465 4705 784 4769 sententiae,
812 4709 936 4759 tum
975 4705 1447 4776 respondebimus
1484 4721 1550 4761 ea
1578 4723 1706 4777 quae
1731 4706 1802 4760 de
1847 4707 2009 4778 adju-

313 4794 465 4849 torio
495 4793 671 4864 primi
701 4793 951 4848 hominis
979 4797 1036 4848 et
1085 4794 1422 4864 angelorum
1466 4796 1784 4865 obscurius,
1833 4801 1906 4863 et,
1949 4801 2013 4851 ut

310 4883 564 4950 videtur,
604 4887 761 4937 extra
800 4882 1103 4954 Scriptura:
1144 4883 1539 4938 auctoritatem
1585 4883 1655 4938 ab
1706 4900 1773 4938 eo
1811 4884 2010 4955 dispu-

316 4977 437 5028 tata
463 4976 616 5040 sunt,
659 4971 730 5026 ad
761 4972 870 5026 hoc
907 4976 972 5026 ut
1001 4988 1066 5026 ex
1095 4973 1523 5043 comparatione
1560 4971 1758 5043 gratia:
1799 4977 2010 5028 nostra;

311 5078 416 5132 per
445 5061 731 5117 Christum
761 5060 1136 5132 reparationis
1193 5060 1374 5132 magis
1422 5060 1866 5130 emineretgnon
1913 5061 2010 5115 de-

314 5149 448 5203 bere
477 5149 854 5220 prazjudicare
911 5149 1184 5204 doctrinae
1241 5165 1370 5220 qua:
1424 5149 1576 5220 apud
1627 5150 1769 5204 alios
1819 5151 2012 5205 Patres

314 5236 622 5307 ipsumque
671 5243 933 5293 sanctum
990 5239 1269 5292 Thomam
1333 5237 1394 5290 in
1458 5237 1788 5307 hujusmodi
1840 5238 2009 5292 rebus

317 5322 738 5378 exactissimum
768 5325 1059 5380 doctorem
1093 5324 1414 5396 expressior
1431 5325 1734 5396 reperitur.
1766 5345 1794 5379 »
1829 5327 2011 5380 Estius

319 5424 436 5480 quo
466 5425 626 5466 suam
658 5428 794 5482 erga
813 5418 1070 5469 sanctum
1102 5414 1395 5468 doctorem
1442 5413 1863 5469 observantiam
1918 5431 2010 5468 os-

313 5496 593 5562 tenderet,
622 5499 818 5556 eadem
849 5502 981 5570 dist,
1006 5504 1098 5569 44,
1131 5500 1160 5572 §
1202 5505 1265 5558 13
1295 5505 1354 5557 et
1380 5502 1465 5569 14,
1512 5502 1760 5558 multum
1799 5501 2012 5558 laboris

2119 463 2271 534 quod
2302 478 2432 515 vero
2464 461 2691 515 videbat
2718 460 2776 514 id
2827 460 2961 514 satis
2991 475 3144 530 aegre
3173 475 3332 529 posse
3381 464 3681 530 persuaderi
3707 484 3756 521 ea

2119 567 2247 622 quae
2279 550 2510 604 recitata
2550 555 2701 615 sunt,
2761 548 3048 620 apposuit,
3093 565 3206 602 non
3261 555 3320 602 ut
3364 551 3510 618 parvi
3563 552 3677 606 ﬁeri
3703 556 3756 609 ab

2118 640 2242 710 ipso
2274 639 2664 708 Augustinum
2689 637 3098 708 judicaremus,
3119 637 3216 691 sed
3243 643 3305 692 ut
3329 639 3538 692 molesti
3557 641 3759 697 forsitan

2117 727 2425 782 adversarii
2453 728 2836 798 objectionem
2870 726 3171 797 effugeret.
3203 729 3274 780 At
3327 729 3473 798 quod
3514 729 3649 784 Estio
3674 731 3760 785 dis-

2117 816 2338 887 plicuit,
2397 815 2535 870 olim
2592 815 2810 886 pariter
2891 814 3386 886 Semi-Pelagianis
3457 815 3763 886 displicuisse

2119 905 2316 960 scribit
2346 904 2594 959 Hilarius
2634 903 2980 958 Arelatensis
3027 903 3086 956 in
3139 903 3375 974 epistola
3427 905 3494 958 ad
3531 908 3764 976 Augusti-

2117 1010 2277 1059 num,
2313 992 2340 1062 §
2367 993 2569 1048 Deinde
2609 994 2824 1047 moleste
2875 994 3065 1058 ferunt
3091 994 3172 1047 ita
3203 993 3378 1046 dividi
3407 997 3644 1061 gratiam,
3671 1012 3765 1064 qua:

2115 1084 2198 1136 vel
2221 1089 2345 1137 tunc
2387 1084 2566 1152 primo
2621 1083 2830 1136 homini
2883 1082 3039 1147 data,
3096 1082 3179 1136 vel
3235 1097 3372 1136 nunc
3423 1084 3647 1138 omnibus
3689 1085 3765 1138 da-

2117 1177 2226 1240 tur,
2261 1176 2368 1224 etc.
2421 1171 2520 1225 Ille
2549 1175 2744 1224 tamen
2802 1169 3067 1240 scriptor,
3099 1174 3156 1236 2,
3211 1170 3344 1224 dist.
3389 1173 3477 1237 24,
3505 1170 3532 1240 §
3559 1174 3635 1238 10,
3662 1173 3762 1227 ait:

2126 1278 2154 1308 α
2198 1264 2382 1332 Atque
2440 1259 2649 1312 horum
2701 1258 2922 1329 primus
2974 1259 3048 1312 sit
3105 1258 3476 1328 Augustinus,
3529 1264 3590 1313 ut
3626 1277 3766 1330 quem

2118 1353 2338 1403 constat
2358 1363 2587 1402 causam
2619 1347 2755 1401 ﬁdei
2783 1346 3077 1401 catholica
3115 1351 3313 1400 contra
3341 1347 3650 1418 Pelagianos
3669 1365 3766 1419 prae

2119 1437 2338 1491 caeteris
2393 1436 2786 1491 ecclesiasticis
2833 1436 3206 1506 scriptoribus
3248 1436 3429 1490 acrius
3468 1437 3765 1508 uberiusque

2120 1526 2460 1580 defendisse.
2491 1547 2519 1574 »
2570 1528 2636 1580 Et
2668 1525 2728 1582 in
2779 1530 2824 1589 1,
2882 1526 3013 1580 dist.
3043 1524 3187 1595 41,§
3219 1529 3249 1580 6
3286 1543 3298 1579 :
3351 1546 3378 1576 α
3411 1527 3465 1580 Β.
3512 1527 3768 1596 Augustini

2119 1613 2189 1666 de
2221 1613 2405 1684 gratia
2453 1613 2662 1668 Christi
2715 1613 3057 1680 doctrinam,
3116 1630 3248 1684 qua:
3286 1628 3490 1682 magna
3531 1629 3591 1666 ex
3639 1619 3768 1683 parte

2117 1701 2377 1754 consistit
2415 1700 2478 1754 in
2516 1702 2824 1756 astruenda
2866 1700 3374 1771 prwdestinatione
3403 1701 3651 1770 gratuita,
3696 1717 3771 1771 ap-

2115 1785 2380 1854 probavit
2409 1787 2748 1841 Coelestinus
2777 1787 3040 1858 pontifex
3071 1787 3132 1840 in
3162 1787 3403 1856 epistola
3427 1788 3494 1841 ad
3519 1786 3770 1857 episcopos

2119 1875 2331 1929 Calliae.
2363 1897 2385 1924 ι
2441 1877 2654 1930 Omitto
2701 1877 2868 1947 plura
2915 1893 3045 1947 qua:
3090 1877 3305 1947 passim
3355 1876 3416 1930 in
3456 1875 3768 1930 commenda-

2118 1965 2334 2018 tionem
2379 1965 2560 2018 sancti
2613 1965 2866 2019 doctoris
2908 1965 3093 2019 Estius
3149 1965 3384 2030 recitat;
3445 1964 3769 2018 Lovanienses

2118 2053 2274 2107 enim
2333 2069 2397 2106 ac
2454 2054 2772 2108 Duacenses
2831 2069 3178 2109 consuevere
3224 2053 3540 2124 Augustino
3584 2068 3770 2122 semper

2119 2158 2238 2196 esse
2259 2142 2655 2196 addictissimi.

2186 2232 2514 2300 Alphonsus
2544 2233 2806 2286 Testatus
2836 2229 2896 2284 in
2936 2230 3235 2285 nonnullis
3265 2230 3336 2284 ab
3363 2229 3657 2301 Augustino
3680 2229 3767 2282 dis-

2116 2319 2308 2384 sentit,
2366 2336 2495 2391 quae
2555 2320 2626 2374 ad
2688 2335 2863 2373 sacrae
2897 2319 3124 2390 paginae
3175 2319 3603 2390 explicationem
3627 2316 3770 2388 perti-

2116 2412 2272 2461 nent.
2304 2411 2376 2461 At
2405 2411 2664 2462 Armatus
2707 2423 2838 2478 pag.
2901 2410 2999 2461 867
3035 2406 3152 2460 ait:
3185 2425 3212 2460 α
3255 2407 3413 2473 Vide,
3458 2407 3674 2460 lector...
3712 2421 3767 2456 an

2115 2501 2280 2566 putet
2299 2496 2546 2551 dandam
2577 2513 2698 2551 esse
2723 2495 2942 2551 nemini
2971 2496 3303 2550 facultatem
3333 2496 3392 2548 in
3419 2494 3600 2565 aliquo
3627 2508 3767 2562 repu-

2115 2585 2330 2655 gnandi
2372 2601 2436 2639 ex
2489 2585 2758 2639 omnibus
2809 2601 2939 2655 quae
2997 2583 3095 2638 ille
3148 2588 3350 2638 contra
3397 2582 3703 2653 Pelagianos
3725 2587 3770 2633 et

2116 2672 2639 2744 Semi-Pelagianos
2695 2672 2937 2742 scripsit.
2975 2694 2998 2720 ι
3036 2671 3450 2726 Contendimus
3494 2670 3653 2723 sancti
3677 2672 3767 2722 Au-

2117 2761 2332 2832 gustini
2375 2760 2692 2815 doctrinam
2721 2766 2921 2814 contra
2950 2760 3291 2831 Pelagianos
3321 2776 3387 2814 ex
3432 2764 3580 2813 tanta
3618 2757 3768 2813 Eccle-

2117 2849 2215 2903 siae
2245 2850 2654 2920 approbatione
2699 2849 2758 2902 in
2789 2848 3176 2903 excellentiori
3236 2849 3419 2920 gradu
3465 2844 3768 2901 auctoritatis

2116 2938 2411 2992 locandam
2459 2955 2596 3004 esse,
2657 2954 2830 3009 quam
2877 2937 3132 3005 illorum,
3192 2937 3316 3009 qui,
3356 2941 3419 2992 ut
3445 2937 3522 2991 ait
3549 2937 3768 2990 Tostatus

2117 3025 2270 3096 apud
2300 3027 2610 3090 Annatum,
2640 3025 2872 3080 humano
2901 3027 3114 3092 ingenio
3164 3026 3278 3080 solo
3316 3027 3645 3093 scripserunt.
3674 3022 3767 3075 Cie-

2117 3117 2303 3168 terum
2355 3113 2579 3183 insigne
2637 3114 2887 3183 elogium
2936 3113 3151 3168 Tostati
3207 3114 3278 3167 de
3330 3113 3628 3184 Augustino
3673 3110 3771 3178 lege

2119 3203 2270 3272 apud
2304 3203 2529 3257 Macedo
2557 3203 2618 3256 in
2650 3203 2936 3257 Concentu
2969 3202 3368 3273 euchologico,
3401 3217 3526 3272 pag.
3557 3202 3670 3266 431,
3694 3196 3772 3251 ubi

2119 3291 2188 3345 de
2217 3292 2446 3345 Tostato
2473 3291 2586 3345 ait:
2653 3313 2674 3340 ι
2707 3291 3046 3362 Quanquam
3094 3291 3336 3345 minutis
3389 3289 3702 3362 quibusdam
3725 3284 3772 3338 in

2119 3379 2537 3450 quaestionibus
2567 3379 2636 3433 ab
2685 3379 3009 3450 Augustino
3037 3379 3333 3434 interdum
3391 3376 3680 3441 dissentiat,
3725 3373 3772 3425 in

2118 3468 2359 3522 materia
2395 3468 2466 3522 de
2522 3466 3027 3539 praedestinatione
3053 3472 3108 3522 et
3136 3469 3326 3538 gratia
3368 3465 3665 3538 Augustino
3696 3477 3774 3533 pe-

2119 3557 2272 3611 nitus
2301 3557 2602 3612 consentit.
2635 3576 2664 3609 ι»

2191 3644 2287 3699 His
2319 3645 2551 3699 additur
2577 3645 2648 3699 ab
2678 3645 2920 3714 Adamo,
2954 3649 3102 3715 part.
3162 3662 3227 3699 ιιι
3286 3643 3497 3700 Calvini
3525 3637 3771 3701 destructi,

2118 3747 2237 3802 cap.
2274 3737 2327 3799 6,
2357 3734 2614 3788 Andreas
2644 3735 2818 3804 Vega,
2866 3732 2967 3805 qui
3025 3733 3221 3788 dolere
3272 3750 3330 3788 se
3360 3732 3498 3788 dixit
3543 3727 3774 3799 Augusti-

2119 3837 2261 3875 num
2288 3822 2749 3877 adversariorum
2799 3823 2996 3893 gratiae
3047 3822 3467 3892 objectionibus
3504 3821 3640 3874 clare
3681 3829 3774 3869 non

2121 3910 2478 3978 satisfecisse,
2505 3911 2604 3965 lib.
2655 3928 2732 3966 xu
2759 3911 2817 3965 in
2846 3911 3123 3978 Trident.,
3181 3928 3309 3983 cap.
3367 3915 3454 3977 22,
3505 3911 3570 3964 de
3595 3906 3772 3962 Justiti-

2120 4003 2229 4056 cat.
2265 4000 2549 4055 Craterum
2581 4002 2732 4071 Vega
2759 4000 2977 4055 ibidem
3014 4017 3144 4054 cum
3204 4000 3439 4056 dixisset
3484 3995 3772 4068 Pelagianos

2119 4094 2319 4143 contra
2347 4089 2601 4144 divinam
2651 4088 2895 4160 gratiam
2948 4089 3145 4144 decem
3204 4093 3261 4144 et
3315 4105 3408 4143 sex
3463 4082 3773 4158 argumentis

2117 4175 2359 4242 stetisse,
2392 4177 2473 4231 ait
2500 4194 2514 4232 :
2550 4197 2578 4228 «
2603 4179 2670 4232 Et
2697 4177 2770 4231 ad
2799 4193 2866 4231 ea
2897 4177 3092 4231 omnia
3116 4178 3350 4248 copiose
3389 4179 3446 4230 et
3465 4173 3664 4228 erudite
3687 4183 3770 4239 pro

2117 4281 2219 4320 sua
2257 4265 2489 4330 eximia]
2522 4265 2783 4320 doctrina
2827 4265 3122 4337 respondit
3170 4265 3538 4336 Augustinus.
3578 4282 3604 4312 ν
3631 4256 3774 4314 Addit

2116 4358 2310 4408 tamen
2360 4353 2574 4408 ibidem
2630 4354 2910 4409 nonnulla
2957 4370 3086 4425 qua:
3131 4370 3238 4408 nec
3289 4349 3612 4409 adversariis
3659 4343 3772 4416 ipsis

2116 4444 2340 4514 placere
2400 4447 2674 4513 possunt:
2726 4459 2862 4497 nam
2921 4443 3069 4497 hanc
3136 4443 3397 4514 regulam
3471 4430 3774 4512 praedicandi

2119 4531 2457 4602 mysterium
2491 4531 3013 4602 praedestinationis
3043 4535 3100 4586 et
3127 4530 3464 4586 necessariae
3503 4525 3684 4598 gratiae
3715 4520 3773 4574 ad

2117 4619 2487 4687 credendum,
2531 4619 2896 4691 diligendum
2953 4622 3154 4687 Deum,
3203 4618 3613 4690 paenitendum,
3665 4615 3774 4670 etc..

2118 4707 2612 4762 concionatoribus
2637 4707 2829 4762 tradit.
2867 4727 2896 4759 et
2927 4708 3202 4779 Cuperem
3234 4707 3342 4762 hoc
3397 4708 3540 4760 clare
3590 4706 3641 4756 et
3681 4699 3777 4753 dis-

2116 4796 2291 4850 tincte
2320 4795 2489 4863 tradi,
2519 4796 2759 4867 perinde
2786 4813 2908 4851 esse
2945 4796 3010 4851 in
3063 4800 3259 4851 nostra
3311 4797 3582 4867 potestate
3612 4786 3776 4844 omnia

2119 4884 2387 4938 exercitia
2438 4884 2738 4952 virtutum,
2797 4884 2870 4938 ad
2925 4901 3056 4955 quae
3101 4884 3389 4939 credimus
3444 4878 3775 4936 necessariam

2119 4987 2240 5026 esse
2271 4971 2576 5042 specialem
2613 4972 2712 5026 Dei
2745 4972 3011 5044 gratiam,
3041 4989 3106 5028 ac
3135 4972 3182 5026 si
3212 4973 3365 5026 solus
3406 4965 3670 5042 generalis
3696 4958 3774 5016 Dei

2118 5076 2427 5115 concursus
2458 5060 2768 5127 sufﬁceret,
2825 5060 2942 5115 imo
2974 5077 3038 5115 ac
3066 5060 3114 5114 si
3145 5076 3263 5114 non
3290 5063 3438 5115 esset
3484 5055 3588 5111 nisi
3615 5054 3775 5106 nostra

2119 5149 2238 5204 sola
2259 5150 2520 5204 voluntas
2561 5150 2631 5205 ad
2667 5165 2734 5204 ea
2785 5149 2982 5204 omnia
3010 5148 3303 5221 requisita.
3340 5167 3367 5201 ››
3421 5148 3485 5201 Et
3513 5146 3631 5216 post
3651 5152 3774 5194 non-

2119 5238 2277 5292 nulla
2329 5237 2538 5293 similia
2591 5238 2790 5292 addit:
2841 5258 2869 5287 «
2901 5239 2968 5293 Et
3018 5238 3141 5292 haec
3183 5253 3335 5308 saepe
3373 5229 3683 5294 desideravi,
3720 5228 3775 5279 ιιι

2117 5326 2471 5397 Augustinus
2500 5327 2688 5397 palam
2735 5329 2792 5380 et
2837 5329 3032 5397 aperte
3069 5324 3449 5397 respondisset
3491 5313 3772 5390 objicienti-

2117 5414 2226 5470 bus
2249 5414 2364 5487 ipsi
2390 5415 2542 5487 quod
2565 5432 2598 5470 a
2625 5414 3034 5486 praedicatione
3061 5409 3565 5486 praedestinationis
3591 5412 3643 5460 et
3667 5419 3772 5474 gra-

2119 5503 2215 5558 tia:
2243 5503 2584 5561 cessandum
2612 5507 2761 5560 esset
2805 5519 3001 5561 coram
3028 5502 3260 5576 populo.
3293 5520 3323 5554 io
3367 5498 3498 5564 Quis
3522 5508 3644 5550 vero
3671 5504 3767 5544 non
