3914 6186
113 285 208 335 773

1381 274 1705 331 VINDICIAE
1744 273 2296 330 AUGUSTINIANIE.

3487 278 3595 329 774

115 403 293 458 Videat
317 414 383 452 ex
404 396 500 450 illa
524 396 691 465 Vegae
714 396 914 466 regula
935 395 1254 450 orationem
1300 412 1599 467 nunquam
1632 397 1793 451 audi-
1832 398 1872 450 A
1906 396 2078 450 habet
2111 413 2123 450 :
2158 400 2300 462 Ergo
2331 410 2433 449 non
2460 399 2540 448 est
2561 394 2862 464 probabilis
2889 397 3154 449 sententia
3182 396 3496 462 Augustini.
3533 400 3595 451 In

118 492 311 546 toribus
346 486 740 539 inculcandam
790 486 957 539 esse?
1008 486 1228 539 Etenim
1284 486 1468 539 oratio
1518 491 1600 540 est
1650 485 1791 540 divi-

122 597 199 635 nm
235 576 411 649 gratia:
456 574 796 647 testiﬁcatio,
848 590 979 627 cum
1020 575 1228 628 -nullus
1274 580 1430 645 petat
1478 576 1546 630 ab
1610 577 1788 629 altero

122 667 363 721 auxilium
418 664 486 717 ad
534 663 767 733 aliquod
820 663 1190 730 faciendum,
1243 664 1397 733 quod
1454 681 1556 734 per
1609 670 1789 718 semet

120 772 259 827 aeque
286 753 439 807 facile
486 757 757 822 praestare
814 758 1034 822 potest,
1069 768 1181 822 quo
1238 759 1579 822 argumento
1634 754 1789 807 Pela-

115 844 307 915 giania
334 840 592 895 Patribus
614 840 855 894 convicti
880 846 1030 894 sunt.
1063 841 1120 894 Si
1168 841 1366 895 ﬁdeles
1412 842 1480 896 ad
1534 841 1789 895 divinam

113 948 260 1003 opem
314 929 730 1000 implorandam
780 928 1121 982 adhortandi
1166 933 1339 996 sunt,
1392 935 1458 984 ut
1506 929 1565 982 in
1615 930 1787 983 sacris

112 1018 369 1091 mysteriis
393 1016 526 1070 facit
553 1016 826 1081 Ecclesia,
882 1032 1002 1070 non
1053 1015 1132 1069 ita
1187 1017 1646 1071 commendanda
1703 1022 1789 1072 est

112 1110 347 1161 voluntas
377 1122 437 1159 ac
489 1104 535 1158 si
583 1107 703 1159 sola
750 1104 875 1175 ipsa
913 1105 984 1158 ad
1027 1104 1263 1159 virtutes
1308 1107 1680 1176 capessendas
1732 1110 1788 1159 et

110 1197 385 1267 fugiendas
413 1193 756 1249 tentationes
778 1193 885 1247 sibi
907 1193 1174 1248 sufﬁciat.
1208 1194 1380 1248 Miror
1409 1198 1621 1261 autem,
1656 1211 1786 1248 cum

112 1288 302 1356 Vegam
330 1286 475 1339 hanc
503 1284 845 1337 sententiam
877 1283 1093 1337 ibidem
1124 1283 1561 1337 interserentem
1593 1284 1785 1346 audio,

110 1376 295 1430 debere
339 1390 459 1435 nos,
494 1375 667 1441 ipsius
716 1388 867 1442 opem
905 1372 1145 1425 assiduis
1176 1377 1227 1426 et
1251 1375 1584 1441 importunis
1615 1375 1784 1440 gemi-

110 1467 235 1519 tibus
258 1466 525 1531 ﬂagitare.
552 1463 724 1515 Porro
756 1461 802 1513 si
831 1461 938 1515 hoc
968 1461 1166 1532 populi
1192 1461 1432 1514 docendi
1465 1466 1617 1527 sunt,
1672 1478 1786 1532 qua

110 1554 307 1607 ratione
341 1551 459 1604 sola
506 1549 813 1603 voluntatis
857 1550 1128 1603 humana:
1177 1550 1434 1619 potentia
1483 1550 1785 1604 asserenda

109 1647 182 1692 est
206 1640 231 1693 ?
258 1638 370 1692 imo
401 1655 625 1691 summa
654 1638 909 1709 ejusdem
937 1637 1239 1691 inﬁrmitas
1271 1638 1610 1700 ostenditur,
1645 1639 1783 1691 dum

110 1730 170 1783 ad
205 1728 354 1781 illam
385 1727 763 1797 adjuvandam
798 1726 898 1780 Dei
928 1726 1131 1795 gratia,
1164 1743 1278 1779 non
1320 1727 1504 1781 dicam
1553 1743 1782 1797 exspec-

110 1824 263 1883 tatur,
294 1817 389 1870 sed
422 1816 661 1871 assiduis
688 1821 739 1870 et
778 1818 1101 1884 importunis
1128 1817 1415 1884 gemitibus
1438 1818 1784 1886 imploratur.

112 1908 178 1959 De
204 1906 286 1958 his
314 1909 505 1958 autem
536 1904 674 1959 adeo
707 1903 883 1958 solide
920 1905 1039 1974 agit
1070 1902 1423 1973 Augustinus
1471 1904 1530 1957 in
1570 1904 1669 1957 lib.
1719 1904 1788 1958 de

113 1998 255 2049 Dono
283 2010 526 2063 persev.,
578 2010 611 2047 a
635 2010 758 2063 cap.
811 1994 874 2046 14
905 1998 961 2046 et
1001 2009 1145 2063 seq,
1180 1996 1242 2045 ut
1284 1992 1429 2046 nihil
1463 1993 1549 2046 vel
1581 1992 1787 2046 clarius

110 2085 185 2136 vel
234 2082 512 2136 efﬁcacius
563 2099 596 2135 a
642 2097 935 2151 quoquam
980 2080 1294 2135 desiderari
1339 2081 1536 2151 possit.
1603 2082 1789 2145 Quare

112 2173 257 2242 Vaga:
296 2169 687 2225 testimonium
726 2186 830 2222 nec
861 2169 1167 2223 adversarii
1206 2169 1316 2239 ipsi
1347 2169 1607 2239 probent,
1650 2169 1790 2223 dum

112 2275 169 2311 ea
196 2257 387 2311 astruit
408 2273 542 2327 quae
572 2256 801 2326 ipsimet
826 2256 1173 2326 improbent,
1205 2256 1251 2309 si
1273 2272 1409 2310 sane
1440 2256 1682 2326 sapiant.

114 2361 136 2423 ξ
163 2358 215 2410 Χ.
246 2352 532 2410 Dominici
560 2353 798 2407 Bannez
828 2352 1214 2407 testimonium
1242 2352 1422 2407 altius
1449 2355 1649 2407 contra
1671 2354 1792 2407 Au-

386 2424 687 2498 gustinum
713 2429 1121 2496 exaggeratam
1158 2423 1483 2479 discutitur.

178 2522 398 2594 Hispani
454 2523 629 2593 hujus
677 2521 964 2592 theologi,
1002 2538 1173 2592 quem
1227 2538 1453 2593 semper
1503 2522 1793 2577 infensum

115 2612 442 2666 recentiores
497 2610 712 2680 experti
756 2616 907 2675 sunt,
957 2610 1353 2664 testimonium
1398 2615 1596 2663 contra
1639 2627 1795 2663 sanc-

116 2704 222 2753 tum
251 2700 541 2754 doctorem
572 2698 774 2769 grandi
799 2698 1006 2751 ﬁducia
1037 2704 1407 2768 exaggerant,
1442 2699 1498 2751 in
1531 2714 1642 2769 qua
1674 2698 1796 2769 qui-

115 2790 228 2842 dem
256 2806 309 2842 re
340 2805 475 2842 cum
509 2790 659 2841 mala
688 2787 801 2841 ﬁde
825 2787 1156 2857 procedant,
1191 2787 1333 2841 illud
1359 2787 1524 2841 nobis
1549 2787 1793 2857 diligen-

114 2877 210 2929 tius
238 2876 680 2931 examinandum
712 2875 886 2929 venit.
931 2875 1205 2943 Adamus,
1248 2880 1393 2945 part.
1425 2892 1485 2928 ιιι
1530 2875 1617 2929 sui
1666 2875 1793 2929 Cal-

113 2965 216 3018 vini
250 2966 541 3031 destructi,
584 2981 707 3034 cap.
745 2968 799 3032 9,
857 2980 988 3034 pag.
1050 2967 1173 3030 667,
1237 2980 1366 3017 cum
1423 2963 1531 3017 sibi
1576 2963 1795 3017 licitum

114 3071 219 3107 esse
265 3055 473 3108 scribat
530 3054 708 3107 sancti
736 3052 1045 3123 Augustini
1096 3052 1439 3106 sententiam
1472 3052 1539 3106 de
1596 3070 1796 3123 repro-

114 3142 320 3197 batione
346 3162 417 3197 ex
451 3144 570 3197 solo
601 3146 830 3213 peccato
858 3141 1126 3211 originali
1158 3145 1342 3194 ortam
1376 3142 1613 3210 horrere,
1654 3142 1798 3209 quod

113 3237 269 3286 mater
292 3238 367 3287 est
400 3234 554 3286 illius
584 3247 747 3301 quam
779 3231 1031 3286 Calvinus
1063 3233 1217 3282 tanta
1243 3232 1520 3298 impietate
1557 3246 1619 3283 ac
1645 3230 1798 3283 rabie

112 3326 277 3374 contra
336 3322 638 3376 Ecclesium
696 3318 954 3383 inculcat,
1011 3318 1275 3371 Bannesii
1342 3317 1659 3388 patrocinio
1709 3318 1797 3371 vel

114 3410 419 3464 testimonio
451 3409 651 3475 utitur,
686 3408 763 3461 ita
794 3407 861 3461 de
910 3407 1107 3460 eadem
1166 3407 1448 3461 sententia
1492 3406 1798 3477 Augustini

112 3498 405 3566 scribentis,
444 3503 588 3569 part.
622 3515 662 3566 ι,
688 3500 888 3567 quaest.
922 3499 1014 3563 23,
1040 3500 1148 3549 art.
1184 3499 1214 3549 5
1246 3514 1261 3549 :
1300 3518 1321 3544 ι
1350 3498 1477 3549 Haec
1517 3494 1800 3549 sententia

113 3600 217 3639 non
244 3593 322 3640 est
350 3586 684 3658 probabilis.
722 3587 845 3639 Non
868 3584 1151 3638 modicam
1182 3585 1353 3637 habet
1380 3583 1795 3649 difﬁcultatem,

112 3674 453 3742 Impossibile
484 3675 711 3728 videtur
733 3678 788 3726 et
818 3673 1056 3726 omnino
1088 3671 1420 3725 incredibile
1451 3672 1607 3742 quod
1650 3673 1799 3725 Deus

110 3767 330 3831 propter
366 3764 600 3832 culpam
645 3762 982 3832 originalem
1029 3761 1323 3814 hominem
1372 3761 1790 3831 reprobaverit.

113 3850 214 3903 Hoc
242 3854 437 3906 nullus
468 3852 727 3906 ﬁdelium
758 3851 947 3905 dicere
978 3849 1227 3904 audebit.
1260 3849 1318 3904 Si
1348 3850 1413 3903 D.
1447 3850 1799 3919 Augustinus

113 3941 367 3995 voluisset
440 3941 730 3995 attendere
798 3939 1078 3993 malitiam
1135 3939 1306 4008 hujus
1346 3938 1797 4007 consequentiae,

108 4044 391 4100 nunquam
421 4030 709 4101 posuisset
753 4029 905 4099 quod
941 4027 1217 4097 originale
1270 4032 1563 4097 peccatum
1611 4028 1798 4081 solum

108 4121 183 4169 est
222 4134 388 4173 causa
436 4117 850 4188 reprobationis
900 4117 1161 4171 omnium
1204 4116 1642 4185 reprobatorum
1690 4115 1799 4169 ho-

109 4205 337 4261 minum.
379 4230 410 4257 ››
445 4211 725 4274 Annatus,
757 4206 860 4260 lib.
902 4222 999 4258 vni
1040 4205 1134 4258 cit.
1164 4246 1179 4273 ,
1218 4202 1339 4274 ca'p.
1389 4205 1444 4270 4,
1493 4220 1623 4275 pag.
1672 4206 1797 4271 874:,

108 4294 380 4362 prioribus
415 4295 662 4363 omissis,
702 4295 821 4361 illa,
858 4296 919 4349 Si
960 4297 1021 4348 D.
1057 4295 1418 4361 Augustinus,
1447 4299 1553 4348 etc.
1583 4338 1597 4363 ,
1631 4295 1797 4364 longe

107 4384 499 4450 grandioribus
530 4382 975 4448 characteribus,
1010 4399 1123 4452 quo
1164 4382 1391 4435 lectoris
1438 4384 1630 4437 oculos
1682 4388 1796 4437 sta-

107 4470 203 4524 tim
231 4478 285 4527 et
309 4478 513 4527 vocent
534 4477 590 4526 et
630 4472 928 4543 impleant,
973 4470 1243 4537 exaravit,
1294 4471 1503 4541 quibus
1546 4472 1798 4525 recensi-

106 4556 171 4609 tis
198 4558 471 4614 exclamat
495 4574 508 4611 :
542 4580 571 4606 «
602 4559 732 4611 Haec
763 4559 1006 4623 Bannez,
1028 4573 1157 4627 qua:
1178 4557 1439 4627 plerique
1462 4574 1579 4611 non
1602 4558 1798 4612 viden-

106 4649 192 4698 tur
218 4648 349 4701 satis
381 4647 686 4702 adveitisse
711 4688 724 4713 ,
759 4646 896 4700 dum
934 4644 1156 4699 Molinae
1213 4645 1510 4698 audaciam
1549 4660 1794 4715 exagge-

105 4741 224 4789 rant
249 4736 556 4791 indicantis
603 4734 819 4805 aliquid
873 4733 1015 4787 lucis
1066 4733 1383 4803 Augustino
1438 4733 1684 4787 defuisse
1736 4733 1798 4787 in

105 4824 451 4879 concilianda
476 4841 606 4878 cum
628 4827 818 4877 creata
857 4822 1119 4876 libertate
1161 4822 1487 4875 divinorum
1542 4823 1796 4877 decreto-

104 4924 225 4964 rum
262 4918 319 4965 et
362 4913 711 4965 auxiliorum
756 4910 1027 4965 efﬁcacia.
1055 4932 1078 4958 ι
1134 4911 1217 4964 Ita
1264 4910 1505 4981 insignis
1542 4911 1797 4982 theologi

102 4999 436 5069 sutfragium
465 5007 667 5053 contra
700 4999 1090 5070 Augustinum
1127 4998 1368 5068 jactant.

163 5087 415 5140 Adamus
446 5088 544 5141 illa
573 5092 771 5141 contra
806 5086 1193 5158 Augustinum
1243 5103 1275 5139 a
1320 5087 1595 5141 Bannesio
1647 5088 1796 5143 dicta

100 5180 517 5229 commentatur
549 5217 562 5242 ,
597 5191 844 5245 quorum
877 5174 1209 5246 oppositum
1240 5174 1336 5229 ille
1360 5175 1601 5245 scriptor
1638 5192 1795 5229 asse-

100 5263 208 5317 ruit
238 5280 249 5317 :
278 5264 494 5319 etenim
533 5265 644 5327 hic,
678 5264 911 5318 recitata
944 5263 1229 5318 sententia
1273 5262 1452 5316 sancti
1490 5264 1796 5333 Augustini

99 5350 162 5403 de
192 5353 713 5422 praedestinatione,
747 5353 958 5407 fatetur
1008 5369 1128 5407 non
1161 5352 1445 5406 modicam
1488 5351 1573 5405 illi
1609 5353 1794 5408 inesse

100 5436 516 5512 difﬁcultatem,
547 5446 602 5496 et
652 5440 867 5513 statim,
898 5446 964 5496 ut
1010 5441 1067 5497 id
1116 5441 1424 5510 ostendat,
1478 5457 1575 5495 sex
1622 5457 1794 5512 argu-

101 5533 291 5583 menta
323 5534 521 5585 contra
572 5530 833 5589 eamdem
886 5531 1185 5603 proponit,
1216 5530 1318 5587 ubi
1363 5530 1426 5585 in
1477 5529 1591 5587 ﬁne
1640 5530 1795 5586 tertii

1898 485 2012 537 ﬁne
2065 484 2337 537 secundi:
2384 484 2716 552 Impossibile
2771 484 2984 537 videtur
3022 489 3071 538 et
3109 488 3319 539 omnino
3366 487 3595 539 incredi-

1900 572 2021 639 bile,
2052 578 2191 638 etc.;
2226 589 2353 642 quae
2392 589 2503 625 non
2530 589 2597 625 ex
2636 572 2870 642 propria
2909 573 3207 638 sententia,
3258 574 3357 628 sed
3396 575 3593 629 adver-

1898 677 1994 713 sus
2026 662 2409 731 Augustinum
2457 661 2749 730 arguentis
2805 678 3050 731 persona
3098 661 3325 715 inducta
3380 663 3592 732 posuit,

1897 755 1961 803 ut
1988 754 2145 820 patet
2164 766 2228 803 ex
2261 749 2331 802 iis
2362 766 2491 820 quae
2512 754 2707 818 postea
2749 750 2934 804 tradit.
2972 751 3068 803 llle
3100 756 3289 804 autem
3328 757 3440 804 tres
3484 752 3592 806 ibi-

1896 838 2027 891 dem
2074 838 2383 891 sententias
2440 838 2653 890 refert:
2712 838 2957 907 primam
3015 839 3195 892 sancti
3264 840 3590 910 Augustini,

1895 928 2131 981 alteram
2159 926 2539 996 quorumdam
2569 925 3008 986 Thoniistarum,
3034 932 3378 997 postremam
3412 929 3592 983 sancti

1893 1016 2145 1069 Thomas.
2182 1016 2258 1069 De
2288 1014 2555 1079 secunda,
2587 1013 2614 1083 §
2659 1016 2917 1067 Prwterea
2954 1019 3305 1082 manifestum
3359 1021 3456 1084 est,
3512 1018 3591 1071 ita

1888 1112 2150 1182 judicat:
2202 1133 2225 1161 ε
2269 1115 2453 1182 Atque
2510 1112 2585 1164 ita
2625 1112 2874 1165 secunda
2928 1113 3118 1182 opinio
3175 1115 3337 1169 facile
3404 1118 3591 1184 potest

1896 1201 2219 1267 sustentari,
2281 1216 2468 1270 neque
2517 1199 2774 1253 existimo
2829 1200 3052 1253 differre
3086 1218 3118 1254 a
3188 1203 3467 1256 sententia
3523 1205 3587 1257 D.

1894 1291 2146 1357 Thomas,
2181 1290 2289 1344 nisi
2319 1289 2437 1344 solo
2468 1290 2720 1343 nomine.
2763 1308 2791 1342 ι)
2828 1291 3000 1342 Porro
3039 1292 3065 1356 §
3109 1291 3289 1343 Tertia
3327 1293 3592 1344 sententia

1894 1384 1972 1433 est
2013 1382 2077 1432 D.
2125 1382 2353 1447 Thomas,
2412 1380 2620 1433 collata
2675 1378 2977 1449 Augustini
3030 1378 3307 1431 sententia
3337 1394 3467 1432 cum
3496 1380 3595 1432 illa

1895 1470 2144 1523 secunda
2180 1470 2307 1523 ait:
2372 1488 2400 1520 ι(
2452 1469 2833 1539 Quapropter,
2886 1472 3085 1537 postea
3140 1466 3413 1533 dicemus,
3474 1484 3592 1521 non

1894 1563 1977 1611 est
2018 1557 2207 1611 minus
2252 1558 2581 1627 probabilis,
2614 1557 2729 1609 imo
2774 1557 2920 1609 forte
2957 1555 3310 1625 probabilior
3348 1557 3598 1610 secunda

1896 1644 1993 1696 illa
2022 1645 2324 1709 sententia,
2348 1661 2520 1715 quam
2552 1643 2735 1714 prima
2765 1644 2825 1695 D.
2850 1643 3174 1711 Augustini.
3204 1661 3229 1694 ι
3258 1644 3424 1711 Ergo,
3454 1648 3595 1698 teste

1898 1734 2196 1799 Bannesio,
2230 1732 2512 1786 sententia
2548 1731 2730 1785 sancti
2760 1730 3065 1800 Augustini
3112 1736 3197 1783 est
3241 1731 3595 1801 probabilis;

1894 1820 2013 1873 imo
2052 1820 2275 1875 dubitat
2329 1837 2401 1874 an
2446 1820 2694 1873 secunda
2753 1819 2824 1871 sit
2872 1818 3267 1889 probabilior(
3315 1821 3394 1873 ait
3441 1820 3593 1874 enim

1894 1911 2052 1975 forte)
2085 1909 2181 1962 illa
2212 1908 2387 1962 sancti
2419 1906 2719 1978 Augustini
2750 1911 2851 1964 est.
2875 1908 2993 1971 illa,
3028 1906 3284 1976 inquam,
3326 1908 3593 1976 secunda,

1897 2014 2071 2067 quam
2115 1998 2343 2051 differre
2391 2001 2617 2067 putata
2662 1994 2943 2048 sententia
2980 1996 3159 2048 sancti
3210 1995 3443 2049 Thomm
3489 2000 3601 2050 nisi

1896 2088 2004 2140 solo
2029 2088 2261 2140 nomine.
2309 2087 2452 2154 Ergo
2497 2085 2670 2138 falsus
2713 2082 3069 2137 convincitur
3116 2082 3367 2136 Adamus
3394 2127 3407 2149 ,
3460 2084 3599 2138 dum

1896 2175 2068 2228 verba
2106 2174 2249 2229 illa:
2293 2177 2434 2240 Ergo
2470 2190 2576 2226 non
2622 2177 2700 2226 est
2736 2172 3039 2240 probabilis
3080 2175 3344 2225 sententia
3378 2175 3601 2241 Augus-

1899 2265 2021 2332 tini,
2052 2280 2180 2334 quae
2204 2263 2481 2333 arguendi
2507 2263 2689 2332 gratia
2717 2259 2812 2313 ille
2834 2261 3134 2329 theologus
3156 2259 3318 2327 dixit,
3342 2261 3601 2331 ejusdem

1897 2352 2236 2406 sententiam
2265 2368 2385 2405 esse
2420 2348 2829 2420 pronuntiavit.
2885 2349 3100 2402 Rursus
3143 2348 3299 2402 idem
3349 2350 3417 2402 de
3463 2350 3602 2403 alte-

1898 2455 1961 2493 ro
1998 2439 2260 2494 Bannesii
2291 2440 2439 2494 dicto
2484 2438 2788 2493 dicendum
2811 2442 2918 2504 est,
2967 2438 3106 2492 dum
3150 2437 3209 2489 in
3263 2442 3599 2507 argumento

1900 2530 2148 2582 secundo
2179 2528 2260 2582 ait
2288 2544 2302 2581 :
2337 2549 2359 2577 ι
2398 2526 2754 2598 Impossibile
2784 2526 3007 2579 videtur
3037 2530 3093 2578 et
3122 2525 3376 2578 ommino
3416 2526 3601 2579 incre-
3630 2526 3639 2535 ’

1900 2617 2073 2671 dibile
2129 2616 2283 2686 quod
2315 2618 2463 2670 Deus
2494 2616 2563 2669 ab
2594 2618 2805 2669 zeterno
2830 2613 3091 2667 statuerit
3119 2613 3456 2682 originalem
3490 2614 3603 2666 cul-

1902 2722 2035 2776 pam
2070 2703 2513 2757 misericorditer
2559 2707 2614 2756 et
2653 2718 2782 2755 vere
2828 2700 3154 2766 remittere;
3205 2705 3262 2754 et
3308 2700 3603 2754 nihilomio

1902 2809 2011 2845 nus
2050 2797 2287 2862 propter
2322 2792 2479 2845 illam
2510 2792 2737 2861 culpam
2767 2790 3059 2843 hominem
3105 2789 3499 2859 reprobaverit
3530 2806 3543 2855 ;
3570 2809 3598 2840 »

1902 2885 1961 2934 et
1986 2883 2045 2933 in
2076 2881 2244 2933 tertio
2276 2883 2617 2950 argumento
2645 2878 2818 2931 infert
2847 2893 2859 2931 :
2906 2898 2933 2925 ι(
2962 2878 3104 2946 Ergo
3152 2876 3431 2946 originale
3470 2893 3601 2946 pec-

1833 2988 1871 3043 C
1907 2974 2094 3023 catum
2120 2970 2241 3039 jam
2275 2968 2576 3022 remissum
2625 2971 2709 3019 est
2746 2982 2916 3019 causa
2963 2969 3017 3019 et
3065 2965 3208 3018 ratio
3255 2965 3605 3019 condemna-

1903 3057 2077 3112 tionis
2108 3062 2358 3123 aeternae,
2395 3056 2549 3127 quod
2580 3056 2771 3108 nullus
2802 3054 3057 3108 ﬁdelium
3081 3054 3266 3108 dicere
3299 3053 3552 3108 audebit.
3580 3075 3599 3101 ι
3667 3100 3671 3103 τ

1903 3144 2153 3199 Adamus
2198 3161 2331 3198 vero
2379 3144 2592 3198 abrasis
2640 3143 2753 3197 illis
2800 3142 3005 3208 verbis,
3033 3147 3312 3212 peccatum
3344 3143 3465 3211 jam
3512 3158 3603 3196 re-

1903 3235 2147 3301 missum,
2182 3237 2315 3301 etc.,
2369 3232 2577 3303 raptim
2617 3232 2729 3286 alia
2758 3231 2818 3284 in
2867 3247 3043 3284 unam
3084 3231 3430 3285 sententiam
3477 3247 3606 3285 con-

1905 3321 2112 3391 gessit,
2168 3339 2281 3392 quo
2331 3306 2683 3375 acerbiorem
2730 3336 3028 3373 censuram
3080 3320 3315 3375 faceret.
3374 3320 3480 3374 Sed
3539 3336 3606 3374 ex

1904 3426 2152 3481 persona
2186 3410 2639 3465 adversariorum
2680 3408 2777 3462 illa
2812 3424 2868 3462 se
2908 3407 3113 3462 dixisse
3162 3408 3473 3462 Bannesius
3518 3424 3607 3461 os-

1904 3498 2112 3561 tendit.
2141 3498 2278 3552 dum
2304 3499 2477 3569 paulo
2510 3497 2747 3551 inferius
2780 3498 2900 3551 haec
2930 3497 3162 3551 scribit:
3199 3518 3226 3545 α
3259 3498 3369 3551 Sed
3412 3514 3604 3567 opera:

1903 3587 2156 3657 pretium
2187 3587 2302 3641 erit
2332 3587 2491 3657 prius
2544 3586 2808 3657 quaedam
2853 3586 3148 3639 advertere
3196 3586 3344 3638 circa
3376 3590 3606 3639 senten-

1904 3676 2043 3729 tiam
2073 3676 2397 3747 Augustini,
2426 3692 2555 3747 quae
2586 3676 2820 3729 omnino
2850 3675 3099 3729 cavenda
3124 3679 3254 3728 sunt
3282 3676 3354 3728 ab
3384 3675 3465 3728 eis
3507 3674 3608 3745 qui

1906 3763 2061 3818 illam
2094 3766 2295 3818 volunt
2326 3764 2630 3818 defendere
2665 3804 2680 3817 .
2720 3784 2747 3811 ››
2784 3764 2848 3816 Et
2886 3763 3077 3817 statim
3110 3779 3123 3817 :
3157 3781 3185 3813 (ι
3224 3766 3366 3817 Ante
3412 3765 3608 3816 omnia

1906 3852 2219 3904 cavendum
2269 3857 2351 3905 est
2398 3868 2471 3905 ne
2520 3851 2861 3905 concedatur
2914 3852 3069 3920 quod
3119 3849 3325 3919 aliquis
3371 3854 3609 3919 propter

1906 3939 2183 4009 originale
2222 3945 2517 4010 peccatum
2551 3940 2673 4010 jam
2718 3939 3019 3993 remissum
3051 3942 3324 4007 tanquam
3371 3942 3609 4007 propter

1908 4043 2135 4080 causam
2166 4028 2591 4081 demeritoriam
2623 4028 2929 4081 damnetur
2974 4042 3142 4096 pmna
3185 4024 3403 4090 damni,
3441 4046 3462 4073 ι
3498 4029 3604 4078 etc.

1908 4116 1983 4168 Ex
2014 4115 2221 4185 quibus
2261 4120 2416 4185 patet
2475 4116 2632 4169 illam
2684 4114 3157 4185 propositionem,
3208 4128 3383 4183 quam
3438 4112 3610 4167 infert

1904 4204 1964 4258 in
1995 4204 2386 4275 argumentis:
2428 4204 2705 4271 Originale
2748 4206 3024 4272 peccatum
3047 4203 3168 4270 jam
3205 4204 3486 4255 remissum
3531 4206 3608 4255 est

1837 4278 2073 4349 Dcausa
2105 4298 2156 4348 et
2209 4296 2353 4347 ratio
2409 4293 2866 4347 condemnationis
2911 4296 3138 4353 aeternae,
3195 4306 3315 4344 esse
3371 4289 3608 4344 omnino

1911 4384 2231 4454 negandam
2282 4384 2353 4437 ab
2403 4381 2473 4435 iis
2528 4380 2627 4452 qui
2677 4381 2877 4435 volunt
2916 4379 3215 4433 defendere
3264 4378 3608 4433 sententiam

1878 4472 2087 4549 sancti
2118 4470 2381 4525 doctoris.
2416 4470 2622 4535 Quare,
2655 4469 2702 4522 si
2746 4469 2904 4522 illam
2943 4467 3397 4538 propositionem
3433 4467 3609 4522 veluti

1908 4560 2214 4614 absurdam
2252 4560 2449 4629 procul
2493 4558 2564 4612 ab
2605 4561 2817 4611 asserto
2860 4555 3167 4627 Augustini
3205 4556 3610 4611 removendam

1907 4654 2089 4719 putat,
2120 4648 2219 4718 qui
2247 4647 2371 4701 ﬁeri
2399 4652 2590 4717 potest
2617 4651 2682 4700 ut
2710 4647 2973 4700 eamdem
3000 4646 3242 4717 ipsemet
3290 4635 3607 4717 Augustino

1906 4736 2211 4807 imponat?
2241 4737 2306 4789 Et
2335 4734 2569 4805 quidem
2602 4750 2890 4804 nusquam
2919 4734 3269 4802 Augustinus
3297 4734 3437 4788 dixit
3484 4749 3610 4803 pec-

1908 4830 2099 4878 catum
2132 4823 2413 4893 originale
2453 4821 2757 4876 remissum
2787 4839 2908 4876 esse
2942 4824 3119 4877 solam
3152 4839 3380 4877 causam
3421 4827 3476 4875 et
3508 4838 3604 4875 ra-

1907 4914 2123 4967 tionem
2155 4928 2257 4965 cur
2284 4910 2522 4980 plurimi
2547 4911 2945 4980 reprobentur,
2978 4911 3056 4964 ita
3086 4916 3147 4964 ut
3192 4910 3509 4964 formaliter
3547 4909 3608 4963 id

1906 5000 2282 5070 intelligatur,
2310 5000 2376 5053 de
2417 5015 2529 5069 quo
2556 4998 2723 5069 plura
2750 4998 2998 5053 diximus
3028 5016 3152 5068 cap.
3178 4999 3232 5063 4,
3266 5000 3293 5065 §
3324 5000 3407 5053 t0.

1978 5090 2105 5142 Haec
2129 5093 2327 5141 contra
2355 5087 2513 5141 testis
2543 5088 2950 5142 conductorem
3006 5088 3155 5141 dicta
3213 5091 3379 5140 sunto
3414 5102 3427 5139 :
3484 5086 3607 5157 jam

1905 5194 2037 5231 cum
2058 5177 2304 5248 ipsemet
2338 5177 2617 5231 Bannesio
2649 5194 2737 5231 res
2767 5177 2841 5231 sit
2870 5194 2882 5231 :
2914 5175 3077 5245 cujus
3099 5174 3266 5227 verba
3297 5190 3411 5245 quo
3442 5180 3607 5245 pacto

1905 5266 1975 5321 ab
2024 5270 2247 5322 Annato
2278 5266 2524 5320 citantur
2553 5266 2633 5319 ita
2678 5281 2735 5319 se
2764 5265 2979 5318 habent
3014 5278 3026 5316 :
3062 5282 3089 5309 «
3134 5262 3227 5316 Est
3257 5262 3507 5333 denique
3538 5264 3608 5317 de

1903 5356 2012 5409 hac
2052 5373 2113 5410 re
2143 5360 2401 5410 nostrum
2435 5354 2737 5426 judicium,
2769 5352 2817 5405 si
2858 5350 2996 5421 quid
3027 5351 3196 5405 valet.
3248 5351 3607 5406 Crediderim

1906 5444 2062 5499 enim
2086 5445 2238 5515 quod
2269 5444 2619 5516 Augustinus
2642 5445 2862 5497 tantum
2884 5439 2992 5494 fuit
3021 5440 3297 5497 sollicitus
3316 5441 3608 5496 destruere

1905 5548 2160 5588 errorem
2184 5534 2624 5605 Pelagianorum
2672 5529 3049 5587 asserentium
3099 5530 3305 5586 merita
3348 5529 3611 5601 praescita
