3894 6184
340 231 442 280 775

1334 217 1890 276 SUPPLEMENTUM
1930 218 2019 272 AD
2056 217 2290 273 OPERA
2329 218 2383 271 s.
2429 218 2814 275 AUGUSTINI.
3693 243 3776 293 ηδ

340 363 569 403 causam
616 363 739 403 esse
787 345 994 402 divinae
1058 341 1570 414 prmdestiuationis
1615 344 1672 395 et
1715 339 2028 406 electionis,
2069 343 2114 398 Α
2143 338 2281 393 dum
2329 339 2672 409 disputantis
2717 339 2913 411 loqui:
2957 341 3110 411 quod
3161 342 3328 397 etiam
3374 355 3575 406 constat
3614 371 3672 408 ex
3722 359 3774 412 iis

341 442 396 492 et
440 438 574 510 quia
621 439 670 490 si
710 435 1102 492 consideretur
1144 431 1298 502 quod
1337 429 1693 501 prmscieutia
1742 430 2028 484 malorum

340 542 578 597 operum
609 527 750 579 Esau
779 523 888 578 fuit
933 537 1101 575 causa
1147 517 1570 588 reprobationis
1621 517 1820 588 ipsius,
1869 517 2031 570 vide-

341 613 510 667 batur
556 615 613 666 D.
670 609 988 680 Augustino
1034 606 1225 661 statim
1271 605 1395 660 ﬁeri
1444 621 1816 675 consequens,
1877 604 2033 674 quod

340 702 510 755 etiam
539 700 728 753 futura
756 699 907 751 bona
921 712 1093 766 opera
1121 695 1290 750 Jacob
1318 694 1530 748 fuerint
1549 709 1717 747 causa
1731 693 2029 763 prmdesti-

339 789 586 844 nationis
613 786 820 857 ipsius;
858 789 1162 856 propterea
1189 800 1413 854 semper
1455 783 1682 852 negavit
1726 781 2026 852 prmscien-

338 878 476 932 tiam
517 875 798 929 malorum
840 889 1080 944 operum
1119 873 1260 926 Esau
1290 887 1520 925 causam
1552 870 1726 924 fuisse
1758 870 2030 939 reproba-

337 965 509 1018 tionis
539 962 736 1033 ipsius.
772 982 794 1011 ι
836 961 1137 1016 Rationem
1174 977 1307 1014 vero
1359 960 1521 1030 ponit
1563 976 1664 1013 cur
1707 958 1888 1012 illatio
1936 958 2033 1011 illa

336 1071 452 1108 non
482 1053 554 1107 sit
583 1053 860 1122 legitima,
893 1066 959 1105 eo
991 1050 1144 1122 quod
1176 1049 1298 1120 ipsa
1329 1049 1532 1103 merita
1557 1049 1704 1102 bona
1737 1051 1870 1101 sunt
1900 1046 2032 1100 effe-

337 1147 458 1198 ctus
496 1139 1036 1213 praadestinationis,
1067 1143 1294 1210 peccata
1321 1154 1455 1192 vero
1478 1153 1592 1191 non
1631 1140 1765 1190 sunt
1803 1135 2034 1189 effectus

338 1228 792 1304 reprobationis;
821 1228 971 1283 unde
1001 1228 1146 1281 bene
1175 1230 1415 1297 possunt
1445 1241 1564 1280 esse
1595 1225 1742 1280 ratio
1780 1227 1837 1279 et
1865 1240 2035 1278 causa

338 1317 774 1391 reprobationis.
802 1316 1056 1370 Tandem
1085 1315 1244 1370 addit
1271 1331 1593 1383 censuram,
1635 1330 1810 1385 quam
1859 1329 2032 1384 gran-

339 1409 595 1464 dioribus
625 1404 1044 1461 characteribus
1069 1407 1324 1459 Aunatus
1356 1403 1664 1474 expressit:
1705 1424 1726 1452 ι
1763 1395 2030 1473 Propter-

339 1515 406 1552 ea
436 1496 796 1550 manifestum
831 1498 913 1548 est
955 1493 1107 1564 quod
1159 1509 1273 1546 non
1319 1498 1404 1546 est
1445 1493 1642 1546 eadem
1686 1491 1832 1545 ratio
1883 1508 2032 1562 prae-

337 1584 730 1641 destinationis
754 1588 809 1637 et
834 1581 1272 1652 rcprobationis,
1323 1586 1388 1635 ut
1436 1581 1486 1634 si
1533 1581 1700 1634 detur
1751 1596 1918 1635 causa
1945 1597 2033 1634 re-

338 1672 688 1746 probationis
719 1687 784 1726 ex
811 1674 971 1742 parte
1002 1673 1214 1736 nostra,
1248 1670 1434 1734 detur,
1467 1668 1639 1723 etiam
1671 1668 2035 1740 praedestina-

336 1761 526 1817 tionis.
575 1759 628 1815 Si
674 1759 868 1829 itaque
919 1759 982 1812 D.
1031 1756 1384 1828 Augustinus
1423 1757 1696 1811 voluisset
1739 1757 2034 1810 attendere

340 1850 617 1905 malitiam
676 1847 849 1918 hujus
898 1845 1343 1916 consequentim,
1397 1861 1694 1916 nunquam
1752 1845 2035 1915 posuisset

339 1939 492 2012 quod
547 1935 946 1992 universalitcr
1006 1934 1286 2004 originale
1346 1940 1643 2005 peccatum
1697 1935 1882 1988 solum
1953 1938 2037 1988 est

335 2044 507 2082 causa
550 2021 988 2096 reprobatiouis,
1023 2042 1048 2074 ››
1099 2026 1204 2076 etc.
1258 2022 1506 2076 Produxi
1551 2022 1701 2076 illius
1746 2022 2035 2093 scriptoris

335 2122 512 2172 totam
538 2116 655 2171 fere
677 2114 1038 2181 sententiam,
1061 2128 1233 2182 quam
1256 2117 1450 2166 contra
1465 2112 1847 2182 Augustinum
1873 2112 2032 2177 tulit;

335 2223 471 2260 nam
505 2205 604 2259 ubi
635 2205 898 2258 eamdem
927 2202 1315 2268 confutavero,
1349 2201 1493 2255 nihil
1523 2217 1590 2254 ex
1611 2201 1872 2256 Bannesii
1910 2216 2036 2254 cen-

337 2311 469 2348 sura
500 2291 813 2365 preejudicii
859 2290 1174 2362 Augustino
1224 2290 1350 2344 fieri
1393 2290 1690 2344 constabit.
1727 2291 1788 2343 In
1833 2289 2037 2360 primis

339 2399 452 2436 non
484 2386 636 2436 recte
665 2379 908 2434 credidit
934 2379 992 2432 in
1023 2379 1169 2432 libro
1219 2395 1234 2431 ι
1264 2378 1331 2431 ad
1372 2377 1798 2448 Simplicianam
1831 2381 2033 2448 quaest.

336 2476 390 2537 2,
420 2471 519 2525 ubi
560 2487 628 2525 ea
656 2470 726 2524 de
755 2485 816 2524 re
848 2471 1072 2522 sanctus
1103 2468 1299 2522 doctor
1327 2466 1507 2520 fusius
1545 2466 1686 2537 agit,
1729 2466 2036 2520 sollicitum

336 2559 500 2613 illum
527 2553 699 2613 fuisse
742 2557 950 2613 erroris
998 2555 1435 2626 Pelagianorum
1485 2553 1850 2621 confutandi;
1879 2569 2034 2628 ,nam

336 2648 480 2702 liber
514 2647 610 2702 ille
654 2650 916 2700 exaratus
958 2649 1043 2699 est
1087 2643 1252 2698 initio
1302 2643 1662 2718 episcopatus
1709 2629 2030 2712 Augustini,

334 2753 402 2790 ex
430 2736 526 2791 lib.
562 2753 600 2790 ιι
631 2737 898 2799 Retract.,
921 2751 1042 2804 cap.
1071 2737 1120 2800 l,
1155 2739 1213 2787 et
1237 2732 1342 2787 lib.
1391 2733 1461 2786 de
1500 2731 1764 2786 Praedest.
1808 2734 2031 2783 sancto-

333 2841 486 2890 rum,
520 2841 642 2896 cap.
675 2826 729 2878 4.
765 2823 972 2878 Incidit
998 2838 1130 2876 vero
1173 2821 1403 2874 initium
1451 2820 1809 2891 episcopatus
1851 2816 2034 2871 sancti

2143 443 2273 498 qua:
2294 430 2466 498 paulo
2488 429 2726 483 inferius
2753 428 2950 500 ponit:
2989 447 3017 479 «
3052 431 3343 498 Utautem,
3374 434 3562 507 inquit,
3602 443 3773 501 odisset

2145 517 2308 582 Esau,
2351 517 2462 570 nisi
2509 517 2805 586 injustitize
2856 517 3062 572 merito
3121 518 3388 589 injustum
3433 531 3527 579 est.
3565 529 3706 592 Quod
3744 536 3776 587 si

2142 605 2524 674 concedimus,
2558 606 2762 676 incipit
2807 611 2862 660 et
2907 607 3080 661 Jacob
3129 607 3357 677 justitia:
3401 615 3586 669 merito
3626 619 3777 692 diligi.

2144 694 2303 757 Quod
2335 694 2381 747 si
2407 711 2602 748 verum
2621 699 2724 762 est,
2748 695 2956 749 falsum
2976 699 3058 749 est
3085 697 3234 767 quod
3258 713 3368 752 non
3389 716 3452 754 ex
3480 707 3733 772 operibus.
3756 732 3774 760 »

2142 781 2414 834 Videatur
2442 781 2469 851 ἓ
2493 783 2600 838 Cur
2628 785 2768 836 enim
2803 787 2881 837 est
2915 783 3255 852 improbatus
3302 787 3471 842 Esau.
3521 792 3778 863 Disputans

2140 869 2317 941 igitur
2346 871 2505 925 illam
2547 871 3012 942 consequentiam
3044 872 3255 937 intulit,
3289 891 3402 929 non
3438 880 3578 948 quod
3620 898 3778 940 veram

2140 958 2299 1013 illam
2331 959 2725 1027 arbitraretur,
2760 964 2822 1014 ut
2851 961 3126 1016 dicemus.
3160 963 3294 1016 Tota
3329 964 3497 1035 igitur
3538 968 3612 1021 vis
3655 971 3780 1026 illius

2141 1047 2412 1102 illationis
2444 1053 2528 1103 est
2557 1049 2617 1103 in
2652 1049 2838 1104 verbis
2881 1050 3154 1120 Apostoli,
3199 1052 3298 1122 qui
3349 1060 3530 1124 aperte
3573 1057 3779 1114 excludit

2142 1137 2293 1192 bona
2325 1154 2501 1208 opera
2530 1155 2631 1192 cur
2655 1137 2826 1192 fuerit
2869 1138 3109 1194 dilectus
3160 1139 3346 1204 Jacob,
3398 1147 3452 1195 et
3493 1145 3629 1197 mala
3669 1146 3777 1200 item

2141 1242 2314 1296 opera
2342 1226 2412 1279 ob
2443 1243 2571 1297 qum
2605 1226 2736 1281 odio
2765 1227 2994 1281 habitus
3033 1226 3208 1281 fuerit
3248 1229 3388 1283 Esau
3419 1246 3430 1283 :
3459 1230 3631 1302 inquit
3657 1235 3777 1288 enim

2141 1319 2450 1386 antequam
2481 1316 2699 1384 aliquid
2751 1316 2876 1370 boni
2913 1318 3142 1385 egissent
3183 1321 3280 1370 aut
3313 1319 3443 1372 mali
3478 1321 3619 1390 quod
3659 1321 3779 1377 idem

2142 1408 2229 1457 est
2253 1421 2317 1458 ac
2347 1408 2656 1475 antequam
2689 1404 2882 1476 aliqua
2921 1421 3096 1476 opera
3125 1405 3295 1472 mala,
3337 1411 3432 1460 aut
3480 1407 3618 1462 bona
3660 1411 3781 1481 egis-

2142 1497 2283 1560 sent,
2313 1509 2418 1548 non
2448 1510 2514 1547 ear:
2540 1495 2808 1564 operibus,
2842 1510 3049 1565 nempe
3093 1494 3259 1548 bonis
3306 1497 3388 1549 vel
3436 1497 3610 1565 malis,
3649 1500 3782 1553 Jacab

2145 1582 2335 1648 dilexi,
2386 1585 2533 1636 Esau
2590 1588 2767 1636 autem
2823 1583 2942 1637 odio
2993 1583 3178 1637 habui.
3235 1583 3390 1637 Unde
3433 1589 3578 1654 patet
3617 1586 3781 1639 falsum

2145 1685 2265 1722 esse
2309 1669 2460 1740 quod
2514 1669 2594 1723 ait
2641 1669 2920 1739 Baunez§
2972 1671 3270 1739 Propterea
3333 1674 3658 1738 manifestum
3705 1679 3780 1736 est,

2142 1759 2384 1812 Paulum
2417 1758 2553 1811 dum
2586 1758 2683 1823 ait,
2718 1773 2823 1812 non
2865 1774 2932 1812 ea:
2970 1759 3250 1828 operibus,
3299 1759 3454 1830 loqui
3494 1766 3690 1814 tantum
3728 1763 3780 1815 de

2142 1846 2412 1916 operibus
2442 1845 2606 1900 bonis
2631 1846 2840 1914 Jacob;
2875 1863 3032 1914 nam,
3071 1851 3136 1901 ut
3183 1847 3264 1901 ait
3299 1849 3648 1917 Augustinus,
3695 1852 3784 1903 Non

2141 1952 2208 1988 ea:
2234 1935 2503 2004 operibus,
2531 1939 2581 1988 et
2606 1935 2730 1989 inde
2751 1937 2846 1989 hoc
2868 1937 3087 2004 probat,
3117 1939 3251 2004 quia
3292 1937 3356 1992 de
3393 1938 3614 1991 nondum
3652 1942 3783 2005 natis,

2139 2025 2483 2092 nondumque
2519 2024 2735 2092 aliquid
2779 2028 3014 2094 operatis
3057 2023 3153 2079 hoc
3199 2025 3406 2080 dictum
3450 2031 3558 2092 est;
3606 2043 3717 2080 nam
3751 2027 3781 2077 si

2143 2129 2315 2184 opera
2338 2117 2562 2167 tantum
2590 2113 2743 2166 bona
2778 2114 2946 2168 Jacob
2983 2114 3284 2169 excludere
3331 2115 3605 2183 voluisset,
3649 2114 3781 2169 dixis-

2143 2205 2245 2266 set,
2279 2202 2407 2257 Cum
2429 2201 2665 2254 nondum
2685 2206 2846 2255 natus
2873 2203 3090 2270 fuisset,
3123 2208 3219 2257 aut
3275 2203 3488 2272 aliquid
3525 2203 3638 2257 boni
3672 2205 3783 2268 egis-

2143 2295 2241 2358 set,
2265 2293 2370 2343 etc.
2399 2330 2412 2354 ,
2448 2305 2554 2343 non
2592 2305 2659 2342 ea:
2711 2291 2979 2359 operibus,
3022 2289 3117 2344 sed
3149 2307 3216 2344 ex
3258 2297 3473 2346 vocante
3497 2291 3678 2345 dictum
3711 2295 3782 2354 est,

2143 2380 2273 2446 quia
2298 2378 2475 2444 major
2494 2380 2686 2432 serviet
2715 2380 2932 2433 minori.
2958 2380 3155 2449 Itaque
3186 2384 3409 2434 certum
3441 2384 3520 2434 est
3555 2378 3627 2432 ibi
3665 2382 3780 2448 Apo-

2141 2467 2348 2521 stolum
2378 2467 2533 2537 loqui
2555 2467 2624 2522 de
2658 2467 2926 2536 operibus
2954 2467 3281 2538 utriusque.
3319 2469 3473 2532 Quod
3505 2467 3661 2522 etiam
3686 2481 3786 2519 con-

2141 2555 2404 2610 ﬁrmatur
2433 2571 2497 2608 ex
2527 2555 2597 2608 iis
2626 2571 2755 2626 quas
2784 2555 2997 2610 ibidem
3029 2557 3187 2611 addit
3215 2573 3232 2610 :
3266 2558 3438 2612 Jacob
3476 2557 3648 2622 dilexi,
3675 2558 3786 2610 Esau

2141 2648 2320 2696 autem
2343 2643 2464 2696 odio
2486 2644 2674 2698 hahui.
2709 2644 2852 2710 Quid
2877 2659 3001 2710 ergo
3033 2645 3286 2701 dicemus
3305 2649 3332 2701 ‘2
3352 2645 3586 2714 nunquid
3620 2644 3788 2711 iniqui-

2143 2737 2225 2786 tas
2255 2732 2405 2800 apud
2429 2735 2636 2786 Deum?
2669 2732 2809 2786 Cum
2840 2739 3042 2788 neuter
3069 2735 3258 2804 egerit
3305 2735 3514 2806 aliquid
3559 2733 3677 2787 boni
3717 2736 3790 2783 aut

2141 2820 2300 2887 mali,
2331 2836 2512 2874 unum
2545 2824 2738 2874 tamen
2760 2822 2905 2876 Deus
2926 2822 3135 2893 diligit,
3160 2824 3412 2878 alterum
3458 2823 3580 2876 odio
3621 2820 3785 2881 habet;

338 2915 519 2969 Patris
559 2913 620 2967 in
665 2928 878 2967 annum
920 2913 1043 2977 305,
1096 2925 1228 2964 cum
1271 2909 1565 2978 Pelagiani
1611 2923 1762 2962 anno
1807 2910 2031 2960 tantum
2069 2933 2108 2987 ρ
2142 2925 2255 2980 qua
2298 2925 2434 2980 ergo
2473 2909 2696 2978 justitia
2735 2909 2794 2964 id
2839 2911 2970 2964 facit
3021 2913 3221 2966 Deus?
3249 2917 3317 2968 At
3359 2912 3405 2966 si
3452 2914 3590 2966 Deus
3634 2910 3786 2962 futura

332 3005 428 3058 411
471 3017 744 3073 apparere
770 3000 829 3053 in
857 2999 991 3053 orbe
1022 2997 1318 3068 cmperint.
1353 2997 1532 3067 Igitur
1559 3014 1625 3050 eo
1653 2998 1712 3050 in
1740 3010 1912 3066 opere
1963 2993 2032 3047 ad

333 3091 769 3161 Simplicianam
826 3102 1192 3157 nequaquam
1272 3085 1710 3156 Pelagianorum
1785 3099 2033 3138 errorem

332 3176 683 3243 confutabat,
715 3176 813 3230 sed
855 3180 1085 3246 rogatus
1125 3175 1196 3229 ab
1240 3175 1441 3229 eodem
1478 3173 1730 3228 antistite
1762 3172 2031 3228 Mediola-

334 3263 496 3317 nensi
517 3265 688 3332 caput
718 3262 1024 3333 septimum
1057 3261 1312 3332 epistola:
1360 3261 1521 3315 Pauli
1565 3261 1635 3316 ad
1683 3263 2033 3328 Romanos,a

329 3368 472 3407 vers.
509 3354 574 3405 l0
602 3367 783 3422 usque
812 3351 880 3405 ad
915 3354 1001 3418 30,
1035 3350 1114 3404 ita
1143 3350 1296 3403 enim
1326 3349 1423 3404 ille
1471 3349 1730 3421 petierat,
1772 3351 1893 3404 fuse
1936 3366 2030 3404 ex-

330 3439 552 3510 plicuit,
586 3443 650 3493 ut
677 3443 830 3509 patet
860 3456 924 3493 ex
954 3438 1120 3493 initio
1153 3438 1484 3508 quaestionis
1515 3440 1802 3494 secundm.
1853 3441 2029 3494 Porro

331 3528 605 3600 prolixius
633 3529 887 3598 disputat
911 3528 980 3582 de
1011 3527 1124 3582 illis
1156 3528 1316 3582 Pauli
1336 3527 1521 3582 verbis
1551 3544 1583 3582 a
1623 3527 1883 3583 versione
1922 3532 1975 3582 ll
2015 3545 2026 3582 :

329 3619 465 3673 Cum
485 3619 625 3672 enim
661 3617 902 3672 nondum
923 3621 1046 3671 nati
1069 3619 1321 3685 fuissent,
1347 3623 1442 3672 aut
1463 3619 1678 3686 aliquid
1726 3617 1850 3671 boni
1884 3619 2030 3682 egis—

327 3711 444 3761 sent
486 3710 584 3760 aut
611 3707 744 3760 mali
766 3705 849 3774 (ut
884 3707 1176 3760 secundum
1213 3708 1514 3760 electionem
1547 3709 1887 3775 propositum
1927 3706 2034 3758 Dei

326 3797 610 3864 maneret),
651 3810 756 3849 non
775 3812 841 3849 ea:
871 3795 1142 3864 operibus,
1176 3795 1270 3850 sed
1289 3811 1356 3850 ex
1381 3799 1601 3849 vocante
1625 3795 1829 3848 dictum
1850 3798 1927 3848 est
1957 3795 2027 3858 ei,

327 3886 460 3952 quia
510 3884 692 3952 major
732 3887 925 3938 serviet
972 3886 1174 3938 minori
1216 3887 1354 3938 sicut
1399 3886 1663 3952 scriptum
1710 3888 1828 3936 est:
1867 3881 2028 3936 Jacob

325 3973 522 4041 dilexi,
546 3975 695 4026 Esau
731 3977 909 4026 autem
934 3972 1058 4027 odio
1097 3972 1284 4026 habui.
1331 3971 1434 4027 Ubi
1473 3988 1603 4026 cum
1643 3971 2026 4025 demonstras-

325 4064 407 4113 set
434 4060 604 4114 Jacob
642 4075 762 4114 non
790 4060 964 4114 fuisse
993 4062 1237 4116 electum
1268 4061 1339 4115 ob
1373 4077 1546 4132 opera
1576 4060 1726 4114 bona
1763 4060 2023 4131 praevisa,

325 4147 479 4202 idem
511 4164 545 4201 a
593 4148 717 4218 pari
761 4147 1070 4203 dicendum
1105 4165 1228 4204 esse
1266 4149 1464 4204 intulit
1502 4149 1571 4203 de
1612 4150 1778 4215 Esau,
1819 4164 2025 4218 nempe

2140 2999 2291 3052 mala
2323 3013 2498 3069 opera
2525 2999 2666 3052 Esau
2696 2998 3069 3068 praevidisset,
3101 3002 3298 3056 nullus
3328 3002 3492 3056 datur
3527 2996 3780 3053 calumniae

2139 3087 2314 3141 locus.
2350 3088 2424 3140 Ex
2465 3087 2553 3141 his
2606 3092 2843 3158 apparet
2892 3088 2975 3142 vis
3018 3089 3174 3144 illius
3216 3089 3474 3160 paritatis
3514 3103 3669 3160 quam
3709 3099 3784 3154 per

2139 3174 2378 3228 modum
2421 3175 2763 3244 disputantis
2810 3175 2973 3230 affert
3017 3183 3250 3232 sanctus
3296 3179 3523 3232 doctor:
3567 3191 3685 3229 nam
3728 3173 3785 3225 ita

2138 3262 2440 3316 discurrit:
2472 3264 2533 3318 Si
2571 3265 2712 3317 enim
2758 3267 2891 3333 quia
2927 3267 3253 3334 praesciebat
3301 3268 3445 3321 Deus
3483 3267 3660 3332 futura
3698 3263 3785 3329 ejus

2137 3366 2301 3420 opera
2352 3352 2516 3417 mala,
2566 3357 2856 3420 propterea
2899 3369 3016 3408 eum
3054 3355 3470 3423 praedestinavit
3515 3360 3572 3408 ut
3606 3353 3787 3406 serviret

2137 3442 2356 3507 minori,
2389 3456 2525 3510 ergo
2543 3441 2957 3508 praedestinavit
2978 3447 3025 3496 et
3051 3445 3240 3512 Iacob,
3270 3449 3328 3498 ut
3369 3448 3418 3498 ei
3445 3443 3611 3511 major
3654 3439 3782 3494 servi-

2136 3533 2236 3596 ret,
2271 3531 2403 3597 quia
2431 3531 2626 3596 futura
2649 3529 2765 3598 ejus
2792 3530 2930 3584 bona
2973 3548 3135 3601 opera
3172 3534 3506 3602 praesciebat.
3543 3533 3657 3585 Haec
3685 3528 3785 3581 illa-

2136 3617 2216 3670 tio
2248 3617 2539 3687 probatur,
2564 3619 2697 3687 quia
2727 3619 3026 3690 aequaliter
3055 3622 3440 3676 excluduntur
3466 3619 3534 3673 ab
3563 3611 3787 3687 Apostolo

2139 3721 2314 3775 opera
2343 3706 2490 3760 bona
2521 3724 2621 3760 cur
2647 3707 2820 3762 fuerit
2852 3709 3021 3762 Jacob
3071 3710 3309 3777 electus,
3358 3727 3421 3764 ac
3469 3723 3632 3778 opera
3674 3702 3789 3757 mala

2136 3794 2206 3846 ob
2237 3810 2365 3865 qua:
2391 3795 2536 3849 Esau
2567 3796 2737 3850 fuerit
2767 3797 3142 3867 reprobatus;
3178 3815 3315 3869 ergo
3344 3797 3516 3852 currit
3541 3809 3637 3866 par
3677 3788 3788 3843 ratio

2136 3881 2206 3935 de
2258 3882 2526 3953 operibus
2575 3883 2873 3955 utriusque
2920 3885 2979 3939 in
3026 3887 3232 3942 ordine
3278 3888 3348 3942 ad
3404 3899 3664 3948 amorem,
3722 3874 3786 3928 τε]

2135 3975 2355 4030 odium.
2381 3977 2448 4030 Et
2476 3977 2556 4031 ita
2583 3977 2837 4050 disputat
2874 3980 3254 4050 Augustinus,
3280 3979 3552 4052 judicium
3597 3970 3786 4029 interim

2140 4064 2514 4134 suspendens.

2206 4153 2485 4208 Caeterum
2520 4153 2714 4210 scribit
2747 4155 3004 4210 Bannez:
3043 4177 3065 4206 ι
3119 4159 3432 4228 Propterea
3471 4152 3785 4209 manifestum

324 4252 514 4307 neque
537 4237 726 4308 ipsum
765 4237 937 4292 fuisse
981 4239 1112 4312 odio
1159 4239 1421 4293 habitum
1469 4239 1541 4292 ob
1587 4240 1830 4308 praevisa
1873 4239 2024 4293 mala
2061 4235 2107 4290 D
2135 4244 2220 4295 est
2244 4241 2396 4312 quod
2427 4257 2544 4296 non
2573 4247 2657 4297 est
2685 4244 2884 4299 eadem
2915 4244 3059 4299 ratio
3096 4242 3607 4317 praedestinationis
3638 4243 3688 4294 et
3724 4249 3787 4288 re-

326 4340 521 4394 opera.
561 4324 840 4380 Audiatur
879 4329 1106 4379 sanctus
1140 4326 1376 4380 doctor:
1409 4344 1438 4375 (ι
1483 4326 1569 4378 An
1615 4325 1780 4392 forte,
1816 4325 2022 4396 inquit,

328 4411 819 4481 quemadmodum
850 4413 992 4467 illud
1031 4412 1098 4467 de
1141 4412 1310 4466 Jacob
1367 4411 1540 4465 nullis
1589 4413 1808 4466 meritis
1856 4413 2024 4467 bona:

325 4498 564 4552 actionis
628 4499 843 4554 dictum
903 4505 1008 4566 est,
1051 4500 1130 4553 ita
1169 4501 1320 4554 Esau
1364 4499 1542 4553 nullis
1586 4501 1804 4554 meritis
1859 4503 2024 4556 malas

325 4587 564 4642 actionis
589 4587 856 4642 odiosus?
898 4588 954 4642 Si
985 4587 1141 4642 enim
1186 4588 1322 4658 quia
1360 4587 1698 4660 priesciebat
1742 4591 1889 4644 Deus
1931 4590 2023 4644 fu-

327 4680 458 4730 tura
499 4675 621 4745 ejus
670 4691 847 4744 opera
877 4676 1047 4743 mala,
1084 4681 1391 4747 propterea
1430 4694 1562 4731 eum
1600 4678 2028 4748 praedestinavit

324 4769 390 4819 ut
418 4763 656 4818 serviret
683 4764 914 4833 minori,
947 4771 1250 4836 propterea
1280 4767 1709 4836 praedestinavit
1744 4772 1799 4822 et
1834 4769 2026 4836 Iacob,

322 4858 389 4908 ut
428 4853 482 4908 ei
530 4853 714 4922 major
759 4853 1019 4923 serviret,
1068 4853 1205 4924 quia
1244 4855 1438 4909 futura
1483 4856 1606 4926 ejus
1655 4856 1806 4910 bona
1853 4873 2026 4927 opera

327 4940 684 5012 praesciebat,
728 4945 784 4996 et
810 4941 1015 4997 falsum
1046 4946 1130 4996 est
1150 4943 1274 5014 jam
1314 4944 1471 5015 quod
1498 4944 1613 4998 ait:
1647 4947 1766 5002 Non
1799 4963 1867 4999 ea:
1895 4962 2025 5015 ope—

323 5031 498 5086 ribus.
527 5030 585 5086 Si
614 5035 806 5085 autem
841 5047 1038 5085 verum
1069 5035 1171 5098 est,
1215 5033 1368 5104 quod
1405 5048 1512 5087 non
1544 5050 1612 5088 ea:
1650 5036 1919 5104 operibus,
1971 5039 2028 5089 et

324 5119 457 5174 inde
487 5120 596 5173 hoc
635 5119 841 5190 probat
881 5120 1017 5192 quia
1065 5120 1134 5175 de
1165 5120 1426 5174 nondum
1466 5121 1617 5176 natis
1652 5123 2024 5193 nondumque

324 5205 543 5275 aliquid
572 5207 818 5276 operatis
845 5207 954 5262 hoc
999 5208 1215 5263 dictum
1269 5212 1370 5273 est,
1418 5209 1571 5264 unde
1620 5226 1724 5264 nec
1771 5227 1840 5264 ex
1889 5211 2022 5278 ﬁde,

321 5308 452 5364 quae
483 5292 544 5346 in
563 5295 821 5350 nondum
841 5295 991 5350 natis
1020 5295 1288 5350 similiter
1311 5297 1573 5352 nondum
1595 5302 1735 5364 erat,
1763 5315 1879 5368 quo
1901 5315 2024 5354 me-

322 5381 434 5436 rito
467 5381 611 5434 Esau
640 5382 770 5437 odio
804 5384 1114 5439 haberetur
1141 5389 1450 5456 antequam
1492 5387 1855 5442 nasceretur?
1886 5407 1914 5441 »
1949 5389 2026 5442 Ex

323 5469 426 5523 illa
446 5468 729 5538 particula
769 5474 911 5538 forte
945 5473 1154 5545 colligo
1191 5477 1450 5529 sanctum
1491 5476 1718 5530 Patrem
1752 5492 1858 5548 per
1892 5492 2020 5532 mo-

2133 4329 2508 4399 probationis,
2537 4335 2603 4386 ut
2631 4331 2677 4385 si
2707 4332 2875 4387 detur
2903 4349 3073 4388 causa
3112 4332 3532 4406 reprobationis
3561 4346 3622 4384 ex
3657 4327 3786 4397 parte

2133 4423 2350 4484 nostra,
2400 4419 2565 4474 detur
2610 4421 2781 4476 etiam
2819 4412 3362 4493 praedestinationis.
3414 4421 3470 4477 Si
3509 4419 3684 4490 itaque
3738 4411 3785 4465 D.

2133 4507 2485 4577 Augustinus
2513 4509 2785 4565 voluisset
2813 4512 3104 4567 attendere
3149 4512 3434 4568 malitiam
3479 4509 3636 4578 hujus
3679 4516 3787 4556 con-

2134 4597 2464 4666 sequentiae,
2494 4617 2521 4648 »
2555 4601 2660 4652 etc.
2718 4600 2890 4654 Plane
2933 4601 3058 4654 haec
3099 4601 3159 4654 in
3207 4597 3507 4671 Augustini
3555 4591 3694 4648 libris
3732 4589 3790 4640 le-

2134 4685 2333 4754 gendis
2386 4685 2494 4738 viri
2554 4686 2915 4757 diligentiam
2953 4688 3263 4743 desiderari
3313 4685 3642 4747 ostendunt;
3683 4689 3788 4732 nam

2133 4775 2402 4827 malitiam
2447 4778 2835 4842 consequentia:
2885 4793 3001 4830 non
3047 4778 3234 4831 solum
3278 4774 3517 4830 attendit
3560 4762 3787 4838 Augusti-

2132 4877 2264 4930 nus,
2289 4878 2488 4916 verum
2513 4864 2686 4919 etiam
2717 4865 2894 4920 solide
2921 4865 3255 4931 confutavit,
3301 4870 3378 4928 et,
3423 4861 3571 4934 quod
3617 4856 3789 4911 mirum

2135 4954 2238 5014 est,
2277 4965 2344 5004 eo
2391 4951 2516 5021 ipso
2576 4953 2701 5007 loco
2751 4953 2854 5008 ubi
2902 4954 3093 5009 minus
3135 4954 3476 5024 diligentem
3520 4941 3789 5004 Banncsius

2134 5037 2298 5092 illum
2343 5040 2622 5107 credidit;
2661 5042 2874 5097 etenim
2915 5043 3064 5097 hanc
3104 5044 3410 5114 paritatem
3451 5050 3660 5107 semper
3697 5033 3788 5086 Au-

2133 5127 2398 5198 gustinus
2429 5129 2697 5200 negavit:
2735 5132 2884 5186 Deus
2938 5132 3206 5204 reprobat
3250 5148 3318 5186 ex
3369 5125 3682 5200 praevisione
3715 5117 3788 5170 de-

2134 5215 2327 5271 meriti
2365 5234 2465 5272 seu
2509 5219 2744 5289 peccati,
2785 5236 2922 5290 ergo
2952 5237 2982 5274 e
3015 5226 3214 5276 contra
3257 5219 3431 5274 etiam
3471 5205 3791 5287 predestinat

2135 5320 2201 5360 ex
2224 5304 2563 5375 prmvisione
2590 5305 2727 5361 boni
2759 5308 2970 5378 operis.
3022 5311 3102 5364 En
3151 5312 3337 5362 totum
3375 5307 3482 5360 hoc
3521 5307 3787 5370 argumen-

2135 5397 2260 5447 tum
2282 5392 2352 5447 ab
2373 5393 2472 5448 illa
2499 5394 2744 5464 paritate
2773 5395 3083 5452 deductum
3119 5413 3153 5450 a
3189 5391 3508 5466 Pelagianis
3547 5389 3602 5443 in
3637 5380 3780 5454 epist.

2140 5482 2239 5535 106
2275 5480 2344 5537 ab
2375 5482 2680 5538 Paulinum
2709 5498 2722 5538 :
2757 5502 2788 5536 «
2838 5484 3151 5550 Quomodo,
3201 5482 3487 5554 inquiunt,
3531 5477 3658 5530 Esau
3693 5481 3784 5523 non
