3914 6186
15 324 115 373 7⁸77

1328 322 1649 379 νῘΝΒῙΕΙὶΕ
1686 314 2230 381 ΑΟΕΗΞΤῙΝΙΑΝᾹΞ.

3434 333 3541 385 778

15 444 335 498 lamnatur
375 441 669 512 indignus,
701 441 748 496 si
776 458 895 497 non
945 459 1014 498 ex
1065 443 1357 514 operibus,
1389 446 1486 501 sed
1544 462 1609 501 ex
1639 463 1733 502 vo-
1769 448 1813 502 A
1844 463 1912 502 eo
1952 464 2071 501 non
2131 450 2358 519 culpam
2417 465 2590 520 quam
2648 449 2894 518 delebat,
2936 452 3033 506 sed
3062 452 3302 523 gratiam
3362 469 3536 524 quam

15 537 191 587 :ante
224 532 441 586 dictum
498 536 603 597 est,
668 531 803 602 quia
833 532 1017 602 major
1061 532 1270 587 serviet
1297 534 1550 590 minori?
1577 536 1731 590 Sicut

16 623 185 677 enim
214 621 366 675 illius
406 621 563 674 nulla
593 625 1003 691 praecesserant
1031 638 1205 691 opera
1223 622 1393 689 bona,
1423 628 1485 678 ut
1514 625 1584 679 ad
1606 642 1730 696 gra-

15 710 172 765 tiam
204 708 539 781 pertineret,
582 710 659 763 sic
690 726 794 764 nec
824 710 995 781 hujus
1050 712 1221 777 mala,
1254 714 1317 765 ut
1372 712 1444 766 ad
1499 730 1730 784 poenam

15 800 319 869 pertinere
340 799 595 854 deberet.
623 820 651 848 ››
668 799 998 869 Respondet
1028 804 1255 854 sanctus
1286 800 1482 854 doctor
1508 818 1521 855 :
1547 823 1568 849 ι
1595 802 1731 855 Nul-

15 889 72 941 la
106 888 285 958 plane
331 887 393 942 in
450 892 694 959 utroque
731 905 903 959 opera
928 889 1013 942 vel
1066 888 1219 942 bona
1263 890 1348 942 vel
1408 890 1578 956 mala,
1639 889 1733 943 sed

15 977 300 1047 propria:
335 981 576 1048 uterque
610 982 797 1031 autem
825 976 905 1031 illi
938 976 1037 1031 uni
1068 977 1348 1031 obnoxius
1369 984 1510 1047 erat,
1541 979 1601 1033 in
1623 996 1735 1050 quo

15 1082 230 1120 omnes
255 1070 651 1136 peccaverunt,
684 1070 789 1120 etc.
825 1066 930 1120 Sed
962 1067 1153 1133 ambo,
1185 1067 1284 1138 qui
1312 1068 1571 1122 nondum
1606 1084 1736 1138 pro-

18 1155 155 1225 pria
186 1155 277 1208 vel
307 1155 478 1220 bona,
537 1155 625 1209 vel
672 1156 824 1209 mala
871 1155 1275 1226 operabantur,
1304 1156 1389 1210 rei
1434 1161 1627 1210 tamen
1669 1173 1737 1211 ex

17 1243 259 1313 origine
290 1244 686 1298 nascebantur.
722 1244 936 1299 Laudet
983 1243 1429 1299 misericordiam
1476 1245 1575 1315 qui
1606 1246 1739 1299 libe-

16 1337 216 1398 ratur,
246 1348 366 1386 non
395 1333 603 1403 culpetl
619 1332 900 1403 judicium
933 1333 1031 1404 qui
1060 1332 1318 1403 punitur.
1383 1352 1411 1385 ››
1447 1333 1613 1387 Vides
1645 1350 1739 1387 ne-

18 1421 159 1492 gari
186 1421 490 1492 paritatem
524 1422 594 1475 ab
620 1420 941 1491 Augustino
967 1437 981 1488 ;
1014 1438 1147 1475 nam
1184 1423 1325 1475 Esau
1357 1427 1442 1476 est
1469 1423 1740 1492 reproba-

16 1516 121 1563 tus
150 1509 373 1563 ratione
403 1509 641 1564 maculae
670 1526 738 1563 ex
782 1510 1001 1563 Adamo
1032 1514 1357 1577 contractae,
1405 1512 1575 1585 Jacob
1605 1527 1738 1564 vero

19 1615 139 1669 per
167 1599 348 1652 solam
391 1597 838 1652 misericordiam
891 1599 1182 1653 liberatus.
1230 1598 1369 1653 Hinc
1399 1599 1617 1654 celebre
1644 1616 1739 1653 ve-

20 1687 143 1741 luti
174 1686 399 1741 axioma
424 1687 729 1757 Augustini
754 1692 874 1741 est:
910 1706 937 1738 ι(
988 1689 1175 1741 Bonus
1206 1691 1290 1741 est
1340 1689 1507 1754 Deus,
1552 1689 1739 1759 justus

21 1781 125 1831 est
153 1777 305 1830 Deus
330 1792 343 1829 :
372 1779 561 1846 potest
589 1776 810 1846 aliquos
841 1775 961 1829 sine
992 1776 1157 1830 bonis
1206 1776 1426 1830 meritis
1473 1777 1735 1842 liberare,

22 1866 177 1936 quia
207 1864 389 1918 bonus
415 1868 537 1931 est;
577 1880 692 1918 non
746 1868 933 1935 potest
970 1881 1320 1936 quemquam
1350 1866 1470 1920 sine
1520 1866 1740 1919 meritis

24 1954 337 2023 damnare,
369 1953 505 2024 quia
534 1954 721 2023 justus
752 1957 852 2007 est.
894 1974 914 2000 ι»
952 1953 1070 2007 Lib.
1102 1970 1160 2007 In
1192 1958 1388 2008 contra
1424 1955 1558 2020 Jul.,
1602 1971 1729 2025 cap.

26 2046 126 2098 18.
162 2042 312 2096 Audi
341 2042 621 2096 rationem
652 2042 1021 2113 disparitatis,
1055 2047 1111 2096 et
1154 2043 1329 2097 fatere
1356 2044 1740 2113 Augustinum

25 2132 260 2202 optime
283 2131 489 2186 vidisse
540 2132 684 2201 quod
724 2147 829 2185 non
868 2135 945 2186 est
975 2132 1158 2185 eadem
1201 2135 1342 2186 ratio
1380 2134 1740 2203 praedestina-

24 2224 208 2275 tionis
237 2225 286 2275 et
313 2220 729 2291 reprobationis,
762 2226 823 2274 ut
869 2224 919 2275 si
950 2222 1108 2275 detur
1149 2237 1313 2275 causa
1344 2222 1742 2292 reprobationis

24 2327 108 2365 ex
152 2315 311 2380 parte
366 2314 573 2377 nostra,
632 2310 789 2364 detur
817 2313 981 2365 etiam
1008 2309 1549 2379 'pra’destinationis;
1611 2326 1744 2365 nam

30 2405 205 2453 actus
236 2398 654 2468 reprobationis
697 2403 782 2452 est
810 2403 967 2453 actus
986 2398 1227 2469 justitiae.
1256 2400 1527 2469 punitivae
1556 2400 1743 2454 homi-

30 2504 180 2541 nem
228 2487 574 2542 damnantis.
620 2490 693 2541 At
730 2487 936 2541 clamat
972 2488 1363 2558 Augustinus:
1411 2491 1531 2543 Non
1574 2494 1747 2558 potest

30 2593 371 2647 quemquam
400 2579 515 2631 sine
538 2578 747 2631 meritis
778 2576 1060 2645 damnare,
1095 2580 1232 2645 quia
1261 2578 1437 2645 justus
1464 2582 1560 2632 est.
1595 2579 1744 2631 Prae—

30 2665 353 2721 destinatio
385 2670 574 2719 autem
606 2669 689 2719 est
719 2668 877 2719 actus
913 2682 1075 2735 purae
1120 2664 1530 2720 misericordia:
1558 2672 1615 2720 et
1643 2667 1746 2721 bo-

30 2754 241 2809 nitatis
266 2753 498 2816 divinae,
535 2770 665 2824 quae
695 2754 855 2807 nulla
887 2769 1061 2824 opera
1104 2758 1299 2807 nostra
1346 2753 1498 2807 bona
1526 2768 1747 2822 suppo-

33 2844 151 2907 nit,
200 2843 297 2897 sed
326 2843 498 2910 facit;
531 2843 663 2896 hinc
694 2842 809 2896 ait:
840 2845 1016 2897 Potest
1045 2843 1257 2910 aliquos
1305 2844 1421 2896 sine
1454 2842 1602 2896 bonis
1632 2858 1745 2895 me-

26 2936 172 2987 ritis
229 2932 475 2999 liberare,
535 2934 665 3000 qaia
720 2930 885 2985 bonus
913 2934 1011 2983 est.
1049 2930 1193 2999 Ergo
1229 2930 1413 2983 laudet
1440 2932 1749 2984 misericor—

1842 536 2109 590 donabat.
2150 556 2177 587 »
2214 540 2357 607 Ergo
2388 554 2491 607 per
2520 539 2903 609 Augustinum
2947 541 3179 610 grandis
3227 546 3311 595 est
3358 542 3542 611 dispa-

1839 623 1975 678 ritas
2008 625 2158 678 inter
2200 626 2664 696 reprobationem
2698 633 2753 681 et
2782 629 3367 699 praedestinalionem,
3409 631 3543 699 quia

1842 712 2168 782 reprobatio
2221 714 2494 783 supponit
2541 716 2813 770 meritum
2881 719 3119 785 malum,
3168 719 3323 789 quod
3383 720 3540 785 odit;

1841 803 2270 873 praedestinatio
2289 820 2421 857 vero
2448 805 2977 875 nullum'supponit
3005 807 3273 862 meritum
3302 808 3541 874 bonum,

1844 892 1941 945 sed
1990 895 2198 945 causat.
2227 894 2295 945 At
2327 893 2546 946 Bannez
2587 892 2647 946 in
2701 910 2765 947 eo
2796 895 3066 965 deceptus
3114 900 3197 949 est
3245 897 3397 966 quod
3426 914 3544 950 non

1845 979 2039 1050 legens
2065 980 2444 1051 Augustinum
2485 982 2863 1051 quaestionem
2903 986 3299 1052 resolventem,
3334 1002 3399 1040 ea
3445 1003 3547 1056 pu-

1844 1069 1985 1122 tavit
2014 1086 2045 1122 a
2075 1074 2265 1122 sancto
2293 1069 2521 1123 doctore
2571 1071 2875 1137 afﬁrmata,
2930 1090 3057 1143 qua:
3088 1079 3217 1127 ante
3249 1092 3364 1128 sum
3416 1091 3543 1128 sen-

1845 1157 2039 1210 tentiae
2123 1157 2539 1227 expositionem
2607 1160 2921 1229 proposuit,
3005 1162 3073 1216 ad
3150 1162 3545 1217 difficultatem

1847 1245 2181 1317 quaestionis
2236 1245 2373 1299 totis
2428 1246 2642 1300 viribus
2692 1249 3034 1318 augendam.
3090 1251 3212 1303 Non
3268 1251 3445 1320 igitur
3494 1254 3548 1304 D

1846 1337 2198 1403 Augustinus
2254 1337 2431 1389 noluit
2492 1336 2766 1390 attendere
2819 1339 3086 1392 malitiam
3143 1344 3542 1406 consequentiae,

1850 1425 1948 1478 sed
1978 1425 2200 1479 Bannez
2255 1424 2437 1479 noluit
2477 1427 2767 1479 attendere
2821 1427 2889 1479 D.
2945 1426 3332 1495 Augustinum
3381 1430 3542 1481 mali-

1852 1514 1983 1567 tiam
2013 1517 2397 1583 comequentiae
2455 1518 2510 1568 et
2549 1514 2934 1569 attendentem
2964 1521 3019 1569 et
3048 1516 3389 1569 solidissime
3422 1533 3552 1571 con-

1850 1601 2151 1655 futantem.

1923 1691 2138 1745 Rursus
2207 1691 2457 1745 notanda
2533 1695 2665 1744 sunt
2738 1708 2868 1761 quae
2952 1691 3166 1745 ibidem
3240 1694 3550 1747 Bannesius

1852 1778 2095 1849 scripsit,
2131 1783 2194 1831 ut
2236 1779 2560 1833 ostenderet
2608 1779 2886 1832 malitiam
2918 1779 3071 1833 illius
3120 1782 3550 1850 Augustiniana:

1849 1866 2271 1938 consequentiae
2308 1884 2319 1921 :
2356 1883 2490 1921 nam
2521 1889 2539 1915 α
2578 1867 2762 1927 facile,
2791 1868 3001 1939 inquit,
3031 1870 3231 1939 negari
3262 1875 3491 1941 poterat
3522 1888 3554 1924 a

1850 1956 2193 2010 contrariam
2267 1956 2612 2010 sententiam
2694 1957 3085 2025 sequentibus,
3166 1963 3222 2012 et
3276 1959 3552 2030 assignari

1851 2045 2170 2099 differentia
2202 2044 2261 2097 in
2291 2044 2789 2115 prredestinatione
2819 2050 2874 2099 et
2928 2047 3350 2117 reprobatione,
3401 2049 3553 2118 quod

1848 2133 2276 2205 praedestinatio
2332 2138 2417 2187 est
2464 2150 2633 2187 causa
2697 2149 2817 2187 non
2875 2135 3063 2187 solum
3137 2136 3554 2190 consecutionis

1851 2221 2042 2277 ultimi
2064 2220 2214 2284 finis,
2245 2222 2344 2275 sed
2365 2222 2539 2275 etiam
2575 2222 2911 2276 meritorum
2941 2223 3008 2277 ad
3039 2222 3309 2277 ultimum
3358 2225 3552 2278 finem.

1853 2311 2198 2382 Reprobatio
2226 2327 2358 2364 vero
2390 2310 2649 2381 quamvis
2700 2311 2773 2364 sit
2802 2327 2972 2365 causa
3002 2312 3123 2382 ejus
3156 2313 3307 2383 quod
3365 2312 3556 2367 reddi-

1854 2405 1950 2455 tur
1979 2400 2037 2453 in
2067 2401 2283 2462 futuro,
2331 2400 2543 2453 scilicet
2572 2416 2755 2471 poenae
2794 2405 3047 2468 aeternae,
3096 2418 3212 2455 non
3244 2406 3437 2456 tamen
3464 2402 3561 2474 {est

1856 2505 2023 2543 causa
2082 2489 2203 2559 ejus
2260 2489 2413 2559 quod
2465 2493 2554 2543 est
2607 2488 2667 2541 in
2715 2488 3009 2558 praesenti,
3068 2490 3279 2544 scilicet
3321 2491 3558 2561 peccati,

1854 2582 2090 2649 propter
2167 2578 2321 2647 quod
2376 2581 2531 2631 totus
2591 2560 3011 2647 reprobationis
3074 2560 3339 2633 effectusi
3372 2585 3561 2650 potest

1857 2667 2059 2721 cadere
2106 2682 2278 2737 super
2332 2666 2647 2736 reprobum
2705 2670 2981 2737 tanquam
3039 2673 3276 2737 propter
3315 2668 3561 2722 demeri-

1856 2760 2006 2809 tum.
2044 2774 2073 2806 »
2106 2758 2176 2809 At
2208 2759 2357 2808 certe
2382 2753 2751 2824 'Augustinus
2782 2755 2928 2808 hanc
2979 2755 3359 2810 differentiam
3396 2757 3561 2823 vidit,

1860 2850 1916 2898 et
1970 2860 2040 2897 ne
2086 2842 2432 2897 Bannesium
2476 2843 2700 2896 mittam
2752 2843 2820 2897 ad
2870 2842 3011 2897 alios
3070 2845 3247 2898 sancti
3310 2846 3559 2900 doctoris

1858 2934 2055 3000 libros,
2087 2950 2152 2986 eo
2179 2933 2301 3003 ipso
2334 2931 2394 2984 in
2426 2932 2549 2985 loco
2571 2931 2669 2984 ubi
2697 2931 2764 2985 ab
2792 2931 3108 3001 Augustino
3134 2931 3371 2985 minime
3402 2931 3561 2983 illam

32 3022 218 3086 diam,
250 3022 351 3088 qui
378 3020 659 3086 liberatur,
689 3035 795 3073 non
834 3020 1011 3087 culpet
1030 3018 1323 3088 judicium,
1360 3021 1456 3087 qui
1495 3021 1744 3088 punitur.
1788 3041 1826 3096 ο
1861 3024 2215 3076 observatam
2247 3019 2424 3075 dixit:
2484 3018 2697 3073 etenim
2740 3019 2818 3073 ibi
2867 3020 2988 3073 fuse
3018 3020 3267 3090 probans
3314 3019 3563 3090 praedes-

40 3096 152 3165 Eat
181 3124 335 3163 nunc
384 3109 629 3174 Baunez,
684 3111 740 3161 et
797 3107 986 3173 addat,
1046 3106 1431 3177 Augustinum
1483 3109 1751 3160 malitiam

38 3200 441 3269 consequentiae
493 3198 767 3252 attendere
810 3197 1079 3264 noluisse,
1114 3201 1169 3251 et
1221 3198 1343 3251 haec
1392 3197 1512 3268 ipsa
1541 3197 1756 3268 palma-

38 3289 212 3345 ribus
239 3287 662 3342 characteribus
683 3288 940 3340 Annatus
961 3285 1252 3340 exscribat.

122 3380 338 3433 Verum
369 3376 429 3430 in
459 3376 659 3430 eadem
709 3375 1024 3446 quaestione
1059 3375 1306 3429 secunda
1335 3375 1404 3429 ad
1436 3372 1755 3443 Simplicia-

40 3484 223 3535 num,
252 3466 350 3521 ubi
378 3466 674 3535 disputans
695 3480 821 3518 eam
848 3464 1171 3535 paritatem,
1204 3464 1445 3535 urgebat
1472 3480 1484 3518 :
1514 3466 1580 3518 Ut
1605 3462 1759 3517 odis—

41 3562 129 3612 set
154 3556 457 3621 Esaufnisi
482 3556 770 3623 injustitia:
798 3556 987 3607 merito
1020 3554 1285 3622 injustam
1341 3557 1457 3607 est:
1513 3551 1657 3620 quod
1713 3553 1763 3605 si

44 3644 429 3711 concedamus,
462 3643 660 3710 incipit
688 3644 739 3693 et
766 3640 931 3695 Jacob
952 3641 1186 3708 justitiae
1213 3642 1402 3694 merito
1428 3639 1611 3708 diligi,
1643 3654 1761 3692 res-

47 3733 346 3804 pondens,
372 3747 435 3784 ac
464 3729 841 3801 quaestionem
888 3728 1151 3799 pluribus
1183 3730 1282 3782 abs
1312 3745 1370 3783 se
1419 3728 1674 3783 adductis
1703 3727 1762 3780 in

46 3828 364 3891 utramque
393 3822 613 3889 partem
658 3818 1013 3889 argumentis
1045 3817 1351 3887 implexam
1389 3816 1621 3870 tandem
1656 3815 1765 3869 dis-

50 3913 304 3973 solvens,
350 3908 653 3978 paritatem
684 3911 893 3977 negat;
952 3906 1033 3959 ibi
1064 3905 1219 3960 enim
1275 3905 1531 3959 diffusius
1561 3904 1766 3974 probat

52 4001 219 4054 nulla
252 4014 428 4068 opera
460 3997 628 4062 bona,
674 4012 778 4049 nec
807 3996 991 4066 ipsam
1038 3994 1212 4049 ﬁdem
1240 3992 1614 4063 praecessisse,
1674 4008 1765 4046 cu-

48 4092 145 4160 jus
178 4086 395 4141 intuitu
420 4085 587 4139 Iacob
642 4084 815 4138 fuerit
871 4084 1104 4150 electus,
1160 4087 1217 4136 et
1248 4081 1563 4136 concludit:
1622 4082 1765 4147 Ergo

53 4186 186 4234 ante
233 4194 386 4233 omne
423 4180 673 4231 meritum
724 4181 801 4230 est
850 4178 1053 4243 gratia.
1109 4176 1313 4229 Postea
1361 4188 1493 4227 vero
1546 4171 1765 4226 erudite

54 4268 331 4341 pluribus
383 4266 591 4320 evincit
658 4266 838 4319 Deum
894 4281 1012 4318 non
1070 4263 1327 4335 potuisse
1377 4261 1505 4316 odio
1558 4260 1766 4315 habere

1861 3111 2201 3166 tinationem
2253 3125 2373 3163 esse
2418 3124 2645 3161 causam
2695 3107 3037 3162 meritorum
3087 3109 3207 3163 haec
3254 3109 3368 3162 ait:
3406 3130 3428 3157 α
3465 3108 3565 3161 Vo-

1863 3200 2040 3254 cantis
2088 3198 2423 3269 (secundum
2452 3196 2837 3267 propositum)
2873 3202 2957 3251 est
2986 3214 3120 3269 ergo
3150 3197 3354 3268 gratia,
3388 3196 3562 3267 perci-

1862 3288 2072 3359 pientis
2100 3304 2232 3341 vero
2259 3286 2502 3357 gratiam
2540 3290 2957 3356 consequenter
3005 3290 3135 3339 sunt
3182 3302 3354 3357 opera
3391 3286 3560 3352 bona,

1864 3394 1981 3432 non
1997 3393 2125 3448 quae
2142 3375 2383 3448 gratiam
2400 3373 2642 3445 pariant,
2659 3374 2756 3428 sed
2773 3391 2899 3445 quae
2912 3375 3092 3445 gratia
3107 3374 3421 3444 pariantur.
3442 3375 3567 3428 Non

1868 3467 2021 3521 enim
2052 3471 2114 3520 ut
2151 3466 2386 3530 ferveat,
2436 3463 2693 3517 calefacit
2722 3463 2894 3534 ignis,
2926 3464 3024 3518 sed
3054 3464 3189 3534 quia
3218 3464 3429 3531 fervet;
3464 3480 3567 3517 nec

1866 3556 1991 3610 ideo
2020 3553 2197 3608 currit
2226 3557 2353 3607 rota
2383 3552 2727 3622 utlrotunda
2756 3552 2841 3614 sit,
2876 3554 2971 3608 sed
3025 3552 3161 3623 quia
3188 3552 3435 3606 rotunda
3464 3556 3562 3606 est.
3604 3614 3609 3617 _

1867 3644 1956 3699 Sic
1986 3659 2156 3698 nemo
2201 3646 2513 3713 propterea
2569 3642 2715 3696 bene
2756 3646 3026 3711 operatur
3057 3646 3123 3695 ut
3179 3641 3415 3712 accipiat
3446 3657 3569 3712 gra-

1867 3733 2029 3799 tiam,
2064 3732 2163 3786 scd
2195 3731 2330 3801 quia
2384 3730 2619 3801 accepit.
2662 3750 2688 3782 »
2752 3731 2899 3801 Lege
2938 3748 3059 3801 cap.
3094 3733 3157 3783 lO
3197 3731 3265 3783 de
3298 3732 3567 3784 Praedest.

1870 3827 2215 3876 sanctorum.
2259 3822 2465 3873 Postea
2496 3820 2591 3873 dat
2634 3818 3017 3871 differentiam
3062 3818 3483 3887 reprobationis
3538 3836 3571 3871 a

1870 3909 2398 3981 praedestinatione,
2436 3908 2589 3977 quod
2620 3906 2718 3960 illa
2747 3922 2864 3959 non
2914 3910 3105 3959 causat
3152 3909 3445 3975 peccatum
3498 3905 3570 3959 ob

1873 3999 2027 4070 quod
2057 3998 2227 4051 homo
2262 3996 2623 4066 reprobatur,
2674 3995 2807 4048 licet
2862 3998 3053 4048 causet
3090 4009 3317 4064 poenam
3372 3992 3573 4047 sceleri

1874 4086 2147 4150 debitam,
2174 4086 2252 4138 ita
2274 4084 2429 4137 enim
2455 4084 2522 4138 de
2559 4084 2899 4152 reprobante
2930 4084 3046 4136 Deo
3074 4082 3357 4153 loquitur:
3393 4103 3420 4131 «
3446 4081 3575 4136 Odit

1875 4175 2029 4229 enim
2062 4174 2122 4228 in
2154 4174 2234 4227 eis
2260 4172 2619 4242 impietatem
2650 4188 2824 4241 quam
2878 4170 2999 4241 ipse
3046 4188 3161 4225 non
3216 4171 3366 4224 fecit.
3422 4170 3576 4225 Sicut

1875 4264 2027 4317 enim
2052 4263 2227 4333 judcx
2259 4261 2317 4314 in
2348 4261 2581 4315 homine
2612 4260 2733 4314 odit
2762 4260 3001 4327 furtum,
3026 4261 3123 4315 sed
3142 4276 3259 4313 non
3282 4259 3399 4313 odit
3424 4259 3575 4329 quod

58 4337 237 4423 Esau,
303 4360 608 4425 antequam
664 4354 726 4408 in
776 4354 875 4408 illo
933 4357 1233 4424 peccatum
1289 4354 1564 4414 cerneret,
1628 4348 1765 4420 quia
1804 4337 1844 4391 D
1878 4354 2047 4408 datur
2071 4353 2139 4407 ad
2173 4351 2491 4417 metallum,
2538 4350 2681 4403 illud
2712 4348 2865 4403 enim
2900 4350 3012 4416 fur,
3046 4350 3153 4403 hoc
3178 4349 3355 4421 judex
3406 4348 3573 4402 facit:

62 4466 90 4496 α
121 4443 329 4499 Omnis
382 4448 639 4498 creatura
694 4443 793 4497 Dei
845 4443 995 4496 bona
1044 4446 1145 4510 est,
1177 4446 1233 4496 et
1279 4440 1466 4495 omnis
1490 4441 1687 4506 homo,
1710 4438 1769 4491 in

60 4538 351 4606 quantum
384 4532 556 4586 homo
601 4536 707 4601 est,
758 4536 1016 4587 creatura
1060 4534 1163 4598 est,
1220 4546 1337 4584 non
1385 4530 1445 4582 in
1489 4532 1771 4599 quantum

60 4624 356 4693 peccator.
391 4622 482 4674 Est
513 4636 651 4690 ergo
681 4626 902 4674 creator
941 4622 1089 4674 Deus
1118 4624 1175 4674 et
1204 4618 1461 4690 corporis
1510 4622 1565 4671 et
1594 4615 1773 4670 animi

59 4708 331 4766 humani.
389 4710 666 4763 Neutrum
714 4710 923 4763 horum
982 4709 1199 4762 malum
1251 4714 1307 4762 et
1334 4711 1605 4761 neutrum
1654 4704 1776 4759 odit

62 4802 244 4865 Deus,
279 4802 411 4865 etc.,
460 4814 565 4853 nec
595 4798 717 4852 odit
771 4798 830 4852 in
864 4797 1095 4852 homine
1130 4796 1240 4850 nisi
1266 4801 1585 4867 peccatum.
1620 4812 1647 4845 «
1702 4795 1775 4847 Ex

61 4891 160 4945 his
207 4889 534 4944 concludit:
599 4910 626 4940 (ι
686 4889 810 4943 Νοη
842 4888 1018 4959 igitur
1062 4888 1181 4942 odit
1212 4888 1359 4941 Deus
1390 4887 1529 4939 Esau
1590 4883 1776 4938 homi-

64 4995 233 5045 nem,
273 4978 371 5032 sed
422 4978 541 5033 odit
588 4980 736 5032 Deus
770 4978 913 5031 Esau
942 4981 1320 5047 peccatorem.
1350 4996 1379 5025 ››
1415 4974 1596 5042 Unde,
1645 4988 1778 5027 con-

62 5070 309 5125 ﬁrmata
338 5067 431 5121 illa
470 5066 904 5137 propositione:
943 5087 965 5114 ι
1019 5066 1089 5119 Ut
1128 5069 1323 5119 autem
1351 5064 1564 5119 odisset
1614 5064 1780 5128 Esau,

66 5156 189 5213 nisi
221 5156 523 5227 injustitiae
554 5156 762 5211 merito
793 5155 1074 5225 injustam
1105 5159 1211 5221 est,
1247 5174 1269 5201 ι
1315 5152 1783 5223 consequentiam

66 5246 300 5302 illatam
330 5250 532 5317 negat:
566 5261 703 5315 ergo
740 5266 762 5294 ιι
798 5244 999 5314 incipit
1029 5247 1084 5297 et
1115 5242 1285 5297 Jacob
1304 5240 1552 5311 fjustitim
1580 5240 1783 5293 merito

71 5334 277 5407 diligi;
336 5355 357 5381 ι
394 5350 529 5387 nam
580 5333 757 5404 priori
796 5332 897 5387 illo
943 5333 1092 5387 dicto
1125 5346 1389 5385 concesso
1431 5329 1640 5400 probat
1672 5328 1783 5382 fal-

71 5440 211 5479 sum
264 5437 387 5476 esse
441 5422 595 5493 quod
640 5422 928 5493 posterius
980 5421 1289 5484 deducunt,
1360 5434 1570 5489 nempe
1615 5417 1785 5473 Iacob

74 5512 263 5569 etiam
295 5510 569 5565 dilectum
600 5510 672 5565 ob
710 5511 862 5565 bona
913 5509 1146 5565 merita:
1181 5528 1211 5561 α
1261 5509 1374 5564 Cur
1427 5523 1556 5579 ego,
1604 5506 1785 5573 addit,

74 5601 259 5658 Jacob
286 5598 505 5660 dilexit,
536 5598 801 5671 nunquid
834 5603 1101 5670 peccator
1129 5596 1292 5654 erat?
1345 5597 1452 5653 Sed
1485 5595 1682 5651 dilexit
1726 5596 1786 5650 in

448 5688 724 5756 PATBOL.
775 5688 1027 5757 XLVII.

1877 4442 1957 4497 ita
2000 4443 2169 4509 Deus,
2202 4440 2356 4511 quod
2387 4456 2453 4494 ex
2484 4438 2886 4509 conspersione
2917 4438 3229 4509 impiorum
3267 4437 3401 4491 facit
3445 4454 3579 4491 vasa

1879 4529 2242 4601 perditionis,
2279 4546 2395 4582 non
2433 4529 2554 4583 odit
2582 4528 2737 4599 quod
2768 4528 2917 4588 facit,
2944 4528 3001 4581 id
3034 4536 3137 4593 est,
3180 4544 3322 4597 opus
3352 4526 3579 4581 ordina-

1880 4618 2028 4672 tioni
2092 4635 2209 4673 suae
2260 4618 2321 4671 in
2378 4634 2548 4688 paena
2596 4618 2789 4671 debita
2847 4617 3235 4687 pereuntium.
3297 4638 3318 4664 ι
3384 4618 3581 4687 Itaque

1881 4707 2231 4777 Augustinus
2269 4705 2783 4777 praedestinationis
2824 4710 2879 4759 et
2926 4706 3345 4776 reprobationis
3400 4706 3582 4758 latum

1883 4795 2191 4851 discrimen
2220 4794 2396 4858 novit,
2425 4810 2633 4863 nempe
2668 4793 2819 4863 quod
2876 4794 3302 4865 prmdestinatio
3336 4794 3435 4847 Dei
3490 4808 3583 4845 vo-

1887 4885 2066 4940 cantis
2098 4888 2183 4938 est
2228 4900 2397 4937 causa
2433 4883 2719 4936 bonorum
2752 4900 3020 4953 operum,
3053 4900 3167 4938 non
3196 4899 3327 4936 vero
3383 4896 3581 4951 repro—

1884 4974 2041 5029 batio
2096 4976 2180 5026 est
2211 4988 2380 5026 causa
2430 4973 2735 5026 malorum.
2784 4973 2907 5026 Imo
2964 4977 3188 5026 sanctus
3230 4973 3395 5023 Pater
3442 4968 3584 5022 adeo

1889 5065 2214 5117 constanter
2242 5060 2400 5114 illam
2418 5060 2811 5131 disparitatem
2844 5061 3105 5127 asseruit,
3152 5063 3215 5113 ut
3247 5074 3313 5111 ex
3345 5058 3441 5111 illa
3473 5074 3587 5110 una

1890 5150 2167 5221 originale
2184 5154 2479 5219 peccatum
2500 5149 2820 5217 deduxerit,
2845 5155 2901 5204 et
2922 5155 3051 5204 ante
3076 5148 3184 5201 tria
3204 5147 3381 5199 lustra
3412 5162 3586 5217 quam

1890 5242 2277 5309 erumperent,
2311 5239 2644 5309 Pelagianos
2675 5236 3078 5311 profligaverit.
3109 5235 3251 5290 Cum
3271 5233 3424 5289 enim
3460 5253 3589 5307 pro-

1892 5329 2080 5383 basset
2102 5326 2353 5382 divinam
2384 5328 2720 5382 electionem
2781 5327 2938 5380 nulla
2988 5324 3192 5379 merita
3240 5324 3301 5378 in
3360 5325 3591 5379 homine

1896 5432 2240 5488 supponere,
2269 5421 2327 5469 et
2356 5432 2423 5470 ex
2453 5417 2564 5470 alia
2594 5422 2752 5487 parte
2783 5415 2855 5468 ad
2884 5413 3344 5484 reprobationem
3376 5414 3593 5484 justam

1897 5505 2176 5563 demerita
2205 5504 2434 5576 {requiri
2484 5505 2846 5574 intelligeret,
2884 5519 3145 5574 quaerens
3204 5502 3273 5557 de
3330 5501 3596 5574 reproba-

1898 5595 2056 5650 tione
2084 5595 2249 5659 Esau,
2284 5597 2381 5663 qui
2408 5596 2458 5648 si
2494 5594 2646 5648 nullo
2697 5594 2891 5648 merito
2922 5592 3258 5661 improbatus
3298 5596 3397 5659 est,
3454 5590 3597 5661 petit

3161 5688 3243 5746 25
