3894 6184
115 272 188 322 78t
1327 261 1653 317 VlNDlCIIE
1693 260 2246 316 AUGUSTINIANzE.

3442 266 3545 318 782

115 397 158 444 et
183 385 416 459 proximis
466 381 726 436 fidelibus
775 385 1129 452 separentur,
1182 386 1238 436 et.
1265 383 1335 437 ad
1364 399 1610 452 regnum
1643 383 1740 437 Dei
1780 383 1917 438 Ain
1965 385 2355 439 confutatione
2413 387 2708 440 sententim
2777 386 2972 440 Javelli
3037 388 3151 441 ait:
3209 389 3549 456 Augustinus

119 496 208 533 non
233 475 590 530 admittantur.
624 491 651 523 »
697 471 824 526 Lib.
882 488 914 525 γ
945 476 1144 525 contra
1195 473 1330 538 Jul.,
1366 490 1490 542 cap.
1523 476 1575 539 9,
1607 472 1743 526 scri-

119 568 212 620 bit:
243 587 260 613 ι
289 564 627 631 Quapropter
660 566 822 615 natos
852 577 914 614 ex
948 562 1129 615 Adam
1186 562 1478 616 transferri
1518 567 1745 616 renatos

124 658 291 726 oportet
337 653 400 704 ad
458 649 762 712 Christum,
817 666 890 702 ne
935 667 967 703 a
997 666 1171 719 regno
1205 651 1304 703 Dei
1334 655 1572 720 pereant
1601 649 1743 702 ima-

128 745 248 816 gines
273 741 377 804 Dei,
411 739 560 810 quod
591 739 711 792 sine
743 739 892 793 malo
917 738 1047 792 ﬁeri
1102 739 1201 810 qui
1257 738 1411 805 dicit,
1453 756 1556 792 nec
1585 755 1745 792 amo-

128 850 215 887 rem
239 831 385 885 habet
416 845 516 881 nec
545 827 809 881 timorem
842 827 960 880 Dei.
991 848 1017 875 »
1072 828 1135 880 Et
1177 826 1344 897 epist.
1402 830 1520 894 106,
1576 848 1597 874 ι
1636 827 1747 879 Hoc

122 919 336 990 ajuslitia
381 916 475 970 Dei
505 916 731 986 penitus
763 916 1010 969 alienum
1042 938 1069 965 ››
1101 916 1312 972 scribit.
1366 915 1485 970 Lib.
1514 933 1586 981 v1,
1619 931 1741 984 cap.

119 1014 162 1064 i:
190 1029 210 1059 (ι
235 1007 282 1062 Si
309 1005 445 1060 nihil
473 1004 814 1058 meruissent
851 1004 1008 1070 mali,
1042 1021 1337 1075 nunquam
1385 1001 1748 1074 privarentur

120 1100 159 1150 in
183 1094 434 1149 communi
459 1111 625 1147 causa
651 1093 968 1164 privatione
998 1093 1141 1147 tanti
1169 1093 1327 1148 boni.
1350 1112 1377 1143 »
1404 1093 1545 1163 Lege
1573 1107 1742 1146 serm.

124 1186 163 1237 li
186 1183 239 1237 de
269 1182 446 1236 Verbis
495 1183 771 1253 Apostoli,
830 1182 932 1236 ubi
986 1183 1194 1236 clamat
1219 1181 1254 1248 ξε
1317 1201 1342 1231 (ι
1377 1182 1561 1245 Quare
1593 1181 1746 1234 enim

117 1271 464 1342 patrimonium
513 1269 678 1341 regni
727 1271 997 1324 caelorum
1057 1269 1271 1340 abripis
1323 1269 1673 1323 innocenti?
1702 1272 1748 1322 A

117 1377 195 1430 quo
219 1377 437 1431 regnum
465 1361 739 1413 ccelorum
758 1375 873 1412 non
898 1357 1226 1429 acquiritur,
1250 1358 1505 1428 profecto
1536 1373 1745 1427 magno

117 1448 225 1502 bono
272 1449 577 1502 fraudetur.
637 1449 772 1512 Quae
803 1451 890 1501 est
920 1447 1026 1501 ista
1075 1447 1336 1517 iustitia?
1372 1468 1396 1495 ι
1451 1451 1558 1500 etc.
1592 1447 1748 1500 Idem

116 1536 260 1591 docuit
287 1543 499 1590 sanctus
535 1536 787 1590 Gelasius
834 1552 983 1606 papa
1038 1536 1098 1588 in
1151 1535 1313 1605 epist.
1349 1535 1418 1589 ad
1455 1535 1748 1605 episcopos

116 1644 188 1697 per
254 1627 530 1693 Picenum,
605 1631 802 1679 contra
880 1623 1241 1694 Pelagianos:
1301 1643 1327 1674 (ι
1381 1625 1492 1679 Cur
1547 1622 1745 1694 igitur,

115 1714 271 1786 inquit,
317 1716 499 1769 infans
572 1715 679 1768 hac
731 1719 879 1768 sorte
938 1713 1292 1768 concluditur
1352 1714 1576 1783 (nempe
1632 1729 1746 1766 non

115 1805 286 1858 admitti
312 1804 367 1857 in
389 1821 632 1875 regnum
663 1803 982 1873 caelorum),
1004 1803 1288 1856 sinullum
1315 1802 1486 1856 habet
1512 1801 1748 1855 omnino

115 1895 394 1962 peccatum?
423 1893 721 1964 magisque
767 1893 1012 1961 videtur,
1071 1892 1224 1962 quod
1280 1891 1444 1956 absit,
1505 1891 1752 1960 injustus

117 1983 240 2046 Dens,
271 1982 310 2036 si
338 1983 449 2036 illic
477 1983 774 2053 infligatur
805 1999 995 2052 poena,
1044 1981 1143 2034 ubi
1182 1982 1339 2034 nulla
1389 1980 1460 2033 sit
1502 1981 1685 2044 culpa.
1722 1999 1750 2030 »

114 2070 320 2124 Concinit
348 2072 597 2142 synodus
642 2073 1059 2142 Byzacenorum
1118 2071 1374 2135 Patrum,
1435 2068 1502 2121 in'
1549 2068 1647 2122 lib.
1687 2067 1754 2120 de

116 2159 448 2214 lncarnatione
484 2165 541 2214 et
573 2161 776 2231 gratia,
809 2176 931 2230 cap.
969 2160 1050 2225 14,
1084 2158 1182 2212 ubi
1213 2157 1410 2212 aiunt:
1455 2177 1480 2207 (ι
1512 2159 1576 2210 Et
1625 2173 1754 2209 cum

116 2263 197 2301 non
224 2248 283 2302 sit
310 2249 580 2320 iniquitas
611 2250 760 2319 apud
793 2250 994 2314 Deum,
1045 2247 1146 2318 qui
1184 2247 1316 2301 fecit
1358 2246 1653 2300 hominem
1687 2245 1755 2298 ad

113 2337 361 2407 imaginem
395 2354 588 2402 suam,
617 2354 745 2408 quae
769 2336 989 2407 justitia
1014 2340 1096 2389 est
1127 2340 1188 2389 ut
1232 2334 1422 2405 imago
1467 2333 1586 2399 Dei,
1629 2349 1757 2404 quas

114 2425 217 2477 nihil
238 2426 405 2495 potuit
436 2442 548 2496 per
570 2442 625 2477 se
656 2424 836 2496 ipsam
850 2424 1204 2494 delinquere,
1236 2423 1282 2476 si
1313 2439 1427 2476 non
1449 2422 1760 2476 redimatur

114 2514 333 2583 sanguine
365 2513 500 2568 Filii
532 2513 652 2580 Dei,
684 2513 742 2565 in
773 2528 1014 2582 regnum
1075 2511 1173 2565 Dei
1230 2528 1344 2565 non
1395 2511 1760 2581 permittatur

114 2600 367 2654 intrare?»
430 2601 578 2665 Quae
635 2600 746 2653 duo
821 2599 1152 2653 testimonia
1224 2599 1485 2652 consulto
1543 2597 1754 2661 addidi,

111 2689 210 2758 quia
233 2691 488 2744 nonnulli
519 2693 894 2744 memoratam
936 2687 1113 2741 sancti
1143 2687 1387 2741 doctoris
1418 2686 1761 2740 sententiam

109 2778 264 2833 falsam
312 2779 664 2833 existimant.
724 2779 925 2847 Itaque
981 2777 1179 2840 fixum,
1239 2776 1347 2830 fuit
1423 2780 1761 2844 certumque

112 2869 294 2922 omnino
323 2869 469 2940 apud
528 2865 935 2937 Augustinum,
991 2882 1054 2918 ac
1113 2869 1334 2918 sanctos
1384 2866 1577 2918 Patres
1611 2864 1760 2933 ejus-

111 2956 204 3009 dem
227 2958 549 3028 discipulus,
579 2954 869 3008 neminem
900 2970 1061 3024 posse
1102 2953 1223 3007 sine
1277 2954 1443 3022 culpa
1471 2951 1763 3021 reprobari

111 3059 216 3111 pure
249 3045 502 3115 negative
537 3060 570 3096 a
598 3059 777 3113 regno
835 3042 1108 3095 caelorum
1158 3045 1433 3110 tanquam
1481 3039 1758 3092 beneficio

111 3133 333 3199 indebito,
377 3133 461 3187 uti
529 3131 910 3186 certissimum
968 3129 1076 3183 fuit
1136 3129 1322 3182 eidem
1378 3129 1668 3182 neminem
1699 3127 1759 3181 in

111 3226 222 3275 statu
245 3227 450 3277 naturae
498 3223 669 3292 lapsae
721 3219 1117 3291 praedestinari
1170 3235 1238 3272 ex
1286 3218 1624 3289 prazvisione
1657 3218 1758 3271 ali-

110 3310 231 3379 cujus
265 3312 391 3365 boni
426 3311 645 3382 operis.
676 3310 860 3374 Quare
893 3307 1282 3378 disparitatem
1313 3307 1462 3362 inter
1514 3307 1761 3378 praedes-

112 3399 392 3455 tinationem
449 3405 515 3455 et
566 3399 1031 3470 reprobationem
1089 3414 1213 3451 eam
1267 3397 1582 3451 necessario
1641 3413 1760 3450 esse

112 3484 232 3556 dixit,
281 3495 338 3543 ut
425 3491 578 3544 Deus
650 3488 789 3542 citra
838 3487 1177 3557 injustitiam
1235 3503 1351 3539 non
1412 3489 1600 3556 posset
1660 3502 1758 3539 ex-

111 3573 290 3629 cludere
340 3593 371 3630 a
444 3592 630 3646 regno
710 3575 981 3629 caelorum
1060 3573 1326 3642 parvulos
1396 3571 1518 3624 sine
1573 3571 1759 3640 culpa,

111 3659 208 3716 licet
251 3665 303 3720 id
353 3682 471 3719 non
550 3665 762 3718 faceret
819 3663 878 3717 in
952 3678 1196 3733 prunam.
1275 3661 1398 3714 Non
1452 3662 1535 3712 est
1589 3658 1764 3729 igitur

112 3753 408 3821 Augustinus
439 3752 740 3808 docendus
786 3752 945 3805 illam
1004 3749 1415 3820 disparitatem,
1465 3748 1551 3801 vel
1597 3747 1764 3800 mali-

117 3838 216 3893 tiam
242 3841 665 3913 consequentiae
697 3858 730 3894 a
762 3841 1062 3907 Bannesio,
1123 3854 1252 3892 cum
1284 3842 1340 3891 et
1395 3837 1516 3906 ipso
1560 3835 1763 3889 melius

112 3930 319 3984 eamdem
349 3932 529 3996 norit,
564 3935 618 3983 et
659 3932 826 4000 longe
881 3929 1123 3998 rigidius
1181 3925 1516 3982 defenderit.
1550 3925 1762 3978 Recen-

114 4014 244 4069 tiores
269 4020 532 4084 Alarcon,
568 4017 764 4070 Herice
797 4016 1009 4087 aliique
1041 4013 1433 4086 reprobationi
1483 4012 1566 4066 illi
1596 4027 1764 4080 nega-

112 4103 206 4159 tivae
230 4114 343 4162 ante
367 4107 616 4179 praevisa
644 4107 919 4161 demerita
947 4103 1272 4162 Calvinismi
1315 4101 1615 4172 fuliginem
1660 4101 1764 4154 ob-

110 4190 296 4260 iectant,
331 4197 484 4250 unde
522 4211 747 4266 magna
777 4199 974 4250 contra
1003 4194 1156 4265 ipsos
1212 4192 1460 4264 querelae
1515 4188 1766 4245 Thomis-

1853 476 2052 542 gratiaa
2092 476 2190 526 Dei
2217 478 2364 528 testis
2395 477 2628 542 insignsz
2664 480 2712 528 et
2730 475 3059 543 praedicator
3089 492 3101 541 ;
3135 480 3189 528 et
3219 473 3245 546 §
3299 478 3393 531 His
3428 494 3550 545 ergo

1852 562 2213 630 opinionibus,
2246 562 2440 616 addit:
2474 564 2774 619 Statuendu
2803 570 2881 617 est
2916 581 3044 618 vera
3087 569 3351 619 sententia
3380 568 3552 634 jumta

1852 655 2077 704 mentem
2108 653 2409 718 Augustini
2439 657 2488 705 et
2519 653 2590 706 D.
2639 656 2866 707 Thomaz.
2901 653 3106 719 Quare,
3166 655 3212 706 si
3269 656 3407 724 quid
3456 656 3552 708 de-

1851 745 2046 809 ceptus
2099 740 2236 793 dixit
2305 740 2372 793 de
2431 742 2773 811 Augustino,
2838 744 2916 796 uti
2970 744 3328 797 excusatione
3385 744 3550 797 illum

1852 829 2082 900 quidem
2111 829 2348 900 dignum
2380 830 2660 895 ducimus,
2690 831 2767 883 ita
2823 847 2938 884 non
2970 836 3141 885 tanta:
3192 832 3553 885 auctoritatis

1851 917 2146 971 habendus
2177 923 2276 985 est,
2313 923 2375 971 ut
2404 919 2528 987 ejus
2581 919 2977 972 testimonium
3036 925 3236 973 contra
3292 925 3550 974 sanctum

1855 1005 2140 1060 doctorem
2198 1007 2546 1076 palmaribus
2631 1007 3047 1061 characteribus
3104 1025 3430 1080 expressum
3483 1009 3553 1062 ab

1856 1095 2194 1149 adversariis
2222 1096 2683 1166 exaggerandum
2718 1097 2993 1150 videatur.

1857 1193 1984 1262 §Xl.
2003 1193 2244 1249 Sanctus
2259 1193 2589 1266 Bernardus
2613 1210 2917 1266 perperam
2944 1196 3144 1247 contra
3172 1194 3555 1266 Augustinum

2384 1265 2456 1317 ab
2482 1267 2712 1318 Annam
2733 1264 3030 1318 adductus.

1930 1361 2312 1423 Reccntiores,
2335 1366 2398 1415 ut
2426 1362 2630 1431 ingens
2652 1362 2884 1416 testium
2915 1379 3124 1432 agmen
3152 1379 3265 1433 quo
3298 1369 3554 1417 sanctum

1857 1450 2240 1520 Augustinum
2272 1467 2386 1504 non
2417 1451 2540 1504 loco
2571 1455 2792 1504 tantum
2827 1468 3075 1516 movere,
3109 1452 3206 1505 sed
3255 1453 3424 1506 etiam
3455 1469 3556 1522 pe-

1858 1537 2011 1589 nitus
2041 1537 2281 1590 obruere
2311 1542 2634 1606 tentarunt,
2660 1538 2998 1591 nobilissimi
3030 1538 3208 1592 Patris
3233 1538 3558 1592 testimonio

1859 1625 2140 1688 claudant,
2175 1630 2429 1679 sanctum
2450 1627 2799 1680 Bernardum
2823 1632 3017 1680 contra
3040 1628 3424 1698 Augustinum
3453 1627 3561 1680 suf-

1860 1713 2115 1783 fragium
2139 1714 2272 1768 dare
2301 1715 2608 1780 affirmant,
2643 1715 2949 1768 clamantes
2985 1732 3112 1768 cum
3146 1720 3388 1783 Annato,
3426 1731 3556 1785 pag.

1859 1803 1962 1855 884
1989 1818 2000 1854 :
2035 1823 2061 1849 »
2090 1803 2291 1855 Veniat
2337 1819 2473 1873 ergo
2515 1807 2642 1873 post
2670 1803 2939 1856 ultimum
2966 1809 3188 1856 sanctus
3221 1805 3558 1866 Bernardus,

1861 1889 1959 1959 qui
1984 1890 2274 1943 nominari
2299 1891 2498 1944 debuit
2536 1897 2668 1944 ante
2696 1891 2968 1961 primum.
3008 1913 3029 1940 ι
3086 1893 3184 1945 llle
3243 1909 3374 1945 vero
3408 1909 3561 1945 nun-

1861 1995 2034 2048 quam
2059 1985 2257 2032 contra
2285 1979 2674 2049 Augustinum
2706 1979 3029 2043 descendet,
3062 1997 3165 2033 nec
3195 1981 3241 2033 si
3272 1981 3562 2034 machinas

1863 2085 2061 2122 omnes
2090 2069 2457 2123 admoveatis.
2483 2072 2549 2124 At
2581 2068 2877 2140 inquiunt:
2915 2089 2939 2120 α
2975 2070 3153 2139 Igitur
3179 2077 3402 2123 sanctus
3429 2073 3560 2124 Ber-

1864 2157 2098 2225 nardus,
2141 2162 2257 2210 tam
2305 2158 2608 2227 religiosus
2640 2158 2820 2212 sancti
2851 2159 3158 2228 Augustini
3213 2159 3416 2225 cultor,
3449 2165 3565 2211 tam

1865 2247 2151 2300 studiosus
2182 2247 2382 2312 lector,
2415 2252 2530 2300 tam
2560 2247 2800 2300 idoneus
2829 2247 3043 2300 arbiter
3082 2247 3472 2300 ecclesiasticae
3504 2264 3564 2299 ac

1863 2335 2196 2390 necessariae
2229 2335 2524 2400 doctrinm,
2556 2336 2905 2406 peculiarem
2938 2341 3132 2389 tamen
3190 2337 3311 2405 ejus
3343 2341 3567 2389 senten—

1865 2424 2025 2489 tiam,
2059 2441 2171 2494 qua
2193 2429 2362 2494 negat
2385 2427 2931 2479 sanctumJoannem
2962 2426 3266 2494 Baptistam
3291 2426 3567 2494 accol-lisse
3634 2455 3636 2458 -

1867 2514 2096 2584 plenam
2118 2513 2177 2566 in
2193 2518 2355 2566 utero
2376 2519 2633 2567 materno
2662 2514 3126 2567 sanctificationis
3157 2515 3420 2583 gratiam,
3447 2514 3572 2582 reji-

1868 2603 1944 2657 cit
1973 2603 2032 2655 in
2063 2603 2302 2672 epistola
2321 2603 2387 2656 ad
2403 2603 2706 2656 canonicos
2740 2603 3166 2666 Lugdunenses,
3203 2609 3258 2655 et
3281 2603 3567 2671 principio

1870 2707 1982 2762 quo
2014 2690 2304 2743 nitebatur
2332 2691 2872 2760 Augustinus,quod
2893 2690 3105 2742 scilicet
3137 2707 3305 2743 nemo
3339 2697 3570 2743 renatus

1871 2779 1979 2834 dici
1995 2780 2169 2850 possit
2184 2779 2337 2848 prius
2351 2796 2522 2849 quam
2542 2778 3080 2844 natus,contrarium
3099 2795 3286 2848 oppon
3300 2780 3359 2846 it,
3377 2780 3568 2849 aitque

1870 2884 2036 2938 posse
2073 2868 2324 2937 aliquem
2376 2867 2536 2937 prius
2585 2872 2844 2920 sanctum
2893 2883 3013 2919 esse
3069 2884 3242 2936 quam
3285 2873 3566 2921 natum.»

1801 2990 1839 3044 C
1874 2957 2012 3011 Cum
2035 2972 2165 3008 vero
2194 2955 2372 3008 sciant
2410 2955 2794 3024 Augustinum
2826 2956 3170 3026 quandoque
3212 2973 3244 3009 a
3286 2957 3569 3011 Bernardo

1868 3044 2218 3114 appellatum
2238 3043 2650 3096 validissimum
2670 3045 2940 3096 malleum
2957 3043 3376 3107 haereticorum,
3401 3050 3571 3115 atque

1869 3133 2160 3187 catholicas
2193 3131 2484 3201 religionis
2537 3134 2884 3194 columnam,
2935 3133 3097 3202 quasi
3144 3149 3246 3202 per
3275 3133 3450 3187 risum
3493 3134 3574 3187 ita

1869 3221 2242 3275 concludunt:
2287 3240 2312 3270 «
2339 3221 2569 3273 Constat
2596 3236 2731 3289 ergo
2770 3222 3032 3290 exemplo
3067 3221 3244 3275 sancti
3299 3221 3573 3275 Bernardi

1871 3311 2009 3364 tales
2052 3326 2174 3364 esse
2205 3327 2346 3380 quas
2395 3311 2614 3364 dixerat
2644 3311 2784 3364 duas
2835 3311 2961 3364 illas
2994 3311 3308 3377 columnas,
3370 3316 3433 3364 ut
3457 3327 3573 3365 non

1871 3399 1942 3452 sit
1972 3399 2290 3453 necessario
2323 3399 2667 3464 timendum,
2700 3399 2745 3452 si
2777 3400 2904 3470 quis
2937 3400 3014 3453 ita
3035 3400 3338 3454 divellatur
3364 3401 3433 3455 ab
3463 3404 3573 3455 Au-

1871 3487 2122 3557 gustino,
2151 3493 2214 3541 ut
2243 3492 2438 3542 tamen
2470 3488 2752 3542 innitatur
2807 3489 3132 3555 Ambrosio,
3192 3489 3365 3543 etiam
3416 3489 3473 3542 in
3504 3490 3572 3542 iis

1871 3593 1999 3647 quae
2028 3582 2227 3630 contra
2252 3578 2588 3648 Pelagianos
2614 3579 2968 3648 Augustinus
3028 3577 3352 3649 disputavit,
3386 3594 3572 3648 neque

1871 3667 2094 3718 nullum
2127 3665 2300 3719 videri
2335 3683 2500 3736 posse
2552 3666 2858 3737 aliquando
2888 3666 3223 3720 validissimi
3275 3666 3571 3721 haeretico-

1873 3770 2000 3807 rum
2033 3753 2222 3807 mallei
2251 3754 2532 3808 incertum
2564 3755 2761 3808 ictum.
2798 3774 2824 3805 »
2862 3756 2989 3808 Haec
3040 3755 3142 3808 illi.

1946 3844 2212 3896 Fatemur
2251 3843 2658 3912 particularem
2714 3843 2886 3896 fuisse
2937 3843 3118 3896 sancti
3170 3843 3414 3896 doctoris
3446 3860 3570 3896 sene

1872 3931 2110 3985 tentiam
2138 3932 2404 3984 adversus
2441 3931 2774 4000 Pelagianos
2805 3931 2873 3985 de
2904 3935 3136 4000 peccato
3163 3930 3429 4001 originali
3460 3931 3574 3984 dis-

1873 4020 2146 4090 putantis,
2176 4019 2481 4072 Jeremiam
2511 4036 2572 4073 ac
2601 4021 2878 4073 Joannem
2912 4019 3222 4090 Baptistam
3253 4035 3366 4072 non
3400 4019 3574 4073 fuisse

1872 4108 2042 4179 plene
2080 4124 2112 4160 a
2141 4112 2370 4176 peccato
2402 4107 2667 4177 originali
2696 4108 2757 4161 in
2786 4108 2963 4161 uteris
3010 4113 3260 4162 matrum
3313 4125 3416 4178 per
3445 4125 3575 4179 gra-

1871 4196 2011 4250 tiam
2043 4195 2489 4249 sanctiticantem
2520 4195 2809 4250 liberatos.
2845 4198 2960 4251 Hoc
2985 4196 3178 4251 docuit
3206 4196 3368 4267 epist.
3407 4201 3468 4251 57
3503 4198 3572 4251 ad

113 4285 254 4337 tarum
278 4283 679 4349 inaudiuntur,
710 4285 951 4338 Joannes
992 4299 1024 4336 a
1079 4283 1280 4337 Sancto
1330 4281 1567 4344 Thoma,
1617 4283 1763 4348 part.
1807 4287 1850 4342 Ι)
1883 4284 2227 4352 Dardanum,
2259 4288 2316 4337 et
2346 4283 2444 4337 lib.
2471 4300 2521 4337 IV
2552 4289 2749 4338 contra
2769 4285 2901 4346 Jul.,
2940 4284 3139 4355 Operis
3186 4285 3414 4355 imperf.
3449 4302 3573 4355 cap.

115 4385 138 4431 ι,
161 4370 280 4442 disp.
315 4377 396 4440 t0,
425 4375 497 4428 de
532 4373 801 4444 Reprob.,
832 4388 992 4426 num.
1022 4374 1124 4438 t9;
1168 4369 1416 4435 Gonetti,
1467 4369 1674 4438 disput.
1712 4371 1766 4434 5,

112 4461 217 4514 tom.
269 4479 336 4528 iv,
383 4466 490 4516 art.
530 4460 645 4529 2,§
698 4463 748 4515 3.
785 4461 848 4514 Et
900 4463 1049 4514 certe
1098 4458 1362 4513 Calvinus
1419 4456 1769 4528 reprobatio-

114 4561 212 4602 nem
258 4552 562 4620 positivam
614 4555 745 4604 ante
801 4549 1201 4620 praevisionem
1257 4552 1619 4619 peccatorum
1672 4562 1766 4600 as-

114 4645 264 4713 truxit,
295 4648 410 4703 imo
440 4649 515 4704 ab
546 4648 744 4702 eadem
773 4647 915 4701 dixit
965 4650 1196 4717 peccata
1223 4644 1465 4714 causari,
1498 4649 1669 4714 atque
1699 4642 1770 4697 ad

113 4741 203 4799 haec
224 4748 607 4818 perpetranda
655 4747 919 4801 homines
973 4745 1214 4816 impelli,
1253 4761 1379 4816 quae
1409 4761 1442 4798 a
1468 4741 1772 4798 Thomistis

111 4858 199 4898 una
221 4863 340 4902 cum
374 4846 616 4918 reliquis
646 4844 939 4900 catholicis
996 4847 1298 4914 negantur.
1353 4845 1426 4896 At
1467 4858 1573 4896 nos
1627 4839 1774 4895 absit

109 4946 157 4992 ut
180 4943 653 5014 Pelagianismum
701 4941 1139 5013 sapientissimis
1170 4939 1325 5004 viris,
1367 4943 1424 4992 et
1450 4938 1512 4992 in
1549 4940 1771 5008 Augus-

108 5036 204 5092 tino
250 5041 607 5096 defendendo
669 5057 732 5095 ex
767 5040 1098 5110 juramento
1137 5036 1569 5092 Salmanticensi
1617 5053 1773 5090 com-

109 5136 435 5194 militonibus
498 5156 559 5193 ac
604 5138 810 5192 nostris
882 5135 1168 5191 foederatis
1232 5134 1627 5205 imponamus;
1678 5133 1776 5188 illa

110 5235 233 5290 enim
284 5243 515 5292 tantum
567 5238 831 5305 diximus,
918 5235 1080 5306 queis
1157 5232 1424 5288 Bannesii
1478 5246 1776 5285 censuram

109 5332 302 5396 plenius
331 5335 777 5388 confutaremus.
812 5334 936 5388 Non
979 5336 1061 5386 est
1103 5336 1299 5386 tamen
1339 5346 1440 5384 cur
1467 5327 1777 5382 adversarii

109 5425 249 5500 hujus
272 5433 536 5503 theologi
578 5433 969 5488 testimonium
1001 5435 1199 5486 contra
1227 5428 1612 5498 Augustinum
1641 5441 1776 5497 pro-

111 5529 308 5599 ducant,
337 5530 441 5602 qui
470 5531 531 5584 in
553 5531 754 5587 eodem
778 5531 924 5598 loco,
949 5545 1158 5602 nempe
1180 5527 1419 5584 articulo
1434 5526 1532 5581 illo
1554 5525 1775 5596 quinto,

1881 4377 2001 4442 t33,
2031 4373 2131 4427 ubi
2163 4373 2275 4427 ait:
2313 4394 2341 4421 ‹‹
2371 4372 2514 4437 Quia
2540 4377 2597 4426 et
2641 4373 2915 4428 Jeremias
2962 4379 3020 4428 et
3054 4375 3320 4439 Joannes,
3372 4391 3575 4445 quam—

1875 4463 1959 4516 vis
1984 4462 2321 4516 sanctiﬁcati
2351 4462 2408 4516 in
2440 4462 2613 4515 uteris
2639 4468 2915 4530 matrum,
2941 4467 3237 4516 traxerunt
3251 4468 3439 4517 tamen
3471 4465 3579 4518 ori-

1877 4551 2066 4623 ginale
2095 4556 2359 4622 pecatum
2387 4567 2398 4604 :
2434 4567 2566 4604 nam
2598 4567 2711 4621 quo
2752 4550 2863 4606 alio
2897 4550 3099 4604 merito
3150 4552 3450 4607 interirent
3479 4570 3577 4608 eo-

1878 4657 2008 4694 rum
2041 4639 2246 4693 animas
2277 4640 2344 4693 de
2377 4639 2593 4709 populo
2625 4655 2749 4707 suo,
2781 4638 2891 4692 nisi
2924 4640 3015 4693 die
3047 4645 3241 4693 octavo
3292 4642 3582 4696 circumci-

1881 4729 2172 4794 derentur,
2235 4727 2343 4780 nisi
2392 4727 2462 4781 ad
2507 4727 2710 4781 Christi
2760 4727 3006 4798 gratiam
3056 4730 3436 4798 pervenirent,
3469 4735 3576 4784 etc.

1880 4820 2053 4873 Erant
2082 4832 2216 4886 ergo
2250 4815 2336 4870 illi
2370 4821 2426 4869 et
2464 4821 2669 4870 natura
2698 4816 2799 4870 lilii
2831 4816 2931 4870 ira
2977 4818 3046 4872 ab
3079 4819 3255 4871 uteris
3308 4822 3577 4886 matrum,

1881 4912 1938 4960 et
2011 4906 2193 4976 gratia
2263 4903 2367 4958 filii
2435 4905 2841 4959 misericordiae
2908 4906 2980 4960 ab
3049 4906 3222 4959 uteris
3304 4909 3576 4971 matrum,

1883 4993 2018 5066 quia
2043 5010 2147 5047 nec
2179 4992 2365 5046 adhuc
2387 4993 2467 5046 eis
2498 4993 2682 5047 inerat
2709 4992 2974 5047 sanctitas
2997 5010 3122 5063 quae
3157 4993 3443 5044 vinculum
3473 4993 3580 5046 sol-

1881 5088 2039 5138 veret
2066 5081 2434 5136 successionis
2476 5082 2756 5146 obnoxiae,
2803 5082 2952 5152 quod
2983 5098 3082 5135 suo
3131 5086 3385 5150 tempore
3433 5080 3576 5135 solvi

1885 5171 2202 5242 oportebat,
2243 5175 2299 5224 et
2329 5169 2513 5224 inerat
2541 5174 2733 5224 tamen
2762 5187 2890 5240 quae
2931 5183 3248 5239 prmconem
3312 5167 3516 5222 Christi
3550 5185 3582 5222 a

1885 5259 2158 5314 maternis
2202 5257 2511 5312 visceribus
2568 5257 2918 5327 designabat.
2952 5277 2978 5303 »
3036 5257 3155 5308 Duo
3187 5255 3280 5309 hic
3325 5257 3583 5311 conside-

1885 5348 2066 5402 randa
2096 5351 2246 5415 sunt,
2276 5347 2552 5400 Joannem
2586 5346 2892 5414 Baptistam
2930 5344 3216 5414 repletum
3264 5360 3367 5414 per
3405 5345 3583 5414 Spiri-

1886 5441 1980 5492 tus
2010 5436 2187 5490 sancti
2218 5435 2462 5505 gratiam
2483 5433 2798 5506 prophetiaa
2839 5433 3011 5499 dono,
3067 5437 3261 5503 postea
3296 5451 3441 5488 noxa
3472 5434 3588 5490 ori-

1888 5524 2066 5596 ginali
2116 5525 2424 5581 liberatum
2480 5523 2652 5578 fuisse
2709 5522 2767 5576 in
2802 5526 2988 5578 utero.
3041 5522 3302 5578 Primum
3333 5524 3590 5580 concedit
