3894 6184
367 267 475 321 ⁸783

1381 258 1942 320 SUPPLEMENTUM
1982 263 2074 320 AD
2112 261 2348 320 OPERA
2387 265 2444 319 S.
2482 263 2872 322 AUGUSTINI.
3712 284 3791 339 734

371 390 598 442 sanctus
627 385 1002 457 Augustinus,
1022 383 1263 439 alterum
1279 385 1469 455 negat,
1489 388 1555 438 ut
1576 384 1699 454 ejus
1727 384 1900 440 verba
1923 385 2072 439 clare
2100 384 2146 440 A
2183 385 2443 466 sequitur
2469 391 2696 442 sanctus
2731 387 3071 457 Bernardns,
3102 386 3198 442 illa
3221 387 3280 444 in
3308 391 3530 463 epistola
3553 401 3638 464 7'7,
3678 416 3791 472 quo-

373 477 700 533 ostendunt.
733 477 969 531 Sanctus
1015 473 1334 528 Bernardus
1365 472 1621 544 primum
1667 477 1724 529 et
1775 473 1896 546 ipse
1945 474 2067 528 sine

373 566 731 622 haesitatione
761 561 1038 630 concedit,
1074 562 1143 616 de
1173 562 1352 616 altero
1384 578 1516 616 vero
1559 550 1695 618 dicit
1730 579 1788 617 se
1819 579 1934 618 non
1964 580 2066 619 au-

375 656 508 710 dere
538 652 834 726 quippiam
882 649 1140 705 deﬁnire.
1196 650 1514 706 Audiantur
1573 651 1761 706 dulcia
1816 651 2070 708 Melliﬂui

374 743 623 798 doctoris
659 740 854 810 verba,
907 755 979 793 ne
1026 739 1238 793 Annati
1289 739 1350 794 in
1397 740 1783 812 Augustinum
1841 757 2070 796 amarus

372 848 556 885 sermo
600 829 763 884 nobis
791 829 1085 883 fastidium
1115 829 1345 899 ingerat
1370 845 1383 883 :
1439 850 1466 879 «
1499 829 1823 886 Certissima
1853 834 2068 900 autem,

368 919 576 992 inquit,
611 923 838 974 sanctus
868 918 1134 989 Spiritus,
1169 933 1341 990 quem
1370 918 1627 989 replevit,
1681 919 2066 974 sanctiﬁcavit.

369 1009 652 1064 Caeterum
684 1012 966 1080 quatenus
999 1007 1267 1062 adversus
1301 1006 1580 1078 originale
1621 1011 1918 1079 peccatum
1947 1007 2072 1062 haec

366 1099 490 1169 ipsa
514 1097 882 1152 sanctiﬁcatio
917 1096 1177 1162 valuerit,
1212 1096 1326 1151 sive
1355 1113 1462 1166 pro
1492 1095 1644 1164 istio,
1675 1096 1791 1151 sive
1837 1113 1940 1168 pro
1972 1096 2071 1152 illo

363 1188 668 1258 propheta,
694 1187 783 1240 vel
815 1185 862 1239 si
883 1185 1013 1257 quis
1038 1184 1183 1239 alius
1207 1184 1380 1239 simili
1406 1190 1727 1256 praeventus
1748 1186 1933 1257 gratia
1953 1186 2073 1241 fue-

364 1276 460 1346 rit,
491 1292 600 1330 NON
658 1291 863 1328 rem-me
894 1291 1138 1328 nixeaiu.
1199 1293 1227 1326 »
1255 1273 1469 1329 Deinde
1501 1275 1844 1329 sententiam
1893 1275 2073 1329 sancti

362 1364 670 1437 Augustini
715 1364 1080 1418 considerans
1137 1363 1332 1418 addit:
1371 1386 1393 1413 ε
1429 1365 1698 1418 Attamen
1741 1363 1868 1434 quis
1925 1363 2076 1418 dicat

361 1454 577 1525 Spiritu
610 1457 800 1507 sancto
831 1453 1113 1523 repletum
1143 1467 1377 1506 manere
1432 1452 1614 1506 adhuc
1645 1452 1831 1506 ﬁlium
1861 1452 2074 1506 nihilo-

361 1543 553 1598 minus
585 1543 710 1610 irae,
743 1545 814 1606 et,
853 1541 898 1594 si
929 1540 1081 1596 mori
1114 1540 1175 1594 in
1204 1545 1367 1595 utero
1410 1540 1755 1610 contigisset,
1809 1557 1938 1595 cum
1971 1542 2076 1597 hac

361 1630 716 1702 plenitudine
760 1629 996 1699 spiritus
1051 1645 1248 1699 pcenas
1302 1628 1580 1683 luiturum
1640 1630 2072 1684 damnationis?

2175 489 2304 562 rum
2360 475 2684 530 testimonia
2762 477 2973 540 laudat,
3035 477 3315 534 scribens:
3372 503 3392 531 ι
3444 485 3522 539 Ab
3567 487 3645 541 his
3688 506 3791 562 ergo

2176 561 2398 618 duabus
2460 565 2739 620 columnis
2799 564 3203 636 (Augustinum
3262 568 3451 640 loquor
3503 577 3554 627 et
3604 561 3797 634 Ambro-

2177 651 2374 723 sium),
2405 653 2572 708 crede
2592 654 2758 724 mihi,
2792 654 3020 710 difﬁcile
3046 657 3281 713 avellor.
3306 658 3438 714 Cum
3459 661 3558 729 his,
3583 662 3797 736 inquam,

2178 757 2270 794 me
2321 746 2422 796 aut
2472 758 2661 797 errare
2722 747 2818 797 aut
2870 759 3068 813 sapere
3119 744 3333 815 fateor;
3376 748 3591 804 credens
3633 757 3682 806 et
3707 755 3799 824 ipse

2178 829 2297 885 sola
2321 829 2433 885 ﬁde
2481 831 2772 886 hominem
2825 849 2993 903 posse
3047 833 3250 888 salvari
3279 850 3402 890 cum
3430 837 3682 895 desiderio
3707 858 3801 912 per-

2178 918 2430 989 cipiendi
2456 925 2895 989 sacramentum,
2938 921 2984 975 si
3031 925 3226 977 tamen
3263 923 3355 994 pio
3384 924 3803 997 adimplendide—

2179 1007 2389 1063 siderio
2420 1024 2574 1064 mors
2603 1009 2940 1081 anticipans,
3000 1026 3102 1065 seu
3139 1011 3250 1065 alia
3289 1027 3621 1084 quaecunque
3648 1017 3716 1070 vis
3739 1018 3803 1072 in-

2179 1095 2460 1152 vincibilis
2490 1097 2817 1153 obviaverit.
2857 1121 2877 1146 ι
2928 1098 3124 1167 Audis,
3162 1100 3503 1155 Bernardum
3530 1101 3693 1158 virum
3718 1107 3800 1159 mi-

2180 1183 2334 1238 nime
2354 1183 2770 1254 jactabundum
2800 1201 2930 1239 cum
2959 1185 3280 1256 Augustino
3308 1203 3496 1258 sapere
3523 1192 3574 1242 et
3602 1191 3802 1258 credere,

2181 1274 2295 1329 sola
2321 1273 2427 1341 ﬁde
2473 1274 2735 1328 hominem
2778 1290 2932 1344 posse
2977 1275 3187 1330 salvari
3240 1292 3357 1331 cum
3393 1277 3635 1333 desiderio
3667 1284 3801 1348 pmi-

2180 1361 2372 1431 piendi
2407 1367 2804 1417 sacramentum
2825 1363 2854 1418 ?
2901 1365 3012 1419 Cur
3045 1380 3178 1418 vero
3221 1380 3346 1419 eam
3381 1367 3692 1421 sententiam
3719 1372 3804 1422 Au-

2184 1449 2398 1520 gustini
2428 1450 2642 1506 diceret
2668 1451 2845 1505 fuisse
2875 1452 3098 1524 uspiam
3132 1453 3202 1507 ab
3253 1469 3318 1508 eo
3391 1459 3734 1522 retractatam,
3762 1457 3803 1510 in

2185 1555 2359 1610 quam
2389 1540 2627 1611 pedibus
2657 1539 2796 1594 ivit?
2823 1540 2931 1596 Sed
2964 1545 3020 1596 et
3047 1541 3356 1613 apostolica
3409 1543 3560 1598 sedes
3599 1545 3805 1599 eamdem

2185 1629 2527 1684 sententiam
2579 1630 2652 1684 ob
2699 1630 3006 1700 Augustini
3060 1631 3451 1686 auctoritatem
3512 1633 3803 1703 approbavit.

361 1681 711 1702 ι---ηπ--η
1304 1681 1319 1683 -
1372 1681 1403 1682 η
2588 1681 2644 1684 κπ
2700 1681 3005 1700 -—-~o—~-———
3064 1681 3451 1686 --ν---ηηυ-
3514 1681 3803 1703 -ττ-ν--ν-ν-

360 1721 578 1774 Durum
611 1724 698 1773 est
729 1735 742 1785 ;
798 1735 992 1771 MlNlME
1036 1723 1229 1772 tamen
1273 1735 1436 1773 auem
1493 1718 1627 1772 hinc
1659 1735 1930 1779 emerunt
1961 1738 2069 1775 mea
2098 1681 2141 1738 Β
2180 1717 2543 1773 Innocentius
2577 1719 2672 1785 lll,
2728 1719 2787 1772 in
2827 1719 3034 1774 litteris
3061 1721 3132 1776 ad
3162 1721 3592 1776 Cremonensem
3637 1722 3806 1792 episco-

359 1824 643 1862 smvramu
673 1824 944 1861 DEFINIRE.
978 1807 1087 1862 Sed
1117 1807 1400 1878 quidquid
1445 1807 1514 1861 de
1582 1807 1691 1862 hoc
1745 1808 1841 1876 sit,
1883 1814 1994 1865 etc.
2040 1831 2062 1858 ο

358 1897 545 1966 Vides,
603 1901 844 1963 Annate,
896 1895 1039 1950 nihil
1071 1912 1137 1949 ea
1193 1895 1254 1949 in
1291 1912 1354 1950 re
1385 1896 1742 1951 Bernardum
1800 1897 2064 1966 deﬁnire,

355 1986 546 2052 unius,
577 1990 640 2040 ut
653 1985 782 2056 jure
813 1985 1046 2056 quidem
1101 1984 1370 2053 arbitror,
1399 1985 1729 2056 Augustini,
1761 2001 1934 2056 quem
1959 1987 2064 2040 ha-

354 2074 544 2141 bebat,
576 2079 642 2128 ut
670 2073 830 2141 dicis,
862 2073 991 2127 dum
1021 2075 1128 2128 haec
1153 2074 1424 2142 scriberet,
1478 2078 1815 2144 praesentem,
1869 2080 2064 2129 aucto-

353 2162 522 2218 ritate
534 2161 915 2216 remoratum?
933 2163 1082 2216 Dura
1096 2161 1178 2216 illi
1191 2162 1496 2233 Augustini
1537 2163 1819 2218 sententia
1829 2163 1948 2218 visa
1960 2167 2062 2231 est,

355 2255 410 2305 at
444 2251 644 2305 durius
675 2251 856 2304 fassus
895 2255 979 2304 est
1009 2250 1079 2303 ab
1127 2250 1449 2320 Augustino
1485 2251 1810 2306 discedere:
1842 2254 2066 2307 Minime

356 2345 551 2408 tamen,
576 2339 785 2411 inquit,
817 2342 992 2393 ausim
1015 2340 1138 2393 hinc
1169 2342 1455 2410 quippiam
1483 2356 1603 2395 mea
1633 2344 1897 2396 sententia
1932 2341 2065 2412 defi-

350 2431 488 2482 nire.
523 2429 762 2482 Hoccine
787 2431 889 2493 est,
921 2429 1164 2494 Annate,
1198 2432 1261 2482 ut
1283 2428 1517 2499 jocaris,
1551 2429 1739 2484 divelli
1763 2431 1831 2484 ab
1850 2431 2062 2498 Augus-

354 2520 466 2571 tino
485 2520 512 2571 ‘2
539 2518 647 2571 hoc
674 2521 874 2588 putare
896 2517 1112 2570 nullum
1158 2517 1456 2585 aliquando
1494 2518 1828 2572 validissimi
1847 2520 2060 2574 haereti-

349 2622 531 2661 corum
553 2606 736 2660 mallei
756 2609 1022 2660 incertum
1043 2607 1211 2660 ictum
1231 2605 1392 2660 ?Imo
1415 2606 1522 2660 hoc
1541 2611 1626 2661 est
1645 2607 1954 2661 lectoribus
1970 2607 2059 2662 fu-

349 2711 481 2750 cum
539 2696 742 2762 facere,
790 2712 853 2749 ac
901 2695 1188 2749 Bernardo
1236 2695 1483 2750 nimium
1536 2695 1882 2766 injuriosum
1913 2712 2055 2764 esse,

350 2785 487 2839 dum
509 2785 671 2839 illum
693 2800 760 2838 ea
772 2783 1107 2838 recitantem
1133 2783 1353 2838 inducis
1379 2785 1448 2839 de
1478 2785 1802 2856 Augustino
1833 2801 1962 2856 quae
1986 2802 2058 2840 ne

351 2873 620 2945 cogitavit
653 2873 908 2944 quidem.
960 2873 1064 2926 Illa
1121 2871 1315 2944 itaque
1368 2877 1452 2927 est
1485 2873 1741 2928 Melliﬁui
1771 2873 2057 2928 sententia

351 2963 517 3034 epist.
557 2964 656 3017 174
681 2963 752 3016 ad
783 2961 1082 3016 canonicos
1115 2962 1541 3032 Lugdunenses.

418 3051 526 3106 Sed
555 3050 711 3105 aliud
760 3051 897 3121 quid
941 3053 1202 3105 Annatus
1251 3051 1448 3121 garrit,
1483 3051 1889 3123 contenditque
1921 3052 2054 3106 Ber-

349 3140 593 3194 nardum
649 3139 891 3205 diversa,
925 3139 1042 3193 imo
1101 3139 1338 3194 adversa
1383 3157 1583 3210 sapere
1629 3141 1716 3194 vel
1748 3156 1814 3194 eo
1844 3139 2054 3211 ipso’in

348 3229 474 3282 loco
506 3229 574 3282 ab
615 3228 935 3298 Augustino
967 3229 1304 3296 recedendo,
1350 3228 1450 3282 ubi
1482 3245 1540 3283 se
1571 3245 1702 3283 cum
1728 3228 2053 3300 Augustino

355 3321 454 3371 aut
481 3333 670 3370 errare
701 3321 799 3371 aut
829 3333 1026 3387 sapere
1073 3317 1393 3387 proﬁtetur,
1451 3333 1659 3388 nempe
1690 3316 1852 3388 epist.
1885 3321 1950 3370 77
1984 3315 2055 3370 ad

355 3407 674 3476 Hugonem.
710 3405 790 3458 Do
819 3405 1029 3458 Annati
1067 3405 1267 3459 verba:
1305 3424 1332 3456 ‹‹
1365 3406 1436 3460 Ut
1464 3406 1724 3460 omittam
1765 3405 1917 3477 quod
1963 3421 2053 3459 re-

352 3496 465 3548 lata
495 3493 593 3547 illa
648 3493 927 3546 sententia
984 3509 1098 3564 qua
1149 3492 1324 3547 sensit
1369 3494 1724 3564 Augustinus
1766 3495 2051 3548 internam

352 3581 535 3636 cordis
583 3581 1014 3636 conversionem
1071 3581 1143 3636 ad
1199 3583 1378 3637 Deum
1435 3587 1725 3636 externam
1781 3583 2052 3654 baptismi

351 3668 774 3739 susceptionem
802 3685 970 3739 posse
994 3668 1278 3739 supplere,
1302 3669 1389 3722 vir
1413 3669 1653 3724 minime
1667 3670 2052 3741 jactabundus

349 3773 559 3829 negare
591 3757 761 3812 audet
788 3757 962 3812 fuisse
991 3758 1216 3828 uspiam
1247 3759 1318 3812 ab
1349 3774 1417 3813 eo
1447 3762 1830 3826 retractatam,
1854 3776 2052 3830 quam-

348 3845 430 3899 vis
479 3850 833 3901 retractasset
863 3847 1187 3917 exemplum
1224 3847 1378 3918 quod
1402 3846 1723 3917 subjecerat
1760 3848 1940 3902 sancti
1970 3850 2050 3903 la-

345 3935 544 4002 tronis,
580 3951 646 3989 ea
674 3935 892 3990 ratione
922 3935 1073 4006 quod
1100 3935 1383 3989 incertum
1416 3940 1564 3990 esset
1594 3951 1668 3989 an
1696 3935 1895 3991 fuisset
1909 3937 2048 4009 bap-

344 4024 567 4078 tizatus.
604 4044 632 4076 »
676 4023 872 4078 Nescio
903 4040 1018 4095 quo
1066 4023 1304 4078 consilio
1333 4026 1594 4078 Annatus
1643 4023 1736 4078 hic
1763 4026 2049 4096 paralepsi

343 4119 558 4168 utatur.
588 4113 686 4168 Eia
735 4129 864 4183 age,
895 4113 1142 4167 edissere
1173 4129 1275 4168 cur
1321 4129 1390 4168 ex
1440 4113 1730 4168 Bernardo
1778 4115 2048 4186 Augusti-

345 4219 484 4257 num
534 4218 795 4257 accusare
828 4202 932 4255 tibi
970 4201 1030 4254 in
1060 4201 1400 4272 religionem
1428 4201 1633 4256 venit?
1665 4202 1748 4255 Ita
1776 4204 1879 4267 est,
1908 4202 2048 4254 Ber-

2175 1823 2336 1878 pum,
2368 1824 2498 1878 qua:
2551 1808 2701 1879 apud
2760 1808 3098 1879 Gregorium
3136 1810 3203 1865 IX
3255 1814 3473 1865 exstant
3522 1809 3610 1864 lib.
3643 1826 3715 1878 ιιι,
3740 1812 3804 1863 tit.

2174 1898 2264 1961 43,
2297 1912 2420 1967 cap.
2454 1900 2507 1963 2,
2549 1897 2628 1950 ita
2655 1895 2886 1951 scribit:
2923 1917 2951 1948 α
2981 1897 3161 1961 Quem
3192 1898 3317 1952 sine
3345 1897 3492 1952 unda
3510 1898 3804 1968 baptismatis

2177 1989 2499 2042 extremum
2529 1985 2682 2040 diem
2721 1985 2988 2040 clausisse
3021 1986 3378 2058 signiﬁcasti,
3408 1986 3537 2057 quia
3589 1987 3641 2040 in
3683 2003 3804 2039 sanc-

2173 2078 2247 2129 tas
2278 2075 2476 2128 matris
2508 2073 2767 2129 Ecclesiae
2797 2075 2908 2129 ﬁde
2961 2079 3017 2129 et
3069 2076 3280 2131 Christi
3331 2076 3555 2130 nomine
3602 2089 3804 2146 perseve-

2173 2163 2336 2233 ravit,
2371 2163 2442 2218 ab
2493 2163 2761 2235 originali
2809 2169 3041 2235 peccato
3097 2165 3354 2220 solutum
3399 2168 3455 2220 et
3503 2163 3715 2218 caelestis
3737 2179 3804 2232 pa-

2174 2252 2299 2306 triae
2339 2252 2551 2323 gaudia
2598 2268 2719 2307 esse
2768 2253 3042 2324 adeptum
3099 2254 3406 2309 asserimus
3456 2253 3801 2307 incunctanter.

2174 2342 2321 2412 Lege
2343 2357 2516 2412 super
2545 2345 2740 2396 octavo
2786 2341 2930 2395 libro
2988 2343 3300 2413 Augustini
3351 2343 3420 2398 de
3475 2342 3688 2396 Civitate
3715 2338 3801 2402 Dei,

2171 2429 2272 2484 ubi
2314 2429 2466 2484 inter
2501 2434 2706 2484 cetera
2752 2429 2992 2501 legitur:
3040 2432 3355 2500 Baptismus
3392 2431 3711 2485 invisibiliter
3731 2430 3802 2480 mi-

2169 2515 2460 2579 nistratur,
2501 2530 2656 2584 quem
2681 2529 2788 2569 non
2837 2518 3168 2584 contemptus
3213 2517 3512 2584 religionis,
3559 2512 3642 2568 sed
3667 2512 3802 2566 termi-

2160 2617 2270 2657 nus
2297 2605 2631 2657 necessitatis
2653 2603 2912 2658 excludit.
2947 2625 2969 2653 ι
3005 2605 3174 2659 Error
3229 2608 3425 2659 tamen
3451 2602 3676 2672 irrepsit,
3704 2615 3802 2652 nam

2168 2691 2341 2745 verba
2368 2691 2465 2746 illa
2494 2693 2766 2763 leguntur
2795 2709 2910 2748 non
2937 2692 2998 2747 in
3030 2693 3174 2748 libro
3203 2695 3328 2748 VIll
3357 2693 3424 2748 de
3467 2692 3676 2747 Civitate
3713 2687 3801 2752 Dei,

2169 2781 2266 2835 sed
2289 2780 2389 2834 lib.
2425 2797 2478 2834 ιν
2506 2781 2575 2836 de
2607 2781 2915 2852 Baptismo,
2972 2785 3037 2836 ut
3088 2782 3474 2852 recitavimus,
3517 2796 3633 2852 qua:
3675 2776 3803 2832 etiam

2165 2868 2432 2923 laudatus
2465 2869 2783 2924 Bernardus
2820 2886 2886 2924 ex
2935 2869 3133 2925 eodem
3180 2871 3333 2926 libro
3366 2888 3419 2924 Iv
3450 2868 3674 2924 adduxit.
3703 2865 3805 2920 Hinc

2086 2978 2126 3035 ρ
2166 2959 2423 3029 theologi
2451 2958 2771 3030 baptimum
2801 2959 3072 3027 ﬂaminis,
3105 2964 3162 3015 et
3209 2960 3540 3015 Tridentina
3588 2955 3804 3028 synodus,

2168 3064 2308 3104 sese.
2341 3051 2394 3114 6,
2425 3048 2980 3120 cap.4,baptismum
2993 3049 3502 3120 invotojustiﬁcare
3528 3046 3802 3102 decernunt.

2166 3137 2314 3201 Quid
2343 3137 2522 3208 igitur
2549 3137 2652 3192 tibi
2680 3137 2740 3192 in
2766 3141 3020 3193 mentem
3050 3138 3228 3206 venit,
3282 3142 3517 3204 Annate,
3572 3135 3691 3190 dum
3716 3146 3807 3185 sen-

2164 3225 2402 3280 tentiam
2457 3226 2614 3280 illam
2658 3227 2837 3280 sancti
2883 3226 3125 3282 doctoris
3170 3226 3249 3282 ab
3298 3226 3534 3282 Ecclesia
3575 3220 3803 3295 approba-

2164 3319 2280 3370 tam
2325 3313 2489 3386 quasi
2543 3315 2944 3371 retractatione
2993 3316 3236 3388 dignam
3292 3313 3630 3379 recensuisti,
3674 3324 3805 3381 quam

2165 3403 2336 3458 etiam
2369 3408 2696 3459 constanter
2721 3404 2873 3460 idem
2905 3405 3090 3460 tenuit
3119 3410 3255 3476 post
3281 3409 3501 3460 exortos
3530 3399 3806 3470 Pelagianos

2163 3492 2233 3546 ad
2247 3482 2616 3564 ﬁnem'usque
2645 3493 2775 3547 vitae
2794 3495 2824 3548 ?
2851 3496 3099 3566 Legatur
3117 3495 3219 3550 lib.
3249 3513 3268 3550 ι
3297 3495 3366 3550 de
3384 3493 3604 3565 Origine
3623 3489 3805 3548 animal.

2163 3597 2286 3651 cap,
2311 3585 2342 3635 9
2373 3587 2428 3636 et
2456 3582 2556 3636 lib.
2598 3599 2636 3636 ιι
2663 3583 2935 3653 Retract.,
2966 3600 3089 3655 cap.
3126 3587 3212 3639 t8.
3249 3584 3358 3649 Qui
3402 3584 3562 3654 plura
3593 3596 3652 3634 ea
3685 3578 3740 3630 de
3764 3589 3805 3626 re

2161 3671 2303 3724 scire
2330 3669 2510 3740 cupit,
2557 3671 2817 3726 consulat
2855 3671 3246 3728 Christianum
3295 3673 3536 3744 Lupum,
3567 3671 3805 3723 auctorem

2161 3758 2296 3813 satis
2325 3764 2551 3828 notum,
2582 3760 2642 3814 in
2673 3759 2773 3816 lib.
2791 3760 2860 3815 de
2878 3760 3185 3816 Attritione
3201 3767 3261 3817 et
3279 3760 3628 3822 contritione,
3647 3770 3748 3824 cap.
3764 3753 3800 3803 8.

2229 3850 2316 3902 An
2346 3847 2489 3902 forte
2518 3848 2720 3903 irrides
2775 3849 2929 3920 quod
2957 3850 3026 3904 de
3081 3849 3369 3921 baptismo
3417 3847 3590 3904 sancti
3617 3839 3804 3900 latronis

2158 3935 2510 4006 Augustinus
2565 3936 2916 3991 insinuavit?
2943 3937 3184 3992 Sanctus
3215 3939 3413 3994 doctor
3443 3953 3560 3992 rem
3586 3932 3682 3988 sibi
3713 3943 3803 3983 cer-

2160 4031 2292 4090 tam,
2355 4040 2564 4097 nempe
2619 4025 3048 4081 conversionem
3102 4028 3293 4083 cordis
3346 4027 3603 4098 supplere
3663 4019 3804 4073 vicem

2158 4113 2452 4184 baptismi,
2509 4130 2630 4168 non
2676 4131 2844 4186 posse
2901 4115 3037 4169 satis
3091 4116 3400 4171 efﬁcaciter
3462 4114 3556 4169 illo
3593 4105 3805 4176 exemplo

2157 4202 2538 4257 demonstrari
2565 4203 2746 4258 fassus
2776 4208 2862 4258 est
2913 4204 2972 4258 in
3020 4204 3166 4259 libro
3224 4224 3264 4260 ιι
3313 4207 3574 4263 Retract,
3603 4214 3710 4269 cap.
3739 4194 3804 4256 l3.

343 4291 556 4345 nardus
579 4290 665 4343 vir
696 4289 936 4344 minime
945 4289 1330 4358 jactabundus
1358 4288 1664 4359 Augustini
1681 4288 2044 4356 sententiam,
2073 4275 2118 4330 Ῑ)
2156 4291 2450 4346 afﬁrmans
2502 4308 2535 4345 a
2585 4291 2929 4363 quibusdam
2977 4309 3085 4348 non
3112 4295 3511 4349 incredibiliter
3545 4289 3646 4345 dici
3673 4288 3806 4339 latro-

344 4391 457 4446 qua
468 4377 669 4431 asserit
684 4377 969 4430 internam
984 4377 1170 4431 cordis
1188 4376 1619 4430 conversionem
1634 4377 1701 4430 ad
1718 4378 1897 4432 Deum
1910 4377 2047 4448 bap-

341 4464 576 4518 tismum
613 4481 778 4535 posse
812 4465 1100 4534 supplere,
1142 4479 1342 4532 negare
1389 4463 1555 4518 audet
1608 4466 1781 4530 fuisse
1828 4469 2046 4535 uspiam

341 4551 409 4605 ab
454 4567 511 4606 eo
551 4558 920 4607 retractatam.
955 4554 1117 4606 Forte
1171 4553 1319 4606 hanc
1348 4552 1690 4607 sententiam
1738 4558 2044 4609 retractan-

341 4640 474 4694 dam
492 4642 812 4711 Augustino
849 4640 1022 4696 fuisse
1052 4643 1268 4711 putas?
1321 4641 1485 4696 Illam
1519 4643 1862 4697 sententiam
1910 4648 2040 4700 ante

339 4733 600 4784 sanctum
648 4729 1037 4799 Augustinum
1089 4730 1359 4785 docuerat
1415 4736 1646 4787 sanctus
1702 4733 2036 4804 Cyprianus,

337 4834 511 4890 quem
541 4817 739 4873 laudat
768 4826 994 4872 sanctus
1026 4817 1224 4874 doctor
1253 4820 1354 4875 lib.
1389 4837 1442 4874 ιν
1467 4821 1536 4875 de
1569 4821 1878 4893 Baptismo,
1912 4838 2036 4894 cap.

333 4911 423 4976 22,
478 4908 578 4963 ubi
633 4908 704 4963 de
765 4907 1049 4978 baptismo
1103 4909 1201 4976 ait,
1263 4909 1309 4962 si
1358 4925 1424 4964 ex
1480 4910 1814 4965 necessitate
1869 4911 2036 4980 desit,

333 5013 497 5068 posse
562 4997 828 5068 supplere
881 4997 1061 5065 ﬁdem,
1115 5000 1620 5068 conversionemque
1671 4999 1872 5068 cordis,
1903 5000 2038 5069 quia

333 5091 456 5140 tunc
485 5087 742 5156 impletur
761 5086 1134 5151 invisibiliter,
1155 5102 1274 5139 cum
1299 5089 1620 5158 mysterium
1644 5088 1904 5157 baptismi
1930 5105 2037 5143 non

331 5179 659 5243 contemptus
704 5175 1004 5243 religionis,
1057 5174 1151 5227 sed
1178 5176 1442 5229 articulus
1488 5179 1822 5232 necessitatis
1859 5180 2036 5232 exclu-

332 5260 434 5315 dit.
467 5263 575 5316 Sed
607 5269 665 5317 et
695 5271 923 5317 sanctus
968 5261 1304 5317 Ambrosius
1359 5263 1466 5317 hoc
1513 5263 1703 5335 ipsum
1762 5265 2035 5321 docuerat

331 5350 400 5404 de
453 5350 855 5406 Valentiniano
906 5353 1278 5423 imperatore,
1329 5357 1395 5406 ut
1449 5357 1609 5422 patet
1657 5370 1727 5408 ex
1775 5354 2032 5425 ejusdem

330 5437 588 5492 oratione
628 5439 689 5492 in
721 5456 834 5510 qua
863 5439 1116 5494 defuncti
1144 5439 1526 5494 Valentiniani
1557 5441 1752 5496 laudes
1807 5443 2025 5499 recitat.

330 5527 648 5600 Utrumque
693 5544 850 5593 vero,
881 5529 1250 5585 Ambrosium
1295 5545 1502 5600 nempe
1528 5533 1585 5584 et
1611 5532 2025 5602 Augustinum,

2154 4397 2288 4435 nem
2337 4397 2484 4450 aqua
2525 4382 2644 4448 illa,
2695 4397 2814 4451 quae
2859 4381 2924 4436 de
2957 4384 3176 4437 vulnere
3232 4385 3421 4438 lateris
3466 4381 3577 4450 ejus
3611 4371 3803 4430 emicuit.

2155 4474 2417 4538 tanquam
2441 4472 2812 4524 sacratissimo
2874 4470 3140 4540 baptismo
3173 4474 3352 4539 fuisse
3395 4471 3684 4540 perfusum,
3729 4458 3804 4512 lib.

2153 4559 2452 4613 ilaudato.
2508 4559 2791 4614 Caeterum
2844 4558 3000 4613 idem
3060 4560 3230 4615 Pater
3282 4575 3398 4614 non
3444 4554 3650 4629 putavit
3675 4549 3805 4604 illum

2151 4646 2324 4702 fuisse
2346 4653 2476 4702 ante
2528 4647 2958 4702 cruciﬁxionem
2978 4648 3362 4719 baptizatum.
3401 4649 3602 4718 Aperte
3635 4639 3706 4694 ait
3727 4634 3804 4689 ibi.

2151 4736 2281 4791 dem
2307 4753 2320 4790 :
2353 4756 2381 4786 ‹‹
2411 4738 2578 4791 Latro
2609 4736 2704 4791 ille
2733 4752 2849 4791 non
2873 4743 3006 4792 ante
3045 4753 3272 4791 crucem
3311 4735 3534 4791 Domini
3585 4731 3801 4785 sectator.

2149 4824 2249 4878 sed
2277 4824 2337 4877 in
2368 4840 2533 4878 cruce
2585 4823 2897 4893 confessor,
2928 4829 3034 4880 etc.
3095 4826 3254 4880 Tunc
3307 4825 3483 4880 etiam
3537 4819 3664 4876 ﬁdes
3707 4812 3805 4882 ejus

2147 4911 2215 4967 de
2271 4912 2429 4982 ligno
2484 4912 2700 4980 ﬂoruit,
2753 4914 2983 4985 quando
3039 4913 3458 4985 discipulorum
3519 4902 3750 4964 marcnit.
3782 4918 3798 4945 ι

2147 5003 2250 5057 Illa
2279 5019 2412 5057 vero
2459 5003 2530 5058 de
2552 5003 2840 5074 baptismo
2874 5003 3109 5058 latronis
3130 5003 3384 5071 adducit,
3415 4999 3613 5072 quibus
3639 4989 3804 5050 confu-

2145 5095 2293 5146 taret
2323 5107 2578 5145 errorem
2610 5091 2892 5146 Vincentii
2921 5092 3184 5161 Victoris,
3206 5091 3311 5162 qui
3363 5087 3611 5158 exemplo
3659 5083 3801 5135 latro-

2144 5180 2234 5234 nis
2262 5179 2638 5234 contendebat
2665 5196 2873 5251 pueros
2905 5180 3026 5234 sine
3055 5180 3340 5252 baptismo
3373 5181 3614 5232 mortuos
3641 5178 3800 5240 per"?

2143 5269 2270 5324 nire
2307 5285 2471 5338 posse
2492 5269 2563 5323 ad
2591 5269 2961 5340 originalium
3014 5268 3429 5340 indulgentiam
3457 5266 3798 5338 peccatorum.

2141 5363 2208 5412 ut
2231 5361 2391 5429 patet
2418 5375 2486 5412 ex
2514 5357 2613 5412 lib.
2643 5375 2703 5411 ιιι
2730 5357 2800 5412 de
2854 5357 3089 5429 Origine
3121 5357 3329 5412 anima:
3358 5356 3429 5410 ad
3461 5344 3796 5406 Vincentium,

2140 5447 2240 5501 ubi
2265 5450 2382 5502 toto
2412 5463 2536 5518 cap.
2572 5450 2603 5501 9
2627 5447 2697 5501 de
2754 5446 3039 5518 baptismo
3089 5446 3322 5502 latronis
3375 5439 3645 5499 discurrit.
3682 5435 3793 5498 Ουεε

2137 5539 2333 5591 tamen
2361 5535 2442 5591 ita
2471 5535 2708 5593 adduxit
2733 5541 2798 5592 ut
2843 5553 3078 5593 omnem
3106 5534 3335 5593 errandi
3365 5531 3696 5588 occasionem
3741 5530 3792 5572 ex
