3914 6186
48 270 157 319 ΤΒὸ

1357 269 1679 325 VlNDlClIE
1716 269 2259 325 AUGUSTINIAN/E.

3457 277 3562 329 786

46 387 213 442 illius
251 385 480 441 latronis
538 387 800 456 exemplo
855 393 1152 442 resecaret.
1205 388 1343 443 Hinc
1390 390 1493 445 lib.
1539 409 1575 459 1,
1629 408 1752 462 cap.
1789 393 1833 447 A
1865 409 1892 441 ι(
1928 392 2078 446 Licet
2105 408 2239 462 ergo
2271 408 2339 446 ex
2367 391 2685 461 Augustino
2729 392 3036 462 Augustini
3073 393 3393 448 doctrinam
3419 396 3560 450 alio-

48 480 105 542 9,
142 493 270 530 cum
296 475 479 528 varios
509 475 706 529 modos
735 477 1112 530 recensuisset
1139 477 1346 547 quibus
1371 479 1513 532 latro
1545 478 1639 532 ille
1662 481 1750 532 vel

48 566 338 619 dicebatur
387 564 474 618 vel
533 563 645 617 dici
709 570 934 634 poterat
978 565 1318 635 baptizatus,
1397 568 1675 621 conclusit
1731 584 1743 621 :

53 676 82 705 ε(
119 657 320 709 Verum
344 654 464 708 haec
496 658 556 707 ut
586 655 735 707 volet
765 654 1005 726 quisque
1054 656 1313 726 accipiat,
1364 657 1501 711 dum
1556 663 1746 712 tamen

53 746 122 797 de
142 744 419 813 baptismo
447 759 561 796 non
584 744 983 812 praescribatnr
1003 744 1308 798 Salvatoris
1337 751 1622 816 prmcepto
1646 747 1749 799 hu-

38 835 138 902 jus
169 832 405 886 latronis
443 832 727 901 exemplo.
765 854 786 880 ι
833 834 896 886 Et
933 833 1052 903 ipse
1084 835 1418 904 LBernardus
1466 837 1749 890 consentit

49 921 330 974 incertum
380 937 498 974 esse
554 937 626 973 an
677 922 822 975 latro
871 923 1042 976 fuerit
1102 923 1442 993 baptizatus,
1492 926 1683 979 dicens
1731 943 1742 979 :

51 1031 76 1057 σι
111 1011 187 1063 Eo
219 1010 372 1079 quod
403 1026 537 1063 sane
572 1010 856 1064 incertum
886 1011 958 1064 sit
986 1016 1320 1066 utrumnam
1351 1013 1522 1066 fuerit
1561 1015 1746 1085 bapti-

49 1102 225 1150 zatus.
261 1117 288 1147 »
320 1097 462 1152 Hinc
496 1100 662 1151 Pater
694 1099 901 1168 Lupus,
926 1099 984 1152 in
1017 1106 1342 1154 sanctorum
1376 1103 1605 1155 Patrum
1631 1104 1745 1155 lec-

48 1189 198 1240 tione
246 1203 473 1240 summa
509 1203 638 1241 cum
679 1188 846 1242 laude
902 1194 1176 1256 versatus,
1218 1190 1275 1243 in
1319 1192 1590 1260 opusculo
1624 1191 1747 1244 lau-

45 1277 172 1329 dato
204 1275 277 1329 de
311 1275 664 1329 Contritione
693 1281 746 1329 et
797 1276 997 1344 attrit.,
1039 1294 1160 1348 cap.
1197 1282 1250 1346 9,
1294 1279 1371 1331 ait
1420 1301 1438 1326 α
1487 1279 1745 1333 Latronis

40 1365 330 1434 baptisma
351 1381 470 1419 esse
492 1365 794 1419 incertum.
812 1365 1003 1420 Variat
1021 1383 1134 1419 non
1152 1367 1339 1420 solum
1367 1366 1745 1435 Augustinus,

40 1454 133 1506 sed
185 1456 385 1506 Patres
428 1453 640 1524 passim
699 1470 918 1507 omnes.
973 1474 1000 1503 ι)
1061 1455 1191 1507 Haec
1249 1453 1481 1524 quidem
1528 1454 1740 1519 addidi,

38 1542 169 1614 quia
201 1558 272 1596 ex
304 1542 403 1596 illa
433 1543 613 1597 sancti
645 1543 918 1598 Bernardi
946 1543 1183 1613 epistola
1219 1548 1285 1596 ‘77
1319 1543 1390 1596 ad
1423 1545 1740 1614 Hugonem,

37 1632 204 1700 quale
253 1631 560 1701 Augustini
608 1631 821 1686 dictum
872 1632 940 1685 ab
984 1632 1304 1686 adversario
1354 1647 1458 1702 per
1501 1631 1741 1684 reticen-

35 1719 172 1771 tiam
245 1717 681 1788 reprehensioni
746 1718 1068 1789 expositum
1113 1719 1241 1789 jure
1302 1718 1490 1772 notari
1541 1719 1738 1788 possit,
1778 1688 1816 1742 Β

37 1822 275 1876 prorsus
324 1822 441 1859 non
491 1805 677 1876 video,
716 1807 814 1860 sed
857 1823 963 1861 nec
1005 1808 1273 1861 eumdem
1323 1811 1612 1861 Annatum
1661 1807 1743 1860 vi-

37 1896 182 1949 disse
215 1895 500 1948 existimo.

37 1994 208 2064 §XII.
257 1993 516 2048 Sanctum
561 1993 937 2116 Augustz'inum
964 1996 1160 2118 gentm
1198 1993 1566 2061 Augustinum
1602 2011 1740 2065 pro-

823 2079 961 2117 ucun
992 2107 1003 2117 .

823 2079 1003 2117 ucum.

103 2163 245 2216 Rem
283 2160 589 2216 confecisse
617 2177 678 2214 ac
699 2165 818 2215 tota
845 2177 1015 2215 causa
1040 2162 1427 2233 Augustinum
1472 2164 1739 2234 dejecisse

33 2250 134 2303 sibi
165 2250 539 2321 persuadent,
583 2249 901 2303 faventibus
954 2249 1260 2321 suffragiis,
1311 2256 1376 2305 ut
1397 2252 1737 2322 gloriantur,

36 2359 61 2383 ‹‹
99 2337 282 2391 trium
322 2352 682 2390 summorum
720 2336 1076 2407 pontiﬁcum,
1118 2355 1209 2391 sex
1257 2339 1632 2394 cardinalium
1673 2358 1740 2394 ex

36 2426 190 2479 omni
233 2442 482 2480 numero
525 2426 1048 2480 eruditissimorum
1101 2431 1156 2480 et
1184 2427 1302 2481 fere
1346 2429 1736 2483 sanctissimo-

33 2531 180 2580 rum,
215 2520 308 2568 tot
357 2514 566 2569 deinde
623 2515 963 2584 antistitum,
1004 2519 1086 2570 tot
1125 2516 1426 2571 doctorum
1478 2519 1739 2572 omnium

33 2604 382 2670 scholarum,
417 2603 684 2657 ordinum
724 2608 780 2656 et
822 2605 1141 2659 nationum.
1186 2607 1454 2659 n'Annati
1486 2607 1592 2660 sibi
1618 2608 1737 2661 vic-

33 2693 236 2746 toriam
284 2708 348 2745 ac
401 2692 761 2762 triumphum
815 2694 1070 2747 canentis
1125 2711 1286 2748 voces
1334 2699 1465 2749 sunt
1513 2713 1635 2766 cap.
1681 2699 1736 2766 4,

30 2799 156 2850 pag.
193 2783 324 2836 887.
360 2782 468 2835 Sed
500 2787 564 2836 ut
595 2782 916 2853 Augustino
948 2799 1176 2838 omnem
1200 2801 1430 2854 prorsus
1461 2785 1736 2840 evadendi

31 2871 255 2924 aditum
292 2870 668 2940 praecludant,
702 2871 772 2925 ad
802 2871 1105 2940 ipsiusmet
1147 2873 1565 2928 confessionem
1605 2891 1734 2944 pro-

1855 496 1988 534 rum
2032 481 2376 550 scriptorum
2415 481 2630 550 judicio
2674 482 3013 535 censendam
3073 498 3380 553 exponere,
3433 485 3558 539 licet

1857 574 1910 622 et
1954 570 2208 640 proprio,
2260 570 2432 640 idque
2464 571 2617 624 salva
2679 571 3133 624 honorificentia.
3189 573 3380 642 Neque
3417 574 3557 627 adeo

1857 673 2186 729 perversum
2240 664 2323 711 est
2362 659 2468 711 hoc
2517 658 2929 724 consilium,ut
2973 660 3179 714 habere
3223 678 3340 714 non
3384 663 3561 732 possit

1856 746 2176 816 adjutorem
2201 747 2400 799 Deum.
2437 766 2461 796 ››
2502 747 2774 816 Loquitur
2812 750 3067 800 Annatus
3112 765 3242 818 pag.
3297 753 3415 811 897,
3471 749 3560 803 Nil

1856 839 2048 888 tamen
2078 835 2210 888 novi
2253 834 2406 887 hisce
2446 851 2708 888 censores
2757 836 3021 902 all‘crunt,
3083 837 3180 890 sed
3223 839 3556 906 Pelagiano-

1857 940 1984 976 rum
2007 940 2071 976 ac
2112 923 2571 977 Lutheranorum
2615 940 2777 976 voces
2814 929 3011 979 contra
3041 927 3426 995 Augustinum
3468 927 3556 979 in-

1854 1017 2043 1081 tegras
2099 1015 2384 1081 repetunt.
2439 1010 2749 1078 Pelagiani,
2794 1028 2923 1064 cum
2975 1013 3041 1065 ab
3093 1014 3413 1083 Augustino
3461 1017 3559 1069 Pa-

1854 1105 2009 1155 trum
2040 1099 2382 1153 testimoniis
2424 1105 2920 1170 oppugnarentur,
2965 1117 3028 1154 ex
3053 1104 3358 1172 Augustini
3397 1105 3559 1158 libris

1855 1189 2074 1242 nullam
2127 1188 2232 1242 sibi
2283 1189 2543 1243 Patribus
2599 1189 2931 1242 adhmrendi
2989 1191 3380 1246 necessitatem
3439 1211 3558 1247 esse

1854 1279 2161 1331 insolenter
2205 1279 2652 1347 respondebant.
2723 1277 3002 1331 Audiatur
3045 1279 3301 1332 Julianus
3349 1281 3453 1336 lib.
3507 1301 3558 1336 IV

1855 1367 2054 1436 Operis
2087 1366 2339 1436 imperf.,
2374 1383 2492 1436 cap.
2540 1370 2626 1420 lll
2671 1383 2681 1418 :
2719 1385 2745 1415 «
2781 1367 2886 1419 Sed
2919 1367 3061 1419 bene
3084 1369 3234 1437 quod
3257 1386 3358 1422 nos
3386 1387 3557 1425 onere

1853 1455 2055 1508 talium
2105 1471 2480 1525 personarum
2530 1454 2728 1507 levasti
2767 1471 2778 1507 :
2826 1471 2957 1507 nam
3004 1454 3062 1506 in
3102 1455 3245 1508 libro
3282 1472 3453 1524 quem
3490 1457 3557 1509 ad

1854 1543 2164 1597 Timasium
2240 1549 2440 1597 contra
2500 1543 2746 1597 liberum
2823 1543 3135 1612 arbitrium.
3200 1545 3556 1611 contexuisti,

1855 1648 1984 1685 cum
2007 1636 2231 1686 sanctus
2264 1631 2530 1702 Pelagius
2551 1632 2966 1685 venerabilium
2989 1632 3243 1685 virorum
3274 1637 3390 1686 tam
3423 1635 3556 1686 Am-

1853 1720 2030 1774 brosii
2051 1738 2222 1791 quam
2246 1721 2511 1792 Cypriani
2547 1721 2877 1774 recordatus
2925 1720 3145 1788 fuisset,
3177 1721 3276 1791 qui
3310 1722 3556 1777 liberum

1853 1809 2156 1864 arbitrium
2215 1809 2273 1863 in
2317 1809 2476 1862 libris
2532 1809 2650 1862 suis
2701 1809 3258 1878 commendaverant,
3316 1826 3552 1879 respon-

1854 1897 2160 1952 distinulla
2183 1903 2236 1951 te
2283 1897 2507 1968 gravari
2556 1897 2889 1950 auctoritate
2929 1897 3150 1963 talium,
3205 1897 3282 1951 ita
3315 1902 3377 1951 ut
3403 1898 3556 1952 dice-

1851 2003 1941 2040 res
1973 2003 2068 2040 eos
2117 2002 2388 2057 processu
2433 1987 2562 2039 vitae
2612 1986 2887 2053 melioris,
2937 1986 2982 2039 si
3011 1986 3148 2056 quid
3189 1988 3336 2041 male
3359 2005 3550 2042 sense-

1851 2079 2000 2141 rant,
2053 2075 2332 2145 expiasse.
2367 2076 2485 2129 Tua
2536 2074 2641 2128 tibi
2681 2075 2749 2128 ad
2780 2075 2886 2128 hoc
2917 2076 3095 2128 relata
3135 2075 3266 2142 sint,
3304 2080 3365 2130 ut
3399 2077 3549 2130 exci-

1849 2168 1969 2218 tare
2001 2164 2070 2218 de
2100 2163 2232 2217 solis
2256 2163 2587 2217 nominibus
2618 2163 2914 2216 erubescas
2941 2162 3236 2217 invidiam.
3263 2184 3290 2214 »
3345 2168 3416 2218 At
3434 2182 3550 2218 non

1848 2258 2108 2308 veterum
2141 2258 2365 2307 tantum
2403 2251 2822 2318 haereticorum,
2857 2252 2954 2306 sed
2981 2256 3035 2305 et
3072 2253 3385 2307 recentium
3411 2254 3551 2323 dog-

1847 2344 2208 2398 matistarum
2252 2342 2450 2396 tritum
2498 2342 2603 2395 hoc
2633 2341 2911 2410 effugium
2954 2357 3074 2396 esse
3103 2343 3171 2396 ad
3225 2348 3551 2397 sanctorum

1850 2435 2103 2498 Patrum,
2136 2448 2200 2485 ac
2219 2432 2508 2502 pracipue
2538 2430 2842 2502 Augustini
2876 2431 3273 2486 auctoritatem
3315 2434 3553 2488 eluden-

1849 2520 2002 2591 dam,
2030 2525 2272 2574 testatur
2312 2519 2733 2574 eruditissimus
2767 2519 2849 2571 vir
2906 2520 3269 2589 Stapletonus
3317 2525 3474 2574 temo
3507 2523 3548 2587 Ι,

1847 2615 2028 2663 contr.
2067 2614 2118 2676 3,
2143 2609 2360 2675 lib.vu,
2414 2626 2537 2678 cap.
2577 2612 2637 2662 15
2674 2627 2685 2663 :
2741 2628 2768 2660 ‹(
2795 2608 2905 2662 Α111
2938 2608 3148 2678 (inquit
3194 2609 3262 2663 de
3320 2611 3549 2663 Protes-

1847 2698 2099 2752 tantibus
2131 2714 2248 2750 non
2272 2698 2401 2767 plus
2452 2697 2533 2750 eis
2566 2696 2792 2768 (nempe
2835 2696 3119 2765 Patribus)
3175 2696 3546 2750 tribuendum

1847 2802 1967 2838 esse
1998 2790 2266 2855 arguunt,
2298 2800 2472 2856 quam
2504 2785 2735 2854 ipsimet
2781 2786 2971 2838 Patres
3004 2784 3110 2838 sibi
3150 2784 3320 2838 tribui
3351 2789 3544 2855 postu-

1846 2875 1986 2940 lant,
2011 2879 2066 2928 et
2092 2875 2198 2928 hoc
2238 2873 2299 2926 in
2343 2874 2466 2926 loco
2507 2871 2690 2925 varias
2720 2871 3026 2941 Augustini
3065 2872 3374 2925 sententias
3408 2889 3542 2942 pro-

29 2966 255 3027 vocant,
278 2960 490 3030 quippe
513 2959 612 3030 qui
640 2964 932 3014 tantorum
955 2962 1185 3014 testium
1217 2963 1374 3015 omni
1407 2964 1734 3033 exceptione
1764 2985 1804 3040 ο
1845 2963 2060 3016 ducunt
2090 2962 2298 3033 quibus
2329 2961 2424 3014 ille
2451 2961 2567 3014 suis
2597 2959 2818 3030 scriptis
2862 2977 2978 3013 non
3020 2961 3185 3013 aliter
3232 2961 3406 3013 ﬁdem
3435 2961 3543 3014 lia-

29 3050 319 3117 majorum
363 3048 592 3102 vocibus
640 3047 926 3103 convictus
973 3049 1254 3120 integram
1295 3050 1432 3120 ipsis
1461 3052 1620 3105 litem
1659 3052 1730 3106 sit

27 3153 418 3192 concessurus.
451 3135 730 3191 Audiatur
757 3141 1014 3192 Annatus
1045 3155 1166 3209 cap.
1203 3144 1253 3204 5,
1304 3157 1438 3210 pag,
1472 3143 1595 3206 888,
1629 3141 1728 3210 qui

25 3228 163 3280 adeo
197 3226 458 3280 victoria:
484 3242 714 3280 securus
740 3227 801 3280 in
847 3244 1080 3282 arenam
1123 3229 1431 3297 descendit,
1475 3233 1536 3282 ut
1566 3230 1724 3283 nullo

21 3319 187 3382 pacto
217 3313 440 3367 dubitet
469 3314 556 3366 vel
587 3313 832 3384 ipsemet
851 3316 1172 3384 Augustino
1196 3316 1389 3385 judice
1433 3320 1723 3387 postrema

21 3403 198 3455 veluti
231 3401 348 3455 acie
377 3401 646 3456 dimicare
677 3419 691 3456 :
722 3425 742 3452 ι
779 3403 1037 3470 Quando,
1071 3402 1278 3474 inquit,
1300 3421 1366 3458 ea
1396 3405 1722 3458 conditione

23 3491 387 3560 disputamus
409 3496 466 3545 ut
494 3497 709 3545 stemus
725 3492 1027 3562 Augustini
1042 3493 1283 3563 judicio,
1316 3493 1725 3563 inquirendum

23 3585 102 3632 est
131 3581 244 3633 hoc
289 3596 536 3650 quoque,
576 3580 934 3634 censueritne
985 3582 1336 3650 Augustinus
1369 3582 1571 3652 placita
1600 3599 1722 3636 0m-

23 3668 109 3720 nia
141 3684 269 3731 sua,
304 3668 474 3720 etiam
504 3667 603 3722 illa
633 3685 782 3738 quae,
816 3669 952 3722 dum
1004 3671 1340 3739 Pelagianos
1391 3671 1725 3738 insectatur,

22 3754 308 3824 exposuit,
355 3757 746 3825 amplectenda
793 3773 914 3811 esse
962 3757 1302 3811 necessario.
1359 3779 1380 3806 ι
1418 3759 1480 3811 111
1523 3758 1724 3829 primis

21 3844 379 3898 contendunt
398 3845 657 3898 statuisse
680 3847 1065 3916 Augustinum
1095 3846 1202 3899 tria
1214 3851 1436 3900 tantum
1458 3847 1724 3916 dogmata

22 3933 291 3986 adversus
338 3933 671 4002 Pelagianos
716 3933 880 4004 juxta
909 3934 1245 3988 catholicam
1291 3935 1462 3988 ﬁdem
1489 3951 1608 3987 esse
1637 3939 1720 3988 te-

22 4023 225 4088 nenda,
273 4022 426 4092 quod
461 4021 756 4076 Sadoletus
785 4023 1128 4077 recentiores
1153 4023 1361 4076 docens
1391 4022 1530 4076 olim
1563 4023 1719 4076 dixe-

18 4116 100 4163 rat
128 4111 192 4164 in
248 4109 514 4180 espistola
561 4111 628 4165 ad
665 4112 1067 4178 Contarenum,
1094 4111 1177 4164 uti
1213 4110 1240 4181 §
1283 4116 1300 4164 l
1341 4111 1717 4167 narravimus.

20 4200 238 4253 Rursus
288 4200 452 4269 plura
517 4200 694 4254 sancti
753 4201 933 4254 Patris
986 4200 1318 4254 testimonia
1372 4200 1717 4270 producunt,

1841 3051 1964 3105 beri
1995 3051 2243 3122 postulat
2274 3065 2445 3120 quam
2501 3053 2781 3119 quatenus
2829 3066 2894 3103 ex
2923 3049 3216 3118 Scriptura
3264 3065 3422 3102 sacra
3455 3053 3542 3105 vel

1836 3157 1901 3194 ex
1934 3139 2184 3193 evidenti
2212 3138 2434 3192 ratione
2468 3137 2806 3191 sententiam
2833 3154 2994 3190 suam
3021 3137 3461 3192 confirmaverit.
3509 3160 3528 3186 ι)

1832 3227 2118 3298 Additque
2149 3227 2208 3280 in
2237 3225 2423 3280 verbis
2454 3225 2632 3279 sancti
2683 3225 2984 3296 Augustini
3033 3242 3102 3280 ex
3135 3225 3233 3278 lib.
3287 3229 3341 3278 ll
3391 3241 3532 3278 con-

1832 3319 1920 3369 tra
1950 3316 2219 3370 Faustum
2274 3331 2395 3385 cap.
2451 3317 2504 3383 5,
2537 3313 2596 3367 111
2629 3330 2741 3384 quo
2773 3316 2894 3368 loco
2925 3314 3032 3368 sibi
3079 3313 3298 3384 plaudit
3343 3316 3533 3368 Anna-

1832 3408 1922 3458 tus
1943 3421 2080 3474 pag.
2121 3407 2244 3466 897,
2275 3421 2369 3457 eos
2399 3405 2622 3472 miriﬁce
2647 3406 2936 3457 exsultare.

1904 3492 2276 3547 Doctissimus
2323 3492 2594 3563 idemque
2643 3492 3031 3546 sanctissimus
3097 3493 3264 3546 Pater
3317 3493 3535 3547 caeteris

1830 3582 2158 3647 virtutibus,
2191 3582 2399 3652 quibus
2431 3581 2620 3636 divino
2647 3598 2885 3636 munere
2917 3581 2985 3634 ad
3016 3585 3308 3649 stuporem
3355 3598 3534 3652 usque

1832 3675 2067 3724 ornatus
2106 3670 2231 3738 fuit,
2312 3670 2522 3724 sociam
2590 3670 2932 3724 modestiam
2996 3669 3276 3738 adjunxit,
3347 3685 3533 3740 neque

1829 3763 2052 3812 tantum
2091 3759 2198 3812 sibi
2249 3775 2506 3829 unquam
2556 3757 2732 3812 tribui
2778 3757 2959 3811 voluit
3007 3761 3288 3826 quantum
3325 3757 3534 3825 Pytha-

1830 3863 1984 3916 goras
2005 3864 2037 3900 a
2063 3847 2355 3917 discipulis
2384 3847 2635 3900 delatum
2675 3846 2804 3911 fuit,
2854 3849 2916 3897 ut
2944 3844 3086 3898 illud
3137 3849 3282 3897 esset
3322 3843 3534 3898 ineluc—

1829 3936 2003 3989 tabile
2058 3939 2464 4006 argumentum
2517 3941 2668 3996 Αὐτός
2722 3943 2828 4004 ἔφα.
2865 3935 2977 3986 Hoc
3007 3947 3188 3985 unum
3257 3931 3530 4000 Augusti-

1829 4039 1938 4077 nus
1967 4029 2132 4094 rogat
2160 4027 2280 4077 tota
2309 4022 2550 4093 epistola
2573 4021 2813 4090 septima
2863 4021 2933 4073 ad
2975 4019 3384 4074 Marcellinum.
3413 4021 3528 4074 Cae-

1827 4116 2016 4166 terum
2037 4112 2332 4182 disputans
2386 4114 2584 4164 contra
2637 4109 2974 4178 Pelagianos
3005 4107 3214 4178 passim
3269 4106 3533 4176 capitalia

1827 4201 2096 4272 dogmata
2147 4205 2421 4271 tanquam
2450 4197 2753 4254 catholicas
2795 4197 3102 4251 sententias
3139 4195 3442 4249 defendere
3473 4211 3531 4246 se

19 4289 181 4358 quibs
235 4288 433 4341 asserit
487 4289 640 4342 nolle
686 4305 743 4342 se
783 4305 907 4343 eam
963 4289 1268 4342 lectoribus
1303 4289 1490 4358 legem
1534 4288 1721 4358 impo-
1761 4281 2150 4361 Dproﬁtetur.
2203 4291 2286 4343 Ita
2316 4289 2412 4343 lib.
2451 4305 2484 4341 v
2514 4293 2709 4342 contra
2763 4288 2896 4354 Jul.,
2948 4304 3073 4357 cap.
3145 4289 3222 4354 12,
3275 4285 3530 4356 quinque

19 4394 168 4442 nere,
204 4381 274 4430 ut
302 4377 568 4431 omnibus
598 4377 694 4431 abs
716 4393 773 4430 se
804 4377 1002 4448 positis
1027 4377 1437 4431 assertionibus
1470 4378 1721 4448 acquies-

18 4472 167 4532 cant,
228 4466 418 4520 ablata
459 4466 616 4520 omni
666 4482 899 4536 prorsus
951 4467 1379 4521 contradicendi
1432 4467 1716 4521 libertate.

19 4556 209 4608 Unum
251 4554 418 4622 dabo,
456 4571 588 4609 nam
619 4555 772 4609 idem
805 4555 1161 4626 reliquorum
1194 4572 1392 4610 sensus
1423 4560 1507 4609 est
1533 4556 1720 4610 diver-

18 4643 90 4695 sis
120 4647 350 4698 tantum
379 4644 564 4697 verbis
591 4660 908 4714 expressus.
939 4645 1000 4698 In
1056 4644 1297 4715 epistola
1322 4645 1388 4698 ad
1442 4645 1718 4698 Fortuna-

16 4732 247 4787 tianum
277 4733 471 4787 scribit
503 4751 515 4788 :
561 4751 588 4783 (ι
622 4735 813 4803 Neque
846 4733 999 4787 enim
1032 4733 1420 4804 quorumlibet
1458 4733 1721 4803 disputa—

17 4821 228 4888 tiones,
272 4821 530 4892 quamvis
571 4822 980 4876 catholicorum
1033 4827 1090 4876 et
1129 4823 1494 4877 laudatorum
1535 4822 1718 4877 homi-

18 4927 157 4964 num
191 4911 345 4964 velut
387 4910 707 4981 Scripturas
747 4911 1050 4964 canonicas
1080 4911 1286 4966 habere
1337 4911 1630 4976 debemus,
1656 4916 1720 4965 ut

16 5000 184 5053 nobis
209 4999 532 5067 nonliceat,
568 5000 719 5054 salva
756 5000 1192 5054 honorificentia
1237 5016 1365 5070 quae
1399 5000 1511 5053 illis
1541 5000 1720 5054 debe-

16 5093 106 5140 tur
139 5088 494 5152 hominibus,
531 5088 750 5159 aliquid
785 5088 846 5142 in
883 5105 1084 5143 eorum
1130 5089 1354 5159 scriptis
1397 5089 1719 5160 improbare

16 5182 190 5246 atque
218 5191 508 5247 respuere,
537 5177 584 5231 si
615 5177 761 5232 forte
799 5177 1186 5232 invenerimus
1208 5178 1361 5248 quod
1405 5178 1571 5232 aliter
1589 5194 1718 5232 sen-

16 5267 200 5318 serint.
243 5281 417 5336 quam
465 5266 669 5321 veritas
706 5266 879 5321 habet
919 5267 1110 5321 divino
1159 5267 1462 5336 adjutorio,
1514 5267 1602 5320 vel
1650 5267 1718 5321 ab

16 5354 138 5407 aliis
169 5354 462 5409 intellecta
490 5356 576 5408 vel
608 5372 640 5409 a
689 5355 878 5410 nobis.
911 5356 1060 5410 Talis
1115 5373 1220 5425 ego
1253 5373 1376 5409 sum
1416 5355 1472 5408 in
1498 5355 1718 5425 scriptis

16 5443 284 5504 aliorum,
317 5444 456 5498 tales
497 5445 625 5497 volo
673 5460 792 5498 esse
835 5444 1220 5498 intellectores
1266 5459 1546 5497 meorum.
1583 5462 1607 5494 υ
1643 5445 1719 5498 Ex

16 5532 229 5603 quibus
268 5532 463 5588 aliisve
511 5534 772 5589 eamdem
814 5533 876 5588 in
903 5549 1026 5588 rem
1080 5532 1336 5588 adductis
1365 5533 1714 5589 exclamant:

1826 4380 1894 4435 de
1925 4378 2383 4451 concupiscentia
2416 4378 2756 4449 quaestiones
2781 4377 2977 4447 agitat,
3009 4375 3108 4430 ubi
3135 4376 3214 4429 ait
3246 4392 3258 4429 :
3297 4397 3323 4424 ‹‹
3356 4377 3419 4428 111
3444 4374 3531 4428 1115

1827 4469 2237 4540 quaestionibus
2289 4467 2563 4522 catholica
2592 4467 2827 4521 veritate
2906 4465 3220 4536 antiquitus
3299 4464 3526 4530 tradita,

1824 4563 2009 4613 vestra
2039 4558 2218 4628 impia
2248 4557 2466 4611 novitas
2491 4556 2818 4610 suffocatur.
2869 4575 2890 4602 ι
2924 4556 2988 4608 111
3036 4553 3274 4623 epistola
3328 4557 3424 4606 107
3461 4553 3530 4607 ad

1824 4647 2065 4701 Vitalem
2097 4646 2399 4701 duodecim
2448 4645 2637 4698 theses
2683 4644 2750 4698 de
2801 4643 2984 4715 gratia
3024 4642 3239 4707 statuit,
3277 4658 3530 4697 asserens

1826 4735 2054 4789 easdem
2083 4753 2110 4785 (ι
2137 4735 2207 4788 ad
2263 4733 2437 4787 ﬁdem
2469 4736 2685 4786 rectam
2719 4735 2775 4786 et
2801 4732 3137 4785 catholicam
3168 4730 3526 4800 pertinere.»

1825 4824 1985 4878 Idem
2015 4823 2083 4877 de
2104 4821 2611 4892 praedestinatione
2654 4821 2815 4875 docet
2863 4820 2964 4875 lib.
2999 4820 3066 4874 de
3099 4820 3255 4873 Dono
3281 4832 3523 4886 persev.,

1825 4928 1946 4982 cap.
1983 4913 2072 4973 23,
2107 4911 2168 4965 in
2193 4910 2331 4964 ﬁne.
2363 4910 2510 4964 Illud
2559 4911 2646 4964 vel
2713 4909 2960 4963 maxime
3012 4908 3219 4962 iterum
3271 4904 3526 4958 recolen-

1825 5000 1962 5054 dum
1985 5005 2086 5066 est,
2111 5005 2372 5053 sanctum
2405 4999 2719 5064 doctorem,
2774 5014 2904 5051 cum
2946 4997 3005 5050 in
3036 4994 3194 5048 libris
3243 4993 3526 5046 Retracta-

1823 5088 2050 5142 tionum
2089 5088 2281 5159 plures
2324 5087 2636 5142 sententias
2679 5084 3011 5149 correxerit,
3062 5081 3278 5136 nullam
3328 5084 3527 5134 contra

1826 5176 2162 5247 Pelagianos
2189 5181 2458 5230 statutam
2481 5180 2578 5230 aut
2608 5175 2898 5229 defensam
2929 5170 3138 5225 thesim
3164 5167 3519 5239 expunxisse,

1826 5271 1888 5320 ut
1913 5267 2152 5336 planum
2206 5266 2306 5319 ﬁat
2359 5264 2744 5335 Augustinum
2780 5260 3059 5314 censuisse
3100 5258 3294 5311 omnia
3323 5261 3378 5311 et
3406 5258 3522 5312 sin-

1827 5358 1960 5426 gula
2014 5372 2143 5427 qua:
2193 5355 2305 5408 illis
2365 5354 2423 5408 in
2474 5353 2634 5408 libris
2666 5353 2937 5405 docuerat
2993 5366 3024 5401 a
3055 5364 3184 5401 vero
3217 5363 3331 5400 non
3352 5347 3523 5401 disso-

1827 5461 1982 5511 nare,
2017 5445 2115 5499 sed
2145 5460 2358 5498 novum
2389 5443 2645 5497 laborem
2687 5444 2858 5509 atque
2901 5437 3240 5492 exactiorem
3283 5435 3521 5506 diligen-

1827 5533 1966 5590 tiam
1986 5532 2340 5605 Augustinus
2370 5532 2512 5587 fortc
2543 5527 2952 5584 recentioribus
2981 5525 3234 5598 reliquit,
3274 5523 3372 5594 qui
3407 5523 3519 5579 ite-
