3894 6184
328 309 429 360 787

1342 308 1897 364 SUPPLEMENTUM
1936 309 2026 363 AD
2065 308 2297 364 OPERA
2335 310 2391 363 S.
2434 306 2818 364 AUGUSTINI.
3427 343 3431 350 -
3708 320 3788 372 788

328 449 460 487 rum
493 433 764 489 severiori
793 432 1005 504 judicio
1031 431 1229 486 eadem
1276 430 1658 502 Hipponensis
1705 431 1932 502 scripta,
1967 435 2029 486 ut
2068 433 2111 487 A
2145 431 2357 487 delatas
2387 448 2417 485 a
2448 430 2719 486 Romanis
2773 429 3116 502 praesulibus
3162 433 3468 502 Augustino
3509 433 3692 490 laudes
3725 440 3786 493 oi-

328 521 407 576 ait
453 523 731 587 Annatus,
793 537 921 591 pag.
989 521 1113 585 897,
1176 521 1481 587 inspirante
1534 523 1637 574 Deo
1693 522 2025 586 emaminata,

330 627 551 664 errores
582 610 868 664 continere
900 608 1380 662 demonstrarent.

402 703 541 755 Cum
571 700 702 752 olim
753 698 1238 768 Sami-Pelagiani
1279 698 1668 768 Augustinum
1704 697 1913 752 erroris
1938 714 2029 752 ar-

330 793 571 860 guerent
601 787 660 840 in
691 787 758 839 iis
788 786 948 839 libris
981 803 1124 857 quos
1155 791 1355 839 contra
1387 786 1718 857 Pelagianos
1748 787 2031 856 procude-

326 883 435 944 rat,
467 875 871 930 modestissimi
903 875 984 928 vir
1018 875 1240 946 ingenii
1271 876 1647 946 responditin
1673 875 1788 930 ﬁne
1821 877 1916 930 lib.
1963 876 2032 929 de

331 967 489 1020 Dono
538 963 977 1034 perseverantia
1031 981 1043 1017 :
1098 983 1124 1014 (‹
1172 963 1278 1027 Qui
1320 980 1452 1017 vero
1498 981 1686 1017 errare
1719 980 1810 1017 me
1841 963 2032 1018 existi—

330 1059 508 1120 mant,
546 1054 717 1107 etiam
751 1063 919 1123 atque
961 1052 1131 1106 etiam
1184 1052 1492 1122 diligenter
1537 1070 1666 1124 qua
1709 1057 1840 1106 sunt
1886 1053 2034 1107 dicta

331 1143 714 1208 considerent,
767 1159 837 1195 ne
896 1143 1146 1195 fortassis
1196 1142 1302 1212 ipsi
1349 1149 1618 1196 errent.»
1654 1143 1870 1197 Ibidem
1901 1159 2032 1195 vero

333 1248 457 1300 cap.
489 1233 548 1285 2t
588 1231 665 1283 ait
698 1248 710 1284 :
747 1251 773 1282 «
814 1230 1080 1295 Quamvis
1119 1230 1410 1283 neminem
1449 1229 1617 1283 velim
1661 1230 1739 1283 sic
1768 1231 2034 1300 amplecti

335 1320 530 1374 omnia
581 1336 706 1372 mea
734 1325 800 1373 ut
829 1336 918 1373 me
954 1325 1244 1389 sequatur,
1278 1318 1389 1371 nisi
1425 1318 1483 1370 in
1517 1318 1584 1371 iis
1614 1319 1674 1372 in
1708 1319 1914 1389 quibus
1946 1335 2034 1372 me

334 1426 450 1462 non
501 1425 689 1462 errare
739 1409 1120 1478 perspexerit;
1172 1424 1306 1460 nam
1354 1413 1658 1479 propterea
1696 1424 1848 1461 nunc
1891 1408 2033 1461 facio

333 1494 532 1560 libros,
567 1496 625 1548 in
673 1496 881 1565 quibus
912 1496 1186 1565 opuscula
1225 1511 1354 1547 mea
1392 1495 1753 1548 retractanda
1792 1494 2035 1564 suscepi,

335 1587 401 1636 ut
431 1599 534 1636 nec
565 1599 653 1637 me
689 1583 876 1654 ipsum
908 1583 967 1636 in
1011 1583 1278 1637 omnibus
1311 1600 1402 1636 me
1427 1588 1684 1636 secutum
1733 1583 1906 1636 fuisse
1939 1583 2037 1636 de-

337 1675 672 1737 monstrem,
707 1694 727 1719 ιο
764 1676 868 1724 etc.
912 1671 1046 1734 Qua
1084 1671 1317 1740 quidem
1360 1671 1648 1724 attentiori
1683 1671 1890 1724 mentis
1921 1671 2036 1724 acie

337 1760 700 1813 considerans
749 1776 992 1830 magnus
1046 1759 1140 1813 ille
1188 1760 1499 1812 Annalium
1531 1760 2037 1814 ecclesiasticorum

335 1848 578 1916 scriptor
608 1848 914 1901 cardinalis
944 1847 1243 1914 Baronius,
1276 1853 1434 1902 tomo
1467 1850 1509 1901 V
1556 1848 1629 1901 ad
1669 1865 1885 1902 annum
1911 1851 2036 1914 426,

334 1953 464 2006 pag.
500 1940 624 2002 498,
659 1938 780 1991 hac
818 1937 878 1990 in
916 1937 1223 2007 Augustini
1258 1937 1818 1991 commendationem
1862 1938 2038 2007 scrip-

339 2025 429 2092 sit,
460 2042 587 2096 qua
626 2027 756 2090 licet
797 2027 1062 2095 superius
1113 2026 1347 2079 recitata
1384 2027 1517 2094 sint,
1558 2025 1730 2079 libeat
1775 2026 1865 2080 hic
1895 2043 2040 2097 quo-

338 2131 449 2184 que
480 2120 737 2183 repetere
773 2131 783 2167 :
822 2134 848 2164 Ct
885 2116 1012 2168 [lac
1063 2114 1205 2184 ipse,
1230 2115 1326 2176 ait,
1372 2115 1546 2183 digna
1581 2113 1813 2185 quidem
1863 2115 2040 2168 sancti

337 2203 643 2271 Augustini
693 2203 991 2270 modestia,
1035 2203 1328 2272 animique
1377 2204 1499 2272 ejus
1541 2203 1864 2256 admirabili
1909 2220 2040 2257 cum

340 2291 719 2343 submissione
758 2291 1120 2356 verecundia,
1164 2296 1224 2342 ut
1252 2291 1420 2360 plane
1461 2290 1569 2343 nisi
1603 2291 1830 2344 aliunde
1863 2308 1927 2344 ex
1953 2291 2039 2344 his

342 2379 541 2431 saltem
568 2377 886 2449 intelligere
911 2379 1094 2431 valeas
1115 2380 1368 2432 altlatum
1396 2379 1584 2449 ipsum
1603 2379 1792 2432 divino
1823 2379 2040 2448 Spiritu

339 2466 437 2519 illa
467 2467 775 2536 scripsisse,
811 2483 936 2520 cum
962 2483 1076 2519 non
1104 2483 1274 2536 supra
1303 2467 1633 2538 quempiam
1667 2467 1843 2521 alium
1867 2485 2039 2538 quam

343 2571 516 2624 super
564 2556 864 2620 humilem,
924 2556 1184 2625 quietum
1231 2559 1286 2608 et
1325 2561 1667 2609 trementem
1715 2572 2038 2610 sermonem

342 2642 445 2696 Dei
495 2642 750 2695 divinum
811 2643 984 2697 atl‘ore
1035 2645 1275 2708 Numen,
1346 2645 1493 2697 Deus
1552 2660 1656 2714 per
1703 2645 2039 2714 prophetam

339 2731 513 2786 fuerit
543 2736 918 2798 contestatus;
974 2732 1115 2785 sicut
1160 2737 1216 2785 et
1259 2733 1499 2786 Jacobus
1546 2733 1757 2799 docuit,
1795 2733 1890 2786 ubi
1916 2733 2037 2786 ait:

343 2822 468 2886 Quae
515 2822 795 2875 desursum
837 2828 914 2876 est
955 2822 1230 2891 sapientia
1276 2826 1515 2893 primum
1583 2825 1802 2893 quidem
1836 2825 2041 2893 pudica

342 2915 436 2977 est,
492 2911 685 2963 deinde
725 2915 973 2980 paciﬁca,
1023 2913 1282 2976 modesta,
1337 2913 1636 2980 suasibilts,
1717 2913 1866 2967 bonis
1924 2928 2041 2966 con-

2137 521 2359 575 fuscet?
2406 520 2564 574 Illius
2607 525 2800 575 tamen
2849 536 3024 574 vanos
3064 527 3296 574 conatus
3345 521 3403 575 in
3451 525 3696 594 sequenti
3720 543 3790 580 ca-

2136 611 2256 681 pite
2306 609 2706 680 reprimemus,
2750 608 2852 663 ubi
2896 609 3077 663 sancti
3136 609 3376 664 doctoris
3435 613 3792 669 auctoritatem

2139 699 2460 769 apostolica
2509 698 2657 752 sedis
2699 698 2981 752 sententia
3024 696 3192 750 toties
3238 698 3514 752 munitam
3553 701 3618 754 ab
3647 701 3792 772 hujus

2141 787 2318 842 sancti
2359 787 2542 842 Patris
2590 786 2975 855 vindicatoris,
3032 787 3115 840 uti
3139 802 3196 839 se
3249 787 3440 856 jactat,
3491 788 3790 859 objectioni-

2139 877 2245 931 bus
2283 876 2584 946 pravisque
2613 874 3138 945 interpretamentis
3179 891 3509 930 asseremus.

2211 967 2497 1028 Attamen,
2559 964 2783 1018 etiamsi
2825 966 3012 1018 nullus
3067 981 3170 1036 pro
3217 965 3528 1037 Augustino
3569 972 3789 1022 veterum

2142 1057 2376 1110 Patrum
2428 1058 2623 1120 staret,
2647 1070 2710 1107 ac
2749 1054 3018 1108 Vaticana
3064 1055 3293 1108 oracula
3331 1054 3558 1109 silerent
3592 1073 3792 1125 prorsus

2142 1143 2352 1208 omnia,
2389 1159 2506 1195 non
2545 1141 2685 1194 adeo
2707 1142 2996 1212 deplorata
3045 1141 3322 1196 censenda
3361 1146 3502 1196 esset
3530 1145 3791 1214 Augustini

2142 1249 2331 1300 causa,
2370 1235 2433 1284 ut
2469 1234 2688 1285 Annato
2755 1229 2942 1284 eidem
2969 1229 3324 1297 adversante,
3381 1232 3595 1285 nullum
3639 1231 3792 1286 faven-

2141 1327 2256 1374 tem
2291 1319 2542 1390 judicem
2591 1318 2783 1372 sortiri
2828 1319 2886 1372 in
2919 1319 3053 1372 orbe
3105 1324 3319 1389 posset,
3371 1320 3669 1390 prasertim
3689 1337 3792 1375 cum

2143 1410 2505 1464 manifestum
2535 1408 2608 1461 sit
2636 1409 2804 1478 plura
2832 1411 3022 1478 ipsum
3073 1408 3401 1462 testimonia
3447 1410 3678 1475 falsasse,
3707 1411 3794 1463 alia

2145 1515 2376 1569 prorsus
2430 1497 2674 1561 ﬁnxisse,
2735 1497 3010 1567 quosdam
3051 1496 3110 1550 in
3151 1503 3321 1551 testes
3380 1497 3680 1564 adduxisse,
3727 1502 3793 1552 vel

2145 1587 2629 1658 Semi-Pelagiano
2661 1602 2851 1639 errore
2879 1585 3135 1651 infectos,
3179 1588 3269 1641 vel
3301 1587 3682 1658 grammaticos
3709 1587 3792 1641 im-

2143 1678 2375 1748 peritos,
2432 1675 2518 1730 vel
2570 1691 2747 1728 novos
2803 1691 2870 1728 ex
2894 1675 3320 1745 jurisconsultis
3386 1676 3683 1746 theologos,
3726 1677 3793 1728 vel

2145 1766 2537 1837 imprudentes
2574 1764 2876 1834 minusque
2914 1765 3170 1818 consulto
3233 1766 3474 1832 locutos,
3517 1771 3673 1835 atque
3713 1768 3792 1820 Au-

2149 1854 2567 1926 gustinensium
2632 1851 2912 1904 librorum
2991 1867 3230 1922 prorsus
3298 1853 3520 1907 inscios.
3576 1857 3638 1907 At
3692 1868 3792 1905 cum

2148 1943 2326 1998 sancti
2354 1941 2656 2012 Augustini
2687 1938 2946 1998 doctrina
2972 1947 3055 1997 tot
3095 1943 3486 1996 Romanorum
3531 1941 3792 2012 praesulem

2148 2033 2432 2102 laudibus,
2455 2039 2538 2088 tot
2584 2035 2957 2090 conciliorum
3003 2033 3264 2096 decretis,
3308 2037 3391 2086 tot
3413 2032 3654 2085 omnium
3681 2035 3793 2083 vete-

2147 2123 2226 2176 ris
2275 2123 2533 2177 Ecclesia
2590 2126 2823 2178 Patrum
2894 2122 3166 2178 encomiis
3231 2126 3451 2187 ornata,
3500 2120 3699 2175 munita
3747 2136 3793 2172 ac

2149 2212 2380 2267 defensa
2409 2212 2500 2277 sit,
2535 2212 2660 2283 quis
2683 2229 2868 2283 nuper
2917 2213 3178 2266 eamdem
3209 2211 3274 2264 in
3298 2209 3572 2281 judicium
3594 2225 3624 2262 a
3644 2224 3793 2261 recen-

2147 2299 2385 2352 tioribus
2411 2305 2666 2353 vocatam
2697 2299 2956 2353 damnari
2985 2300 3071 2352 vel
3104 2297 3351 2352 minima
3397 2313 3459 2351 ex
3498 2301 3644 2367 parte
3670 2310 3792 2367 posse

2148 2387 2510 2458 suspicetur?
2540 2389 2609 2442 ab
2641 2389 2956 2459 Augustino
2995 2387 3149 2442 enim
3184 2392 3302 2440 stat
3349 2386 3660 2457 antiquitas,
3684 2401 3792 2438 are-

2148 2476 2494 2530 centioribus
2534 2478 2792 2544 novitas;
2835 2477 2993 2530 illinc
3037 2477 3331 2543 sanctitas,
3381 2476 3510 2530 hinc
3555 2472 3790 2539 audacia;

2148 2565 2304 2619 illinc
2335 2566 2557 2637 antiqui
2603 2568 2816 2633 Patres,
2852 2567 2983 2620 hinc
3029 2566 3161 2619 novi
3209 2566 3546 2637 scriptores:
3579 2559 3712 2618 illinc
3738 2567 3796 2614 tot

2147 2655 2489 2708 saculorum
2536 2671 2861 2722 consensus,
2922 2655 3054 2709 hinc
3084 2660 3307 2709 nostra
3328 2655 3505 2708 atatis
3550 2650 3793 2706 scholasti-

2148 2758 2345 2795 corum
2378 2742 2617 2796 minima
2640 2745 2846 2814 portio.
2898 2744 3034 2807 Qua
3062 2760 3196 2796 sane
3246 2760 3376 2797 cum
3421 2743 3672 2797 attentius
3691 2755 3794 2792 con-

2150 2829 2357 2897 sidero,
2389 2830 2528 2885 illud
2589 2832 2827 2886 subinde
2863 2848 3090 2886 mecum
3149 2837 3378 2902 reputo,
3413 2830 3616 2885 nescire
3639 2845 3715 2882 me
3740 2843 3793 2879 an

2147 2918 2377 2972 laudem
2407 2921 2492 2972 vel
2525 2921 2720 2974 odium
2749 2921 2939 2992 potius
2978 2921 3128 2990 apud
3153 2921 3368 2990 probos
3401 2921 3501 2974 hoc
3532 2933 3684 2989 opere
3711 2917 3792 2968 mi-

341 3002 590 3052 sentinns.
634 3021 658 3048 »
687 3002 810 3052 Haec
849 3001 965 3054 ille.
1002 3001 1067 3053 Et
1113 3006 1306 3053 tamen
1345 3017 1410 3053 eo
1455 3001 1715 3070 prorupit
1762 3005 1879 3054 Ann

2254 3012 2328 3062 iet
2361 3009 2712 3064 conciliarim
2759 3009 3235 3063 contraxerimve.
3296 3009 3546 3063 Profecto
3594 3003 3792 3058 arbitror

338 3094 400 3141 ut
435 3089 718 3141 afﬁrmare
752 3105 863 3141 non
894 3088 1222 3141 extimuerit
1251 3105 1373 3157 cap.
1431 3105 1479 3151 v,
1515 3105 1645 3158 pag.
1697 3092 1821 3153 897,
1846 3090 2040 3158 impu-

343 3181 638 3245 gnatorcm
670 3177 976 3246 Augustini
1024 3177 1337 3230 habiturum
1386 3177 1692 3245 adjutorem
1745 3181 1937 3233 Deum!
1980 3179 2041 3232 Et

343 3265 434 3318 hic
474 3265 621 3317 inter
659 3265 836 3317 sancti
882 3265 1128 3318 doctoris
1186 3265 1510 3318 defensores
1560 3266 1852 3319 numerari
1898 3267 2037 3331 vult,

344 3354 726 3422 Augustinum
757 3371 788 3406 a
818 3353 1041 3406 Baianis
1082 3353 1418 3407 vindicando
1439 3355 1468 3406 ?
1509 3355 1633 3407 Non
1665 3359 1748 3408 est
1775 3355 1902 3422 hoc,
1934 3357 2042 3409 An-

346 3447 496 3508 nate,
528 3441 831 3511 Augustini
861 3457 1088 3495 causam
1120 3441 1285 3505 tueri,
1321 3442 1417 3494 sed
1456 3442 1718 3511 prodere.

416 3530 774 3583 Vcrumlicet
812 3546 929 3600 pra
1005 3529 1182 3583 animi
1235 3529 1509 3584 modestia
1567 3531 1707 3584 adeo
1748 3531 2044 3586 humiliter

345 3621 413 3674 de
461 3635 518 3672 se
548 3618 899 3688 Augustinus
947 3618 1145 3686 sensit,
1189 3618 1488 3672 catholica
1529 3623 1722 3673 tamen
1781 3620 2040 3674 Ecclesia

339 3707 554 3779 judicio
587 3709 709 3777 ejus
756 3708 824 3760 de
854 3707 1044 3760 divina
1091 3707 1274 3776 gratia
1316 3706 1571 3760 doctrina
1619 3707 1697 3760 ita
1728 3709 2041 3778 approbata

345 3799 448 3860 est,
484 3799 548 3847 ut
569 3797 652 3847 vel
687 3794 793 3864 ipsi
824 3794 1163 3848 recentiores
1216 3795 1316 3864 qui
1345 3801 1474 3866 post
1511 3799 1803 3849 Annatum
1845 3800 2041 3850 contra

342 3883 674 3938 Jansenium
724 3883 1017 3954 scripsere,
1064 3883 1146 3936 rei
1191 3884 1472 3936 evidentia
1519 3885 1695 3938 coacti
1756 3885 1903 3939 hanc
1937 3888 2042 3941 Au-

327 3971 682 4042 ‘gustiniana
713 3971 1056 4036 auctoritati,
1090 3988 1203 4025 non
1232 3971 1418 4026 dicam
1451 3973 1704 4040 laudem,
1744 3990 1862 4028 non
1887 3977 2040 4029 testi-

348 4060 630 4125 monium,
684 4059 781 4114 sed
835 4059 1249 4114 confessionem
1297 4077 1428 4115 cum
1485 4063 1817 4135 Decampsio
1867 4065 2040 4118 dede-

346 4149 462 4202 rint
493 4165 505 4202 :
545 4166 575 4202 α
607 4148 988 4202 Conciliorum
1007 4149 1327 4203 sanctiones
1379 4155 1434 4204 et
1479 4152 1868 4206 Romanorum
1899 4169 2040 4223 pon-

344 4237 564 4291 tificum
592 4236 776 4290 edicta
815 4238 1020 4307 quibus
1066 4238 1372 4309 Pelagiana
1414 4239 1644 4292 haresis
1669 4241 1928 4311 jugalata
1948 4257 2042 4295 oc-

347 4325 561 4389 cubuit,
595 4340 659 4377 ex
700 4325 877 4378 sancti
915 4325 1217 4395 Augustini
1262 4326 1393 4379 libri
1440 4326 1618 4396 petita
1671 4333 1821 4395 sunt,
1864 4329 2042 4384 sancti
2071 4313 2122 4369 D

346 4412 645 4484 Augustini
677 4411 994 4466 doctrinam
1017 4413 1329 4480 continent,
1375 4413 1554 4466 sancti
1601 4415 1899 4486 Augustini
1926 4433 2043 4471 ver-

345 4500 432 4554 bis
462 4500 875 4570 exprimuntur.
915 4501 1044 4554 Fuit
1088 4501 1438 4570 Augustinus
1478 4503 1897 4573 quodammodo
1939 4508 2036 4560 Ec-

346 4589 532 4643 clesia
565 4594 897 4659 praecentor,
939 4605 1067 4643 cum
1108 4591 1379 4644 Romanis
1423 4592 1788 4662 pontiﬁcibus
1818 4599 1876 4649 et
1915 4612 2044 4649 con--

346 4677 490 4732 ciliis
520 4693 617 4730 ore
657 4677 878 4747 praivit
916 4678 1066 4748 quod
1107 4678 1175 4750 de
1207 4680 1614 4749 superbissima
1664 4683 1868 4737 haresi
1891 4684 2043 4755 judi-

344 4770 564 4822 carunt.
613 4765 736 4819 Fuit
784 4765 980 4836 lingua
1025 4767 1301 4834 Ecclesia,
1354 4785 1483 4822 cum
1533 4770 1656 4840 ejus
1699 4771 1884 4825 verbis
1943 4773 2040 4827 de-

344 4860 494 4912 creta
525 4860 796 4925 concepta
826 4859 974 4918 sunt,
1027 4861 1081 4909 et
1110 4873 1238 4928 qua
1284 4857 1444 4928 prius
1484 4858 1710 4913 fuerant
1738 4861 2042 4932 Augustini

343 4962 524 5012 voces,
571 4944 814 5015 Spiritus
859 4943 1039 4998 sancti
1082 4945 1310 5000 oracula
1359 4963 1480 5000 esse
1546 4954 1857 5018 caperunt.
1914 4950 2044 5004 Fuit

341 5034 437 5090 ille
466 5034 837 5088 conciliorum
889 5033 1000 5088 dux
1029 5039 1198 5104 atque
1247 5035 1567 5106 ingenium,
1597 5052 1727 5090 cum
1761 5037 1829 5090 iis
1865 5038 2041 5092 ratio-

342 5139 441 5176 nes
482 5128 540 5177 et
587 5127 928 5194 argumenta
975 5123 1427 5178 subministravit
1485 5125 1692 5195 quibus
1749 5127 2043 5198 Pelagium

344 5211 581 5280 ejusque
629 5211 932 5281 complices
990 5212 1304 5282 fregerunt,
1357 5213 1456 5266 lib.
1500 5230 1559 5268 In
1602 5215 1806 5268 Hares.
1863 5217 2040 5284 Jans.,

345 5297 492 5366 disp.
530 5301 579 5365 t,
609 5314 732 5369 cap.
777 5302 827 5354 6.
878 5299 1051 5354 Video
1095 5303 1381 5355 Annatum
1430 5300 1673 5372 spissum
1723 5303 1814 5357 hic
1843 5308 2042 5376 pulve-

345 5401 470 5438 rem
510 5385 772 5452 exeitare,
807 5404 919 5459 quo
961 5393 1179 5443 tantam
1231 5390 1506 5444 Romanae
1559 5392 1817 5447 Ecclesiae
1856 5393 2041 5447 lucem

346 5472 724 5543 Augustinum
807 5492 1266 5547 quaquaversum
1328 5477 1704 5534 irradiantem
1778 5481 2038 5538 obducat.

342 5562 490 5626 Quas
522 5561 675 5616 enim
705 5561 800 5618 ille
821 5565 1058 5620 nebulas
1097 5566 1248 5637 cogit
1273 5570 1392 5621 toto
1415 5566 1598 5638 capite
1643 5573 1798 5623 sexto
1827 5569 2037 5642 quibus

2148 3110 2266 3148 non
2316 3096 2606 3151 defuturos
2645 3099 2744 3168 qui
2791 3114 2880 3151 me
2936 3099 3171 3151 inanem
3202 3113 3434 3168 operam
3478 3094 3707 3166 posuisse
3729 3090 3791 3144 di-

2149 3189 2298 3250 cent,
2329 3187 2714 3256 Augustinum
2741 3186 2802 3240 in
2852 3186 3065 3256 judicio
3105 3192 3310 3240 contra
3347 3184 3703 3239 recentiorum
3725 3194 3791 3231 ac-

2149 3274 2467 3328 cusationes
2508 3275 2889 3342 defendendo,
2940 3274 3100 3346 quasi
3150 3275 3362 3329 horum
3426 3271 3691 3328 temeritas
3731 3267 3793 3319 vel

2149 3362 2312 3416 initio
2369 3379 2554 3417 causa
2606 3380 2720 3418 non
2804 3363 2993 3417 statim
3041 3363 3415 3435 intelligatur,
3471 3360 3563 3432 qui
3638 3361 3794 3411 contra

2151 3467 2441 3506 summum
2506 3452 2767 3507 Ecclesia
2832 3451 3173 3523 magistrum
3245 3452 3532 3506 conductis
3601 3445 3793 3502 testibus

2150 3556 2341 3594 coram
2388 3541 2706 3594 orthodoxa
2757 3540 2893 3594 orbe
2924 3539 3202 3594 dimicare
3247 3539 3450 3593 ausint.
3482 3538 3583 3592 Sed
3611 3534 3793 3589 veniam

2149 3645 2351 3699 precor
2377 3628 2423 3682 si
2455 3629 2771 3700 quidquam
2793 3645 2825 3682 a
2856 3628 3241 3682 recentiorum
3268 3628 3501 3683 testibus
3525 3622 3794 3696 Augustino

2147 3717 2349 3772 timere
2381 3717 2516 3771 mali
2548 3718 2698 3772 visus
2728 3733 2854 3771 sum
2882 3738 2896 3785 ;
2927 3718 3050 3787 ejus
3081 3717 3241 3772 enim
3271 3733 3495 3771 causam
3532 3713 3790 3769 defenden-

2150 3805 2282 3860 dam
2319 3805 2560 3877 suscepi,
2610 3823 2682 3860 ne
2728 3807 2877 3876 apud
2924 3805 3228 3876 imperitos
3261 3806 3590 3876 nimiunque
3633 3799 3791 3855 credu-

2148 3894 2231 3948 los
2262 3899 2549 3950 tantorum
2587 3895 2820 3950 testium
2867 3893 3124 3963 nomina,
3174 3912 3303 3966 quas
3339 3891 3630 3950 adversarii
3657 3892 3790 3956 longo

2150 3983 2348 4037 ordine
2395 3988 2586 4038 contra
2631 3983 3014 4055 Augustinum
3072 3985 3392 4054 producere
3432 3981 3791 4054 gloriabantur,

2149 4072 2235 4125 vel
2266 4071 2437 4126 ﬁdem
2497 4071 2842 4141 invenirent,
2899 4074 2987 4127 vel
3008 4072 3396 4144 suspicionem
3442 4071 3629 4125 saltem
3664 4067 3793 4134 inge-

2149 4165 2358 4214 rerent.

2838 4242 3062 4296 CAPUT
3102 4243 3194 4296 VI.

2156 4346 2370 4429 Elogiq
2397 4363 2436 4400 a
2462 4345 2702 4429 summis
2717 4346 3087 4429 pontiﬁcibus
3118 4344 3550 4429 Augustiuiana

2222 4415 2424 4490 contra
2471 4415 2817 4490 Pelagianos
2855 4415 3052 4490 delata
3097 4435 3136 4473 a
3177 4415 3432 4473 sinistris
3467 4415 3792 4470 recentiorum

2219 4487 2788 4560 interpretatio'nibtw
2815 4488 3199 4544 vindicantur.

2221 4595 2367 4650 Sane
2381 4612 2492 4650 non
2511 4597 2688 4650 levem
2701 4595 2972 4650 invidiam
2987 4595 3201 4650 redolet
3213 4589 3796 4650 recentiorumfactum,

2151 4683 2220 4737 de
2233 4701 2345 4755 quo
2363 4684 2606 4738 hocloco
2622 4699 2941 4738 sermonem
2967 4684 3340 4739 instituimus.
3359 4679 3591 4739 Romani
3617 4686 3795 4748 prasa-

2150 4772 2229 4826 les
2259 4772 2437 4826 sancti
2464 4773 2767 4844 Augustini
2788 4773 2856 4828 de
2886 4773 3076 4828 divina
3133 4778 3319 4844 gratia
3351 4769 3650 4827 doctrinam
3667 4758 3794 4816 miris

2149 4862 2454 4932 praconiis
2483 4869 2905 4916 consecrarunt.
2961 4863 3116 4917 Unde
3148 4867 3306 4916 tanta
3344 4861 3522 4915 eidem
3551 4856 3613 4910 ab
3643 4847 3793 4905 omni-

2148 4949 2255 5004 bus
2302 4966 2404 5021 per
2448 4954 2534 5004 tot
2575 4955 2726 5005 retro
2784 4952 2990 5005 sacula
3019 4951 3309 5006 veneratio
3339 4950 3588 5018 impensa
3625 4946 3715 5004 est,
3748 4939 3795 4986 ut

2148 5045 2281 5110 post
2327 5040 2660 5095 eorumdem
2703 5040 3044 5112 pontiﬁcum
3094 5057 3255 5095 voces
3304 5032 3591 5093 orthodoxi
3649 5037 3793 5082 unum

2148 5128 2536 5197 Augustinum
2623 5128 3031 5192 inaudiverint,
3109 5129 3227 5182 imo
3313 5119 3605 5196 Augustini
3684 5113 3793 5177 (108'

2150 5223 2306 5272 mata
2357 5216 2419 5272 in
2470 5217 2806 5290 pontiﬁcum
2880 5217 3106 5272 decreta
3151 5233 3214 5271 ac
3272 5213 3602 5287 synodorum
3654 5214 3791 5257 cano-

2150 5321 2251 5360 nes
2279 5305 2626 5373 transierint,
2675 5307 2830 5378 quod
2883 5306 2944 5360 in
2974 5305 3217 5361 Historia
3268 5301 3561 5372 Pelagiana
3587 5295 3788 5385 demon-

2152 5394 2473 5450 stravimus.
2509 5396 2638 5450 Hac
2682 5395 2918 5467 quidem
2957 5394 3334 5449 recentiorum
3379 5389 3615 5444 animum
3651 5378 3787 5433 altius

2149 5498 2496 5555 Ρυρυεθτθς
2553 5499 2729 5554 quare
2778 5483 2964 5538 delata
3017 5480 3439 5553 Augustiniana
3492 5467 3733 5562 doctrina:
3763 5475 3787 5512 δ

2152 5551 2811 5642 ᾗοῖηέηὶετρτεέδυιὶὺυε
2852 5571 3039 5644 elogia
3083 5551 3236 5627 falsis
3272 5551 3782 5634 interpretationibus
