3914 6186
64 300 168 352 789

1368 302 1477 355 VIN
1487 302 1685 357 DICI/E
1723 303 2272 362 AUGUSTINIAN/E.

3467 321 3572 373 790

64 421 275 495 partim
307 422 625 485 decurtare,
656 419 869 490 partim
907 421 1139 476 eludere
1179 421 1449 476 audacter
1500 422 1757 495 quidem,
1788 424 1832 477 A
1872 424 2168 479 laudatum
2198 425 2393 493 fuisse,
2441 431 2497 481 et
2552 427 2786 499 quidem
2818 430 2887 483 de
2917 430 3043 501 lege
3074 447 3205 486 reos
3237 431 3358 488 sine
3389 436 3573 506 gratia

66 512 163 567 sed
184 528 296 565 non
331 525 492 580 teque
522 508 764 563 feliciter
794 509 984 563 conati
1011 514 1161 565 sunt.

138 601 355 657 Primus
381 598 533 653 inter
560 597 858 668 pontiﬁces
916 598 1013 670 qui
1057 603 1314 654 sanctum
1368 600 1755 671 Augustinum

66 689 545 752 commendarunt,
600 688 967 743 Innocentius
1004 688 1357 758 producitur,
1393 690 1492 760 qui
1520 706 1649 745 cum
1679 690 1751 745 ab

66 777 377 847 Augustino
409 776 629 829 litteras
681 775 990 845 accepisset
1019 793 1049 829 a
1080 783 1328 847 quatuor
1358 778 1482 831 aliis
1526 780 1757 850 collegis

65 865 426 935 subscriptas,
465 864 672 935 quibus
720 864 933 935 Pelagii
984 881 1202 919 errores
1233 865 1417 920 eidem
1466 867 1757 938 significa—

65 957 287 1020 bantur,
346 954 639 1025 respondit
696 952 859 1025 epist.
926 957 991 1008 96
1040 953 1191 1008 inter
1248 956 1696 1026 Augustinianas
1741 974 1753 1012 :

69 1065 93 1093 α
122 1044 277 1108 Quod
308 1058 507 1097 earum
541 1047 705 1097 tenor
732 1042 1033 1114 omnisque
1081 1045 1363 1098 contextio
1396 1049 1479 1099 est
1533 1045 1592 1099 in
1622 1061 1756 1099 con-

69 1133 408 1186 sideratione
434 1131 788 1203 quotidiana:
819 1132 1018 1202 gratiae
1048 1133 1167 1199 Dei,
1218 1138 1273 1186 et
1303 1134 1363 1186 in
1394 1150 1593 1187 eorum
1639 1151 1759 1187 cor-

67 1222 309 1275 rectione
343 1221 440 1292 qui
475 1226 671 1275 contra
718 1221 991 1283 sentiunt,
1039 1221 1263 1292 integra
1288 1222 1507 1276 ratione
1538 1223 1755 1277 consis-

66 1311 145 1377 tit,
172 1315 237 1364 ut
265 1315 325 1365 et
353 1310 467 1363 illis
492 1326 724 1364 omnem
768 1310 967 1363 tollere
997 1310 1178 1381 possit
1228 1327 1504 1377 errorem,
1546 1318 1601 1366 et
1638 1312 1758 1366 ido-

68 1418 229 1457 neum
259 1401 393 1455 dato
426 1400 604 1453 cuivis
629 1405 838 1454 nostrae
866 1401 1007 1471 legis
1038 1402 1314 1472 exemplo,
1376 1419 1546 1473 quem
1595 1402 1757 1473 sequi

65 1492 264 1545 debeat
290 1490 532 1560 dignum
558 1489 741 1561 possit
780 1490 1037 1561 praebere
1066 1491 1373 1545 doctorem.
1411 1512 1437 1543 »
1474 1493 1759 1563 Legantur

65 1596 168 1651 que
211 1580 464 1634 diximus
498 1579 597 1633 lib.
630 1596 648 1632 ι
684 1578 890 1633 Histor.
942 1580 1157 1651 Pelag,
1218 1597 1340 1651 cap.
1404 1584 1484 1635 tl.
1542 1583 1756 1635 Recen-

66 1670 230 1723 tiores
268 1669 425 1723 haud
475 1668 801 1722 universam
854 1669 1033 1722 sancti
1080 1669 1385 1740 Augustini
1438 1670 1755 1724 doctrinam

68 1761 257 1811 contra
316 1756 654 1827 Pelagianos
694 1756 764 1809 ab
803 1756 1135 1810 Innocentio
1182 1756 1556 1827 approbatam
1588 1757 1759 1811 fuisse

64 1846 435 1911 contendunt,
477 1846 575 1900 sed
634 1861 747 1916 qua
785 1851 944 1916 parte
1000 1849 1223 1899 tantum
1256 1846 1505 1900 decertat
1562 1852 1759 1901 contra

64 1936 200 1991 duos
232 1934 455 2005 Pelagii
481 1950 719 2001 errores,
751 1950 894 2005 quos
949 1933 1030 1987 ibi
1087 1934 1339 2003 pontifex
1392 1934 1643 1990 damnat.
1677 1937 1758 1989 Do

62 2026 228 2079 verba
259 2024 564 2091 Moraines,
610 2023 754 2093 disp.
794 2026 856 2077 l2
887 2022 1228 2085 Anti-Jans.,
1288 2040 1447 2077 num.
1480 2025 1586 2078 49:
1626 2048 1645 2071 α
1681 2026 1758 2078 Ex

63 2115 159 2169 hac
214 2118 413 2168 autem
471 2111 882 2183 approbatione
935 2111 1265 2183 hujusmodi
1325 2113 1643 2167 litterarum
1689 2115 1756 2169 de

64 2222 170 2259 uno
186 2210 281 2259 aut
306 2204 726 2258 alterotantum
750 2218 940 2255 errore
966 2202 1346 2273 loquentium,
1379 2203 1588 2257 inferre
1615 2205 1755 2258 velle

65 2298 233 2346 totam
268 2294 333 2346 Ι).
371 2289 674 2362 Augustini
720 2289 1037 2345 doctrinam
1069 2290 1137 2344 de
1170 2292 1354 2360 gratia
1404 2290 1578 2344 fuisse
1624 2308 1753 2362 spe-

67 2382 268 2436 cialiter
293 2382 369 2435 ab
402 2380 733 2435 Innocentio
767 2380 1161 2450 approbatam,
1195 2390 1279 2433 est
1306 2379 1587 2433 malitiose
1619 2380 1756 2433 sim-

69 2470 293 2541 plicibus
347 2470 610 2537 illudere,
669 2473 725 2522 et
779 2467 1138 2522 eruditorum
1172 2467 1449 2538 patientia
1481 2467 1753 2521 intolera-

64 2559 243 2613 biliter
271 2558 457 2612 abuti.
493 2578 520 2608 »
553 2558 711 2622 Quod
742 2573 875 2610 vero
931 2562 1157 2610 sanctus
1210 2556 1583 2627 Augustinus,
1643 2574 1755 2626 quo

65 2649 254 2702 melius
284 2646 609 2716 Pelagianze
650 2645 883 2699 haeresis
912 2644 1114 2699 faciem
1148 2645 1478 2700 Innocentio
1510 2645 1626 2699 suis
1656 2663 1753 2699 co-

66 2737 271 2791 loribus
298 2735 517 2807 pictam
553 2734 897 2799 ostenderet,
926 2735 1180 2805 ejusdem
1233 2734 1628 2788 haeresiarchas
1685 2734 1754 2788 li-

70 2827 222 2879 brum
251 2826 308 2879 in
348 2824 573 2879 laudem
605 2829 825 2878 natura:
856 2824 1126 2877 emissum
1152 2829 1321 2894 atque
1364 2823 1753 2878 adversarium

70 2914 157 2968 abs
184 2930 239 2967 se
291 2914 367 2968 de
431 2913 643 2966 Natura
693 2916 748 2966 et
801 2912 985 2983 gratia
1044 2911 1425 2982 compositum
1479 2913 1751 2965 volumen

64 3004 303 3067 miserat,
366 3000 524 3055 addit
568 3000 779 3055 ibidem
818 3016 831 3055 :

66 3091 309 3162 sequenti
350 3090 588 3160 epistola
618 3093 707 3155 96,
761 3090 978 3143 nullam
1013 3088 1145 3142 facit
1199 3088 1552 3142 mentionem
1611 3088 1749 3142 alio-

65 3197 179 3235 rum
206 3195 471 3235 errorum
505 3178 737 3249 Pelagii,
764 3195 949 3250 neque
980 3177 1111 3231 libri
1142 3177 1211 3232 de
1245 3178 1454 3231 Natura
1481 3182 1537 3233 et
1565 3177 1747 3248 gratia

66 3272 123 3323 D.
155 3268 483 3341 Augustini,
515 3269 613 3322 sed
638 3272 861 3321 tantum
901 3266 1093 3321 laudat
1133 3266 1549 3336 praecedentem
1598 3266 1744 3335 epis-

66 3359 225 3412 tolam
254 3359 326 3412 ab
354 3357 467 3412 illis
495 3357 565 3412 ad
593 3372 651 3410 se
696 3356 985 3427 scriptam.
1050 3374 1077 3407 »
1137 3356 1286 3409 Duos
1336 3370 1470 3409 vero
1525 3372 1747 3409 errores

69 3446 266 3501 ibidem
296 3452 527 3501 tantum
559 3446 857 3501 damnatos
910 3460 1030 3498 esse
1085 3444 1184 3511 ait,
1242 3460 1448 3515 nempe
1480 3460 1597 3498 non
1626 3444 1749 3499 dari

66 3544 350 3604 peccatum
386 3534 646 3606 originis,
681 3550 865 3605 neque
898 3533 999 3588 Dei
1028 3532 1273 3605 gratiam
1321 3550 1443 3588 esse
1487 3549 1746 3587 necessa-

66 3620 193 3675 riam
225 3623 288 3677 ad
327 3627 479 3677 recte
508 3623 718 3693 pieque
744 3622 1078 3677 vivendum.

125 3711 263 3774 Quid
298 3712 372 3765 de
400 3712 551 3765 libro
584 3710 796 3781 Pelagii
826 3715 1051 3765 sanctus
1091 3710 1453 3765 Innocentius
1484 3710 1749 3763 decernat

64 3799 391 3854 audiamus:
435 3824 454 3848 σι
499 3800 729 3854 Librum
758 3816 908 3863 sane,
946 3798 1156 3870 inquit,
1199 3798 1298 3869 qui
1346 3799 1468 3869 ejus
1512 3814 1628 3852 esse
1660 3798 1745 3853 di-

64 3892 285 3957 ceretur,
329 3889 493 3943 nobis
526 3906 558 3943 a
586 3894 771 3944 vestra
828 3888 1102 3943 charitate
1130 3888 1529 3941 transmissum
1589 3888 1743 3941 evol-

63 3974 249 4046 vimus,
282 3978 347 4031 in
379 3994 492 4049 quo
524 3995 697 4034 munra
729 3976 1086 4050 blasphemia
1115 3976 1257 4030 nihil
1291 3975 1439 4047 quod
1475 3975 1742 4046 placeret,

66 4081 201 4120 smn.
226 4067 386 4138 quod
409 4083 523 4121 non
553 4067 781 4138 penitus
816 4067 1160 4138 displiceret,
1187 4082 1219 4119 a
1250 4065 1445 4137 quovis
1477 4064 1747 4119 damnan-

66 4154 187 4209 dum
219 4161 393 4227 atque
422 4156 776 4221 calcandum,
805 4156 895 4210 cui
922 4154 1130 4209 similia
1161 4154 1271 4208 nisi
1302 4154 1400 4225 qui
1435 4153 1539 4207 ista
1568 4154 1745 4223 scrip-

65 4250 215 4308 serat,
258 4262 434 4301 nemo
466 4247 609 4299 alter
659 4245 719 4299 in
753 4251 1003 4299 mentem
1054 4245 1329 4313 reciperet
1360 4247 1530 4313 atque
1573 4242 1745 4296 senti-

1863 512 2126 567 homines
2172 514 2413 569 faciente
2470 516 2876 586 disputantem,
2920 535 3048 589 quae
3105 519 3247 575 falsa
3297 527 3468 593 atque
3502 526 3571 579 ob

1864 603 2118 656 furorem
2150 608 2348 657 contra
2406 602 2705 659 haereticos
2761 608 3081 677 Augustino
3132 610 3411 664 excidisse
3460 613 3570 666 ﬁn-

1866 691 1948 761 git
1978 691 2254 746 Moraines
2298 693 2507 763 disput.
2566 696 2656 759 24,
2688 710 2847 748 num.
2882 698 2970 762 44,
3010 712 3074 751 ex
3106 697 3193 750 his
3251 699 3571 755 Innocentii

1865 779 2053 833 verbis
2093 780 2381 849 colligitur
2409 798 2421 834 :
2459 800 2487 832 «
2521 783 2662 836 Nam
2694 784 2797 837 hoc
2830 785 2951 838 loco
2984 785 3149 839 latius
3204 787 3272 840 de
3304 788 3428 860 lege
3458 790 3571 844 dis-

1865 874 2069 940 putare
2113 871 2267 923 velut
2326 886 2518 923 coram
2576 872 2761 941 posito
2811 880 3283 946 repugnanteque
3344 879 3570 950 Pelagio

1867 958 2250 1012 necessarium
2286 975 2405 1012 esse
2428 975 2544 1012 non
2579 959 2872 1030 duximus,
2904 979 3032 1017 cum
3063 965 3352 1020 vobiscum
3392 984 3569 1023 TO'l'UM

1867 1063 2188 1115 scmxrmvs,
2240 1064 2474 1108 PARIQL’E
2520 1065 2785 1103 NOBISCCM
2821 1067 3146 1106 ASSENSIONE
3190 1057 3572 1124 gaudentibus

1866 1136 2284 1207 colloqnamur.
2330 1160 2355 1185 ››
2388 1136 2599 1191 Audin’
2632 1139 3015 1209 Augustinum
3046 1146 3231 1197 totum
3274 1145 3568 1216 scientem,

1867 1241 1930 1278 ac
1953 1241 2056 1295 per
2085 1226 2278 1279 omnia
2310 1226 2639 1280 Innocentio
2671 1228 2730 1280 in
2758 1228 2826 1280 iis
2857 1245 2985 1298 qua
3017 1230 3084 1283 de
3137 1232 3257 1301 lege
3287 1233 3406 1287 sine
3439 1252 3568 1306 gra-

1864 1312 1942 1367 tia
1974 1313 2229 1384 proxime
2261 1314 2568 1369 sufﬁcienti
2599 1332 2723 1369 reos
2771 1316 3015 1371 faciente
3075 1318 3410 1389 disputaret,
3445 1326 3567 1394 ple-

1866 1402 2100 1456 nissime
2135 1403 2643 1458 consentientem?

1938 1490 2266 1543 Innocentio
2299 1492 2565 1546 successit
2594 1493 2869 1560 Zosimus,
2925 1494 3057 1548 dein
3089 1495 3435 1563 Bonifacius,
3471 1498 3569 1568 qui

1865 1584 2121 1634 sanctum
2158 1580 2544 1650 Augustinum
2572 1582 2809 1637 mirifice
2854 1584 3180 1651 coluerunt,
3231 1585 3561 1657 quibusque

1870 1668 2128 1739 ejusdem
2161 1669 2416 1722 doctrina
2446 1670 2686 1740 probata
2716 1672 2843 1739 fuit,
2868 1676 3147 1739 Annatus,
3176 1673 3275 1727 lib.
3302 1690 3419 1740 vui,
3440 1691 3566 1745 cap.

1870 1759 1921 1823 6,
1956 1772 2085 1827 pag.
2117 1759 2239 1822 908,
2274 1757 2395 1811 haec
2426 1758 2621 1812 scribit
2652 1776 2665 1813 :
2697 1778 2724 1809 α
2755 1760 2937 1824 Quare
2968 1777 3081 1814 non
3116 1762 3295 1831 possit
3322 1763 3393 1817 ab
3426 1764 3570 1833 ejus-

1867 1845 2021 1899 modi
2054 1846 2280 1899 doctore
2311 1845 2612 1901 instructio
2651 1848 2768 1919 peti
2797 1849 2865 1903 ad
2898 1850 3330 1920 concipiendam
3362 1852 3568 1906 erroris

1868 1933 2138 1989 contrarii
2188 1934 2637 2006 damnationem,
2699 1941 2761 1991 ut
2793 1939 3065 2007 Zosimus,
3104 1944 3169 1993 ut
3220 1940 3563 2009 Bonifacius,

1864 2033 1929 2077 ut.
1960 2023 2109 2077 Felix
2136 2023 2305 2092 hujus
2337 2024 2586 2078 nominis
2652 2027 2722 2079 IV
2766 2026 2994 2097 petiisse
3053 2045 3317 2084 DICUNI‘UR
3346 2030 3415 2084 ab
3448 2033 3566 2086 Au—

1865 2112 2112 2182 gustino.
2148 2132 2175 2163 »
2213 2113 2342 2166 Haec
2374 2112 2609 2183 quidem
2650 2120 2800 2169 recte
2845 2131 2904 2170 se
2955 2116 3188 2182 habent,
3221 2119 3319 2173 sed
3358 2119 3567 2172 rectius

1863 2200 2012 2255 foret
2041 2199 2097 2255 id
2142 2216 2257 2254 non
2287 2201 2507 2271 vulgari
2536 2202 2689 2255 fama
2718 2208 2998 2258 assertum
3041 2205 3249 2271 dicere,
3285 2206 3382 2260 sed
3408 2223 3567 2261 cons-

1864 2292 2053 2343 tanter
2083 2293 2358 2342 astruere.
2394 2291 2469 2343 Ea
2530 2290 2684 2345 enim
2726 2291 2920 2362 phrasi
2971 2293 3211 2362 utimur,
3243 2310 3373 2348 cum
3405 2295 3473 2349 de
3505 2312 3564 2349 re

1863 2377 2057 2432 minus
2083 2383 2379 2449 comperta
2409 2379 2739 2450 loquimur;
2779 2381 2906 2452 quis
2944 2381 3099 2436 enim
3131 2398 3291 2436 mero
3322 2384 3565 2440 meridie

1863 2466 2199 2538 pronuntiet
2227 2469 2405 2522 solem
2432 2486 2536 2523 mcr
2568 2470 2963 2539 splendescere
2982 2471 3009 2525 ‘Z
3045 2470 3319 2525 Novimus
3357 2472 3564 2527 Annati

1864 2572 1998 2627 erga
2045 2556 2428 2626 Augustinum
2486 2558 2769 2618 animum,
2826 2557 2961 2613 hinc
3004 2559 3318 2629 suspicioni
3372 2562 3563 2615 locum

1864 2645 2082 2700 damus.
2117 2646 2372 2699 Zosimus
2428 2662 2545 2699 non
2594 2646 2753 2716 prius
2801 2647 3173 2701 decretoriam
3200 2648 3261 2701 in
3313 2649 3561 2703 Ccelestii

1865 2750 1926 2788 ac
1954 2734 2170 2803 Pelagii
2199 2750 2365 2788 causa
2395 2735 2736 2789 sententiam
2791 2736 2941 2802 tulit,
2977 2752 3149 2807 quam
3183 2737 3255 2791 ab
3284 2736 3560 2791 Africanis

1862 2822 2112 2892 synodis,
2167 2838 2432 2893 quorum,
2468 2826 2604 2875 teste
2648 2825 2947 2893 Prospero,
2995 2825 3344 2895 Augustinus
3404 2829 3552 2893 inge-

1859 2913 2012 2965 nium
2038 2914 2180 2979 erat,
2211 2910 2429 2964 litteras
2458 2910 2759 2981 acciperet,
2791 2917 2853 2965 ut
2878 2912 2939 2965 in
2962 2912 3205 2966 Historia
3227 2914 3553 2984 Pelagiana,

876 3020 903 3051 «
956 3000 1327 3070 Respondens
1384 3000 1750 3053 Innocentius
1789 3015 1827 3069 ο
1861 2997 1960 3051 lib.
1996 3014 2035 3065 1,
2066 3013 2189 3067 cap.
2230 3001 2313 3062 l3,
2374 2998 2586 3053 dictum
2632 3004 2733 3055 est.
2780 3000 3095 3055 Bonifacius
3142 3002 3316 3056 etiam
3345 3003 3558 3057 Jnliani

1860 3086 2075 3139 litteras
2124 3086 2197 3140 ad
2244 3087 2630 3156 Augustinum
2684 3089 3059 3143 confutandas
3106 3091 3440 3154 transmisit,
3495 3098 3561 3147 ut

1856 3174 2072 3229 ibidem
2100 3175 2315 3245 pariter
2342 3175 2719 3239 narravimus,
2753 3193 2875 3247 cap.
2908 3180 2997 3231 2t.
3048 3180 3127 3232 De
3182 3179 3363 3234 Felice
3406 3197 3559 3251 papa

1857 3263 2104 3319 diximus
2134 3263 2231 3317 lib.
2284 3280 2341 3329 ιι,
2403 3279 2524 3334 cap.
2559 3267 2648 3319 23.
2706 3266 2864 3331 Quae,
2922 3282 2992 3320 ne
3041 3271 3231 3321 actum
3280 3284 3544 3338 agamus,

1857 3353 2068 3408 iterum
2100 3369 2217 3406 non
2266 3353 2599 3423 repetimus.
2636 3355 2835 3425 Itaque
2892 3359 2949 3409 et
3002 3371 3203 3425 reapse
3254 3357 3559 3427 pontiﬁces

1856 3442 1940 3496 illi
1991 3446 2190 3496 contra
2246 3442 2581 3512 Pelagianos
2637 3442 3074 3499 instructionem
3126 3445 3196 3499 ab
3229 3446 3553 3517 Augustino

1854 3531 2094 3601 petiere,
2152 3530 2325 3603 idque
2389 3548 2456 3585 ex
2486 3531 2664 3602 ipsius
2712 3533 3016 3603 Augustini
3058 3532 3241 3600 libris,
3303 3538 3358 3587 et
3414 3534 3561 3604 ejus-

1857 3620 1986 3674 dem
2018 3620 2210 3675 seeculi
2257 3621 2533 3687 Patribus,
2582 3626 2637 3677 et
2666 3638 2781 3676 non
2837 3622 2994 3693 vulgi
3053 3628 3276 3678 tantum
3328 3640 3558 3679 rumore

1858 3708 2227 3763 manifestum
2258 3714 2361 3763 est.

1928 3797 2222 3852 Banifacio
2255 3797 2594 3868 subrogatus
2650 3798 2982 3852 leestinus
3029 3815 3145 3852 non
3174 3800 3341 3855 modo
3380 3803 3558 3857 sancti

1857 3886 2161 3958 Augustini
2193 3886 2513 3939 doctrinam
2568 3885 2835 3951 laudavit,
2898 3886 2995 3939 sed
3026 3886 3284 3955 ejusdem
3332 3889 3556 3943 calum—

1854 3975 2108 4029 niatores
2139 3974 2284 4028 datis
2316 3974 2386 4029 ad
2432 3974 2727 4044 episcopos
2786 3973 2980 4029 Galliae
3028 3972 3235 4027 litteris
3290 3977 3551 4045 perculit.

1859 4062 2121 4133 Elogium
2153 4078 2307 4129 vero,
2366 4062 2541 4116 veluti
2595 4063 2765 4132 paulo
2802 4067 2933 4116 ante
2965 4062 3033 4116 de
3064 4069 3291 4117 mortuo
3334 4067 3555 4137 Augus-

1854 4151 1976 4206 tino
2031 4151 2450 4220 sepulchralem
2498 4150 2954 4219 inscriptionem,
3012 4151 3188 4205 hocce
3240 4155 3554 4222 apposuit:

1856 4242 2223 4308 Augustinum
2270 4244 2470 4294 sanctae
2522 4238 2912 4294 recordationis
2942 4243 3122 4294 virum
3159 4256 3262 4310 pro
3304 4243 3421 4296 vita
3456 4258 3557 4298 sua

64 4338 160 4387 ret.
196 4356 216 4383 ι
244 4336 406 4390 Itane
435 4336 576 4389 nihil
606 4333 896 4406 Pelagiani
952 4333 1085 4388 libri
1114 4311 1444 4387 Innocentio
1499 4332 1742 4403 placere,
1776 4311 1820 4365 Ῑ)
1858 4334 2021 4398 atque
2041 4330 2251 4383 meritis
2278 4331 2337 4382 in
2364 4332 2554 4382 nostra
2602 4330 2968 4382 communione
2996 4344 3203 4398 semper
3246 4330 3554 4401 habuimus,

66 4424 189 4477 nihil
225 4424 281 4478 in
319 4440 385 4478 eo
411 4422 581 4478 scribi
610 4423 761 4494 quod
812 4439 930 4477 non
979 4422 1257 4493 displicet,
1293 4426 1378 4475 est
1422 4420 1591 4474 unius
1620 4426 1744 4474 tan-

66 4516 173 4566 tum
202 4520 303 4568 aut
332 4513 564 4567 alterius
602 4512 809 4567 erroris
856 4510 1250 4577 condemnari,
1287 4526 1357 4563 an
1405 4508 1592 4581 potius
1623 4509 1746 4579 ple-

69 4615 193 4655 num
222 4602 512 4656 erroribus
553 4601 845 4672 judicari‘?
886 4601 1067 4655 Unam
1116 4597 1348 4653 interim
1406 4597 1746 4667 particulam

65 4687 449 4760 disjunctivam
484 4690 759 4761 corrigas,
793 4689 1102 4759 Morainie;
1151 4686 1347 4742 dixisti
1388 4686 1539 4741 enim
1575 4688 1745 4741 Inno-

64 4778 219 4832 centii
259 4780 477 4834 litteras
509 4780 574 4833 de
605 4795 708 4833 uno
741 4783 836 4832 aut
880 4780 1048 4833 altero
1077 4792 1255 4830 errore
1282 4776 1437 4846 loqui
1465 4795 1480 4843 ;
1504 4790 1748 4845 reponas

62 4867 536 4937 conjunctionem,
585 4868 653 4923 de
709 4884 827 4921 uno
894 4884 955 4921 ετ
985 4868 1163 4920 altero
1217 4865 1377 4919 illam
1444 4864 1747 4935 periodum

62 4953 310 5024 reddens,
341 4971 410 5009 ne
456 4954 584 5025 quis
642 4970 776 5025 erga
806 4959 861 5008 te
909 4953 1348 5007 malevolentior
1376 4952 1665 5007 dubitasse
1692 4955 1747 5005 te

61 5040 217 5105 dicat,
252 5044 441 5097 duone
486 5060 559 5097 an
616 5059 767 5097 unus
822 5046 1046 5097 tantum
1105 5040 1320 5111 Pelagii
1360 5057 1518 5094 error
1546 5041 1657 5094 illis
1688 5040 1749 5094 in

64 5128 254 5184 litteris
286 5132 691 5201 proscribatur.
724 5130 832 5187 Sed
864 5132 935 5185 ad
977 5129 1363 5201 Augustinum
1408 5145 1601 5183 meum
1657 5145 1748 5182 re-

64 5217 178 5272 deo.
215 5221 313 5274 Hic
342 5220 557 5292 Pelagii
586 5221 798 5275 librum
831 5220 902 5275 ad
936 5218 1330 5274 Innocentium
1362 5218 1592 5272 mittens
1618 5232 1750 5271 cum

66 5304 313 5373 ejusdem
343 5308 732 5362 confutatione
763 5306 1044 5361 asteriscis
1088 5307 1210 5360 loca
1230 5304 1443 5375 Pelagii
1472 5303 1745 5375 signarat,

66 5394 157 5448 ubi
184 5396 275 5450 hic
306 5413 422 5451 non
453 5402 601 5451 recte
658 5398 725 5452 de
786 5395 979 5451 divina
1028 5395 1211 5466 gratia
1268 5394 1568 5454 sentiebat,
1621 5409 1749 5463 qua

67 5482 409 5553 displicuisse
440 5486 796 5555 Innocentio,
828 5485 916 5539 cui
948 5501 1098 5540 mnu.
1126 5483 1279 5538 illius
1305 5482 1485 5537 libelli
1513 5482 1745 5553 placuit,

67 5574 186 5636 quis
216 5571 477 5628 dubitet?
510 5573 743 5629 Librum
771 5590 903 5629 vero
933 5572 1237 5647 Augustini
1276 5572 1659 5642 approbatum
1687 5587 1751 5626 ac

1853 4434 1946 4473 nec
2000 4434 2242 4488 unquam
2298 4419 2436 4472 hunc
2483 4419 2722 4472 sinistrae
2760 4420 3082 4486 suspicionis
3130 4420 3327 4475 saltem
3371 4437 3557 4478 rumor

1854 4509 2109 4577 aspersit,
2136 4523 2290 4576 quem
2321 4524 2501 4561 τΑΝτιε
2549 4522 2802 4560 summa;
2833 4507 2960 4560 olim
2990 4509 3161 4574 fuisse
3191 4511 3553 4578 meminimus,

1854 4600 1915 4650 ut
1945 4598 2086 4649 inter
2114 4598 2403 4662 magistros
2427 4596 2677 4663 optimos,
2728 4595 2891 4647 etiam
2920 4610 2955 4647 α
2980 4596 3109 4648 meis
3151 4610 3359 4665 semper
3387 4598 3557 4655 deces—

1854 4684 2067 4738 soribus
2090 4684 2393 4737 haberetur.
2428 4684 2577 4737 Bene
2606 4697 2733 4749 ergo
2772 4698 2837 4735 ne
2870 4696 2939 4737 eo
2974 4698 3151 4736 omnes
3190 4686 3249 4736 in
3288 4699 3559 4741 commune

1856 4788 2181 4837 sensuum,
2213 4776 2396 4841 utpote
2429 4773 2527 4839 qui
2558 4787 2759 4831 UBIQUE
2785 4785 3003 4825 curvans
3029 4786 3092 4824 ετ
3140 4787 3306 4826 auom
3367 4788 3558 4827 rucmr

1855 4878 1918 4915 ετ
1946 4875 2194 4925 nouom;
2226 4860 2368 4914 unde
2413 4860 2900 4915 RESISTENDUM
2938 4875 3181 4927 munus,
3236 4874 3366 4929 quos
3413 4860 3554 4912 male

1855 4964 2085 5003 crescere
2134 4949 2396 5003 videmus.
2447 4947 2642 5001 Tradit
2700 4947 3055 5012 Coelestinus,
3108 4946 3224 5000 imo
3270 4946 3435 5014 jubet
3466 4961 3554 5000 re-

1856 5037 2170 5091 sistendum
2196 5036 2625 5107 Augustiniana:
2674 5036 2843 5091 famae
2882 5033 3353 5089 decurtatoribus.
3382 5034 3553 5089 Sanc-

1855 5130 1947 5181 tus
1977 5128 2219 5197 Prosper
2246 5141 2377 5180 cnm
2398 5126 2673 5181 eximiam
2702 5127 2850 5181 hanc
2881 5124 2951 5179 de
2980 5122 3293 5193 Augustino
3329 5124 3553 5178 laudem

1857 5231 1924 5271 ex
1955 5214 2256 5269 leestino
2308 5215 2602 5269 recitasset
2630 5215 2690 5268 in
2745 5214 2857 5268 fine
2915 5211 3045 5265 libri
3093 5214 3287 5265 contra
3319 5212 3556 5267 Collato-

1856 5318 1981 5358 rem
2036 5303 2409 5357 exclamavit:
2447 5324 2473 5353 (ι
2525 5304 2733 5359 Contra
2788 5301 2956 5355 istam
3004 5297 3307 5353 clarissimi
3364 5300 3556 5355 lauda-

1856 5392 2029 5447 tionis
2059 5393 2281 5458 tubam,
2331 5398 2528 5449 contra
2583 5392 2750 5446 istam
2816 5388 3183 5442 sacratissimi
3240 5389 3553 5446 testimonii

1857 5483 2190 5554 dignitatem
2234 5483 2408 5537 audet
2442 5481 2726 5554 quispiam
2760 5495 3007 5534 ιιΑιιθΝιΕ
3048 5494 3554 5537 INTERPBETATIONIS

1861 5586 2123 5626 murmur
2216 5571 2500 5637 emittere,
2566 5573 2622 5622 et
2686 5566 3003 5638 perspicua:
3042 5568 3552 5641 sincerissimaaque
