3914 6186
88 273 211 324 793

1386 272 1732 335 ,VINDICI/E
1771 272 2318 330 AUGUSTINIANAS.

3498 280 3532 335 7
3540 279 3607 334 94

94 394 452 465 Fulgentius,
515 394 616 465 qui
664 393 734 448 de
786 393 1284 467 Semi-Pelagianis
1341 395 1793 468 triumpharunt,
1833 400 1878 454 A
1908 397 2086 453 currit
2111 398 2265 453 idem
2297 398 2595 454 recentior.
2649 398 2829 470 Igitur
2874 398 3362 471 Sami-Pelagiani
3408 400 3605 455 Hiero-

94 498 325 554 semper
344 499 474 537 cum
513 482 832 553 Augustino
870 489 1023 552 sunt,
1072 486 1150 539 ita
1194 490 1254 540 ut
1290 485 1337 540 si
1384 503 1452 541 ex
1483 502 1597 541 una
1634 492 1797 558 parte

96 570 450 642 Augustinus
509 571 739 642 duoque
796 570 889 625 isti
945 576 1173 627 tantum
1232 574 1367 644 sint,
1420 591 1486 629 ex
1535 577 1798 647 opposita

98 676 243 714 vero
263 660 425 729 longe
455 659 647 730 plures
674 661 868 714 Patres
909 666 1305 724 numerentur,
1357 664 1484 734 quis
1534 680 1648 719 non
1691 682 1795 737 po-

98 748 224 803 tius
248 748 325 802 illi
362 751 592 803 Patrum
638 748 808 803 triadi
854 748 1151 820 inhaereat,
1201 768 1329 823 quae
1375 752 1445 807 de
1491 754 1797 825 Pelagiana

94 837 305 891 haeresi
331 837 725 908 triumphavit,
756 854 943 909 neque
972 839 1114 893 citra
1156 842 1537 897 temeritatem
1586 844 1795 898 erroris

90 926 350 981 accusari
378 928 612 997 potest?
644 927 847 981 Procul
873 927 1046 982 etiam
1091 928 1220 983 hinc
1271 930 1478 985 abeant
1516 931 1628 986 illae
1678 934 1795 987 Mo-
1833 933 1847 946 '

88 1015 267 1070 rainii
296 1017 543 1087 querela:
574 1016 633 1070 in
665 1015 1000 1086 praefatione
1028 1018 1097 1071 ad
1144 1019 1491 1074 orthodoxos
1523 1036 1536 1075 :
1574 1039 1602 1071 ς(
1648 1020 1796 1085 Quid

88 1104 272 1173 enim,
329 1104 376 1158 si
423 1104 677 1159 haeretici
720 1104 835 1159 suis
884 1105 1122 1176 argutiis
1164 1113 1396 1177 possent
1436 1110 1690 1163 evincere
1737 1126 1796 1165 se

86 1209 210 1247 non
253 1209 378 1249 esse
435 1198 631 1263 aperte
681 1194 752 1249 ab
798 1195 1119 1265 Augustino
1164 1196 1486 1265 damnatos,
1535 1198 1795 1253 Ecclesia:

82 1297 261 1335 causa
292 1282 606 1336 deserenda
638 1287 801 1349 esset,
849 1287 904 1337 et
949 1283 1301 1338 insufﬁciens
1350 1287 1496 1341 foret
1534 1288 1794 1342 omnium

82 1370 343 1426 aliorum
400 1372 636 1426 Patrum
677 1388 782 1442 pro
829 1372 1065 1427 veritate
1103 1390 1430 1440 consensus,
1482 1377 1617 1447 quia
1676 1379 1795 1431 Au-

80 1460 356 1529 gustinus
394 1464 476 1514 est
534 1461 933 1515 necessarius?
980 1461 1183 1533 Iniqua
1219 1468 1369 1517 certe
1417 1469 1562 1518 esset
1604 1466 1794 1519 Eccle-

78 1548 183 1602 siae
224 1548 503 1612 conditio,
545 1549 637 1603 cui
690 1550 838 1603 Deus
876 1566 992 1604 non
1034 1550 1269 1605 unicum
1325 1552 1636 1621 doctorem,
1695 1554 1795 1608 sed

79 1636 355 1691 doctores
411 1638 720 1708 promisit,
786 1642 851 1693 ut
914 1655 1035 1693 non
1090 1639 1561 1695 circumferamur
1635 1642 1794 1697 omni

78 1730 261 1779 vento
306 1727 596 1781 doctrinas.
636 1749 657 1777 ι
712 1729 897 1794 Erras,
929 1744 961 1782 ο
1021 1728 1167 1782 bone
1198 1729 1325 1783 vir!
1360 1734 1419 1784 et
1472 1735 1593 1785 toto
1646 1731 1792 1785 ostio

76 1830 268 1881 erras,
300 1831 600 1887 nunquam
630 1817 784 1870 solus
813 1822 897 1871 est
924 1818 1297 1887 Augustinus,
1332 1822 1387 1872 et
1417 1819 1464 1873 si
1495 1820 1792 1892 quidpiam

71 1904 314 1973 primus
343 1904 413 1959 de
440 1904 945 1975 praedestinatione
977 1906 1140 1973 dixit,
1161 1907 1284 1977 jam
1313 1924 1427 1962 non
1486 1909 1639 1962 solus
1683 1909 1792 1965 hoc

72 1992 251 2059 dixit,
294 1996 381 2047 tot
428 1993 744 2048 subsecutis
790 1994 1053 2049 Patribus
1100 1995 1409 2066 Augustini
1445 1998 1619 2051 verba
1654 1997 1788 2052 red-

72 2083 378 2152 dentibus,
410 2099 539 2154 quaa
569 2083 879 2137 adversarii
908 2100 1027 2138 non
1047 2084 1181 2138 satis
1208 2086 1572 2141 adnotarunt.

148 2172 325 2236 Quod
381 2187 514 2225 vero
562 2171 719 2226 addit
771 2174 1051 2238 Annatus,
1103 2173 1215 2227 illis
1263 2175 1450 2230 verbis
1502 2177 1789 2231 Caelestini

72 2266 289 2315 contra
333 2260 887 2331 Sami-Pelagianos:
923 2280 952 2313 α
1004 2261 1280 2316 Piissimis
1340 2264 1789 2334 disputatoribus

75 2349 320 2404 obviare
350 2354 727 2419 praesumunt,
760 2355 816 2404 et
844 2366 973 2404 cum
1021 2352 1317 2423 Pelagium
1364 2358 1535 2424 atque
1582 2354 1790 2409 Cceles-

77 2438 231 2493 tium
266 2438 748 2494 anathematizare
777 2455 894 2493 non
931 2439 1214 2507 dubitent,
1259 2441 1545 2512 magistris
1593 2446 1788 2497 tamen

78 2527 318 2595 nostris,
379 2532 653 2599 tanquam
693 2528 1077 2584 necessarium
1125 2529 1364 2584 modum
1407 2532 1785 2599 excesserint,

79 2618 506 2688 obloquuntur,
544 2638 566 2666 ι
601 2634 721 2671 ιιοιι
750 2634 934 2672 unum
961 2618 1347 2689 Augustinum
1393 2619 1658 2691 intelligi,
1690 2621 1787 2675 sed

76 2706 263 2760 etiam
322 2704 756 2777 Hieronymum,
832 2706 1096 2778 imperite
1174 2724 1410 2778 prorsus
1466 2710 1781 2765 asseritur:

79 2794 305 2849 etenim
360 2794 828 2865 Semi-Pelagiani
881 2800 1077 2850 contra
1152 2813 1336 2851 unum
1398 2798 1786 2868 Augustinum

77 2883 493 2955 loquebantur,
553 2885 698 2955 quod
731 2886 884 2939 solus
939 2884 1098 2939 illam
1158 2886 1227 2940 de
1283 2886 1785 2957 praedestinatione

1904 503 2078 558 nymo
2152 504 2269 542 non
2325 488 2801 560 obloquebantur,
2848 504 3021 560 quem
3080 488 3141 543 in
3191 504 3292 541 sua
3346 489 3604 559 ipsorum

1905 576 2191 630 sententia
2220 592 2339 631 esse
2387 577 2662 647 suspicari
2708 581 2991 647 poterant.
3038 579 3321 632 Praeterea
3354 577 3605 633 Caelesti-

1904 680 2013 718 nus
2064 665 2142 720 ait
2186 664 2701 737 Semi-Pelagianos
2752 666 2989 721 aduixos
3033 669 3418 735 quiescentium
3475 669 3605 731 fra—

1907 760 2049 809 trum
2068 757 2381 809 memoriam
2426 755 2718 824 dissipare,
2766 760 2821 809 et
2857 755 3186 810 immediate
3238 757 3433 811 laudat
3475 760 3605 827 post

1906 843 2005 897 illa
2032 844 2205 897 verba
2234 843 2614 914 Augustinum
2643 844 3006 911 concludens,
3039 845 3396 899 resistendum
3439 846 3599 900 oblo-

1905 933 2215 987 cutoribus.
2277 933 2433 987 Unus
2490 931 2666 1003 igitur
2718 932 2797 987 ibi
2848 934 3174 989 defenditur
3221 934 3602 1004 Augustinus;

1906 1037 2041 1076 nam
2070 1022 2118 1075 si
2146 1038 2276 1075 cum
2315 1021 2628 1093 Augustino
2671 1021 3049 1092 Hieronymus
3090 1039 3319 1094 quoque
3367 1039 3599 1077 eorum-

1905 1111 2036 1165 dem
2078 1110 2241 1165 dictis
2298 1111 2673 1175 lacerabatur,
2730 1126 2830 1163 cur
2876 1111 3131 1180 pontifex
3189 1112 3258 1165 de
3312 1128 3423 1165 uno
3483 1116 3597 1167 Au-

1905 1200 2135 1271 gustino
2168 1201 2364 1255 laudes
2396 1200 2599 1267 reddit,
2635 1200 2978 1270 Hieronymo
3010 1200 3069 1253 in
3118 1201 3393 1271 angulum
3440 1216 3601 1271 pror-

1904 1306 1998 1343 sus
2045 1290 2311 1360 rejecto?
2356 1289 2614 1343 Profecto
2676 1290 2937 1359 Prosper,
3000 1288 3099 1359 qui
3151 1290 3301 1359 apud
3356 1288 3603 1344 Caelesti-

1906 1395 2046 1432 num
2089 1378 2267 1431 sancti
2309 1377 2613 1449 Augustini
2659 1377 3098 1431 calumniatores
3142 1377 3443 1439 detulerat,
3493 1377 3606 1431 hu-

1897 1466 2057 1537 jusce
2106 1466 2391 1521 Coelestini
2433 1466 2759 1531 sanctionis,
2813 1482 2987 1537 quam
3035 1465 3274 1535 ipsemet
3328 1464 3600 1535 impetra-

1903 1560 2010 1621 rat,
2041 1554 2392 1609 mentionem
2416 1555 2627 1609 fasiens
2653 1557 2849 1608 contra
2872 1554 3210 1609 Collatorem
3231 1570 3355 1625 cap.
3387 1555 3457 1607 42
3489 1553 3603 1608 ait:

1904 1659 1931 1694 α
1960 1644 2066 1696 Per
2102 1642 2256 1696 hunc
2285 1642 2471 1696 virum
2508 1642 2658 1697 intra
2690 1641 2894 1696 Gallias
2933 1641 3055 1695 istis
3094 1641 3231 1712 ipsis
3261 1641 3362 1712 qui
3392 1648 3603 1695 sancta:

1901 1730 2196 1785 memoriae
2243 1736 2539 1786 Accusrm
2597 1730 2805 1800 scripta
2860 1730 3307 1800 reprehendunt,
3370 1730 3603 1785 malelo-

1903 1819 2153 1889 quentiae
2188 1822 2271 1873 est
2301 1820 2567 1889 adempta.
2596 1819 2845 1873 libertas.
2882 1838 2909 1869 »
2949 1818 3334 1888 Augustinum
3376 1823 3601 1873 tantum

1902 1913 1957 1961 et
2012 1925 2046 1961 a
2102 1907 2543 1962 Massiliensibus
2600 1907 3042 1978 reprehensum,
3103 1910 3157 1961 et
3214 1923 3248 1960 a
3296 1906 3651 1961 Coelestino‘

1900 1996 2199 2050 laudatum
2236 1995 2451 2067 scribit,
2481 1996 2627 2051 nihil
2656 1996 2723 2050 de
2752 1997 3094 2067 Hieronymo
3126 1996 3368 2050 locutus.
3403 1998 3474 2051 At
3509 2012 3601 2051 re-

1899 2086 2180 2141 centiores
2208 2088 2525 2157 Augustino
2565 2087 2739 2141 illatae
2783 2103 2816 2140 a
2852 2085 3352 2157 Semi-Pelagianis
3390 2086 3603 2141 calum-

1899 2176 2010 2230 uiae
2042 2180 2212 2247 atque
2243 2176 2469 2248 injuriae
2517 2175 2735 2230 socium
2780 2175 3190 2246 Hieronymum
3217 2174 3449 2241 faciunt,
3484 2191 3603 2230 non

1898 2266 2086 2320 solatii
2112 2265 2315 2337 gratia,
2347 2266 2443 2320 sed
2475 2269 2536 2319 ut
2558 2264 2941 2320 Coelestiniani
2984 2264 3157 2335 elogii
3199 2280 3331 2334 pars
3376 2268 3601 2319 tantum

1898 2354 1968 2409 ad
2022 2354 2409 2426 Augustinum
2460 2354 2813 2420 devolvatur,
2874 2353 3052 2407 altera
3108 2352 3453 2423 Hieronymo
3518 2369 3602 2406 re-

1898 2446 2169 2498 servetur.
2223 2445 2399 2497 Porro
2446 2442 2831 2513 Augustinum
2878 2442 3088 2513 plurali
3132 2458 3372 2497 numero
3416 2442 3598 2512 magi-

1898 2544 2081 2586 strum
2122 2548 2184 2586 ac
2227 2532 2515 2586 doctorem
2573 2532 2642 2586 ab
2695 2531 3005 2601 apostolica
3060 2531 3191 2586 sede
3249 2530 3600 2602 appellatum

1896 2621 2068 2692 paulo
2095 2621 2334 2675 inferius
2364 2622 2665 2688 constabit,
2713 2620 2812 2674 ubi
2860 2620 2929 2674 de
2984 2619 3165 2675 Felice
3212 2620 3281 2674 IV
3323 2618 3594 2673 dicemus.

1969 2710 2205 2764 Sanctus
2267 2709 2521 2765 Gelasius
2597 2725 2745 2780 papa
2817 2708 2968 2762 inter
3046 2706 3225 2761 sancti
3298 2706 3598 2778 Augustini

1897 2800 2140 2853 cultores
2196 2804 2571 2865 numeratur,
2627 2814 2875 2868 eumque
2925 2813 3041 2850 non
3109 2795 3396 2849 immerito
3460 2797 3595 2849 Vas-

1897 2887 2066 2959 quius
2096 2892 2246 2959 part.
2287 2905 2324 2954 1,
2359 2887 2575 2957 disput.
2616 2890 2676 2941 91
2704 2928 2718 2953 ,
2746 2902 2908 2940 num.
2939 2889 3031 2952 73,
3084 2890 3244 2939 vocat
3272 2900 3374 2954 per
3416 2887 3629 2947 omnia,

80 2971 337 3044 gratuita
376 2972 720 3027 sententiam
767 2972 1068 3029 docuisset.
1120 2974 1323 3029 Scribit
1362 2974 1515 3028 enim
1544 2976 1786 3047 Prosper
1822 2993 1862 3049 ο
1892 2978 2376 3044 Augustinianum.
2416 2975 2514 3029 Ille
2554 2975 2731 3048 igitur
2787 2975 2847 3028 in
2901 2974 3143 3045 epistola
3188 2973 3259 3028 ad
3304 2973 3597 3045 episcopos

80 3063 148 3116 ad
181 3060 575 3133 Augustinum
609 3079 622 3117 :
661 3084 683 3112 ι
716 3062 793 3116 Ea
823 3079 950 3134 qua:
982 3063 1050 3117 de
1082 3062 1325 3134 epistola
1352 3064 1595 3135 apostoli
1624 3064 1787 3119 Pauli

80 3150 363 3205 Romanis
397 3150 716 3217 scribentis,
750 3151 816 3205 ad
861 3152 1382 3207 manifestationem
1427 3153 1631 3207 divinae
1661 3170 1786 3224 gra-

80 3241 180 3294 tiae
222 3239 627 3311 praevenientis
682 3240 994 3294 electorum
1050 3241 1256 3296 merita
1309 3241 1700 3312 proferuntur,
1750 3260 1783 3297 A

82 3344 267 3383 NULLO
312 3344 569 3399 unquam
616 3328 1125 3384 ecclesiasticorum
1177 3330 1256 3383 ita
1301 3346 1423 3385 esse
1472 3330 1781 3397 intellecta,

82 3426 149 3474 ut
182 3436 326 3474 suae
360 3419 707 3486 sentiuntur,
740 3418 1053 3475 afﬁrmant.
1095 3440 1122 3470 »
1156 3420 1280 3475 Non
1308 3420 1487 3491 igitur
1514 3437 1627 3474 una
1653 3437 1784 3476 cum

80 3508 404 3579 Augustino
438 3508 813 3578 Hieronymus
850 3508 1379 3579 reprehendebatur
1426 3525 1459 3563 a
1486 3509 1782 3564 Semi-Pe-

80 3596 355 3667 lagianis;
390 3596 507 3651 imo
549 3596 627 3651 ita
660 3596 1040 3668 Hieronymus
1070 3597 1139 3652 de
1169 3598 1352 3669 gratia
1380 3604 1581 3653 contra
1619 3598 1784 3652 Pela-

80 3686 289 3755 gianos
326 3684 570 3757 scripsit,
630 3690 693 3739 ut
749 3685 1382 3757 Semi-Pelagianorum
1439 3688 1783 3742 sententiam

78 3774 337 3829 tenuisse
366 3774 713 3846 quibusdam
742 3774 894 3829 visus
923 3756 1096 3830 fuerit
1122 3795 1137 3843 ;
1167 3792 1302 3831 nam
1336 3776 1434 3831 lib.
1468 3794 1529 3831 ιιι
1561 3777 1779 3848 Dialog.

79 3868 283 3918 contra
306 3864 503 3935 Pelag.
541 3864 622 3918 ait
653 3880 666 3918 :
702 3885 730 3912 α
761 3864 1007 3932 Justitia,
1038 3865 1234 3919 labore
1284 3869 1339 3919 et
1386 3865 1686 3932 industria,
1721 3882 1783 3919 ac

78 3953 407 4025 diligentia,
466 3958 522 4008 et
579 3970 807 4025 semper
857 3970 1029 4025 super
1085 3954 1281 4008 omnia
1331 3954 1431 4009 Dei
1484 3954 1783 4009 clementia

78 4042 423 4111 custoditur,
468 4046 532 4097 ut
578 4047 837 4097 nostrum
882 4042 956 4097 sit
1007 4059 1235 4113 rogare,
1296 4042 1449 4097 illius
1505 4043 1779 4113 tribuere,

78 4131 239 4203 quod
321 4135 573 4202 rogatur,
654 4148 898 4186 NOSTRL’M
965 4148 1210 4187 INCIPERE
1274 4131 1428 4185 illius
1484 4132 1778 4203 perficere,

79 4236 331 4275 nosrauu
398 4237 634 4276 orreaae
694 4221 849 4291 quod
923 4236 1269 4291 possumus,
1331 4220 1484 4274 illius
1538 4220 1779 4291 implere

1894 3081 1997 3136 per
2024 3064 2318 3131 Picenum,
2350 3063 2437 3118 uti
2475 3064 2571 3119 lib.
2626 3080 2664 3117 ιι
2724 3063 2985 3117 Historias
3035 3062 3226 3132 Pelag.
3265 3103 3279 3129 ,
3322 3078 3443 3133 cap.
3509 3065 3600 3130 17,

1894 3154 2341 3220 observavimus,
2395 3153 2517 3207 haec
2561 3153 2793 3207 scribit:
2830 3173 2858 3203 «
2916 3151 3120 3206 Adhuc
3176 3151 3359 3221 majus
3416 3151 3598 3205 scelus

1893 3243 2176 3313 accrescit,
2207 3248 2270 3297 ut
2302 3243 2408 3297 sub
2450 3246 2756 3313 conspectu
2794 3246 2849 3295 et
2887 3240 3192 3311 praesentia
3240 3240 3599 3294 sacerdotum

1895 3332 2079 3387 beatae
2107 3331 2403 3387 memoria:
2438 3330 2850 3401 Hieronymum
2879 3334 3051 3400 atque
3081 3328 3467 3398 Augustinum
3508 3344 3599 3383 ec-

1893 3422 2338 3476 clesiasticorum
2362 3420 2583 3474 lumina
2610 3420 3019 3490 magistrorum
3066 3434 3263 3471 musca
3292 3417 3595 3485 moritura,

1892 3511 2036 3565 sicut
2088 3511 2363 3582 scriptum
2423 3515 2543 3578 est,
2608 3508 2998 3563 exterminans
3053 3507 3245 3561 oleum
3307 3506 3599 3561 suavitatis

1892 3600 2139 3655 lacerare
2188 3599 2575 3655 contenderet.
2607 3615 2637 3651 ι)
2680 3598 2794 3653 Sua
2840 3597 2933 3651 hic
2974 3597 3321 3668 glossemata
3359 3595 3601 3667 apponit

1890 3693 2167 3757 Annatus,
2194 3689 2294 3743 lib.
2346 3705 2384 3754 ι,
2418 3704 2542 3759 cap.
2566 3691 2597 3742 8
2631 3704 2644 3742 :
2679 3706 2709 3739 εί
2740 3689 2875 3741 Ecce
2912 3687 3309 3758 Hieronymus,
3360 3704 3592 3759 quoque

1892 3779 2089 3833 lumen
2136 3783 2223 3833 est
2266 3776 2697 3849 magistrorum,
2744 3775 2893 3831 sicut
2934 3776 3307 3847 Augustinus,
3353 3777 3603 3831 testimo-

1890 3867 1987 3921 nio
2022 3865 2266 3922 Romani
2312 3865 2616 3937 pontiﬁcis.
2648 3884 2676 3915 )›
2730 3864 2869 3928 Quis
2910 3864 3017 3919 hoc
3062 3865 3282 3919 inficias
3328 3864 3478 3919 ibit?
3530 3865 3601 3918 At

1890 3955 2140 4010 multum
2187 3954 2427 4008 interest
2479 3953 2768 4007 undenam
2818 3953 3089 4008 adversus
3152 3952 3593 4023 Pelagianorum

1888 4042 2154 4097 tenebras
2193 4042 2373 4110 magis
2411 4041 2656 4095 Ecclesia
2700 4040 3036 4107 illustretur,
3089 4040 3332 4110 plusque
3362 4038 3598 4093 luminis

1890 4130 2127 4201 accipiat
2157 4130 2227 4183 ab
2268 4129 2689 4200 Hieronymone
2732 4145 2805 4182 an
2851 4128 2922 4182 ab
2966 4127 3331 4199 Augustino?
3362 4128 3426 4181 In
3459 4143 3595 4181 con-

1888 4225 2064 4274 ventu
2122 4217 2636 4288 Hierosolymitano
2694 4222 2893 4271 contra
2965 4216 3259 4287 Pelagium
3316 4216 3596 4287 producta

78 4309 241 4380 quod
278 4325 396 4363 non
435 4290 755 4379 possumus.
792 4328 821 4361 ιι
866 4309 1001 4373 Quae
1033 4310 1267 4381 quidem
1294 4326 1326 4364 a
1353 4290 1781 4380 Semi-Pelragia-
1815 4290 1859 4344 Ῑ)
1890 4309 1999 4364 fuit
2028 4308 2098 4364 ab
2131 4306 2327 4363 Orosio
2360 4306 2600 4377 epistola
2629 4306 2807 4359 sancti
2838 4305 3140 4377 Augustini
3171 4306 3240 4359 ad
3288 4305 3591 4373 Hilarium,

76 4399 168 4453 nis
198 4414 305 4468 pro
336 4414 436 4452 suo
473 4397 730 4469 ipsorum
760 4398 1027 4469 dogmate
1078 4398 1255 4470 accipi
1303 4403 1587 4469 poterant,
1636 4414 1781 4469 quo-

78 4504 212 4543 rum
243 4488 523 4542 sententia
562 4492 705 4554 erat,
768 4492 831 4541 ut
864 4488 1049 4543 verbis
1097 4492 1229 4542 utar
1276 4487 1537 4558 Prosperi
1587 4492 1783 4543 contra

78 4578 285 4632 Collat.
318 4617 333 4644 ,
377 4594 501 4648 cap.
543 4580 622 4632 8:
677 4578 747 4632 Ut
798 4577 937 4632 boni
986 4576 1354 4648 salubresque
1397 4580 1634 4631 conatus
1682 4593 1781 4631 ne-

78 4670 295 4739 queant
324 4666 557 4737 quidem
580 4666 880 4738 proficere,
909 4666 1018 4721 nisi
1059 4667 1207 4721 Deus
1240 4666 1491 4737 adjuvet,
1543 4670 1784 4736 possunt

76 4762 295 4822 tamen,
318 4754 545 4809 etiamsi
586 4772 702 4811 non
758 4771 792 4809 a
846 4756 957 4810 Deo
1011 4755 1384 4826 inspirentur,
1445 4754 1776 4825 incipere.»

1888 4398 2145 4469 itemque
2184 4395 2355 4467 paulo
2386 4401 2518 4467 post
2546 4395 2719 4450 etiam
2749 4394 2809 4449 in
2841 4395 3057 4467 synodo
3089 4394 3498 4465 Diospolitana,
3525 4395 3595 4449 de

1890 4503 2004 4558 qua
2052 4503 2114 4543 re
2165 4487 2245 4541 ita
2301 4486 2497 4540 scribit
2549 4491 2776 4540 sanctus
2827 4486 3028 4541 doctor
3079 4484 3179 4541 lib.
3238 4486 3307 4541 de
3356 4487 3591 4541 Peccato

1889 4575 2071 4647 orig.,
2109 4592 2232 4648 cap.
2284 4577 2367 4640 10,
2422 4576 2547 4630 haec
2594 4574 2794 4646 synodi
2830 4574 3001 4629 verba
3043 4574 3333 4629 referens:
3370 4594 3398 4625 α
3442 4574 3599 4639 Quo-

1889 4665 2047 4719 niam
2101 4669 2328 4720 sanctus
2381 4664 2682 4734 episcopus
2739 4663 3092 4734 Augustinus
3168 4664 3435 4717 adversus
3491 4662 3595 4717 dis-

1890 4754 2109 4824 cipulos
2163 4754 2284 4825 ejus
2334 4753 2397 4807 in
2453 4752 2645 4808 Sicilia
2702 4753 2997 4824 respondit
3055 4752 3267 4809 Hilario
3335 4752 3410 4806 ad
3464 4751 3593 4805 sub-

76 4846 143 4900 Et
202 4860 335 4899 sane
364 4844 780 4916 Hieronymum
814 4860 945 4899 cum
994 4844 1504 4916 Semi-Pelagianis
1543 4843 1782 4898 sensisse
1883 4842 2036 4913 jecta
2087 4841 2337 4914 capitula
2393 4841 2645 4895 scribens
2699 4840 2911 4897 librum
2950 4842 3009 4897 in
3074 4859 3187 4913 quo
3253 4842 3361 4895 ista
3416 4838 3593 4894 conti-

74 4950 144 4988 eo
207 4932 317 4987 loci
366 4933 565 4988 scribit
611 4933 933 5000 Jansenius,
993 4933 1190 4988 durius
1246 4934 1500 4987 locutum
1532 4933 1780 5001 Vossius,

74 5028 132 5077 et
186 5027 319 5077 ante
374 5028 687 5095 utrumque
718 5023 788 5078 de
838 5022 1187 5094 Hieronymo
1226 5022 1404 5093 aliqui
1448 5022 1785 5078 dubitarunt

73 5116 221 5183 aput
246 5112 553 5183 Vasquium
589 5115 737 5182 part.
775 5114 824 5179 l,
856 5110 1070 5181 disput.
1122 5114 1181 5165 91
1221 5150 1235 5175 ,
1289 5127 1412 5180 cap.
1480 5113 1532 5167 8.
1589 5111 1782 5165 Hiero-

73 5216 321 5271 nymum
366 5216 500 5255 vero
540 5199 801 5272 pluribus
846 5204 1088 5254 conatur
1134 5198 1438 5253 defendere
1480 5199 1635 5254 idem
1674 5202 1782 5255 Au-

74 5294 246 5344 natus
276 5288 375 5344 lib.
409 5306 482 5344 vn
508 5287 815 5360 Augustini
839 5286 1133 5357 vindicati,
1183 5303 1307 5359 cap.
1364 5290 1449 5353 t2,
1514 5288 1605 5343 cui
1653 5288 1782 5344 sub-

75 5379 285 5444 scribo,
318 5394 456 5433 nam
493 5383 689 5449 aperte
716 5377 796 5432 ait
834 5376 938 5433 Dei
975 5377 1280 5433 clementia
1312 5376 1488 5431 semel
1525 5376 1780 5431 habitam

76 5468 323 5539 gratiam
353 5467 655 5540 custodiri;
688 5483 874 5538 neque
896 5466 1058 5521 labor
1088 5470 1145 5522 et
1180 5465 1461 5521 industria
1505 5465 1777 5534 solitarie,

78 5572 288 5630 nempe
332 5555 457 5613 sine
493 5557 699 5629 gratia,
738 5556 1110 5629 intelligenda
1155 5559 1309 5625 sunt,
1360 5559 1423 5611 ut
1449 5553 1632 5611 fusius
1664 5554 1779 5611 dis-

1892 4936 2126 4994 nentur,
2159 4950 2188 4984 ν
2242 4935 2348 4988 etc.
2400 4931 2523 4995 Quo
2566 4946 2703 4985 sane
2745 4935 3005 5002 tempore
3050 4931 3427 5001 Hieronymus
3468 4928 3591 4998 jam

1888 5020 2142 5075 ediderat
2196 5019 2501 5091 epistolam
2557 5020 2749 5074 datam
2824 5020 2893 5074 ad
2960 5018 3387 5090 Ctesiphontem
3458 5030 3591 5070 con-

1886 5113 1976 5163 tra
2012 5109 2333 5180 Pelagium,
2386 5112 2442 5162 et
2486 5108 2549 5163 in
2598 5108 2901 5163 Palaestina
2947 5106 3072 5177 ipsa
3119 5105 3335 5172 aderat,
3373 5104 3433 5158 in
3469 5120 3584 5175 qua

1888 5197 2136 5269 synodus
2198 5196 2550 5260 habebatur,
2624 5197 3019 5267 majoremque
3092 5193 3215 5263 ipsa
3281 5192 3591 5263 praesentia

1887 5304 1951 5342 ac
1986 5286 2300 5343 sanctitatis
2335 5288 2489 5342 fama
2526 5286 2924 5342 auctoritatem
2960 5284 3051 5338 sui
3090 5281 3342 5338 nominis
3382 5283 3589 5340 redde-

1885 5376 2002 5444 bat,
2044 5382 2100 5431 et
2143 5381 2337 5432 tamen
2385 5375 2717 5448 Hieronymi
2768 5373 3011 5445 epistola
3053 5372 3461 5444 praetermissa,
3516 5372 3589 5428 ad

1886 5466 2316 5538 Augustinianaa
2338 5466 2592 5538 epistola:
2623 5463 2895 5519 amussim
2924 5461 3188 5534 Pelagius
3234 5463 3591 5518 examinatus

1883 5555 2012 5611 fuit.
2060 5554 2345 5629 Objicient
2397 5554 2739 5612 recentiores
2792 5554 3073 5610 Joannem
3122 5550 3589 5625 Hierosolymita-
