3908 6180
302 248 404 298 795

1303 240 1853 297 SUPPLEMENTUM
1896 241 1987 295 AD
2025 239 2258 296 OPERA
2297 240 2352 294 S.
2395 238 2781 295 AUGUSTINI.
3655 255 3731 306 796

301 387 440 426 num
481 368 809 442 Hieronymi
849 370 1069 424 hostem
1114 365 1482 432 acerrimum,
1523 365 1619 420 sed
1667 364 1728 418 in
1768 363 1996 434 Diospo-
2034 367 2078 422 A
2113 365 2394 427 Romana,
2427 363 2532 418 hoc
2557 370 2643 417 est
2673 359 2951 416 catholica
2991 365 3258 431 sequatur
3295 368 3350 417 et
3389 372 3558 421 servet
3591 370 3733 426 Eccle.

301 460 476 516 litana
509 460 721 533 synodo
761 475 879 512 non
932 455 1276 528 praesidebat
1321 455 1554 508 antistes
1601 452 2000 524 Hierosolymi-

302 556 489 617 tanus,
531 550 627 604 sed
686 546 950 617 Eulogius
999 543 1374 618 Casareensis
1427 542 1738 598 Palastina
1787 547 1996 596 metro-

301 641 520 711 polita:
579 643 641 691 ut
699 641 847 690 certe
903 634 989 687 vel
1044 631 1207 687 initio
1255 633 1484 686 illarum
1545 631 1999 703 disputationum

304 729 434 784 satis
466 725 797 798 apparuerit
825 739 1008 778 unum
1039 722 1420 794 Augustinum
1451 737 1622 793 supra
1653 726 1889 775 cateros
1938 719 1997 773 in

304 816 608 887 Pelagiano
698 814 848 868 bello
935 812 1347 867 validissimum
1408 828 1470 865 ac
1541 811 2000 865 strenuissimum

302 905 505 959 ducem
545 902 766 956 caelitus
804 901 1171 969 destinatum,
1202 917 1264 954 ac
1302 901 1472 954 talem
1506 901 1738 953 Patrum
1771 898 2001 970 synodis

301 991 623 1062 probatum.
698 989 803 1043 Sed
868 987 1007 1059 quid
1072 986 1325 1041 nobilius
1395 987 1520 1056 ipso
1570 985 1898 1056 Hieronymi
1947 989 2002 1039 et

302 1078 628 1134 testimonio
671 1083 725 1132 et
764 1077 1064 1147 exemplo?
1103 1077 1245 1131 Cum
1287 1075 1519 1129 Orosius
1557 1075 1735 1128 libros
1781 1075 2001 1145 priores

301 1171 368 1226 ab
409 1169 729 1241 Augustino
761 1173 958 1221 contra
998 1166 1331 1238 Pelagianos
1364 1165 1678 1237 publicatos
1711 1165 1770 1220 in
1809 1164 2000 1220 Asiam

302 1260 370 1313 ad
443 1259 855 1328 Hieronymum
907 1254 1250 1320 detulisset,
1314 1253 1784 1308 Bethleemeticus
1838 1255 2003 1307 Pater

307 1347 580 1402 doctrina
620 1345 864 1416 copiam,
897 1342 1236 1396 eruditionis
1266 1341 1678 1407 excellentiam,
1710 1341 2000 1395 rationum

303 1439 596 1489 momenta
651 1434 1058 1503 integrumque
1117 1448 1260 1502 Opus
1311 1431 1650 1493 admiratus,
1710 1429 2001 1484 silentium

303 1524 411 1578 sibi
464 1521 711 1590 indixit,
769 1521 940 1591 idque
998 1519 1208 1591 scripto
1275 1535 1466 1573 coram
1533 1520 1671 1573 orbe
1738 1518 1999 1573 universo

302 1610 614 1684 publicavit
650 1610 710 1664 in
751 1610 863 1664 ﬁne
911 1609 1008 1663 lib.
1050 1625 1106 1661 ιιι
1152 1608 1541 1678 Dialogorum,
1591 1607 1712 1674 ubi,
1759 1608 2001 1679 loquens

305 1701 374 1755 de
427 1699 587 1754 libris
649 1698 828 1752 sancti
884 1696 1193 1768 Augustini
1251 1701 1448 1750 contra
1504 1696 1820 1767 Pelagium,
1876 1695 1997 1749 ait:

307 1812 328 1839 ι
364 1788 522 1842 Alios
552 1803 784 1858 quoque
811 1785 1131 1857 specialiter
1160 1789 1258 1839 tuo
1286 1784 1506 1840 nomini
1536 1785 1741 1839 cudere
1772 1783 1999 1852 dicitur,

299 1878 402 1949 qui
432 1877 674 1931 necdum
707 1875 768 1929 in
796 1879 1016 1930 nostras
1054 1890 1260 1929 venere
1293 1890 1516 1940 manus,
1548 1873 1700 1928 unde
1733 1889 2002 1943 superse-

299 1966 553 2020 dendum
605 1966 739 2020 huic
780 1965 960 2018 labori
1009 1980 1231 2026 censeo,
1280 1979 1350 2017 ne
1397 1963 1616 2017 dicatur
1663 1962 1806 2016 mihi
1861 1961 2002 2016 illud

303 2053 546 2122 Horatii,
587 2057 643 2108 in
681 2055 892 2123 sylvam
935 2070 1001 2108 ne
1053 2055 1202 2123 ligna
1249 2055 1422 2120 feras,
1465 2057 1564 2106 aut
1602 2052 1756 2106 enim
1803 2052 2003 2106 eadem

303 2143 624 2199 diceremus
671 2159 737 2196 ex
795 2144 1108 2214 superﬂuo,
1177 2147 1276 2198 aut
1343 2142 1390 2196 si
1453 2158 1602 2196 nova
1652 2141 2003 2196 voluerimus

303 2231 514 2297 dicere,
547 2247 580 2283 a
609 2247 919 2284 cumssmo
959 2246 1184 2284 lNGENlO
1215 2246 1482 2285 occuram
1511 2246 1644 2284 sum
1679 2245 1938 2288 MELIOBA.
1972 2249 2000 2279 ι)

303 2319 463 2374 Adeo
507 2335 638 2373 vero
683 2319 1060 2390 Hieronymus
1122 2319 1385 2390 religiose
1445 2318 1732 2374 silentium
1808 2323 2005 2390 postea

304 2409 498 2471 coluit,
535 2413 598 2462 ut
618 2407 688 2461 ab
717 2407 978 2462 Anniano
1010 2408 1268 2479 ejusdem
1300 2407 1540 2478 epistola
1573 2407 1642 2462 ad
1691 2408 2002 2478 Ctesphon-

300 2503 416 2551 tem
488 2497 870 2568 impugnata,
929 2513 1047 2551 non
1108 2497 1280 2550 modo
1333 2496 1724 2550 defensionem
1786 2497 2003 2551 nullam

303 2585 631 2651 adornarit,
683 2586 780 2640 sed
835 2602 940 2657 per
995 2585 1212 2640 litteras
1273 2587 1658 2657 Augustinum
1717 2586 1788 2641 ad
1845 2587 2002 2640 illam

303 2673 712 2728 confutandam
743 2675 1001 2728 hortatus
1028 2675 1218 2742 fuerit,
1251 2675 1320 2729 de
1355 2691 1468 2745 qua
1515 2690 1574 2729 re
1623 2675 1768 2730 libro
1814 2676 2001 2747 primo

304 2763 564 2817 Historia
622 2759 1012 2834 Pelag.,'cap.
1077 2767 1162 2831 l9,
1214 2763 1396 2818 fusius
1448 2764 1663 2818 dictum
1721 2769 1824 2819 est.
1881 2766 2000 2829 Ille,

301 2850 564 2922 inquam,
597 2851 978 2922 Hieronymus
1012 2851 1384 2922 impugnatus
1434 2857 1722 2906 certamen
1771 2869 2002 2907 recusa-

2108 453 2210 518 sia,
2240 453 2370 508 licet
2395 453 2456 506 in
2481 452 2652 506 variis
2696 450 2854 506 libris
2894 447 3048 504 beati
3089 451 3399 519 Augustini,
3447 458 3498 509 et
3539 459 3738 515 maxime

2110 542 2177 596 ad
2206 543 2548 612 Prosperum
2589 545 2644 594 et
2697 538 2976 594 Hilarium
3021 536 3242 591 abunde
3286 539 3453 609 possit
3499 549 3740 613 cognosci,

2108 635 2301 685 tamen
2332 633 2387 684 et
2437 631 2498 683 in
2533 628 2755 683 scriniis
2803 624 3196 682 ecclesiasticis
3246 642 3495 698 expressa
3535 633 3742 701 capitula

2109 717 2490 786 continentur,
2523 736 2550 768 »
2603 722 2711 770 ete.
2751 715 2872 780 Quo
2924 712 3212 784 praconio
3259 715 3429 769 sancti
3491 720 3740 788 Augustini

2109 806 2432 863 doctrinam
2481 804 2738 860 Ecclesia
2768 803 3086 858 doctrinam
3127 801 3436 857 declaravit.
3489 806 3742 862 Recentio-

2108 912 2196 949 res
2230 901 2422 949 tamen
2451 910 2655 966 parum
2687 893 2818 947 inde
2841 891 3112 963 ponderis
3147 891 3555 962 Augustiniana
3582 901 3738 950 aucto-

2108 983 2267 1037 ritati
2309 982 2477 1054 adjici
2523 985 2773 1051 putant,
2818 979 3123 1050 pravisque
3170 979 3599 1035 restrictionibus
3639 984 3742 1037 Hor-

2109 1072 2308 1126 misdas
2336 1071 2726 1126 testimonium
2755 1069 3022 1124 limitant.
3054 1071 3330 1134 Annatus,
3369 1069 3464 1122 lib.
3504 1087 3608 1136 \‘lll,
3644 1087 3738 1140 cap.

2109 1165 2158 1227 6,
2195 1162 2274 1216 ait
2306 1179 2318 1216 :
2359 1184 2379 1210 ε
2416 1163 2722 1232 Postquam
2750 1159 2905 1212 enim
2931 1158 3214 1212 mittimur
3241 1157 3307 1211 ad
3337 1157 3504 1211 libros
3535 1158 3595 1211 de
3621 1159 3743 1212 Bono

2109 1249 2547 1322 perseverantia
2585 1253 2642 1303 et
2675 1249 2744 1302 de
2784 1247 3293 1302 Pradestinatione
3329 1251 3641 1312 sanctorum,
3670 1248 3745 1317 qui

2109 1341 2303 1412 scripti
2347 1345 2478 1394 sunt
2517 1339 2586 1393 ad
2633 1340 2977 1408 Prosperum
3027 1339 3081 1388 et
3135 1335 3428 1400 Hilarium,
3473 1335 3572 1388 hoc
3603 1351 3747 1388 unum

2109 1433 2310 1500 putare
2351 1428 2644 1492 debemus,
2686 1426 2974 1498 pertinere
3018 1425 3086 1478 ad
3127 1426 3438 1478 Romanam
3477 1431 3530 1476 et
3559 1422 3749 1476 catholi-

2109 1535 2233 1573 cam
2257 1518 2448 1584 ﬁdem,
2473 1517 2626 1588 quod
2649 1515 3003 1586 Augustinus
3024 1513 3272 1567 intendit
3290 1511 3422 1566 totis
3439 1511 3544 1564 illis
3563 1511 3709 1564 libris.
3729 1531 3750 1560 ι

2111 1608 2280 1664 Addit
2311 1608 2424 1662 duo
2473 1606 2688 1660 ibidem
2737 1609 2962 1659 tantum
3000 1601 3245 1669 intendi,
3297 1600 3516 1654 initium
3558 1599 3670 1653 ﬁdei
3712 1604 3753 1652 et

2111 1713 2294 1768 usque
2342 1696 2401 1750 in
2443 1695 2617 1749 ﬁnem
2663 1692 3146 1765 perseverantiam
3209 1691 3270 1744 in
3315 1691 3460 1744 bono
3492 1705 3600 1742 esse
3639 1688 3755 1742 dona

2115 1785 2239 1840 Dei.
2281 1785 2420 1839 Hinc
2451 1782 2739 1838 concludit
2767 1798 2895 1854 pag.
2929 1784 3030 1835 905
3068 1797 3082 1834 :
3117 1798 3143 1830 α
3181 1781 3325 1849 Ergo
3361 1777 3572 1848 quinos
3592 1776 3651 1830 ad
3673 1776 3754 1829 hos

2114 1875 2287 1930 libros
2318 1873 2495 1928 mittit
2522 1887 2782 1926 summus
2802 1869 3056 1941 pontifex
3087 1868 3379 1923 audituros
3421 1864 3552 1937 quid
3588 1866 3753 1920 Roma-

2113 1981 2208 2034 na,
2238 1964 2345 2017 hoc
2371 1967 2456 2016 est
2486 1960 2761 2015 catholica
2797 1961 2993 2014 doceat
3023 1957 3267 2012 Ecclesia
3300 1956 3368 2010 de
3416 1953 3588 2025 gratia
3627 1959 3674 2006 et
3710 1952 3754 2005 li-

2113 2053 2250 2107 bero
2280 2049 2541 2115 arbitrio,
2574 2048 2788 2104 discere
2815 2064 2921 2102 nos
2952 2048 3059 2102 hoc
3098 2050 3324 2100 tantum
3361 2045 3535 2114 jubet.
3571 2043 3691 2112 Ergo
3722 2040 3755 2093 si

2113 2158 2242 2214 qua
2294 2141 2403 2195 alia
2452 2141 2876 2204 intercurrant,
2928 2136 3066 2191 dum
3102 2136 3226 2190 hac
3285 2131 3669 2188 conﬁrmantur
3705 2130 3756 2182 ab

2112 2229 2452 2302 Augustino,
2504 2244 2608 2282 nec
2655 2227 2904 2281 habeant
2961 2225 3339 2280 necessariam
3399 2220 3756 2277 connexionem

2113 2337 2243 2374 cum
2274 2320 2341 2373 iis
2372 2335 2500 2390 qua
2527 2316 2891 2388 potissimum
2917 2315 3298 2369 intenduntur
3322 2355 3335 2382 ,
3377 2328 3490 2366 non
3533 2314 3608 2363 est
3639 2323 3758 2361 meu-

2112 2410 2183 2464 tis
2213 2407 2500 2480 pontiﬁcis
2527 2411 2591 2461 ut
2610 2405 2691 2460 eis
2717 2405 2960 2459 ﬁrmiter
2980 2403 3399 2465 adhareamus,
3428 2400 3471 2454 si
3493 2398 3621 2453 nihil
3638 2396 3757 2450 aliud

2113 2498 2282 2569 cogit,
2336 2497 2472 2569 quia
2528 2511 2633 2550 nec
2685 2499 2770 2548 est
2815 2493 3024 2548 mentis
3071 2493 3378 2564 ipsiusmet
3413 2485 3703 2560 Augustini.
3741 2505 3756 2531 ι

2113 2589 2321 2642 Verum
2353 2584 2628 2640 invidiosa
2668 2599 2731 2638 ac
2776 2587 3130 2654 praepostera
3169 2597 3406 2653 prorsus
3442 2579 3557 2633 hac
3589 2575 3760 2647 glosse-

2114 2683 2266 2732 mata
2295 2680 2447 2731 sunt.
2481 2675 2616 2740 Quis
2647 2673 2803 2727 enim
2830 2672 3046 2726 nesciat
3071 2671 3252 2726 libros
3286 2668 3472 2725 Fausti
3500 2663 3762 2736 pracipue,

2112 2769 2230 2822 imo
2285 2765 2451 2820 unice
2502 2763 2740 2835 scriptos
2793 2766 2988 2816 contra
3061 2755 3617 2832 pradestinationem
3665 2755 3764 2804 ante

2113 2852 2318 2906 merita
2346 2851 2608 2922 pravisa,
2641 2855 2796 2905 totus
2823 2849 2974 2904 enim
3014 2850 3074 2904 in
3125 2865 3195 2904 eo
3250 2853 3336 2903 est
3365 2851 3428 2902 ut
3478 2841 3640 2898 sancti
3681 2844 3764 2894 An-

300 2938 398 3006 vit,
430 2938 529 3009 qui
579 2955 683 2993 nec
712 2939 782 2992 ab
836 2938 1180 2993 amicissimo
1238 2939 1376 2994 olim
1430 2941 1636 2996 Ruﬁno
1681 2941 1917 3012 impune
1943 2959 2002 2998 se
2035 2959 2073 3014 ο
2113 2940 2326 3012 gustini
2369 2940 2712 2995 sententiam
2751 2940 3024 2994 confutet.
3083 2938 3227 2994 Hinc
3275 2940 3472 2993 Petrus
3511 2933 3766 2991 Diaconus,

300 3028 386 3081 vel
416 3027 722 3082 minimum
775 3028 1081 3100 perstringi
1130 3044 1328 3099 passus
1377 3035 1481 3095 est,
1526 3031 1620 3084 sed
1668 3031 1834 3085 editis
1868 3048 2003 3102 apo-

302 3114 464 3186 logiis
494 3117 679 3170 illatas
735 3119 990 3187 qua‘sque
1030 3117 1341 3171 calumnias
1391 3119 1760 3188 propulsavit.
1808 3120 2002 3191 Itaque

301 3221 433 3259 cum
468 3204 845 3276 Hieronymus
873 3205 933 3258 in
966 3205 1073 3260 hoc
1112 3206 1290 3260 stadio
1333 3207 1655 3277 lampadem
1689 3208 2001 3277 Augustino

303 3293 642 3360 tradiderit,
701 3294 770 3348 ab
822 3293 930 3348 isto
988 3311 1218 3366 quoque
1271 3295 1436 3350 unice
1499 3297 1695 3350 lumen
1760 3297 2003 3351 Ecclesia

302 3381 538 3451 accepit,
593 3396 708 3450 quo
765 3381 963 3434 orbem
1007 3381 1344 3436 catholicum
1397 3383 1724 3438 illustraret.
1782 3384 1856 3437 Ex
1914 3384 2002 3438 his

302 3475 462 3541 patet
516 3469 690 3524 etiam
741 3486 942 3524 vanain
996 3487 1116 3526 esse
1167 3471 1326 3525 illam
1379 3471 1637 3526 Morainii
1692 3489 1886 3526 vocem
1941 3473 2003 3528 in

302 3559 636 3631 prafatione
681 3559 752 3613 ad
796 3559 1176 3614 orthodoxos:
1215 3579 1243 3611 «
1291 3559 1436 3625 Quid
1488 3560 1557 3614 de
1607 3561 2002 3631 Hieronymo?

306 3647 495 3702 Eritne
525 3648 698 3702 etiam
730 3649 824 3703 ille
855 3648 1161 3719 Augustini
1190 3649 1522 3720 discipulus,
1565 3651 1652 3704 vel
1702 3651 1770 3705 de
1818 3653 2003 3720 Ange~

302 3737 375 3791 lis
403 3735 768 3791 inferioribus
788 3737 815 3791 ?
847 3757 874 3788 ι)
909 3739 1033 3792 Non
1065 3738 1378 3809 discipulus
1407 3738 1714 3809 Augustini
1744 3738 1866 3804 fuit,
1903 3739 2003 3794 sed

305 3825 471 3880 initio
529 3827 857 3881 certaminis
915 3827 1248 3894 commilito,
1307 3828 1440 3882 dein
1493 3829 1650 3883 domi
1706 3829 2003 3901 quiescens

303 3915 816 3986 Augustinensium
847 3917 1178 3986 praliorum
1211 3932 1275 3970 ac
1305 3917 1671 3972 victoriarum
1696 3918 2003 3973 admirator

307 4004 543 4072 exstitit,
586 4009 705 4059 toto
762 4005 898 4059 belli
947 4021 1120 4060 onere
1170 4004 1230 4060 in
1273 4005 1659 4077 Augustinum
1708 4006 1996 4060 devoluto.

307 4093 560 4147 Gelasius
599 4092 832 4164 quidem
865 4094 1276 4165 Hieronymum
1316 4111 1478 4166 aque
1519 4112 1582 4149 ac
1619 4095 2000 4166 Augustinum

307 4181 518 4245 laudat,
550 4181 701 4252 quod
738 4181 951 4237 Seneca
993 4182 1088 4237 ille
1127 4183 1428 4237 hareticus
1468 4189 1778 4254 utrumque
1820 4183 1998 4236 male-

308 4269 432 4324 dico
498 4270 664 4324 dente
723 4272 1161 4342 proscindebat:
1229 4272 1394 4326 sicuti
1467 4289 1598 4326 cum
1669 4271 2004 4327 Calestinus
2041 4255 2085 4308 Ῑ)

309 4357 570 4412 Pontifex
615 4375 792 4413 unum
831 4359 1214 4429 Augustinum
1254 4363 1449 4413 contra
1488 4359 2006 4430 Semi-Pelagiano-

306 4461 437 4499 rum
483 4452 722 4501 conatus
771 4448 1114 4502 nominatim
1158 4447 1430 4514 defendit,
1480 4463 1661 4501 unum
1712 4447 1876 4502 illum
1937 4447 2006 4500 ab

307 4533 513 4588 iisdem
562 4534 734 4588 fuisse
773 4536 1099 4607 impetitum
1141 4535 1534 4606 intelligimus,
1575 4553 1694 4590 non
1722 4552 1854 4590 vero
1892 4552 2008 4590 una

305 4638 436 4679 cum
482 4621 848 4693 Hieronymo,
890 4631 952 4679 ut
989 4629 1247 4680 Anuatus
1286 4624 1840 4680 comminiscebatur.
1886 4625 2003 4680 Ca-

310 4717 499 4767 terum
550 4711 802 4766 Gelasius
849 4729 917 4768 ea
964 4714 1024 4768 in
1072 4713 1310 4785 epistola
1357 4714 1537 4769 sancti
1573 4713 1874 4787 Augustini
1924 4731 2008 4768 so-

309 4801 421 4856 lius
444 4800 762 4856 doctrinam
797 4806 969 4874 atque
997 4803 1286 4874 dogmata,
1319 4809 1375 4858 et
1403 4803 1636 4876 quidem
1669 4820 1796 4875 qua
1823 4819 2009 4859 recen-

306 4890 551 4945 tioribus
578 4889 816 4945 minime
865 4891 1225 4961 probantur,
1272 4893 1414 4947 adeo
1460 4892 1760 4964 perspicue
1807 4893 2002 4960 tradit,

306 4985 372 5035 ut
391 4996 522 5035 vere
551 4979 828 5034 dicendus
862 4979 936 5034 sit
956 4996 1060 5050 per
1087 4983 1269 5035 omnia
1313 4983 1778 5048 Augustinianus,
1832 4979 2006 5052 idque

306 5069 570 5138 superius
600 5069 919 5124 luculenter
947 5086 981 5124 a
1009 5069 1172 5124 nobis
1197 5069 1502 5140 probatum
1547 5077 1649 5126 est.

375 5155 636 5212 Succedit
690 5159 778 5213 his
827 5164 1052 5214 sanctus
1105 5157 1430 5214 Hormisdas
1477 5175 1646 5230 papa,
1706 5159 1844 5230 qui,
1924 5159 2008 5214 uti

308 5242 408 5297 lib.
439 5259 478 5298 ιι
509 5245 770 5302 Historia
801 5248 991 5320 Pelag.
1011 5289 1027 5317 ,
1057 5264 1183 5319 cap.
1218 5250 1302 5313 19,
1334 5247 1709 5316 narravimus,
1739 5247 1808 5302 de
1845 5247 2007 5303 libris

311 5332 498 5386 Fausti
535 5333 790 5404 Hejensis
821 5353 854 5391 a
887 5339 1214 5394 Possessore
1246 5336 1511 5408 episcopo
1549 5338 1863 5404 consultus,
1909 5337 2008 5392 ubi

310 5420 413 5474 hos
442 5420 512 5475 ab
546 5422 789 5480 Ecclesia
818 5427 1054 5482 minime
1081 5433 1342 5498 receptos
1381 5426 1691 5499 respondit,
1740 5427 1862 5483 hac
1903 5427 2005 5482 ad-

314 5508 461 5565 didit
493 5524 505 5564 :
546 5530 572 5561 α
607 5511 686 5566 De
713 5514 949 5569 arbitrio
981 5521 1172 5572 tamen
1201 5517 1384 5572 libero
1413 5520 1470 5570 et
1497 5516 1680 5587 gratia
1718 5516 1817 5570 Dei
1866 5515 2007 5588 quid

2113 3030 2173 3084 in
2200 3029 2314 3084 ﬁne
2346 3029 2479 3084 libri
2506 3030 2574 3084 de
2606 3029 3000 3084 Incarnatione
3033 3033 3088 3083 et
3113 3027 3323 3099 gratia,
3364 3022 3550 3079 scribit
3585 3036 3637 3074 se
3665 3030 3766 3071 cum

2114 3118 2408 3173 monachis
2447 3119 2610 3172 sociis
2655 3118 3134 3173 anathematizare
3171 3139 3195 3166 ι
3235 3116 3412 3172 libros
3462 3107 3638 3168 Fausti
3670 3105 3768 3161 Gal-

2111 3208 2319 3262 liarum
2358 3207 2611 3279 episcopi
2639 3250 2652 3275 ,
2686 3207 2785 3279 qui
2816 3208 2886 3262 de
2916 3207 3270 3261 monasterio
3305 3199 3575 3260 Lirinensi
3599 3209 3768 3269 prove-

2112 3302 2232 3350 ctus
2280 3302 2382 3362 est,
2446 3313 2591 3368 quos
2647 3301 2844 3351 contra
2899 3293 3426 3366 pradestinationis
3472 3285 3768 3343 sententiam

2111 3385 2349 3457 scriptos
2394 3401 2514 3440 esse
2554 3401 2670 3439 non
2709 3390 2793 3440 est
2841 3384 3100 3439 dubium.
3139 3407 3160 3432 1
3211 3385 3399 3449 Quare
3431 3423 3443 3447 ,
3489 3393 3610 3432 cum
3657 3374 3768 3428 Hor-

2112 3473 2321 3529 misdas
2353 3473 2542 3529 Fausti
2572 3489 2716 3544 opus
2748 3473 3037 3543 reprobet,
3071 3488 3134 3526 ac
3177 3491 3209 3527 e
3253 3475 3452 3527 contra
3488 3463 3650 3520 sancti
3689 3464 3770 3514 Au-

2112 3563 2322 3636 gustini
2367 3563 2544 3618 libros
2589 3563 2862 3634 legendos
2919 3562 3187 3631 inculcet,
3241 3557 3575 3616 sententiam
3628 3545 3772 3636 sancti

2110 3633 2415 3723 Augustini
2448 3652 2516 3706 de
2552 3633 2808 3722 gratuita
2854 3651 3360 3722 pradestinatione
3401 3645 3511 3702 illis
3547 3642 3602 3697 in
3645 3633 3774 3693 libris

2111 3746 2382 3796 assertam
2413 3741 2637 3812 probat,
2672 3757 2847 3812 quam
2878 3748 3073 3795 tamen
3105 3741 3260 3796 inter
3289 3736 3596 3807 adiapbora
3617 3733 3772 3785 Anna-

2110 3835 2202 3885 tus
2233 3831 2434 3901 rejicit.
2472 3830 2757 3902 Reprobat
2781 3829 3039 3902 pontifex
3074 3829 3272 3884 Fausti
3301 3829 3481 3883 libros
3517 3818 3775 3888 inscriptos

2113 3920 2182 3974 de
2213 3920 2405 3975 Gratia
2434 3924 2490 3974 et
2517 3920 2695 3974 libero
2729 3919 2963 3974 arbitrio
2999 3940 3014 3987 ;
3065 3918 3352 3991 approbat
3393 3931 3523 3968 vero
3567 3926 3627 3965 ea
3673 3917 3776 3974 qua

2112 4007 2182 4063 de
2213 4007 2312 4060 illa
2339 4007 2579 4061 materia
2608 4006 2805 4060 scribit
2829 4005 3202 4076 Augustinus,
3237 4001 3524 4076 praecipue
3562 3995 3626 4052 ad
3663 3994 3776 4048 Pro-

2111 4111 2346 4167 sperum
2393 4099 2448 4148 et
2493 4093 2792 4148 Hilarium.
2850 4095 3046 4165 Itaque
3099 4105 3464 4164 quacunque
3510 4087 3680 4141 theses
3721 4077 3776 4131 de

2113 4184 2298 4255 gratia
2340 4189 2395 4238 et
2436 4183 2618 4238 libero
2664 4182 2897 4237 arbitrio
2935 4182 3136 4254 posita
3178 4187 3314 4236 sunt
3353 4179 3422 4234 ab
3479 4168 3777 4244 Augustino.

2116 4273 2325 4346 quibus
2355 4273 2703 4328 adversarias
2737 4271 3007 4344 opposuit
3037 4273 3298 4337 Faustus,
3338 4270 3462 4324 illas
3491 4284 3524 4320 a
3557 4266 3777 4319 Romana

2118 4361 2364 4417 Ecclesia
2413 4361 2624 4417 servari
2670 4378 2734 4415 ac
2775 4360 3001 4415 defendi
3043 4361 3221 4414 tradit
3271 4353 3611 4414 Hormisdas.
3659 4348 3776 4402 Sane

2115 4451 2392 4505 invidiam
2442 4450 2658 4504 redolet
2711 4450 3039 4518 maximam,
3090 4455 3208 4504 tam
3257 4447 3514 4519 amplum
3560 4437 3778 4495 testimo-

2115 4540 2277 4594 nium
2321 4539 2387 4592 ad
2439 4539 2553 4594 duo
2607 4543 2830 4593 tantum
2876 4538 3024 4593 dicta
3067 4537 3360 4592 coarctari.
3409 4533 3513 4589 Sed
3559 4522 3778 4600 pontifex

2116 4644 2231 4682 non
2272 4627 2400 4682 illos
2441 4629 2582 4683 duos
2620 4632 2842 4681 tantum
2880 4627 3052 4682 libros
3091 4625 3401 4698 Augustini
3436 4621 3618 4677 laudat
3646 4656 3660 4681 ,
3700 4608 3778 4666 sed

2115 4734 2305 4772 VARIOS
2335 4716 2639 4788 Augustini
2682 4715 2858 4770 libros
2883 4757 2898 4782 ,
2938 4715 3226 4787 pracipue
3274 4730 3411 4768 vero
3461 4711 3530 4764 ad
3570 4708 3778 4771 Prospe-

2114 4823 2244 4861 rum
2275 4811 2332 4860 et
2361 4806 2642 4861 Hilarium
2672 4806 2834 4860 datos
2863 4805 3130 4876 appellat.
3163 4803 3324 4859 Unde
3357 4800 3568 4857 ibidem
3609 4795 3782 4876 cetera

2115 4895 2289 4949 etiam
2350 4894 2644 4948 volumina
2689 4873 2994 4965 Augustini
3041 4893 3484 4965 approbantur;
3533 4873 3780 4957 qnidquid

2116 4983 2292 5053 igitur
2320 4982 2381 5036 in
2409 4982 2524 5036 illis
2558 4982 2724 5037 docet
2765 4982 2834 5037 de
2861 4982 3046 5054 gratia
3075 4987 3132 5036 et
3169 4981 3350 5036 libero
3390 4974 3617 5033 arbitrio
3643 5013 3656 5037 ,
3692 4967 3781 5054 hoc

2115 5076 2256 5126 teste
2285 5071 2601 5137 Hormisda,
2637 5072 2894 5126 Romana
2944 5070 3204 5142 sequitur
3244 5073 3302 5123 et
3339 5070 3523 5121 servat
3550 5053 3776 5116 Ecclesia.

2115 5163 2370 5216 Annatus
2397 5176 2552 5227 vero,
2584 5160 2747 5232 quasi
2780 5159 3058 5231 particula
3083 5159 3181 5214 illa
3208 5159 3446 5213 maxime
3475 5152 3618 5208 idem
3657 5143 3780 5239 esset

2116 5265 2181 5304 ac
2242 5249 2556 5304 restrictiva
2603 5251 2774 5304 solum
2801 5293 2814 5313 ,
2869 5249 3008 5304 duas
3066 5253 3293 5303 tantum
3345 5242 3522 5300 sancti
3565 5239 3778 5294 doctoris

2117 5337 2446 5406 sententias,
2493 5354 2633 5410 quas
2662 5337 2952 5410 pracipue
2983 5338 3196 5394 stabilit
3235 5337 3297 5391 in
3343 5332 3501 5390 libris
3543 5329 3608 5384 de
3649 5325 3774 5380 Pra-

2118 5427 2494 5483 destinatione
2549 5432 2879 5483 sanctorum
2913 5432 2972 5483 et
3011 5427 3080 5482 de
3133 5427 3294 5482 Dono
3354 5410 3774 5494 perseverantiae.

2115 5515 2188 5572 ab
2220 5516 2514 5573 Hormisda
2544 5515 2909 5573 conﬁrmatas
2938 5515 3128 5588 tingit.
3165 5517 3292 5571 Non
3317 5512 3395 5567 ita
3431 5512 3530 5572 est,
3559 5503 3774 5562 Anna“,
