  <div class='ocr_page' id='page_1' title='image "/cluster/home/n/w/nwhite01/storage/ocr_20150623/47/hvd.32044096580683/404.png"; bbox 0 0 3914 6186; ppageno 0'>
   <div class='ocr_carea' id='block_1_1' title="bbox 90 323 211 373">
    <p class='ocr_par' dir='ltr' id='par_1_1' title="bbox 90 323 211 373">
     <span class='ocr_line' id='line_1_1' title="bbox 90 323 211 373; baseline 0 -1"><span class='ocrx_word' id='word_1_1' title='bbox 90 323 211 373; x_wconf 77' lang='lat'>797</span> 
     </span>
    </p>
   </div>
   <div class='ocr_carea' id='block_1_2' title="bbox 1414 314 2314 370">
    <p class='ocr_par' dir='ltr' id='par_1_2' title="bbox 1414 314 2314 370">
     <span class='ocr_line' id='line_1_2' title="bbox 1414 314 2314 370; baseline -0.002 -1"><span class='ocrx_word' id='word_1_2' title='bbox 1414 315 1736 370; x_wconf 74' lang='lat' dir='ltr'><strong>VINDICLE</strong></span> <span class='ocrx_word' id='word_1_3' title='bbox 1776 314 2314 369; x_wconf 66' lang='lat' dir='ltr'>AUGUSTINIANAZ.</span> 
     </span>
    </p>
   </div>
   <div class='ocr_carea' id='block_1_3' title="bbox 3512 311 3616 363">
    <p class='ocr_par' dir='ltr' id='par_1_3' title="bbox 3512 311 3616 363">
     <span class='ocr_line' id='line_1_3' title="bbox 3512 311 3616 363; baseline 0.01 -1"><span class='ocrx_word' id='word_1_4' title='bbox 3512 311 3616 363; x_wconf 85' lang='lat'>798</span> 
     </span>
    </p>
   </div>
   <div class='ocr_carea' id='block_1_4' title="bbox 98 432 3609 512">
    <p class='ocr_par' dir='ltr' id='par_1_4' title="bbox 98 432 3609 512">
     <span class='ocr_line' id='line_1_4' title="bbox 98 432 3609 512; baseline -0.003 -13"><span class='ocrx_word' id='word_1_5' title='bbox 98 460 233 499; x_wconf 88' lang='lat' dir='ltr'>non</span> <span class='ocrx_word' id='word_1_6' title='bbox 261 442 350 510; x_wconf 87' lang='lat' dir='ltr'>ita,</span> <span class='ocrx_word' id='word_1_7' title='bbox 384 443 594 512; x_wconf 66' lang='lat' dir='ltr'>praeter</span> <span class='ocrx_word' id='word_1_8' title='bbox 621 440 679 494; x_wconf 92' lang='lat' dir='ltr'>id</span> <span class='ocrx_word' id='word_1_9' title='bbox 708 440 862 510; x_wconf 88' lang='lat' dir='ltr'>quod</span> <span class='ocrx_word' id='word_1_10' title='bbox 887 439 946 495; x_wconf 90' lang='lat' dir='ltr'>in</span> <span class='ocrx_word' id='word_1_11' title='bbox 976 432 1088 494; x_wconf 89' lang='lat' dir='ltr'>illis</span> <span class='ocrx_word' id='word_1_12' title='bbox 1116 441 1339 495; x_wconf 91' lang='lat' dir='ltr'>duobus</span> <span class='ocrx_word' id='word_1_13' title='bbox 1374 441 1552 508; x_wconf 86' lang='lat' dir='ltr'>libris,</span> <span class='ocrx_word' id='word_1_14' title='bbox 1588 442 1647 495; x_wconf 90' lang='lat' dir='ltr'>in</span> <span class='ocrx_word' id='word_1_15' title='bbox 1674 440 1800 495; x_wconf 91' lang='lat' dir='ltr'>aliis</span> <span class='ocrx_word' id='word_1_16' title='bbox 1838 444 1881 497; x_wconf 94' lang='lat' dir='ltr'>A</span> <span class='ocrx_word' id='word_1_17' title='bbox 1914 440 2060 494; x_wconf 86' lang='lat' dir='ltr'>lecta</span> <span class='ocrx_word' id='word_1_18' title='bbox 2090 438 2417 510; x_wconf 89' lang='lat' dir='ltr'>reperisset,</span> <span class='ocrx_word' id='word_1_19' title='bbox 2452 438 2613 493; x_wconf 88' lang='lat' dir='ltr'>novis</span> <span class='ocrx_word' id='word_1_20' title='bbox 2665 454 2732 491; x_wconf 85' lang='lat' dir='ltr'>ex</span> <span class='ocrx_word' id='word_1_21' title='bbox 2782 434 3199 507; x_wconf 84' lang='lat' dir='ltr'>Augustiniano</span> <span class='ocrx_word' id='word_1_22' title='bbox 3231 434 3497 489; x_wconf 83' lang='lat' dir='ltr'>thesauro</span> <span class='ocrx_word' id='word_1_23' title='bbox 3524 435 3609 489; x_wconf 92' lang='lat' dir='ltr'>di-</span> 
     </span>
    </p>
   </div>
   <div class='ocr_carea' id='block_1_5' title="bbox 100 527 1806 603">
    <p class='ocr_par' dir='ltr' id='par_1_5' title="bbox 100 527 1806 603">
     <span class='ocr_line' id='line_1_5' title="bbox 100 527 1806 603; baseline -0.002 -18"><span class='ocrx_word' id='word_1_24' title='bbox 100 546 339 603; x_wconf 89' lang='lat' dir='ltr'>quoque</span> <span class='ocrx_word' id='word_1_25' title='bbox 397 545 571 582; x_wconf 61' lang='lat' dir='ltr'>vanus</span> <span class='ocrx_word' id='word_1_26' title='bbox 628 543 805 582; x_wconf 80' lang='lat' dir='ltr'><strong>LIBRIS</strong></span> <span class='ocrx_word' id='word_1_27' title='bbox 857 529 924 581; x_wconf 90' lang='lat' dir='ltr'>de</span> <span class='ocrx_word' id='word_1_28' title='bbox 983 527 1175 581; x_wconf 89' lang='lat' dir='ltr'>Gratia</span> <span class='ocrx_word' id='word_1_29' title='bbox 1229 533 1286 582; x_wconf 88' lang='lat' dir='ltr'>et</span> <span class='ocrx_word' id='word_1_30' title='bbox 1332 528 1511 582; x_wconf 90' lang='lat' dir='ltr'>libero</span> <span class='ocrx_word' id='word_1_31' title='bbox 1572 529 1806 583; x_wconf 89' lang='lat' dir='ltr'>arbitrio</span> 
     </span>
    </p>
   </div>
   <div class='ocr_carea' id='block_1_6' title="bbox 103 615 1807 689">
    <p class='ocr_par' dir='ltr' id='par_1_6' title="bbox 103 615 1807 689">
     <span class='ocr_line' id='line_1_6' title="bbox 103 615 1807 689; baseline -0.002 -15"><span class='ocrx_word' id='word_1_32' title='bbox 103 617 461 689; x_wconf 78' lang='lat' dir='ltr'>Augustinus</span> <span class='ocrx_word' id='word_1_33' title='bbox 512 615 757 686; x_wconf 79' lang='lat' dir='ltr'>scripsit,</span> <span class='ocrx_word' id='word_1_34' title='bbox 818 618 926 670; x_wconf 89' lang='lat' dir='ltr'>hoc</span> <span class='ocrx_word' id='word_1_35' title='bbox 984 620 1169 670; x_wconf 89' lang='lat' dir='ltr'>totum</span> <span class='ocrx_word' id='word_1_36' title='bbox 1220 618 1490 671; x_wconf 69' lang='lat' dir='ltr'>Romanas</span> <span class='ocrx_word' id='word_1_37' title='bbox 1548 616 1807 671; x_wconf 79' lang='lat' dir='ltr'>Ecclesiae</span> 
     </span>
    </p>
   </div>
   <div class='ocr_carea' id='block_1_7' title="bbox 106 708 402 779">
    <p class='ocr_par' dir='ltr' id='par_1_7' title="bbox 106 708 402 779">
     <span class='ocr_line' id='line_1_7' title="bbox 106 708 402 779; baseline -0.014 -17"><span class='ocrx_word' id='word_1_38' title='bbox 106 708 402 779; x_wconf 81' lang='lat' dir='ltr'>probatur.</span> 
     </span>
    </p>
   </div>
   <div class='ocr_carea' id='block_1_8' title="bbox 176 791 1806 848">
    <p class='ocr_par' dir='ltr' id='par_1_8' title="bbox 176 791 1806 848">
     <span class='ocr_line' id='line_1_8' title="bbox 176 791 1806 848; baseline -0.002 0"><span class='ocrx_word' id='word_1_39' title='bbox 176 794 301 848; x_wconf 84' lang='lat' dir='ltr'>Alia</span> <span class='ocrx_word' id='word_1_40' title='bbox 328 793 416 846; x_wconf 91' lang='lat' dir='ltr'>via</span> <span class='ocrx_word' id='word_1_41' title='bbox 446 796 642 846; x_wconf 90' lang='lat' dir='ltr'>contra</span> <span class='ocrx_word' id='word_1_42' title='bbox 690 791 1001 845; x_wconf 72' lang='lat' dir='ltr'>Hormisdze</span> <span class='ocrx_word' id='word_1_43' title='bbox 1059 791 1457 846; x_wconf 89' lang='lat' dir='ltr'>testimonium</span> <span class='ocrx_word' id='word_1_44' title='bbox 1514 791 1669 846; x_wconf 86' lang='lat' dir='ltr'>vadit</span> <span class='ocrx_word' id='word_1_45' title='bbox 1699 793 1806 846; x_wconf 76' lang='lat' dir='ltr'>De-</span> 
     </span>
    </p>
   </div>
   <div class='ocr_carea' id='block_1_9' title="bbox 95 880 1804 950">
    <p class='ocr_par' dir='ltr' id='par_1_9' title="bbox 95 880 1804 950">
     <span class='ocr_line' id='line_1_9' title="bbox 95 880 1804 950; baseline 0.001 -17"><span class='ocrx_word' id='word_1_46' title='bbox 95 880 413 950; x_wconf 88' lang='lat' dir='ltr'>campsius,</span> <span class='ocrx_word' id='word_1_47' title='bbox 446 880 544 933; x_wconf 86' lang='lat' dir='ltr'>lib.</span> <span class='ocrx_word' id='word_1_48' title='bbox 583 888 639 933; x_wconf 82' lang='lat' dir='ltr'>lit</span> <span class='ocrx_word' id='word_1_49' title='bbox 671 880 739 933; x_wconf 91' lang='lat' dir='ltr'>de</span> <span class='ocrx_word' id='word_1_50' title='bbox 774 881 918 933; x_wconf 69' lang='lat' dir='ltr'>HEBI‘.</span> <span class='ocrx_word' id='word_1_51' title='bbox 976 880 1153 947; x_wconf 87' lang='lat' dir='ltr'>Jans.,</span> <span class='ocrx_word' id='word_1_52' title='bbox 1218 880 1427 950; x_wconf 89' lang='lat' dir='ltr'>disput.</span> <span class='ocrx_word' id='word_1_53' title='bbox 1494 884 1544 948; x_wconf 87' lang='lat' dir='ltr'>l,</span> <span class='ocrx_word' id='word_1_54' title='bbox 1576 896 1699 949; x_wconf 87' lang='lat' dir='ltr'>cap.</span> <span class='ocrx_word' id='word_1_55' title='bbox 1742 882 1804 946; x_wconf 77' lang='grc'>4,</span> 
     </span>
    </p>
   </div>
   <div class='ocr_carea' id='block_1_10' title="bbox 94 967 1807 1038">
    <p class='ocr_par' dir='ltr' id='par_1_10' title="bbox 94 967 1807 1038">
     <span class='ocr_line' id='line_1_10' title="bbox 94 967 1807 1038; baseline -0.002 -14"><span class='ocrx_word' id='word_1_56' title='bbox 94 986 237 1024; x_wconf 87' lang='lat' dir='ltr'>nam</span> <span class='ocrx_word' id='word_1_57' title='bbox 285 985 415 1022; x_wconf 93' lang='lat' dir='ltr'>cum</span> <span class='ocrx_word' id='word_1_58' title='bbox 476 967 801 1023; x_wconf 87' lang='lat' dir='ltr'>Hormisdas</span> <span class='ocrx_word' id='word_1_59' title='bbox 857 968 1060 1021; x_wconf 81' lang='lat' dir='ltr'>dixerit</span> <span class='ocrx_word' id='word_1_60' title='bbox 1116 967 1366 1038; x_wconf 84' lang='lat' dir='ltr'>capitula</span> <span class='ocrx_word' id='word_1_61' title='bbox 1420 968 1685 1038; x_wconf 66' lang='lat' dir='ltr'>quaedam</span> <span class='ocrx_word' id='word_1_62' title='bbox 1738 968 1807 1021; x_wconf 90' lang='lat' dir='ltr'>de</span> 
     </span>
    </p>
   </div>
   <div class='ocr_carea' id='block_1_11' title="bbox 93 1055 1808 1129">
    <p class='ocr_par' dir='ltr' id='par_1_11' title="bbox 93 1055 1808 1129">
     <span class='ocr_line' id='line_1_11' title="bbox 93 1055 1808 1129; baseline -0.002 -18"><span class='ocrx_word' id='word_1_63' title='bbox 93 1056 288 1129; x_wconf 85' lang='lat' dir='ltr'>gratia</span> <span class='ocrx_word' id='word_1_64' title='bbox 314 1062 365 1111; x_wconf 90' lang='lat' dir='ltr'>et</span> <span class='ocrx_word' id='word_1_65' title='bbox 390 1057 569 1110; x_wconf 89' lang='lat' dir='ltr'>libero</span> <span class='ocrx_word' id='word_1_66' title='bbox 604 1056 841 1110; x_wconf 89' lang='lat' dir='ltr'>arbitrio</span> <span class='ocrx_word' id='word_1_67' title='bbox 899 1056 958 1109; x_wconf 89' lang='lat' dir='ltr'>in</span> <span class='ocrx_word' id='word_1_68' title='bbox 989 1056 1213 1109; x_wconf 73' lang='lat' dir='ltr'>scriniis</span> <span class='ocrx_word' id='word_1_69' title='bbox 1258 1055 1653 1109; x_wconf 86' lang='lat' dir='ltr'>ecclesiasticis</span> <span class='ocrx_word' id='word_1_70' title='bbox 1681 1071 1808 1110; x_wconf 92' lang='lat' dir='ltr'>con-</span> 
     </span>
    </p>
   </div>
   <div class='ocr_carea' id='block_1_12' title="bbox 93 1144 1807 1215">
    <p class='ocr_par' dir='ltr' id='par_1_12' title="bbox 93 1144 1807 1215">
     <span class='ocr_line' id='line_1_12' title="bbox 93 1144 1807 1215; baseline -0.002 -15"><span class='ocrx_word' id='word_1_71' title='bbox 93 1147 294 1214; x_wconf 89' lang='lat' dir='ltr'>tineri,</span> <span class='ocrx_word' id='word_1_72' title='bbox 326 1146 447 1199; x_wconf 66' lang='lat' dir='ltr'>haec</span> <span class='ocrx_word' id='word_1_73' title='bbox 476 1149 638 1215; x_wconf 80' lang='lat' dir='ltr'>putat</span> <span class='ocrx_word' id='word_1_74' title='bbox 668 1162 791 1199; x_wconf 87' lang='lat' dir='ltr'>esse</span> <span class='ocrx_word' id='word_1_75' title='bbox 848 1145 973 1198; x_wconf 85' lang='lat' dir='ltr'>illas</span> <span class='ocrx_word' id='word_1_76' title='bbox 1006 1144 1335 1210; x_wconf 78' lang='lat' dir='ltr'>sententias,</span> <span class='ocrx_word' id='word_1_77' title='bbox 1394 1160 1522 1215; x_wconf 68' lang='lat' dir='ltr'>quae</span> <span class='ocrx_word' id='word_1_78' title='bbox 1554 1145 1807 1214; x_wconf 78' lang='lat' dir='ltr'>epistolae</span> 
     </span>
    </p>
   </div>
   <div class='ocr_carea' id='block_1_13' title="bbox 93 1232 1804 1304">
    <p class='ocr_par' dir='ltr' id='par_1_13' title="bbox 93 1232 1804 1304">
     <span class='ocr_line' id='line_1_13' title="bbox 93 1232 1804 1304; baseline -0.003 -15"><span class='ocrx_word' id='word_1_79' title='bbox 93 1234 393 1290; x_wconf 78' lang='lat' dir='ltr'>Caelestini</span> <span class='ocrx_word' id='word_1_80' title='bbox 424 1250 587 1304; x_wconf 61' lang='lat' dir='ltr'>papae</span> <span class='ocrx_word' id='word_1_81' title='bbox 637 1233 708 1286; x_wconf 88' lang='lat' dir='ltr'>ad</span> <span class='ocrx_word' id='word_1_82' title='bbox 761 1232 1059 1302; x_wconf 84' lang='lat' dir='ltr'>episcopos</span> <span class='ocrx_word' id='word_1_83' title='bbox 1098 1232 1294 1287; x_wconf 73' lang='lat' dir='ltr'>Gallize</span> <span class='ocrx_word' id='word_1_84' title='bbox 1338 1249 1572 1285; x_wconf 63' lang='lat' dir='ltr'>annexm</span> <span class='ocrx_word' id='word_1_85' title='bbox 1605 1232 1804 1302; x_wconf 90' lang='lat' dir='ltr'>legun-</span> 
     </span>
    </p>
   </div>
   <div class='ocr_carea' id='block_1_14' title="bbox 93 1320 1807 1391">
    <p class='ocr_par' dir='ltr' id='par_1_14' title="bbox 93 1320 1807 1391">
     <span class='ocr_line' id='line_1_14' title="bbox 93 1320 1807 1391; baseline -0.002 -15"><span class='ocrx_word' id='word_1_86' title='bbox 93 1330 213 1376; x_wconf 86' lang='lat' dir='ltr'>tur.</span> <span class='ocrx_word' id='word_1_87' title='bbox 248 1324 426 1376; x_wconf 90' lang='lat' dir='ltr'>Porro</span> <span class='ocrx_word' id='word_1_88' title='bbox 457 1322 556 1375; x_wconf 89' lang='lat' dir='ltr'>has</span> <span class='ocrx_word' id='word_1_89' title='bbox 599 1325 823 1374; x_wconf 89' lang='lat' dir='ltr'>tantum</span> <span class='ocrx_word' id='word_1_90' title='bbox 879 1337 948 1374; x_wconf 89' lang='lat' dir='ltr'>ex</span> <span class='ocrx_word' id='word_1_91' title='bbox 993 1320 1431 1391; x_wconf 89' lang='lat' dir='ltr'>Augustiuiauis</span> <span class='ocrx_word' id='word_1_92' title='bbox 1479 1320 1637 1373; x_wconf 82' lang='lat' dir='ltr'>libris</span> <span class='ocrx_word' id='word_1_93' title='bbox 1687 1337 1807 1373; x_wconf 91' lang='lat' dir='ltr'>esse</span> 
     </span>
    </p>
   </div>
   <div class='ocr_carea' id='block_1_15' title="bbox 92 1409 1803 1479">
    <p class='ocr_par' dir='ltr' id='par_1_15' title="bbox 92 1409 1803 1479">
     <span class='ocr_line' id='line_1_15' title="bbox 92 1409 1803 1479; baseline -0.002 -14"><span class='ocrx_word' id='word_1_94' title='bbox 92 1411 364 1465; x_wconf 77' lang='lat' dir='ltr'>Ecclesiae</span> <span class='ocrx_word' id='word_1_95' title='bbox 396 1412 665 1464; x_wconf 80' lang='lat' dir='ltr'>Romanae</span> <span class='ocrx_word' id='word_1_96' title='bbox 721 1409 990 1479; x_wconf 81' lang='lat' dir='ltr'>probatas</span> <span class='ocrx_word' id='word_1_97' title='bbox 1039 1409 1258 1475; x_wconf 82' lang='lat' dir='ltr'>scribit;</span> <span class='ocrx_word' id='word_1_98' title='bbox 1293 1411 1416 1477; x_wconf 85' lang='lat' dir='ltr'>ejus</span> <span class='ocrx_word' id='word_1_99' title='bbox 1442 1409 1611 1462; x_wconf 83' lang='lat' dir='ltr'>verba</span> <span class='ocrx_word' id='word_1_100' title='bbox 1634 1412 1803 1461; x_wconf 89' lang='lat' dir='ltr'>sunt:</span> 
     </span>
    </p>
   </div>
   <div class='ocr_carea' id='block_1_16' title="bbox 94 1496 1808 1568">
    <p class='ocr_par' dir='ltr' id='par_1_16' title="bbox 94 1496 1808 1568">
     <span class='ocr_line' id='line_1_16' title="bbox 94 1496 1808 1568; baseline -0.001 -19"><span class='ocrx_word' id='word_1_101' title='bbox 94 1523 114 1549; x_wconf 79' lang='grc' dir='ltr'>ι</span> <span class='ocrx_word' id='word_1_102' title='bbox 153 1500 381 1554; x_wconf 87' lang='lat' dir='ltr'>Asserit</span> <span class='ocrx_word' id='word_1_103' title='bbox 444 1498 771 1553; x_wconf 88' lang='lat' dir='ltr'>llormisdas</span> <span class='ocrx_word' id='word_1_104' title='bbox 830 1497 1095 1568; x_wconf 91' lang='lat' dir='ltr'>cognosci</span> <span class='ocrx_word' id='word_1_105' title='bbox 1144 1514 1208 1550; x_wconf 91' lang='lat' dir='ltr'>ex</span> <span class='ocrx_word' id='word_1_106' title='bbox 1269 1496 1448 1550; x_wconf 89' lang='lat' dir='ltr'>sancti</span> <span class='ocrx_word' id='word_1_107' title='bbox 1504 1496 1808 1567; x_wconf 80' lang='lat' dir='ltr'>Augustini</span> 
     </span>
    </p>
   </div>
   <div class='ocr_carea' id='block_1_17' title="bbox 90 1584 1805 1658">
    <p class='ocr_par' dir='ltr' id='par_1_17' title="bbox 90 1584 1805 1658">
     <span class='ocr_line' id='line_1_17' title="bbox 90 1584 1805 1658; baseline -0.003 -15"><span class='ocrx_word' id='word_1_108' title='bbox 90 1588 374 1658; x_wconf 85' lang='lat' dir='ltr'>Operibus</span> <span class='ocrx_word' id='word_1_109' title='bbox 419 1603 582 1658; x_wconf 83' lang='lat' dir='ltr'>posse</span> <span class='ocrx_word' id='word_1_110' title='bbox 639 1586 777 1657; x_wconf 89' lang='lat' dir='ltr'>quid</span> <span class='ocrx_word' id='word_1_111' title='bbox 817 1586 885 1640; x_wconf 92' lang='lat' dir='ltr'>de</span> <span class='ocrx_word' id='word_1_112' title='bbox 935 1586 1120 1656; x_wconf 84' lang='lat' dir='ltr'>gratia</span> <span class='ocrx_word' id='word_1_113' title='bbox 1150 1591 1205 1639; x_wconf 91' lang='lat' dir='ltr'>et</span> <span class='ocrx_word' id='word_1_114' title='bbox 1233 1585 1415 1639; x_wconf 88' lang='lat' dir='ltr'>libero</span> <span class='ocrx_word' id='word_1_115' title='bbox 1449 1584 1681 1639; x_wconf 87' lang='lat' dir='ltr'>arbitrio</span> <span class='ocrx_word' id='word_1_116' title='bbox 1710 1586 1805 1638; x_wconf 82' lang='lat' dir='ltr'>Ec-</span> 
     </span>
    </p>
   </div>
   <div class='ocr_carea' id='block_1_18' title="bbox 84 1673 1809 1745">
    <p class='ocr_par' dir='ltr' id='par_1_18' title="bbox 84 1673 1809 1745">
     <span class='ocr_line' id='line_1_18' title="bbox 84 1673 1809 1745; baseline -0.002 -15"><span class='ocrx_word' id='word_1_117' title='bbox 84 1676 277 1730; x_wconf 86' lang='lat' dir='ltr'>clesia</span> <span class='ocrx_word' id='word_1_118' title='bbox 305 1675 531 1743; x_wconf 90' lang='lat' dir='ltr'>sentiat,</span> <span class='ocrx_word' id='word_1_119' title='bbox 565 1674 698 1745; x_wconf 86' lang='lat' dir='ltr'>quia</span> <span class='ocrx_word' id='word_1_120' title='bbox 755 1673 1030 1727; x_wconf 82' lang='lat' dir='ltr'>nimirum</span> <span class='ocrx_word' id='word_1_121' title='bbox 1059 1673 1120 1727; x_wconf 92' lang='lat' dir='ltr'>in</span> <span class='ocrx_word' id='word_1_122' title='bbox 1168 1673 1255 1727; x_wconf 91' lang='lat' dir='ltr'>his</span> <span class='ocrx_word' id='word_1_123' title='bbox 1297 1673 1572 1727; x_wconf 90' lang='lat' dir='ltr'>acerrime</span> <span class='ocrx_word' id='word_1_124' title='bbox 1619 1674 1809 1727; x_wconf 86' lang='lat' dir='ltr'>defen-</span> 
     </span>
    </p>
   </div>
   <div class='ocr_carea' id='block_1_19' title="bbox 82 1763 1808 1835">
    <p class='ocr_par' dir='ltr' id='par_1_19' title="bbox 82 1763 1808 1835">
     <span class='ocr_line' id='line_1_19' title="bbox 82 1763 1808 1835; baseline -0.003 -13"><span class='ocrx_word' id='word_1_125' title='bbox 82 1768 318 1822; x_wconf 82' lang='lat' dir='ltr'>duntur</span> <span class='ocrx_word' id='word_1_126' title='bbox 347 1768 468 1820; x_wconf 67' lang='lat' dir='ltr'>hzec</span> <span class='ocrx_word' id='word_1_127' title='bbox 497 1765 620 1835; x_wconf 89' lang='lat' dir='ltr'>ipsa</span> <span class='ocrx_word' id='word_1_128' title='bbox 650 1764 917 1834; x_wconf 89' lang='lat' dir='ltr'>capitula,</span> <span class='ocrx_word' id='word_1_129' title='bbox 954 1780 1083 1835; x_wconf 67' lang='lat' dir='ltr'>quae</span> <span class='ocrx_word' id='word_1_130' title='bbox 1114 1764 1173 1817; x_wconf 92' lang='lat' dir='ltr'>in</span> <span class='ocrx_word' id='word_1_131' title='bbox 1223 1763 1444 1817; x_wconf 87' lang='lat' dir='ltr'>scriniis</span> <span class='ocrx_word' id='word_1_132' title='bbox 1476 1763 1808 1817; x_wconf 89' lang='lat' dir='ltr'>ecclesiasti-</span> 
     </span>
    </p>
   </div>
   <div class='ocr_carea' id='block_1_20' title="bbox 82 1851 1811 1923">
    <p class='ocr_par' dir='ltr' id='par_1_20' title="bbox 82 1851 1811 1923">
     <span class='ocr_line' id='line_1_20' title="bbox 82 1851 1811 1923; baseline -0.003 -14"><span class='ocrx_word' id='word_1_133' title='bbox 82 1856 165 1909; x_wconf 91' lang='lat' dir='ltr'>cis</span> <span class='ocrx_word' id='word_1_134' title='bbox 226 1855 616 1922; x_wconf 88' lang='lat' dir='ltr'>continentur,</span> <span class='ocrx_word' id='word_1_135' title='bbox 677 1869 923 1923; x_wconf 75' lang='lat' dir='ltr'>quzeque</span> <span class='ocrx_word' id='word_1_136' title='bbox 986 1852 1241 1922; x_wconf 67' lang='lat' dir='ltr'>epistolae</span> <span class='ocrx_word' id='word_1_137' title='bbox 1299 1869 1415 1905; x_wconf 66' lang='lat' dir='ltr'>suae</span> <span class='ocrx_word' id='word_1_138' title='bbox 1475 1851 1811 1907; x_wconf 82' lang='lat' dir='ltr'>Ccelestinus</span> 
     </span>
    </p>
   </div>
   <div class='ocr_carea' id='block_1_21' title="bbox 82 1942 1809 2013">
    <p class='ocr_par' dir='ltr' id='par_1_21' title="bbox 82 1942 1809 2013">
     <span class='ocr_line' id='line_1_21' title="bbox 82 1942 1809 2013; baseline -0.003 -13"><span class='ocrx_word' id='word_1_139' title='bbox 82 1944 368 2001; x_wconf 80' lang='lat' dir='ltr'>intexuit.</span> <span class='ocrx_word' id='word_1_140' title='bbox 426 1944 561 2008; x_wconf 90' lang='lat' dir='ltr'>Quis</span> <span class='ocrx_word' id='word_1_141' title='bbox 610 1958 865 2013; x_wconf 83' lang='lat' dir='ltr'>unquam</span> <span class='ocrx_word' id='word_1_142' title='bbox 896 1959 963 1995; x_wconf 88' lang='lat' dir='ltr'>ex</span> <span class='ocrx_word' id='word_1_143' title='bbox 996 1942 1158 1996; x_wconf 89' lang='lat' dir='ltr'>nobis</span> <span class='ocrx_word' id='word_1_144' title='bbox 1189 1942 1339 1996; x_wconf 90' lang='lat' dir='ltr'>istud</span> <span class='ocrx_word' id='word_1_145' title='bbox 1374 1942 1643 2012; x_wconf 85' lang='lat' dir='ltr'>negavit?</span> <span class='ocrx_word' id='word_1_146' title='bbox 1671 1942 1809 1995; x_wconf 83' lang='lat' dir='ltr'>fate-</span> 
     </span>
    </p>
   </div>
   <div class='ocr_carea' id='block_1_22' title="bbox 86 2029 1810 2100">
    <p class='ocr_par' dir='ltr' id='par_1_22' title="bbox 86 2029 1810 2100">
     <span class='ocr_line' id='line_1_22' title="bbox 86 2029 1810 2100; baseline -0.002 -14"><span class='ocrx_word' id='word_1_147' title='bbox 86 2048 237 2087; x_wconf 79' lang='lat' dir='ltr'>mur</span> <span class='ocrx_word' id='word_1_148' title='bbox 261 2032 322 2085; x_wconf 93' lang='lat' dir='ltr'>in</span> <span class='ocrx_word' id='word_1_149' title='bbox 348 2030 530 2085; x_wconf 87' lang='lat' dir='ltr'>sancti</span> <span class='ocrx_word' id='word_1_150' title='bbox 575 2029 881 2099; x_wconf 85' lang='lat' dir='ltr'>Augustini</span> <span class='ocrx_word' id='word_1_151' title='bbox 912 2030 1178 2100; x_wconf 88' lang='lat' dir='ltr'>operibus</span> <span class='ocrx_word' id='word_1_152' title='bbox 1232 2030 1329 2083; x_wconf 89' lang='lat' dir='ltr'>illa</span> <span class='ocrx_word' id='word_1_153' title='bbox 1368 2030 1490 2100; x_wconf 86' lang='lat' dir='ltr'>ipsa</span> <span class='ocrx_word' id='word_1_154' title='bbox 1529 2030 1810 2084; x_wconf 90' lang='lat' dir='ltr'>contineri</span> 
     </span>
    </p>
   </div>
   <div class='ocr_carea' id='block_1_23' title="bbox 87 2117 1812 2190">
    <p class='ocr_par' dir='ltr' id='par_1_23' title="bbox 87 2117 1812 2190">
     <span class='ocr_line' id='line_1_23' title="bbox 87 2117 1812 2190; baseline -0.002 -15"><span class='ocrx_word' id='word_1_155' title='bbox 87 2120 425 2190; x_wconf 81' lang='lat' dir='ltr'>acriterque</span> <span class='ocrx_word' id='word_1_156' title='bbox 456 2117 703 2176; x_wconf 85' lang='lat' dir='ltr'>defendi,</span> <span class='ocrx_word' id='word_1_157' title='bbox 736 2134 863 2187; x_wconf 88' lang='lat' dir='ltr'>quae</span> <span class='ocrx_word' id='word_1_158' title='bbox 889 2117 959 2169; x_wconf 88' lang='lat' dir='ltr'>ab</span> <span class='ocrx_word' id='word_1_159' title='bbox 1005 2117 1249 2170; x_wconf 84' lang='lat' dir='ltr'>Ecclesia</span> <span class='ocrx_word' id='word_1_160' title='bbox 1307 2123 1508 2172; x_wconf 90' lang='lat' dir='ltr'>contra</span> <span class='ocrx_word' id='word_1_161' title='bbox 1559 2118 1812 2187; x_wconf 87' lang='lat' dir='ltr'>Pelagia-</span> 
     </span>
    </p>
   </div>
   <div class='ocr_carea' id='block_1_24' title="bbox 88 2204 1807 2276">
    <p class='ocr_par' dir='ltr' id='par_1_24' title="bbox 88 2204 1807 2276">
     <span class='ocr_line' id='line_1_24' title="bbox 88 2204 1807 2276; baseline -0.002 -13"><span class='ocrx_word' id='word_1_162' title='bbox 88 2226 212 2263; x_wconf 81' lang='lat' dir='ltr'>nos</span> <span class='ocrx_word' id='word_1_163' title='bbox 243 2207 459 2262; x_wconf 89' lang='lat' dir='ltr'>sancita</span> <span class='ocrx_word' id='word_1_164' title='bbox 484 2210 635 2259; x_wconf 89' lang='lat' dir='ltr'>sunt.</span> <span class='ocrx_word' id='word_1_165' title='bbox 669 2209 740 2259; x_wconf 86' lang='lat' dir='ltr'>At</span> <span class='ocrx_word' id='word_1_166' title='bbox 770 2221 1044 2276; x_wconf 87' lang='lat' dir='ltr'>negamus</span> <span class='ocrx_word' id='word_1_167' title='bbox 1077 2204 1230 2259; x_wconf 88' lang='lat' dir='ltr'>aliud</span> <span class='ocrx_word' id='word_1_168' title='bbox 1260 2206 1405 2259; x_wconf 88' lang='lat' dir='ltr'>nihil</span> <span class='ocrx_word' id='word_1_169' title='bbox 1455 2205 1515 2259; x_wconf 93' lang='lat' dir='ltr'>in</span> <span class='ocrx_word' id='word_1_170' title='bbox 1564 2209 1685 2276; x_wconf 76' lang='lat' dir='ltr'>ejus</span> <span class='ocrx_word' id='word_1_171' title='bbox 1742 2205 1807 2259; x_wconf 89' lang='lat' dir='ltr'>li-</span> 
     </span>
    </p>
   </div>
   <div class='ocr_carea' id='block_1_25' title="bbox 90 2294 1813 2366">
    <p class='ocr_par' dir='ltr' id='par_1_25' title="bbox 90 2294 1813 2366">
     <span class='ocr_line' id='line_1_25' title="bbox 90 2294 1813 2366; baseline -0.002 -14"><span class='ocrx_word' id='word_1_172' title='bbox 90 2299 226 2352; x_wconf 87' lang='lat' dir='ltr'>bris</span> <span class='ocrx_word' id='word_1_173' title='bbox 260 2295 523 2366; x_wconf 88' lang='lat' dir='ltr'>reperiri,</span> <span class='ocrx_word' id='word_1_174' title='bbox 563 2294 838 2365; x_wconf 89' lang='lat' dir='ltr'>nobisque</span> <span class='ocrx_word' id='word_1_175' title='bbox 870 2296 930 2347; x_wconf 91' lang='lat' dir='ltr'>in</span> <span class='ocrx_word' id='word_1_176' title='bbox 984 2294 1087 2348; x_wconf 90' lang='lat' dir='ltr'>hac</span> <span class='ocrx_word' id='word_1_177' title='bbox 1144 2299 1304 2365; x_wconf 87' lang='lat' dir='ltr'>parte</span> <span class='ocrx_word' id='word_1_178' title='bbox 1337 2295 1665 2349; x_wconf 86' lang='lat' dir='ltr'>Hormisdas</span> <span class='ocrx_word' id='word_1_179' title='bbox 1696 2296 1813 2348; x_wconf 86' lang='lat' dir='ltr'>suf-</span> 
     </span>
    </p>
   </div>
   <div class='ocr_carea' id='block_1_26' title="bbox 92 2383 1808 2455">
    <p class='ocr_par' dir='ltr' id='par_1_26' title="bbox 92 2383 1808 2455">
     <span class='ocr_line' id='line_1_26' title="bbox 92 2383 1808 2455; baseline -0.001 -16"><span class='ocrx_word' id='word_1_180' title='bbox 92 2386 386 2455; x_wconf 82' lang='lat' dir='ltr'>fragatur,</span> <span class='ocrx_word' id='word_1_181' title='bbox 417 2384 554 2437; x_wconf 91' lang='lat' dir='ltr'>dum</span> <span class='ocrx_word' id='word_1_182' title='bbox 584 2384 818 2436; x_wconf 88' lang='lat' dir='ltr'>collecta</span> <span class='ocrx_word' id='word_1_183' title='bbox 848 2400 880 2436; x_wconf 90' lang='lat' dir='ltr'>a</span> <span class='ocrx_word' id='word_1_184' title='bbox 916 2383 1216 2438; x_wconf 82' lang='lat' dir='ltr'>Caelestino</span> <span class='ocrx_word' id='word_1_185' title='bbox 1258 2385 1508 2454; x_wconf 89' lang='lat' dir='ltr'>capitula</span> <span class='ocrx_word' id='word_1_186' title='bbox 1538 2384 1808 2455; x_wconf 84' lang='lat' dir='ltr'>appellat,</span> 
     </span>
    </p>
   </div>
   <div class='ocr_carea' id='block_1_27' title="bbox 94 2471 1807 2544">
    <p class='ocr_par' dir='ltr' id='par_1_27' title="bbox 94 2471 1807 2544">
     <span class='ocr_line' id='line_1_27' title="bbox 94 2471 1807 2544; baseline -0.001 -18"><span class='ocrx_word' id='word_1_187' title='bbox 94 2474 155 2527; x_wconf 91' lang='lat' dir='ltr'>in</span> <span class='ocrx_word' id='word_1_188' title='bbox 200 2473 407 2544; x_wconf 86' lang='lat' dir='ltr'>quibus</span> <span class='ocrx_word' id='word_1_189' title='bbox 438 2473 647 2526; x_wconf 88' lang='lat' dir='ltr'>diserte</span> <span class='ocrx_word' id='word_1_190' title='bbox 676 2471 941 2537; x_wconf 87' lang='lat' dir='ltr'>traditur,</span> <span class='ocrx_word' id='word_1_191' title='bbox 1000 2472 1402 2541; x_wconf 85' lang='lat' dir='ltr'>profundiores</span> <span class='ocrx_word' id='word_1_192' title='bbox 1443 2473 1807 2543; x_wconf 65' lang='lat' dir='ltr'>qumstiones,</span> 
     </span>
    </p>
   </div>
   <div class='ocr_carea' id='block_1_28' title="bbox 97 2561 1812 2633">
    <p class='ocr_par' dir='ltr' id='par_1_28' title="bbox 97 2561 1812 2633">
     <span class='ocr_line' id='line_1_28' title="bbox 97 2561 1812 2633; baseline 0 -18"><span class='ocrx_word' id='word_1_193' title='bbox 97 2579 236 2633; x_wconf 68' lang='lat' dir='ltr'>quae</span> <span class='ocrx_word' id='word_1_194' title='bbox 268 2563 337 2617; x_wconf 92' lang='lat' dir='ltr'>ab</span> <span class='ocrx_word' id='word_1_195' title='bbox 366 2562 687 2633; x_wconf 85' lang='lat' dir='ltr'>Augustino</span> <span class='ocrx_word' id='word_1_196' title='bbox 719 2567 916 2615; x_wconf 90' lang='lat' dir='ltr'>contra</span> <span class='ocrx_word' id='word_1_197' title='bbox 946 2562 1277 2631; x_wconf 84' lang='lat' dir='ltr'>Pelagianos</span> <span class='ocrx_word' id='word_1_198' title='bbox 1311 2561 1613 2615; x_wconf 89' lang='lat' dir='ltr'>dimicante</span> <span class='ocrx_word' id='word_1_199' title='bbox 1645 2561 1812 2615; x_wconf 86' lang='lat' dir='ltr'>latius</span> 
     </span>
    </p>
   </div>
   <div class='ocr_carea' id='block_1_29' title="bbox 95 2649 1808 2723">
    <p class='ocr_par' dir='ltr' id='par_1_29' title="bbox 95 2649 1808 2723">
     <span class='ocr_line' id='line_1_29' title="bbox 95 2649 1808 2723; baseline -0.002 -18"><span class='ocrx_word' id='word_1_200' title='bbox 95 2656 549 2723; x_wconf 89' lang='lat' dir='ltr'>pertractantur,</span> <span class='ocrx_word' id='word_1_201' title='bbox 607 2651 677 2704; x_wconf 91' lang='lat' dir='ltr'>ab</span> <span class='ocrx_word' id='word_1_202' title='bbox 744 2649 988 2704; x_wconf 86' lang='lat' dir='ltr'>Ecclesia</span> <span class='ocrx_word' id='word_1_203' title='bbox 1018 2651 1274 2703; x_wconf 85' lang='lat' dir='ltr'>Romana</span> <span class='ocrx_word' id='word_1_204' title='bbox 1305 2666 1417 2703; x_wconf 90' lang='lat' dir='ltr'>non</span> <span class='ocrx_word' id='word_1_205' title='bbox 1446 2650 1618 2704; x_wconf 90' lang='lat' dir='ltr'>fuisse</span> <span class='ocrx_word' id='word_1_206' title='bbox 1649 2666 1808 2703; x_wconf 90' lang='lat' dir='ltr'>com-</span> 
     </span>
    </p>
   </div>
   <div class='ocr_carea' id='block_1_30' title="bbox 96 2738 1810 2813">
    <p class='ocr_par' dir='ltr' id='par_1_30' title="bbox 96 2738 1810 2813">
     <span class='ocr_line' id='line_1_30' title="bbox 96 2738 1810 2813; baseline -0.002 -18"><span class='ocrx_word' id='word_1_207' title='bbox 96 2742 392 2813; x_wconf 86' lang='lat' dir='ltr'>probatas.</span> <span class='ocrx_word' id='word_1_208' title='bbox 421 2761 447 2791; x_wconf 70' lang='grc' dir='ltr'><strong>υ</strong></span> <span class='ocrx_word' id='word_1_209' title='bbox 481 2742 687 2793; x_wconf 87' lang='lat' dir='ltr'>Verum</span> <span class='ocrx_word' id='word_1_210' title='bbox 724 2738 852 2809; x_wconf 89' lang='lat' dir='ltr'>quis</span> <span class='ocrx_word' id='word_1_211' title='bbox 882 2738 1259 2793; x_wconf 88' lang='lat' dir='ltr'>ecclesiastica</span> <span class='ocrx_word' id='word_1_212' title='bbox 1314 2738 1522 2792; x_wconf 88' lang='lat' dir='ltr'>scrinia</span> <span class='ocrx_word' id='word_1_213' title='bbox 1575 2740 1810 2791; x_wconf 89' lang='lat' dir='ltr'>Decam-</span> 
     </span>
    </p>
   </div>
   <div class='ocr_carea' id='block_1_31' title="bbox 92 2824 1810 2901">
    <p class='ocr_par' dir='ltr' id='par_1_31' title="bbox 92 2824 1810 2901">
     <span class='ocr_line' id='line_1_31' title="bbox 92 2824 1810 2901; baseline -0.001 -20"><span class='ocrx_word' id='word_1_214' title='bbox 92 2824 230 2901; x_wconf 84' lang='lat' dir='ltr'>psio</span> <span class='ocrx_word' id='word_1_215' title='bbox 262 2828 513 2892; x_wconf 79' lang='lat' dir='ltr'>reclusit,</span> <span class='ocrx_word' id='word_1_216' title='bbox 546 2833 610 2881; x_wconf 91' lang='lat' dir='ltr'>ut</span> <span class='ocrx_word' id='word_1_217' title='bbox 637 2834 754 2882; x_wconf 89' lang='lat' dir='ltr'>tam</span> <span class='ocrx_word' id='word_1_218' title='bbox 793 2826 1145 2881; x_wconf 80' lang='lat' dir='ltr'>conﬁdenter</span> <span class='ocrx_word' id='word_1_219' title='bbox 1192 2828 1332 2880; x_wconf 91' lang='lat' dir='ltr'>scire</span> <span class='ocrx_word' id='word_1_220' title='bbox 1376 2826 1628 2897; x_wconf 87' lang='lat' dir='ltr'>potuerit</span> <span class='ocrx_word' id='word_1_221' title='bbox 1670 2829 1810 2881; x_wconf 86' lang='lat' dir='ltr'>Hor-</span> 
     </span>
    </p>
   </div>
   <div class='ocr_carea' id='block_1_32' title="bbox 96 2915 1810 2987">
    <p class='ocr_par' dir='ltr' id='par_1_32' title="bbox 96 2915 1810 2987">
     <span class='ocr_line' id='line_1_32' title="bbox 96 2915 1810 2987; baseline -0.003 -14"><span class='ocrx_word' id='word_1_222' title='bbox 96 2919 351 2973; x_wconf 85' lang='lat' dir='ltr'>misdam</span> <span class='ocrx_word' id='word_1_223' title='bbox 398 2916 632 2971; x_wconf 89' lang='lat' dir='ltr'>nomine</span> <span class='ocrx_word' id='word_1_224' title='bbox 668 2916 1045 2987; x_wconf 87' lang='lat' dir='ltr'>capitulorum</span> <span class='ocrx_word' id='word_1_225' title='bbox 1078 2916 1203 2969; x_wconf 91' lang='lat' dir='ltr'>illas</span> <span class='ocrx_word' id='word_1_226' title='bbox 1262 2915 1551 2970; x_wconf 83' lang='lat' dir='ltr'>C(elestini</span> <span class='ocrx_word' id='word_1_227' title='bbox 1583 2922 1810 2969; x_wconf 88' lang='lat' dir='ltr'>senten-</span> 
     </span>
    </p>
   </div>
   <div class='ocr_carea' id='block_1_33' title="bbox 93 3004 1811 3063">
    <p class='ocr_par' dir='ltr' id='par_1_33' title="bbox 93 3004 1811 3063">
     <span class='ocr_line' id='line_1_33' title="bbox 93 3004 1811 3063; baseline -0.003 -1"><span class='ocrx_word' id='word_1_228' title='bbox 93 3010 213 3063; x_wconf 79' lang='lat' dir='ltr'>tias</span> <span class='ocrx_word' id='word_1_229' title='bbox 243 3006 589 3061; x_wconf 80' lang='lat' dir='ltr'>intellexisse</span> <span class='ocrx_word' id='word_1_230' title='bbox 615 3005 642 3058; x_wconf 84' lang='lat'>?</span> <span class='ocrx_word' id='word_1_231' title='bbox 673 3006 832 3059; x_wconf 86' lang='lat' dir='ltr'>Unde</span> <span class='ocrx_word' id='word_1_232' title='bbox 863 3004 1022 3058; x_wconf 85' lang='lat' dir='ltr'>novit</span> <span class='ocrx_word' id='word_1_233' title='bbox 1069 3020 1137 3058; x_wconf 86' lang='lat' dir='ltr'>ex</span> <span class='ocrx_word' id='word_1_234' title='bbox 1166 3004 1433 3057; x_wconf 85' lang='lat' dir='ltr'>universa</span> <span class='ocrx_word' id='word_1_235' title='bbox 1488 3005 1665 3057; x_wconf 87' lang='lat' dir='ltr'>sancti</span> <span class='ocrx_word' id='word_1_236' title='bbox 1700 3008 1811 3056; x_wconf 89' lang='lat' dir='ltr'>Au-</span> 
     </span>
    </p>
   </div>
   <div class='ocr_carea' id='block_1_34' title="bbox 94 3092 1813 3168">
    <p class='ocr_par' dir='ltr' id='par_1_34' title="bbox 94 3092 1813 3168">
     <span class='ocr_line' id='line_1_34' title="bbox 94 3092 1813 3168; baseline -0.003 -18"><span class='ocrx_word' id='word_1_237' title='bbox 94 3096 326 3168; x_wconf 84' lang='lat' dir='ltr'>gustini</span> <span class='ocrx_word' id='word_1_238' title='bbox 353 3095 609 3149; x_wconf 88' lang='lat' dir='ltr'>doctrina</span> <span class='ocrx_word' id='word_1_239' title='bbox 667 3110 870 3147; x_wconf 90' lang='lat' dir='ltr'>novem</span> <span class='ocrx_word' id='word_1_240' title='bbox 918 3093 1280 3147; x_wconf 87' lang='lat' dir='ltr'>solummodo</span> <span class='ocrx_word' id='word_1_241' title='bbox 1313 3092 1600 3147; x_wconf 75' lang='lat' dir='ltr'>leestini</span> <span class='ocrx_word' id='word_1_242' title='bbox 1654 3092 1813 3163; x_wconf 90' lang='lat' dir='ltr'>capi-</span> 
     </span>
    </p>
   </div>
   <div class='ocr_carea' id='block_1_35' title="bbox 98 3181 1812 3251">
    <p class='ocr_par' dir='ltr' id='par_1_35' title="bbox 98 3181 1812 3251">
     <span class='ocr_line' id='line_1_35' title="bbox 98 3181 1812 3251; baseline -0.003 -11"><span class='ocrx_word' id='word_1_243' title='bbox 98 3186 226 3241; x_wconf 84' lang='lat' dir='ltr'>tula</span> <span class='ocrx_word' id='word_1_244' title='bbox 261 3186 320 3239; x_wconf 90' lang='lat' dir='ltr'>in</span> <span class='ocrx_word' id='word_1_245' title='bbox 351 3183 739 3238; x_wconf 88' lang='lat' dir='ltr'>ecclesiasticis</span> <span class='ocrx_word' id='word_1_246' title='bbox 766 3182 990 3236; x_wconf 88' lang='lat' dir='ltr'>scriniis</span> <span class='ocrx_word' id='word_1_247' title='bbox 1036 3181 1209 3235; x_wconf 83' lang='lat' dir='ltr'>fuisse</span> <span class='ocrx_word' id='word_1_248' title='bbox 1260 3181 1552 3251; x_wconf 86' lang='lat' dir='ltr'>seposita?</span> <span class='ocrx_word' id='word_1_249' title='bbox 1592 3181 1812 3236; x_wconf 90' lang='lat' dir='ltr'>Scimus</span> 
     </span>
    </p>
   </div>
   <div class='ocr_carea' id='block_1_36' title="bbox 101 3268 1812 3341">
    <p class='ocr_par' dir='ltr' id='par_1_36' title="bbox 101 3268 1812 3341">
     <span class='ocr_line' id='line_1_36' title="bbox 101 3268 1812 3341; baseline -0.002 -15"><span class='ocrx_word' id='word_1_250' title='bbox 101 3278 373 3327; x_wconf 83' lang='lat' dir='ltr'>sanctum</span> <span class='ocrx_word' id='word_1_251' title='bbox 414 3272 657 3325; x_wconf 90' lang='lat' dir='ltr'>Leonem</span> <span class='ocrx_word' id='word_1_252' title='bbox 689 3271 979 3341; x_wconf 86' lang='lat' dir='ltr'>Magnum,</span> <span class='ocrx_word' id='word_1_253' title='bbox 1021 3268 1121 3339; x_wconf 91' lang='lat' dir='ltr'>qui</span> <span class='ocrx_word' id='word_1_254' title='bbox 1178 3268 1380 3322; x_wconf 90' lang='lat' dir='ltr'>tertius</span> <span class='ocrx_word' id='word_1_255' title='bbox 1431 3285 1463 3322; x_wconf 90' lang='lat' dir='ltr'>a</span> <span class='ocrx_word' id='word_1_256' title='bbox 1510 3268 1812 3322; x_wconf 73' lang='lat' dir='ltr'>leestino</span> 
     </span>
    </p>
   </div>
   <div class='ocr_carea' id='block_1_37' title="bbox 102 3358 1812 3432">
    <p class='ocr_par' dir='ltr' id='par_1_37' title="bbox 102 3358 1812 3432">
     <span class='ocr_line' id='line_1_37' title="bbox 102 3358 1812 3432; baseline -0.002 -17"><span class='ocrx_word' id='word_1_257' title='bbox 102 3361 368 3432; x_wconf 83' lang='lat' dir='ltr'>pontifex</span> <span class='ocrx_word' id='word_1_258' title='bbox 398 3360 565 3426; x_wconf 88' lang='lat' dir='ltr'>sedit,</span> <span class='ocrx_word' id='word_1_259' title='bbox 593 3360 651 3413; x_wconf 90' lang='lat' dir='ltr'>in</span> <span class='ocrx_word' id='word_1_260' title='bbox 682 3359 923 3429; x_wconf 87' lang='lat' dir='ltr'>epistola</span> <span class='ocrx_word' id='word_1_261' title='bbox 952 3358 1026 3413; x_wconf 86' lang='lat' dir='ltr'>ad</span> <span class='ocrx_word' id='word_1_262' title='bbox 1082 3361 1342 3411; x_wconf 90' lang='lat' dir='ltr'>nostrum</span> <span class='ocrx_word' id='word_1_263' title='bbox 1389 3358 1812 3429; x_wconf 89' lang='lat' dir='ltr'>metropolitam</span> 
     </span>
    </p>
   </div>
   <div class='ocr_carea' id='block_1_38' title="bbox 106 3446 1814 3521">
    <p class='ocr_par' dir='ltr' id='par_1_38' title="bbox 106 3446 1814 3521">
     <span class='ocr_line' id='line_1_38' title="bbox 106 3446 1814 3521; baseline -0.002 -17"><span class='ocrx_word' id='word_1_264' title='bbox 106 3449 557 3521; x_wconf 85' lang='lat' dir='ltr'>Aquileiensem,</span> <span class='ocrx_word' id='word_1_265' title='bbox 617 3448 728 3501; x_wconf 92' lang='lat' dir='ltr'>duo</span> <span class='ocrx_word' id='word_1_266' title='bbox 784 3446 1010 3517; x_wconf 88' lang='lat' dir='ltr'>integra</span> <span class='ocrx_word' id='word_1_267' title='bbox 1073 3446 1259 3517; x_wconf 87' lang='lat' dir='ltr'>capita</span> <span class='ocrx_word' id='word_1_268' title='bbox 1313 3463 1381 3499; x_wconf 85' lang='lat' dir='ltr'>ex</span> <span class='ocrx_word' id='word_1_269' title='bbox 1438 3446 1584 3501; x_wconf 88' lang='lat' dir='ltr'>libro</span> <span class='ocrx_word' id='word_1_270' title='bbox 1635 3448 1814 3501; x_wconf 90' lang='lat' dir='ltr'>sancti</span> 
     </span>
    </p>
   </div>
   <div class='ocr_carea' id='block_1_39' title="bbox 101 3534 1810 3609">
    <p class='ocr_par' dir='ltr' id='par_1_39' title="bbox 101 3534 1810 3609">
     <span class='ocr_line' id='line_1_39' title="bbox 101 3534 1810 3609; baseline -0.002 -16"><span class='ocrx_word' id='word_1_271' title='bbox 101 3537 415 3609; x_wconf 82' lang='lat' dir='ltr'>Augustini</span> <span class='ocrx_word' id='word_1_272' title='bbox 445 3541 641 3591; x_wconf 90' lang='lat' dir='ltr'>contra</span> <span class='ocrx_word' id='word_1_273' title='bbox 671 3535 1004 3606; x_wconf 81' lang='lat' dir='ltr'>Pelagianos</span> <span class='ocrx_word' id='word_1_274' title='bbox 1036 3535 1105 3588; x_wconf 90' lang='lat' dir='ltr'>ad</span> <span class='ocrx_word' id='word_1_275' title='bbox 1134 3535 1371 3589; x_wconf 87' lang='lat' dir='ltr'>verbum</span> <span class='ocrx_word' id='word_1_276' title='bbox 1426 3534 1810 3605; x_wconf 88' lang='lat' dir='ltr'>exscripsisse.</span> 
     </span>
    </p>
   </div>
   <div class='ocr_carea' id='block_1_40' title="bbox 105 3623 1816 3695">
    <p class='ocr_par' dir='ltr' id='par_1_40' title="bbox 105 3623 1816 3695">
     <span class='ocr_line' id='line_1_40' title="bbox 105 3623 1816 3695; baseline -0.004 -11"><span class='ocrx_word' id='word_1_277' title='bbox 105 3630 225 3684; x_wconf 90' lang='lat' dir='ltr'>Cur</span> <span class='ocrx_word' id='word_1_278' title='bbox 261 3643 377 3680; x_wconf 91' lang='lat' dir='ltr'>non</span> <span class='ocrx_word' id='word_1_279' title='bbox 428 3626 536 3680; x_wconf 91' lang='lat' dir='ltr'>ista</span> <span class='ocrx_word' id='word_1_280' title='bbox 587 3625 802 3695; x_wconf 88' lang='lat' dir='ltr'>pariter</span> <span class='ocrx_word' id='word_1_281' title='bbox 866 3623 1195 3677; x_wconf 88' lang='lat' dir='ltr'>Hormisdas</span> <span class='ocrx_word' id='word_1_282' title='bbox 1244 3624 1541 3694; x_wconf 82' lang='lat' dir='ltr'>appellat?</span> <span class='ocrx_word' id='word_1_283' title='bbox 1595 3624 1816 3678; x_wconf 79' lang='lat' dir='ltr'>Scimus</span> 
     </span>
    </p>
   </div>
   <div class='ocr_carea' id='block_1_41' title="bbox 104 3710 1814 3783">
    <p class='ocr_par' dir='ltr' id='par_1_41' title="bbox 104 3710 1814 3783">
     <span class='ocr_line' id='line_1_41' title="bbox 104 3710 1814 3783; baseline -0.004 -12"><span class='ocrx_word' id='word_1_284' title='bbox 104 3720 375 3771; x_wconf 87' lang='lat' dir='ltr'>sanctum</span> <span class='ocrx_word' id='word_1_285' title='bbox 408 3713 693 3770; x_wconf 89' lang='lat' dir='ltr'>Gelasium</span> <span class='ocrx_word' id='word_1_286' title='bbox 747 3728 956 3783; x_wconf 87' lang='lat' dir='ltr'>papam</span> <span class='ocrx_word' id='word_1_287' title='bbox 988 3710 1060 3765; x_wconf 90' lang='lat' dir='ltr'>ad</span> <span class='ocrx_word' id='word_1_288' title='bbox 1116 3711 1435 3765; x_wconf 87' lang='lat' dir='ltr'>Honorium</span> <span class='ocrx_word' id='word_1_289' title='bbox 1484 3710 1814 3782; x_wconf 89' lang='lat' dir='ltr'>episcopum</span> 
     </span>
    </p>
   </div>
   <div class='ocr_carea' id='block_1_42' title="bbox 105 3798 1813 3872">
    <p class='ocr_par' dir='ltr' id='par_1_42' title="bbox 105 3798 1813 3872">
     <span class='ocr_line' id='line_1_42' title="bbox 105 3798 1813 3872; baseline -0.004 -13"><span class='ocrx_word' id='word_1_290' title='bbox 105 3808 313 3859; x_wconf 88' lang='lat' dir='ltr'>contra</span> <span class='ocrx_word' id='word_1_291' title='bbox 341 3802 673 3872; x_wconf 88' lang='lat' dir='ltr'>Pelagianos</span> <span class='ocrx_word' id='word_1_292' title='bbox 704 3798 1015 3870; x_wconf 88' lang='lat' dir='ltr'>scripsisse,</span> <span class='ocrx_word' id='word_1_293' title='bbox 1056 3802 1228 3869; x_wconf 89' lang='lat' dir='ltr'>atque</span> <span class='ocrx_word' id='word_1_294' title='bbox 1271 3798 1635 3852; x_wconf 89' lang='lat' dir='ltr'>mentionem</span> <span class='ocrx_word' id='word_1_295' title='bbox 1668 3817 1813 3870; x_wconf 83' lang='lat' dir='ltr'>quo-</span> 
     </span>
    </p>
   </div>
   <div class='ocr_carea' id='block_1_43' title="bbox 106 3888 1816 3963">
    <p class='ocr_par' dir='ltr' id='par_1_43' title="bbox 106 3888 1816 3963">
     <span class='ocr_line' id='line_1_43' title="bbox 106 3888 1816 3963; baseline -0.003 -14"><span class='ocrx_word' id='word_1_296' title='bbox 106 3894 377 3950; x_wconf 88' lang='lat' dir='ltr'>rumdam</span> <span class='ocrx_word' id='word_1_297' title='bbox 408 3891 786 3963; x_wconf 88' lang='lat' dir='ltr'>capitulorum</span> <span class='ocrx_word' id='word_1_298' title='bbox 826 3890 1058 3944; x_wconf 88' lang='lat' dir='ltr'>fecisse:</span> <span class='ocrx_word' id='word_1_299' title='bbox 1095 3908 1122 3940; x_wconf 87' lang='lat'>«</span> <span class='ocrx_word' id='word_1_300' title='bbox 1157 3890 1232 3943; x_wconf 90' lang='lat' dir='ltr'>De</span> <span class='ocrx_word' id='word_1_301' title='bbox 1265 3888 1492 3959; x_wconf 89' lang='lat' dir='ltr'>quibus,</span> <span class='ocrx_word' id='word_1_302' title='bbox 1535 3890 1740 3960; x_wconf 87' lang='lat' dir='ltr'>inquit,</span> <span class='ocrx_word' id='word_1_303' title='bbox 1774 3890 1816 3944; x_wconf 91' lang='lat' dir='ltr'>ii</span> 
     </span>
    </p>
   </div>
   <div class='ocr_carea' id='block_1_44' title="bbox 105 3976 1816 4057">
    <p class='ocr_par' dir='ltr' id='par_1_44' title="bbox 105 3976 1816 4057">
     <span class='ocr_line' id='line_1_44' title="bbox 105 3976 1816 4057; baseline -0.004 -19"><span class='ocrx_word' id='word_1_304' title='bbox 105 3999 261 4057; x_wconf 90' lang='lat' dir='ltr'>quos</span> <span class='ocrx_word' id='word_1_305' title='bbox 282 3988 379 4036; x_wconf 90' lang='lat' dir='ltr'>tua</span> <span class='ocrx_word' id='word_1_306' title='bbox 408 3981 650 4036; x_wconf 89' lang='lat' dir='ltr'>charitas</span> <span class='ocrx_word' id='word_1_307' title='bbox 680 3978 999 4045; x_wconf 85' lang='lat' dir='ltr'>destinavit,</span> <span class='ocrx_word' id='word_1_308' title='bbox 1031 3978 1078 4032; x_wconf 91' lang='lat' dir='ltr'>si</span> <span class='ocrx_word' id='word_1_309' title='bbox 1124 3977 1352 4048; x_wconf 87' lang='lat' dir='ltr'>plenius</span> <span class='ocrx_word' id='word_1_310' title='bbox 1381 3976 1590 4031; x_wconf 85' lang='lat' dir='ltr'>instrui</span> <span class='ocrx_word' id='word_1_311' title='bbox 1633 3979 1816 4031; x_wconf 80' lang='lat' dir='ltr'>volue-</span> 
     </span>
    </p>
   </div>
   <div class='ocr_carea' id='block_1_45' title="bbox 108 4067 1813 4144">
    <p class='ocr_par' dir='ltr' id='par_1_45' title="bbox 108 4067 1813 4144">
     <span class='ocr_line' id='line_1_45' title="bbox 108 4067 1813 4144; baseline -0.005 -15"><span class='ocrx_word' id='word_1_312' title='bbox 108 4076 256 4142; x_wconf 86' lang='lat' dir='ltr'>rint,</span> <span class='ocrx_word' id='word_1_313' title='bbox 282 4076 581 4144; x_wconf 88' lang='lat' dir='ltr'>sequentes</span> <span class='ocrx_word' id='word_1_314' title='bbox 610 4069 764 4124; x_wconf 90' lang='lat' dir='ltr'>tituli</span> <span class='ocrx_word' id='word_1_315' title='bbox 802 4085 934 4123; x_wconf 91' lang='lat' dir='ltr'>cum</span> <span class='ocrx_word' id='word_1_316' title='bbox 990 4068 1105 4122; x_wconf 86' lang='lat' dir='ltr'>suis</span> <span class='ocrx_word' id='word_1_317' title='bbox 1158 4067 1625 4139; x_wconf 90' lang='lat' dir='ltr'>responsionibus</span> <span class='ocrx_word' id='word_1_318' title='bbox 1680 4068 1813 4121; x_wconf 86' lang='lat' dir='ltr'>inti-</span> 
     </span>
    </p>
   </div>
   <div class='ocr_carea' id='block_1_46' title="bbox 106 4157 1816 4225">
    <p class='ocr_par' dir='ltr' id='par_1_46' title="bbox 106 4157 1816 4225">
     <span class='ocr_line' id='line_1_46' title="bbox 106 4157 1816 4225; baseline -0.005 -6"><span class='ocrx_word' id='word_1_319' title='bbox 106 4164 374 4219; x_wconf 86' lang='lat' dir='ltr'>mabunt.</span> <span class='ocrx_word' id='word_1_320' title='bbox 410 4181 436 4211; x_wconf 84' lang='lat'><strong>»</strong></span> <span class='ocrx_word' id='word_1_321' title='bbox 470 4161 653 4225; x_wconf 88' lang='lat' dir='ltr'>Quare</span> <span class='ocrx_word' id='word_1_322' title='bbox 688 4158 1016 4213; x_wconf 83' lang='lat' dir='ltr'>Ilormisdas</span> <span class='ocrx_word' id='word_1_323' title='bbox 1047 4158 1167 4211; x_wconf 63' lang='lat' dir='ltr'>haec</span> <span class='ocrx_word' id='word_1_324' title='bbox 1199 4157 1483 4211; x_wconf 88' lang='lat' dir='ltr'>insinuata</span> <span class='ocrx_word' id='word_1_325' title='bbox 1533 4174 1564 4210; x_wconf 91' lang='lat' dir='ltr'>a</span> <span class='ocrx_word' id='word_1_326' title='bbox 1599 4157 1816 4211; x_wconf 87' lang='lat' dir='ltr'>Gelasio</span> 
     </span>
    </p>
   </div>
   <div class='ocr_carea' id='block_1_47' title="bbox 107 4245 1817 4322">
    <p class='ocr_par' dir='ltr' id='par_1_47' title="bbox 107 4245 1817 4322">
     <span class='ocr_line' id='line_1_47' title="bbox 107 4245 1817 4322; baseline -0.004 -16"><span class='ocrx_word' id='word_1_327' title='bbox 107 4252 305 4322; x_wconf 86' lang='lat' dir='ltr'>capita</span> <span class='ocrx_word' id='word_1_328' title='bbox 334 4265 445 4304; x_wconf 86' lang='lat' dir='ltr'>non</span> <span class='ocrx_word' id='word_1_329' title='bbox 476 4247 796 4304; x_wconf 77' lang='lat' dir='ltr'>intellexit?</span> <span class='ocrx_word' id='word_1_330' title='bbox 825 4250 909 4301; x_wconf 87' lang='lat' dir='ltr'>An</span> <span class='ocrx_word' id='word_1_331' title='bbox 940 4246 1019 4300; x_wconf 93' lang='lat' dir='ltr'>nil</span> <span class='ocrx_word' id='word_1_332' title='bbox 1052 4246 1208 4301; x_wconf 90' lang='lat' dir='ltr'>aliud</span> <span class='ocrx_word' id='word_1_333' title='bbox 1252 4245 1508 4300; x_wconf 86' lang='lat' dir='ltr'>statuisse</span> <span class='ocrx_word' id='word_1_334' title='bbox 1565 4246 1817 4301; x_wconf 88' lang='lat' dir='ltr'>Gelasius</span> 
     </span>
    </p>
   </div>
   <div class='ocr_carea' id='block_1_48' title="bbox 1916 523 3610 596">
    <p class='ocr_par' dir='ltr' id='par_1_48' title="bbox 1916 523 3610 596">
     <span class='ocr_line' id='line_1_48' title="bbox 1916 523 3610 596; baseline -0.004 -14"><span class='ocrx_word' id='word_1_335' title='bbox 1916 528 2064 582; x_wconf 85' lang='lat' dir='ltr'>vitiis</span> <span class='ocrx_word' id='word_1_336' title='bbox 2094 528 2301 582; x_wconf 87' lang='lat' dir='ltr'>scrinia</span> <span class='ocrx_word' id='word_1_337' title='bbox 2352 526 2725 582; x_wconf 89' lang='lat' dir='ltr'>ecclesiastica</span> <span class='ocrx_word' id='word_1_338' title='bbox 2754 524 3164 596; x_wconf 86' lang='lat' dir='ltr'>locupletavit?</span> <span class='ocrx_word' id='word_1_339' title='bbox 3212 524 3358 587; x_wconf 88' lang='lat' dir='ltr'>Quid</span> <span class='ocrx_word' id='word_1_340' title='bbox 3404 523 3610 588; x_wconf 87' lang='lat' dir='ltr'>dicitis,</span> 
     </span>
    </p>
   </div>
   <div class='ocr_carea' id='block_1_49' title="bbox 1916 612 3609 687">
    <p class='ocr_par' dir='ltr' id='par_1_49' title="bbox 1916 612 3609 687">
     <span class='ocr_line' id='line_1_49' title="bbox 1916 612 3609 687; baseline -0.005 -15"><span class='ocrx_word' id='word_1_341' title='bbox 1916 636 1948 672; x_wconf 91' lang='grc' dir='ltr'>ο</span> <span class='ocrx_word' id='word_1_342' title='bbox 1978 618 2107 672; x_wconf 90' lang='lat' dir='ltr'>novi</span> <span class='ocrx_word' id='word_1_343' title='bbox 2138 618 2504 687; x_wconf 87' lang='lat' dir='ltr'>antiquarum</span> <span class='ocrx_word' id='word_1_344' title='bbox 2536 619 2927 671; x_wconf 83' lang='lat' dir='ltr'>Romanorum</span> <span class='ocrx_word' id='word_1_345' title='bbox 2968 613 3307 685; x_wconf 80' lang='lat' dir='ltr'>pontificum</span> <span class='ocrx_word' id='word_1_346' title='bbox 3338 612 3609 666; x_wconf 89' lang='lat' dir='ltr'>constitu-</span> 
     </span>
    </p>
   </div>
   <div class='ocr_carea' id='block_1_50' title="bbox 1916 706 2557 777">
    <p class='ocr_par' dir='ltr' id='par_1_50' title="bbox 1916 706 2557 777">
     <span class='ocr_line' id='line_1_50' title="bbox 1916 706 2557 777; baseline -0.003 -16"><span class='ocrx_word' id='word_1_347' title='bbox 1916 706 2139 761; x_wconf 91' lang='lat' dir='ltr'>tionum</span> <span class='ocrx_word' id='word_1_348' title='bbox 2169 706 2509 777; x_wconf 84' lang='lat' dir='ltr'>interpretes</span> <span class='ocrx_word' id='word_1_349' title='bbox 2531 709 2557 759; x_wconf 86' lang='lat'>?</span> 
     </span>
    </p>
   </div>
   <div class='ocr_carea' id='block_1_51' title="bbox 1988 788 3613 863">
    <p class='ocr_par' dir='ltr' id='par_1_51' title="bbox 1988 788 3613 863">
     <span class='ocr_line' id='line_1_51' title="bbox 1988 788 3613 863; baseline -0.004 -16"><span class='ocrx_word' id='word_1_350' title='bbox 1988 794 2096 847; x_wconf 88' lang='lat' dir='ltr'>Sed</span> <span class='ocrx_word' id='word_1_351' title='bbox 2125 792 2275 863; x_wconf 90' lang='lat' dir='ltr'>quod</span> <span class='ocrx_word' id='word_1_352' title='bbox 2307 794 2375 846; x_wconf 90' lang='lat' dir='ltr'>de</span> <span class='ocrx_word' id='word_1_353' title='bbox 2410 791 2606 845; x_wconf 84' lang='lat' dir='ltr'>Felicis</span> <span class='ocrx_word' id='word_1_354' title='bbox 2636 793 2706 845; x_wconf 89' lang='lat' dir='ltr'><strong>IV</strong></span> <span class='ocrx_word' id='word_1_355' title='bbox 2725 790 2988 860; x_wconf 88' lang='lat' dir='ltr'>capitulis</span> <span class='ocrx_word' id='word_1_356' title='bbox 3028 789 3241 861; x_wconf 88' lang='lat' dir='ltr'>mentio</span> <span class='ocrx_word' id='word_1_357' title='bbox 3292 788 3514 855; x_wconf 89' lang='lat' dir='ltr'>indicit,</span> <span class='ocrx_word' id='word_1_358' title='bbox 3546 804 3613 842; x_wconf 89' lang='lat' dir='ltr'>ex</span> 
     </span>
    </p>
   </div>
   <div class='ocr_carea' id='block_1_52' title="bbox 1918 878 3609 951">
    <p class='ocr_par' dir='ltr' id='par_1_52' title="bbox 1918 878 3609 951">
     <span class='ocr_line' id='line_1_52' title="bbox 1918 878 3609 951; baseline -0.004 -15"><span class='ocrx_word' id='word_1_359' title='bbox 1918 883 2062 937; x_wconf 89' lang='lat' dir='ltr'>libro</span> <span class='ocrx_word' id='word_1_360' title='bbox 2096 882 2281 951; x_wconf 88' lang='lat' dir='ltr'>primo</span> <span class='ocrx_word' id='word_1_361' title='bbox 2316 880 2575 934; x_wconf 63' lang='lat' dir='ltr'>Historiae</span> <span class='ocrx_word' id='word_1_362' title='bbox 2603 881 2789 949; x_wconf 87' lang='lat' dir='ltr'>Pelag.</span> <span class='ocrx_word' id='word_1_363' title='bbox 2824 897 2945 951; x_wconf 88' lang='lat' dir='ltr'>cap.</span> <span class='ocrx_word' id='word_1_364' title='bbox 3003 882 3069 933; x_wconf 77' lang='lat'>‘23</span> <span class='ocrx_word' id='word_1_365' title='bbox 3110 878 3476 932; x_wconf 89' lang='lat' dir='ltr'>recolendum</span> <span class='ocrx_word' id='word_1_366' title='bbox 3507 882 3609 941; x_wconf 88' lang='lat' dir='ltr'>est,</span> 
     </span>
    </p>
   </div>
   <div class='ocr_carea' id='block_1_53' title="bbox 1919 966 3611 1041">
    <p class='ocr_par' dir='ltr' id='par_1_53' title="bbox 1919 966 3611 1041">
     <span class='ocr_line' id='line_1_53' title="bbox 1919 966 3611 1041; baseline -0.004 -16"><span class='ocrx_word' id='word_1_367' title='bbox 1919 974 2239 1026; x_wconf 78' lang='lat' dir='ltr'>Romanum</span> <span class='ocrx_word' id='word_1_368' title='bbox 2266 970 2597 1041; x_wconf 69' lang='lat' dir='ltr'>pontificem</span> <span class='ocrx_word' id='word_1_369' title='bbox 2629 969 2697 1021; x_wconf 89' lang='lat' dir='ltr'>ad</span> <span class='ocrx_word' id='word_1_370' title='bbox 2727 970 2853 1021; x_wconf 87' lang='lat' dir='ltr'>lites</span> <span class='ocrx_word' id='word_1_371' title='bbox 2880 969 2947 1020; x_wconf 91' lang='lat' dir='ltr'>de</span> <span class='ocrx_word' id='word_1_372' title='bbox 2976 967 3200 1021; x_wconf 83' lang='lat' dir='ltr'>auxiliis</span> <span class='ocrx_word' id='word_1_373' title='bbox 3248 966 3452 1020; x_wconf 66' lang='lat' dir='ltr'>divinae</span> <span class='ocrx_word' id='word_1_374' title='bbox 3484 983 3611 1036; x_wconf 82' lang='lat' dir='ltr'>gra-</span> 
     </span>
    </p>
   </div>
   <div class='ocr_carea' id='block_1_54' title="bbox 1916 1056 3609 1130">
    <p class='ocr_par' dir='ltr' id='par_1_54' title="bbox 1916 1056 3609 1130">
     <span class='ocr_line' id='line_1_54' title="bbox 1916 1056 3609 1130; baseline -0.004 -16"><span class='ocrx_word' id='word_1_375' title='bbox 1916 1060 2009 1114; x_wconf 68' lang='lat' dir='ltr'>tiae</span> <span class='ocrx_word' id='word_1_376' title='bbox 2041 1076 2142 1130; x_wconf 88' lang='lat' dir='ltr'>per</span> <span class='ocrx_word' id='word_1_377' title='bbox 2184 1064 2413 1113; x_wconf 87' lang='lat' dir='ltr'>centum</span> <span class='ocrx_word' id='word_1_378' title='bbox 2446 1059 2562 1111; x_wconf 85' lang='lat' dir='ltr'>fere</span> <span class='ocrx_word' id='word_1_379' title='bbox 2592 1073 2773 1110; x_wconf 91' lang='lat' dir='ltr'>annos</span> <span class='ocrx_word' id='word_1_380' title='bbox 2797 1056 3003 1111; x_wconf 82' lang='lat' dir='ltr'>Gallias</span> <span class='ocrx_word' id='word_1_381' title='bbox 3032 1056 3345 1122; x_wconf 87' lang='lat' dir='ltr'>turbantes,</span> <span class='ocrx_word' id='word_1_382' title='bbox 3380 1060 3609 1125; x_wconf 86' lang='lat' dir='ltr'>aposto—</span> 
     </span>
    </p>
   </div>
   <div class='ocr_carea' id='block_1_55' title="bbox 1918 1143 3614 1215">
    <p class='ocr_par' dir='ltr' id='par_1_55' title="bbox 1918 1143 3614 1215">
     <span class='ocr_line' id='line_1_55' title="bbox 1918 1143 3614 1215; baseline -0.005 -12"><span class='ocrx_word' id='word_1_383' title='bbox 1918 1150 2023 1203; x_wconf 86' lang='lat' dir='ltr'>lica</span> <span class='ocrx_word' id='word_1_384' title='bbox 2064 1149 2399 1201; x_wconf 89' lang='lat' dir='ltr'>auctoritate</span> <span class='ocrx_word' id='word_1_385' title='bbox 2431 1147 2750 1215; x_wconf 86' lang='lat' dir='ltr'>sopiendas,</span> <span class='ocrx_word' id='word_1_386' title='bbox 2783 1144 2985 1215; x_wconf 89' lang='lat' dir='ltr'>viginti</span> <span class='ocrx_word' id='word_1_387' title='bbox 3016 1144 3271 1215; x_wconf 85' lang='lat' dir='ltr'>quinque</span> <span class='ocrx_word' id='word_1_388' title='bbox 3306 1143 3614 1197; x_wconf 87' lang='lat' dir='ltr'>sententias</span> 
     </span>
    </p>
   </div>
   <div class='ocr_carea' id='block_1_56' title="bbox 1918 1232 3612 1304">
    <p class='ocr_par' dir='ltr' id='par_1_56' title="bbox 1918 1232 3612 1304">
     <span class='ocr_line' id='line_1_56' title="bbox 1918 1232 3612 1304; baseline -0.004 -13"><span class='ocrx_word' id='word_1_389' title='bbox 1918 1256 1985 1291; x_wconf 91' lang='lat' dir='ltr'>ex</span> <span class='ocrx_word' id='word_1_390' title='bbox 2039 1238 2199 1291; x_wconf 90' lang='lat' dir='ltr'>libris</span> <span class='ocrx_word' id='word_1_391' title='bbox 2265 1236 2443 1290; x_wconf 89' lang='lat' dir='ltr'>sancti</span> <span class='ocrx_word' id='word_1_392' title='bbox 2500 1233 2803 1304; x_wconf 86' lang='lat' dir='ltr'>Augustini</span> <span class='ocrx_word' id='word_1_393' title='bbox 2860 1233 3155 1302; x_wconf 87' lang='lat' dir='ltr'>decerptas</span> <span class='ocrx_word' id='word_1_394' title='bbox 3232 1232 3297 1297; x_wconf 82' lang='lat' dir='ltr'>ad</span> <span class='ocrx_word' id='word_1_395' title='bbox 3354 1237 3612 1285; x_wconf 89' lang='lat' dir='ltr'>sanctum</span> 
     </span>
    </p>
   </div>
   <div class='ocr_carea' id='block_1_57' title="bbox 1919 1320 3614 1391">
    <p class='ocr_par' dir='ltr' id='par_1_57' title="bbox 1919 1320 3614 1391">
     <span class='ocr_line' id='line_1_57' title="bbox 1919 1320 3614 1391; baseline -0.005 -10"><span class='ocrx_word' id='word_1_396' title='bbox 1919 1327 2227 1381; x_wconf 86' lang='lat' dir='ltr'>Caesarium</span> <span class='ocrx_word' id='word_1_397' title='bbox 2260 1326 2647 1379; x_wconf 83' lang='lat' dir='ltr'>Arelatensem</span> <span class='ocrx_word' id='word_1_398' title='bbox 2676 1322 3079 1388; x_wconf 85' lang='lat' dir='ltr'>transmisisse,</span> <span class='ocrx_word' id='word_1_399' title='bbox 3126 1320 3235 1391; x_wconf 91' lang='lat' dir='ltr'>ipsi</span> <span class='ocrx_word' id='word_1_400' title='bbox 3284 1321 3614 1391; x_wconf 65' lang='lat' dir='ltr'>caaterisque</span> 
     </span>
    </p>
   </div>
   <div class='ocr_carea' id='block_1_58' title="bbox 1919 1409 3617 1487">
    <p class='ocr_par' dir='ltr' id='par_1_58' title="bbox 1919 1409 3617 1487">
     <span class='ocr_line' id='line_1_58' title="bbox 1919 1409 3617 1487; baseline -0.006 -17"><span class='ocrx_word' id='word_1_401' title='bbox 1919 1417 2111 1470; x_wconf 67' lang='lat' dir='ltr'>Gallia:</span> <span class='ocrx_word' id='word_1_402' title='bbox 2143 1415 2421 1487; x_wconf 87' lang='lat' dir='ltr'>episcopis</span> <span class='ocrx_word' id='word_1_403' title='bbox 2451 1413 2901 1467; x_wconf 77' lang='lat' dir='ltr'>subscribendas.</span> <span class='ocrx_word' id='word_1_404' title='bbox 2951 1410 3087 1474; x_wconf 85' lang='lat' dir='ltr'>Quis</span> <span class='ocrx_word' id='word_1_405' title='bbox 3144 1424 3317 1478; x_wconf 90' lang='lat' dir='ltr'>porro</span> <span class='ocrx_word' id='word_1_406' title='bbox 3367 1424 3484 1461; x_wconf 89' lang='lat' dir='ltr'>non</span> <span class='ocrx_word' id='word_1_407' title='bbox 3532 1409 3617 1461; x_wconf 91' lang='lat' dir='ltr'>in-</span> 
     </span>
    </p>
   </div>
   <div class='ocr_carea' id='block_1_59' title="bbox 1916 1498 3618 1575">
    <p class='ocr_par' dir='ltr' id='par_1_59' title="bbox 1916 1498 3618 1575">
     <span class='ocr_line' id='line_1_59' title="bbox 1916 1498 3618 1575; baseline -0.005 -18"><span class='ocrx_word' id='word_1_408' title='bbox 1916 1506 2434 1575; x_wconf 83' lang='lat' dir='ltr'>telligatquantum</span> <span class='ocrx_word' id='word_1_409' title='bbox 2462 1520 2527 1555; x_wconf 93' lang='lat' dir='ltr'>eo</span> <span class='ocrx_word' id='word_1_410' title='bbox 2578 1502 2724 1555; x_wconf 86' lang='lat' dir='ltr'>facto</span> <span class='ocrx_word' id='word_1_411' title='bbox 2768 1498 3004 1553; x_wconf 87' lang='lat' dir='ltr'>honoris</span> <span class='ocrx_word' id='word_1_412' title='bbox 3053 1498 3471 1551; x_wconf 83' lang='lat' dir='ltr'>incrementum</span> <span class='ocrx_word' id='word_1_413' title='bbox 3502 1498 3618 1549; x_wconf 89' lang='lat' dir='ltr'>Au-</span> 
     </span>
    </p>
   </div>
   <div class='ocr_carea' id='block_1_60' title="bbox 1919 1585 3616 1664">
    <p class='ocr_par' dir='ltr' id='par_1_60' title="bbox 1919 1585 3616 1664">
     <span class='ocr_line' id='line_1_60' title="bbox 1919 1585 3616 1664; baseline -0.004 -18"><span class='ocrx_word' id='word_1_414' title='bbox 1919 1594 2148 1664; x_wconf 88' lang='lat' dir='ltr'>gustino</span> <span class='ocrx_word' id='word_1_415' title='bbox 2177 1593 2433 1646; x_wconf 88' lang='lat' dir='ltr'>additum</span> <span class='ocrx_word' id='word_1_416' title='bbox 2465 1591 2555 1658; x_wconf 89' lang='lat' dir='ltr'>sit,</span> <span class='ocrx_word' id='word_1_417' title='bbox 2588 1606 2719 1644; x_wconf 92' lang='lat' dir='ltr'>cum</span> <span class='ocrx_word' id='word_1_418' title='bbox 2771 1605 2899 1659; x_wconf 71' lang='lat' dir='ltr'>quas</span> <span class='ocrx_word' id='word_1_419' title='bbox 2932 1586 3091 1658; x_wconf 90' lang='lat' dir='ltr'>prius</span> <span class='ocrx_word' id='word_1_420' title='bbox 3122 1587 3275 1640; x_wconf 90' lang='lat' dir='ltr'>illius</span> <span class='ocrx_word' id='word_1_421' title='bbox 3303 1602 3463 1640; x_wconf 90' lang='lat' dir='ltr'>voces</span> <span class='ocrx_word' id='word_1_422' title='bbox 3492 1585 3616 1639; x_wconf 87' lang='lat' dir='ltr'>fue-</span> 
     </span>
    </p>
   </div>
   <div class='ocr_carea' id='block_1_61' title="bbox 1919 1674 3619 1749">
    <p class='ocr_par' dir='ltr' id='par_1_61' title="bbox 1919 1674 3619 1749">
     <span class='ocr_line' id='line_1_61' title="bbox 1919 1674 3619 1749; baseline -0.005 -14"><span class='ocrx_word' id='word_1_423' title='bbox 1919 1687 2065 1749; x_wconf 91' lang='lat' dir='ltr'>rant,</span> <span class='ocrx_word' id='word_1_424' title='bbox 2101 1682 2157 1734; x_wconf 94' lang='lat' dir='ltr'>in</span> <span class='ocrx_word' id='word_1_425' title='bbox 2184 1683 2571 1735; x_wconf 81' lang='lat' dir='ltr'>Romanorum</span> <span class='ocrx_word' id='word_1_426' title='bbox 2602 1678 2914 1747; x_wconf 64' lang='lat' dir='ltr'>prmsulum</span> <span class='ocrx_word' id='word_1_427' title='bbox 2937 1693 2999 1730; x_wconf 90' lang='lat' dir='ltr'>ac</span> <span class='ocrx_word' id='word_1_428' title='bbox 3015 1676 3364 1746; x_wconf 83' lang='lat' dir='ltr'>synodorum</span> <span class='ocrx_word' id='word_1_429' title='bbox 3392 1674 3619 1727; x_wconf 85' lang='lat' dir='ltr'>oracula</span> 
     </span>
    </p>
   </div>
   <div class='ocr_carea' id='block_1_62' title="bbox 1922 1764 3618 1835">
    <p class='ocr_par' dir='ltr' id='par_1_62' title="bbox 1922 1764 3618 1835">
     <span class='ocr_line' id='line_1_62' title="bbox 1922 1764 3618 1835; baseline -0.006 -11"><span class='ocrx_word' id='word_1_430' title='bbox 1922 1770 2302 1825; x_wconf 78' lang='lat' dir='ltr'>transierint?</span> <span class='ocrx_word' id='word_1_431' title='bbox 2332 1772 2403 1822; x_wconf 84' lang='lat' dir='ltr'>At</span> <span class='ocrx_word' id='word_1_432' title='bbox 2430 1768 2521 1821; x_wconf 90' lang='lat' dir='ltr'>hic</span> <span class='ocrx_word' id='word_1_433' title='bbox 2552 1783 2743 1821; x_wconf 88' lang='lat' dir='ltr'>rursus</span> <span class='ocrx_word' id='word_1_434' title='bbox 2784 1766 3079 1835; x_wconf 89' lang='lat' dir='ltr'>pulverem</span> <span class='ocrx_word' id='word_1_435' title='bbox 3113 1764 3357 1818; x_wconf 82' lang='lat' dir='ltr'>excitant</span> <span class='ocrx_word' id='word_1_436' title='bbox 3414 1778 3618 1815; x_wconf 90' lang='lat' dir='ltr'>recen—</span> 
     </span>
    </p>
   </div>
   <div class='ocr_carea' id='block_1_63' title="bbox 1920 1849 3618 1929">
    <p class='ocr_par' dir='ltr' id='par_1_63' title="bbox 1920 1849 3618 1929">
     <span class='ocr_line' id='line_1_63' title="bbox 1920 1849 3618 1929; baseline -0.006 -16"><span class='ocrx_word' id='word_1_437' title='bbox 1920 1860 2115 1925; x_wconf 89' lang='lat' dir='ltr'>tiores,</span> <span class='ocrx_word' id='word_1_438' title='bbox 2148 1875 2258 1929; x_wconf 88' lang='lat' dir='ltr'>quo</span> <span class='ocrx_word' id='word_1_439' title='bbox 2278 1862 2436 1910; x_wconf 87' lang='lat' dir='ltr'>tanta</span> <span class='ocrx_word' id='word_1_440' title='bbox 2464 1856 2782 1925; x_wconf 89' lang='lat' dir='ltr'>Augustino</span> <span class='ocrx_word' id='word_1_441' title='bbox 2815 1853 3018 1907; x_wconf 64' lang='lat' dir='ltr'>delatae</span> <span class='ocrx_word' id='word_1_442' title='bbox 3045 1849 3400 1905; x_wconf 88' lang='lat' dir='ltr'>auctoritatis</span> <span class='ocrx_word' id='word_1_443' title='bbox 3434 1849 3618 1921; x_wconf 87' lang='lat' dir='ltr'>gloria</span> 
     </span>
    </p>
   </div>
   <div class='ocr_carea' id='block_1_64' title="bbox 1920 1939 3618 2010">
    <p class='ocr_par' dir='ltr' id='par_1_64' title="bbox 1920 1939 3618 2010">
     <span class='ocr_line' id='line_1_64' title="bbox 1920 1939 3618 2010; baseline -0.007 -7"><span class='ocrx_word' id='word_1_444' title='bbox 1920 1950 2273 2003; x_wconf 86' lang='lat' dir='ltr'>obscuretur.</span> <span class='ocrx_word' id='word_1_445' title='bbox 2313 1947 2529 2001; x_wconf 89' lang='lat' dir='ltr'>Clamat</span> <span class='ocrx_word' id='word_1_446' title='bbox 2556 1948 2812 1998; x_wconf 82' lang='lat' dir='ltr'>Annatus</span> <span class='ocrx_word' id='word_1_447' title='bbox 2843 1957 2965 2010; x_wconf 88' lang='lat' dir='ltr'>cap.</span> <span class='ocrx_word' id='word_1_448' title='bbox 3016 1944 3067 2006; x_wconf 89' lang='lat'>6,</span> <span class='ocrx_word' id='word_1_449' title='bbox 3117 1956 3244 2010; x_wconf 88' lang='lat' dir='ltr'>pag.</span> <span class='ocrx_word' id='word_1_450' title='bbox 3294 1941 3439 1993; x_wconf 82' lang='lat'>903:</span> <span class='ocrx_word' id='word_1_451' title='bbox 3498 1939 3618 1991; x_wconf 85' lang='lat' dir='ltr'>«Et</span> 
     </span>
    </p>
   </div>
   <div class='ocr_carea' id='block_1_65' title="bbox 1922 2028 3618 2107">
    <p class='ocr_par' dir='ltr' id='par_1_65' title="bbox 1922 2028 3618 2107">
     <span class='ocr_line' id='line_1_65' title="bbox 1922 2028 3618 2107; baseline -0.007 -16"><span class='ocrx_word' id='word_1_452' title='bbox 1922 2039 2283 2107; x_wconf 84' lang='lat' dir='ltr'>Felix,quem</span> <span class='ocrx_word' id='word_1_453' title='bbox 2304 2036 2477 2089; x_wconf 89' lang='lat' dir='ltr'>etiam</span> <span class='ocrx_word' id='word_1_454' title='bbox 2506 2034 2763 2087; x_wconf 88' lang='lat' dir='ltr'>referunt</span> <span class='ocrx_word' id='word_1_455' title='bbox 2804 2029 2999 2084; x_wconf 86' lang='lat' dir='ltr'>Baiani</span> <span class='ocrx_word' id='word_1_456' title='bbox 3028 2029 3178 2082; x_wconf 91' lang='lat' dir='ltr'>inter</span> <span class='ocrx_word' id='word_1_457' title='bbox 3206 2028 3618 2097; x_wconf 87' lang='lat' dir='ltr'>approbatores</span> 
     </span>
    </p>
   </div>
   <div class='ocr_carea' id='block_1_66' title="bbox 1918 2116 3614 2197">
    <p class='ocr_par' dir='ltr' id='par_1_66' title="bbox 1918 2116 3614 2197">
     <span class='ocr_line' id='line_1_66' title="bbox 1918 2116 3614 2197; baseline -0.008 -16"><span class='ocrx_word' id='word_1_458' title='bbox 1918 2125 2244 2197; x_wconf 81' lang='lat' dir='ltr'>Augustini,</span> <span class='ocrx_word' id='word_1_459' title='bbox 2278 2130 2579 2195; x_wconf 88' lang='lat' dir='ltr'>propterea</span> <span class='ocrx_word' id='word_1_460' title='bbox 2610 2120 2765 2192; x_wconf 91' lang='lat' dir='ltr'>quod</span> <span class='ocrx_word' id='word_1_461' title='bbox 2818 2134 3060 2172; x_wconf 88' lang='lat' dir='ltr'>canones</span> <span class='ocrx_word' id='word_1_462' title='bbox 3108 2116 3472 2171; x_wconf 79' lang='lat' dir='ltr'>Arausicanae</span> <span class='ocrx_word' id='word_1_463' title='bbox 3523 2132 3614 2185; x_wconf 80' lang='lat' dir='ltr'>sy-</span> 
     </span>
    </p>
   </div>
   <div class='ocr_carea' id='block_1_67' title="bbox 1918 2203 3615 2278">
    <p class='ocr_par' dir='ltr' id='par_1_67' title="bbox 1918 2203 3615 2278">
     <span class='ocr_line' id='line_1_67' title="bbox 1918 2203 3615 2278; baseline -0.008 -9"><span class='ocrx_word' id='word_1_464' title='bbox 1918 2214 2055 2269; x_wconf 87' lang='lat' dir='ltr'>nodi</span> <span class='ocrx_word' id='word_1_465' title='bbox 2082 2219 2360 2268; x_wconf 89' lang='lat' dir='ltr'>extractos</span> <span class='ocrx_word' id='word_1_466' title='bbox 2407 2229 2474 2265; x_wconf 88' lang='lat' dir='ltr'>ex</span> <span class='ocrx_word' id='word_1_467' title='bbox 2506 2210 2663 2264; x_wconf 91' lang='lat' dir='ltr'>libris</span> <span class='ocrx_word' id='word_1_468' title='bbox 2720 2206 3047 2278; x_wconf 84' lang='lat' dir='ltr'>Augustini,</span> <span class='ocrx_word' id='word_1_469' title='bbox 3092 2210 3149 2259; x_wconf 90' lang='lat' dir='ltr'>et</span> <span class='ocrx_word' id='word_1_470' title='bbox 3202 2204 3382 2273; x_wconf 91' lang='lat' dir='ltr'>ipsius</span> <span class='ocrx_word' id='word_1_471' title='bbox 3437 2203 3615 2257; x_wconf 91' lang='lat' dir='ltr'>etiam</span> 
     </span>
    </p>
   </div>
   <div class='ocr_carea' id='block_1_68' title="bbox 1922 2293 3615 2371">
    <p class='ocr_par' dir='ltr' id='par_1_68' title="bbox 1922 2293 3615 2371">
     <span class='ocr_line' id='line_1_68' title="bbox 1922 2293 3615 2371; baseline -0.007 -14"><span class='ocrx_word' id='word_1_472' title='bbox 1922 2302 2106 2357; x_wconf 88' lang='lat' dir='ltr'>verbis</span> <span class='ocrx_word' id='word_1_473' title='bbox 2128 2307 2431 2371; x_wconf 90' lang='lat' dir='ltr'>conceptos</span> <span class='ocrx_word' id='word_1_474' title='bbox 2478 2300 2544 2353; x_wconf 91' lang='lat' dir='ltr'>ad</span> <span class='ocrx_word' id='word_1_475' title='bbox 2577 2299 2873 2369; x_wconf 88' lang='lat' dir='ltr'>episcopos</span> <span class='ocrx_word' id='word_1_476' title='bbox 2932 2294 3126 2349; x_wconf 64' lang='lat' dir='ltr'>Galliae</span> <span class='ocrx_word' id='word_1_477' title='bbox 3157 2293 3399 2361; x_wconf 88' lang='lat' dir='ltr'>miserit,</span> <span class='ocrx_word' id='word_1_478' title='bbox 3431 2296 3615 2346; x_wconf 87' lang='lat' dir='ltr'>extra-</span> 
     </span>
    </p>
   </div>
   <div class='ocr_carea' id='block_1_69' title="bbox 1920 2381 3621 2457">
    <p class='ocr_par' dir='ltr' id='par_1_69' title="bbox 1920 2381 3621 2457">
     <span class='ocr_line' id='line_1_69' title="bbox 1920 2381 3621 2457; baseline -0.007 -12"><span class='ocrx_word' id='word_1_479' title='bbox 1920 2392 2106 2445; x_wconf 83' lang='lat' dir='ltr'>ctione</span> <span class='ocrx_word' id='word_1_480' title='bbox 2135 2391 2230 2444; x_wconf 87' lang='lat' dir='ltr'>illa</span> <span class='ocrx_word' id='word_1_481' title='bbox 2254 2388 2588 2443; x_wconf 88' lang='lat' dir='ltr'>monstravit</span> <span class='ocrx_word' id='word_1_482' title='bbox 2617 2386 2753 2457; x_wconf 92' lang='lat' dir='ltr'>quid</span> <span class='ocrx_word' id='word_1_483' title='bbox 2786 2388 2931 2438; x_wconf 89' lang='lat' dir='ltr'>esset</span> <span class='ocrx_word' id='word_1_484' title='bbox 2963 2399 3190 2437; x_wconf 91' lang='lat' dir='ltr'>necesse</span> <span class='ocrx_word' id='word_1_485' title='bbox 3228 2383 3299 2435; x_wconf 91' lang='lat' dir='ltr'>ab</span> <span class='ocrx_word' id='word_1_486' title='bbox 3353 2381 3621 2435; x_wconf 90' lang='lat' dir='ltr'>omnibus</span> 
     </span>
    </p>
   </div>
   <div class='ocr_carea' id='block_1_70' title="bbox 1920 2471 3620 2551">
    <p class='ocr_par' dir='ltr' id='par_1_70' title="bbox 1920 2471 3620 2551">
     <span class='ocr_line' id='line_1_70' title="bbox 1920 2471 3620 2551; baseline -0.007 -16"><span class='ocrx_word' id='word_1_487' title='bbox 1920 2480 2098 2551; x_wconf 89' lang='lat' dir='ltr'>recipi</span> <span class='ocrx_word' id='word_1_488' title='bbox 2120 2497 2183 2533; x_wconf 90' lang='lat' dir='ltr'>ex</span> <span class='ocrx_word' id='word_1_489' title='bbox 2220 2479 2483 2533; x_wconf 89' lang='lat' dir='ltr'>universa</span> <span class='ocrx_word' id='word_1_490' title='bbox 2512 2477 2664 2529; x_wconf 91' lang='lat' dir='ltr'>illius</span> <span class='ocrx_word' id='word_1_491' title='bbox 2699 2473 2977 2538; x_wconf 87' lang='lat' dir='ltr'>doctrina,</span> <span class='ocrx_word' id='word_1_492' title='bbox 3012 2487 3218 2542; x_wconf 89' lang='lat' dir='ltr'>nempe</span> <span class='ocrx_word' id='word_1_493' title='bbox 3249 2471 3305 2525; x_wconf 91' lang='lat' dir='ltr'>id</span> <span class='ocrx_word' id='word_1_494' title='bbox 3337 2471 3492 2540; x_wconf 90' lang='lat' dir='ltr'>quod</span> <span class='ocrx_word' id='word_1_495' title='bbox 3523 2486 3620 2523; x_wconf 87' lang='lat' dir='ltr'>ca-</span> 
     </span>
    </p>
   </div>
   <div class='ocr_carea' id='block_1_71' title="bbox 1920 2558 3621 2635">
    <p class='ocr_par' dir='ltr' id='par_1_71' title="bbox 1920 2558 3621 2635">
     <span class='ocr_line' id='line_1_71' title="bbox 1920 2558 3621 2635; baseline -0.007 -12"><span class='ocrx_word' id='word_1_496' title='bbox 1920 2570 2170 2623; x_wconf 89' lang='lat' dir='ltr'>nonibus</span> <span class='ocrx_word' id='word_1_497' title='bbox 2204 2568 2315 2621; x_wconf 90' lang='lat' dir='ltr'>illis</span> <span class='ocrx_word' id='word_1_498' title='bbox 2346 2565 2701 2635; x_wconf 81' lang='lat' dir='ltr'>exprimitur,</span> <span class='ocrx_word' id='word_1_499' title='bbox 2752 2561 3029 2633; x_wconf 89' lang='lat' dir='ltr'>permissa</span> <span class='ocrx_word' id='word_1_500' title='bbox 3074 2560 3374 2614; x_wconf 88' lang='lat' dir='ltr'>lectoribus</span> <span class='ocrx_word' id='word_1_501' title='bbox 3417 2558 3621 2629; x_wconf 84' lang='lat' dir='ltr'>judicii</span> 
     </span>
    </p>
   </div>
   <div class='ocr_carea' id='block_1_72' title="bbox 1921 2652 3620 2723">
    <p class='ocr_par' dir='ltr' id='par_1_72' title="bbox 1921 2652 3620 2723">
     <span class='ocr_line' id='line_1_72' title="bbox 1921 2652 3620 2723; baseline -0.008 -10"><span class='ocrx_word' id='word_1_502' title='bbox 1921 2660 2178 2713; x_wconf 87' lang='lat' dir='ltr'>libertate</span> <span class='ocrx_word' id='word_1_503' title='bbox 2210 2657 2356 2711; x_wconf 86' lang='lat' dir='ltr'>circa</span> <span class='ocrx_word' id='word_1_504' title='bbox 2386 2661 2636 2717; x_wconf 56' lang='lat' dir='ltr'>caeteras,</span> <span class='ocrx_word' id='word_1_505' title='bbox 2671 2669 2799 2723; x_wconf 64' lang='lat' dir='ltr'>quas</span> <span class='ocrx_word' id='word_1_506' title='bbox 2850 2652 3260 2709; x_wconf 84' lang='lat' dir='ltr'>intercurrunt,</span> <span class='ocrx_word' id='word_1_507' title='bbox 3294 2654 3620 2701; x_wconf 89' lang='lat' dir='ltr'>controver-</span> 
     </span>
    </p>
   </div>
   <div class='ocr_carea' id='block_1_73' title="bbox 1922 2735 3620 2810">
    <p class='ocr_par' dir='ltr' id='par_1_73' title="bbox 1922 2735 3620 2810">
     <span class='ocr_line' id='line_1_73' title="bbox 1922 2735 3620 2810; baseline -0.008 -9"><span class='ocrx_word' id='word_1_508' title='bbox 1922 2747 2052 2802; x_wconf 87' lang='lat' dir='ltr'>sias.</span> <span class='ocrx_word' id='word_1_509' title='bbox 2088 2767 2114 2799; x_wconf 88' lang='lat'>»</span> <span class='ocrx_word' id='word_1_510' title='bbox 2152 2747 2298 2799; x_wconf 89' lang='lat' dir='ltr'>Belle</span> <span class='ocrx_word' id='word_1_511' title='bbox 2327 2762 2390 2798; x_wconf 92' lang='lat' dir='ltr'>ac</span> <span class='ocrx_word' id='word_1_512' title='bbox 2416 2745 2599 2797; x_wconf 89' lang='lat' dir='ltr'>bene:</span> <span class='ocrx_word' id='word_1_513' title='bbox 2636 2741 2814 2810; x_wconf 88' lang='lat' dir='ltr'>igitur</span> <span class='ocrx_word' id='word_1_514' title='bbox 2861 2756 2975 2791; x_wconf 84' lang='lat' dir='ltr'>non</span> <span class='ocrx_word' id='word_1_515' title='bbox 3006 2753 3210 2791; x_wconf 86' lang='lat' dir='ltr'>novem</span> <span class='ocrx_word' id='word_1_516' title='bbox 3258 2735 3620 2789; x_wconf 90' lang='lat' dir='ltr'>solummodo</span> 
     </span>
    </p>
   </div>
   <div class='ocr_carea' id='block_1_74' title="bbox 1924 2824 3621 2898">
    <p class='ocr_par' dir='ltr' id='par_1_74' title="bbox 1924 2824 3621 2898">
     <span class='ocr_line' id='line_1_74' title="bbox 1924 2824 3621 2898; baseline -0.009 -7"><span class='ocrx_word' id='word_1_517' title='bbox 1924 2835 2211 2891; x_wconf 82' lang='lat' dir='ltr'>Coelestini</span> <span class='ocrx_word' id='word_1_518' title='bbox 2242 2832 2538 2887; x_wconf 68' lang='lat' dir='ltr'>sententia:</span> <span class='ocrx_word' id='word_1_519' title='bbox 2571 2847 2637 2883; x_wconf 91' lang='lat' dir='ltr'>ex</span> <span class='ocrx_word' id='word_1_520' title='bbox 2664 2825 3271 2898; x_wconf 85' lang='lat' dir='ltr'>Augustinianislibris</span> <span class='ocrx_word' id='word_1_521' title='bbox 3292 2824 3621 2893; x_wconf 73' lang='lat' dir='ltr'>approbatze</span> 
     </span>
    </p>
   </div>
   <div class='ocr_carea' id='block_1_75' title="bbox 1923 2911 3619 2994">
    <p class='ocr_par' dir='ltr' id='par_1_75' title="bbox 1923 2911 3619 2994">
     <span class='ocr_line' id='line_1_75' title="bbox 1923 2911 3619 2994; baseline -0.008 -16"><span class='ocrx_word' id='word_1_522' title='bbox 1923 2930 2073 2986; x_wconf 87' lang='lat' dir='ltr'>sunt,</span> <span class='ocrx_word' id='word_1_523' title='bbox 2104 2924 2254 2994; x_wconf 86' lang='lat' dir='ltr'>quod</span> <span class='ocrx_word' id='word_1_524' title='bbox 2285 2922 2357 2975; x_wconf 88' lang='lat' dir='ltr'>ad</span> <span class='ocrx_word' id='word_1_525' title='bbox 2383 2935 2655 2975; x_wconf 90' lang='lat' dir='ltr'>nauseam</span> <span class='ocrx_word' id='word_1_526' title='bbox 2692 2933 2870 2987; x_wconf 88' lang='lat' dir='ltr'>usque</span> <span class='ocrx_word' id='word_1_527' title='bbox 2904 2914 3217 2979; x_wconf 86' lang='lat' dir='ltr'>inculcatis,</span> <span class='ocrx_word' id='word_1_528' title='bbox 3253 2913 3350 2967; x_wconf 91' lang='lat' dir='ltr'>sed</span> <span class='ocrx_word' id='word_1_529' title='bbox 3399 2918 3481 2967; x_wconf 90' lang='lat' dir='ltr'>tot</span> <span class='ocrx_word' id='word_1_530' title='bbox 3531 2911 3619 2965; x_wconf 92' lang='lat' dir='ltr'>in-</span> 
     </span>
    </p>
   </div>
   <div class='ocr_carea' id='block_1_76' title="bbox 1923 3001 3621 3083">
    <p class='ocr_par' dir='ltr' id='par_1_76' title="bbox 1923 3001 3621 3083">
     <span class='ocr_line' id='line_1_76' title="bbox 1923 3001 3621 3083; baseline -0.008 -16"><span class='ocrx_word' id='word_1_531' title='bbox 1923 3030 2094 3083; x_wconf 88' lang='lat' dir='ltr'>super</span> <span class='ocrx_word' id='word_1_532' title='bbox 2120 3012 2231 3066; x_wconf 89' lang='lat' dir='ltr'>alia</span> <span class='ocrx_word' id='word_1_533' title='bbox 2265 3012 2551 3079; x_wconf 88' lang='lat' dir='ltr'>dogmata,</span> <span class='ocrx_word' id='word_1_534' title='bbox 2608 3023 2817 3077; x_wconf 90' lang='lat' dir='ltr'>nempe</span> <span class='ocrx_word' id='word_1_535' title='bbox 2862 3004 3066 3071; x_wconf 83' lang='lat' dir='ltr'>viginti</span> <span class='ocrx_word' id='word_1_536' title='bbox 3109 3004 3365 3074; x_wconf 89' lang='lat' dir='ltr'>quinque</span> <span class='ocrx_word' id='word_1_537' title='bbox 3413 3001 3621 3072; x_wconf 90' lang='lat' dir='ltr'>quibus</span> 
     </span>
    </p>
   </div>
   <div class='ocr_carea' id='block_1_77' title="bbox 1926 3090 3614 3173">
    <p class='ocr_par' dir='ltr' id='par_1_77' title="bbox 1926 3090 3614 3173">
     <span class='ocr_line' id='line_1_77' title="bbox 1926 3090 3614 3173; baseline -0.007 -17"><span class='ocrx_word' id='word_1_538' title='bbox 1926 3100 2197 3173; x_wconf 89' lang='lat' dir='ltr'>refragari</span> <span class='ocrx_word' id='word_1_539' title='bbox 2226 3100 2514 3169; x_wconf 89' lang='lat' dir='ltr'>piaculum</span> <span class='ocrx_word' id='word_1_540' title='bbox 2532 3096 2621 3150; x_wconf 91' lang='lat' dir='ltr'>sit.</span> <span class='ocrx_word' id='word_1_541' title='bbox 2647 3095 2754 3150; x_wconf 92' lang='lat' dir='ltr'>Sed</span> <span class='ocrx_word' id='word_1_542' title='bbox 2778 3094 3090 3147; x_wconf 89' lang='lat' dir='ltr'>reclamant</span> <span class='ocrx_word' id='word_1_543' title='bbox 3106 3096 3362 3146; x_wconf 89' lang='lat' dir='ltr'>Annatus</span> <span class='ocrx_word' id='word_1_544' title='bbox 3378 3090 3614 3145; x_wconf 89' lang='lat' dir='ltr'>ibidem:</span> 
     </span>
    </p>
   </div>
   <div class='ocr_carea' id='block_1_78' title="bbox 1927 3180 3617 3261">
    <p class='ocr_par' dir='ltr' id='par_1_78' title="bbox 1927 3180 3617 3261">
     <span class='ocr_line' id='line_1_78' title="bbox 1927 3180 3617 3261; baseline -0.006 -19"><span class='ocrx_word' id='word_1_545' title='bbox 1927 3212 1953 3242; x_wconf 87' lang='lat'>«</span> <span class='ocrx_word' id='word_1_546' title='bbox 1984 3192 2128 3261; x_wconf 87' lang='lat' dir='ltr'>Ergo</span> <span class='ocrx_word' id='word_1_547' title='bbox 2154 3190 2208 3242; x_wconf 91' lang='lat' dir='ltr'>vi</span> <span class='ocrx_word' id='word_1_548' title='bbox 2234 3188 2403 3258; x_wconf 89' lang='lat' dir='ltr'>hujus</span> <span class='ocrx_word' id='word_1_549' title='bbox 2433 3183 2865 3256; x_wconf 86' lang='lat' dir='ltr'>approbationis</span> <span class='ocrx_word' id='word_1_550' title='bbox 2894 3183 3051 3235; x_wconf 90' lang='lat' dir='ltr'>nulla</span> <span class='ocrx_word' id='word_1_551' title='bbox 3094 3180 3221 3235; x_wconf 82' lang='lat' dir='ltr'>ﬁeri</span> <span class='ocrx_word' id='word_1_552' title='bbox 3277 3180 3444 3234; x_wconf 88' lang='lat' dir='ltr'>debet</span> <span class='ocrx_word' id='word_1_553' title='bbox 3481 3196 3617 3233; x_wconf 89' lang='lat' dir='ltr'>con-</span> 
     </span>
    </p>
   </div>
   <div class='ocr_carea' id='block_1_79' title="bbox 1926 3268 3623 3347">
    <p class='ocr_par' dir='ltr' id='par_1_79' title="bbox 1926 3268 3623 3347">
     <span class='ocr_line' id='line_1_79' title="bbox 1926 3268 3623 3347; baseline -0.008 -14"><span class='ocrx_word' id='word_1_554' title='bbox 1926 3279 2196 3333; x_wconf 82' lang='lat' dir='ltr'>troversia</span> <span class='ocrx_word' id='word_1_555' title='bbox 2226 3277 2294 3331; x_wconf 92' lang='lat' dir='ltr'>iis</span> <span class='ocrx_word' id='word_1_556' title='bbox 2324 3276 2423 3347; x_wconf 86' lang='lat' dir='ltr'>qui</span> <span class='ocrx_word' id='word_1_557' title='bbox 2454 3275 2635 3345; x_wconf 88' lang='lat' dir='ltr'>capita</span> <span class='ocrx_word' id='word_1_558' title='bbox 2666 3274 2763 3327; x_wconf 90' lang='lat' dir='ltr'>illa</span> <span class='ocrx_word' id='word_1_559' title='bbox 2790 3273 2995 3325; x_wconf 85' lang='lat' dir='ltr'>selecta</span> <span class='ocrx_word' id='word_1_560' title='bbox 3043 3269 3346 3339; x_wconf 89' lang='lat' dir='ltr'>rccipiunt,</span> <span class='ocrx_word' id='word_1_561' title='bbox 3399 3268 3623 3321; x_wconf 88' lang='lat' dir='ltr'>etiamsi</span> 
     </span>
    </p>
   </div>
   <div class='ocr_carea' id='block_1_80' title="bbox 1924 3360 3623 3439">
    <p class='ocr_par' dir='ltr' id='par_1_80' title="bbox 1924 3360 3623 3439">
     <span class='ocr_line' id='line_1_80' title="bbox 1924 3360 3623 3439; baseline -0.008 -16"><span class='ocrx_word' id='word_1_562' title='bbox 1924 3369 2033 3423; x_wconf 85' lang='lat' dir='ltr'>alia</span> <span class='ocrx_word' id='word_1_563' title='bbox 2055 3368 2317 3439; x_wconf 65' lang='lat' dir='ltr'>quaedam</span> <span class='ocrx_word' id='word_1_564' title='bbox 2350 3364 2631 3435; x_wconf 86' lang='lat' dir='ltr'>rejiciant.</span> <span class='ocrx_word' id='word_1_565' title='bbox 2665 3382 2690 3412; x_wconf 77' lang='grc' dir='ltr'>ι)</span> <span class='ocrx_word' id='word_1_566' title='bbox 2721 3362 2860 3416; x_wconf 88' lang='lat' dir='ltr'>Nolo</span> <span class='ocrx_word' id='word_1_567' title='bbox 2892 3360 2983 3414; x_wconf 89' lang='lat' dir='ltr'>hic</span> <span class='ocrx_word' id='word_1_568' title='bbox 3015 3360 3305 3429; x_wconf 87' lang='lat' dir='ltr'>disputare</span> <span class='ocrx_word' id='word_1_569' title='bbox 3338 3375 3407 3411; x_wconf 87' lang='lat' dir='ltr'>an</span> <span class='ocrx_word' id='word_1_570' title='bbox 3431 3373 3623 3411; x_wconf 86' lang='lat' dir='ltr'>recen-</span> 
     </span>
    </p>
   </div>
   <div class='ocr_carea' id='block_1_81' title="bbox 1924 3446 3624 3522">
    <p class='ocr_par' dir='ltr' id='par_1_81' title="bbox 1924 3446 3624 3522">
     <span class='ocr_line' id='line_1_81' title="bbox 1924 3446 3624 3522; baseline -0.008 -10"><span class='ocrx_word' id='word_1_571' title='bbox 1924 3459 2097 3513; x_wconf 90' lang='lat' dir='ltr'>tiores</span> <span class='ocrx_word' id='word_1_572' title='bbox 2126 3455 2207 3510; x_wconf 91' lang='lat' dir='ltr'>ita</span> <span class='ocrx_word' id='word_1_573' title='bbox 2255 3470 2498 3509; x_wconf 89' lang='lat' dir='ltr'>canones</span> <span class='ocrx_word' id='word_1_574' title='bbox 2532 3451 2979 3522; x_wconf 88' lang='lat' dir='ltr'>Augustinianos</span> <span class='ocrx_word' id='word_1_575' title='bbox 3035 3446 3320 3502; x_wconf 72' lang='lat' dir='ltr'>Arausicze</span> <span class='ocrx_word' id='word_1_576' title='bbox 3368 3446 3624 3500; x_wconf 80' lang='lat' dir='ltr'>ﬁrmatos</span> 
     </span>
    </p>
   </div>
   <div class='ocr_carea' id='block_1_82' title="bbox 1925 3533 3621 3616">
    <p class='ocr_par' dir='ltr' id='par_1_82' title="bbox 1925 3533 3621 3616">
     <span class='ocr_line' id='line_1_82' title="bbox 1925 3533 3621 3616; baseline -0.009 -16"><span class='ocrx_word' id='word_1_577' title='bbox 1925 3546 2219 3616; x_wconf 89' lang='lat' dir='ltr'>recipiant,</span> <span class='ocrx_word' id='word_1_578' title='bbox 2246 3544 2384 3615; x_wconf 90' lang='lat' dir='ltr'>quin</span> <span class='ocrx_word' id='word_1_579' title='bbox 2425 3541 2686 3595; x_wconf 87' lang='lat' dir='ltr'>violentis</span> <span class='ocrx_word' id='word_1_580' title='bbox 2718 3538 3063 3610; x_wconf 88' lang='lat' dir='ltr'>quandoque</span> <span class='ocrx_word' id='word_1_581' title='bbox 3094 3533 3621 3606; x_wconf 85' lang='lat' dir='ltr'>interpretamentis</span> 
     </span>
    </p>
   </div>
   <div class='ocr_carea' id='block_1_83' title="bbox 1925 3622 3624 3695">
    <p class='ocr_par' dir='ltr' id='par_1_83' title="bbox 1925 3622 3624 3695">
     <span class='ocr_line' id='line_1_83' title="bbox 1925 3622 3624 3695; baseline -0.009 -6"><span class='ocrx_word' id='word_1_582' title='bbox 1925 3635 2139 3689; x_wconf 83' lang='lat' dir='ltr'>eisdem</span> <span class='ocrx_word' id='word_1_583' title='bbox 2170 3632 2284 3685; x_wconf 86' lang='lat' dir='ltr'>vim</span> <span class='ocrx_word' id='word_1_584' title='bbox 2315 3631 2581 3695; x_wconf 85' lang='lat' dir='ltr'>inferant,</span> <span class='ocrx_word' id='word_1_585' title='bbox 2616 3628 2765 3682; x_wconf 91' lang='lat' dir='ltr'>unde</span> <span class='ocrx_word' id='word_1_586' title='bbox 2799 3627 2869 3680; x_wconf 90' lang='lat' dir='ltr'>ab</span> <span class='ocrx_word' id='word_1_587' title='bbox 2900 3625 3137 3679; x_wconf 88' lang='lat' dir='ltr'>eruditis</span> <span class='ocrx_word' id='word_1_588' title='bbox 3159 3624 3290 3693; x_wconf 86' lang='lat' dir='ltr'>jure</span> <span class='ocrx_word' id='word_1_589' title='bbox 3323 3622 3624 3693; x_wconf 88' lang='lat' dir='ltr'>reprehen-</span> 
     </span>
    </p>
   </div>
   <div class='ocr_carea' id='block_1_84' title="bbox 1925 3709 3625 3784">
    <p class='ocr_par' dir='ltr' id='par_1_84' title="bbox 1925 3709 3625 3784">
     <span class='ocr_line' id='line_1_84' title="bbox 1925 3709 3625 3784; baseline -0.009 -7"><span class='ocrx_word' id='word_1_590' title='bbox 1925 3724 2158 3777; x_wconf 89' lang='lat' dir='ltr'>duntur.</span> <span class='ocrx_word' id='word_1_591' title='bbox 2204 3719 2392 3775; x_wconf 81' lang='lat' dir='ltr'>Mitius</span> <span class='ocrx_word' id='word_1_592' title='bbox 2447 3717 2740 3772; x_wconf 91' lang='lat' dir='ltr'>vobiscum</span> <span class='ocrx_word' id='word_1_593' title='bbox 2793 3730 2979 3784; x_wconf 89' lang='lat' dir='ltr'>agam.</span> <span class='ocrx_word' id='word_1_594' title='bbox 3024 3712 3185 3775; x_wconf 92' lang='lat' dir='ltr'>Quod</span> <span class='ocrx_word' id='word_1_595' title='bbox 3250 3709 3625 3764; x_wconf 86' lang='lat' dir='ltr'>Arausicanos</span> 
     </span>
    </p>
   </div>
   <div class='ocr_carea' id='block_1_85' title="bbox 1926 3797 3623 3876">
    <p class='ocr_par' dir='ltr' id='par_1_85' title="bbox 1926 3797 3623 3876">
     <span class='ocr_line' id='line_1_85' title="bbox 1926 3797 3623 3876; baseline -0.01 -10"><span class='ocrx_word' id='word_1_596' title='bbox 1926 3827 2193 3876; x_wconf 90' lang='lat' dir='ltr'>canones,</span> <span class='ocrx_word' id='word_1_597' title='bbox 2229 3812 2288 3862; x_wconf 90' lang='lat' dir='ltr'>ut</span> <span class='ocrx_word' id='word_1_598' title='bbox 2318 3808 2476 3872; x_wconf 86' lang='lat' dir='ltr'>libet,</span> <span class='ocrx_word' id='word_1_599' title='bbox 2512 3811 2576 3858; x_wconf 91' lang='lat' dir='ltr'>ut</span> <span class='ocrx_word' id='word_1_600' title='bbox 2623 3804 2782 3858; x_wconf 90' lang='lat' dir='ltr'>lubet</span> <span class='ocrx_word' id='word_1_601' title='bbox 2832 3800 3144 3871; x_wconf 84' lang='lat' dir='ltr'>explicatis,</span> <span class='ocrx_word' id='word_1_602' title='bbox 3197 3799 3414 3852; x_wconf 90' lang='lat' dir='ltr'>nullam</span> <span class='ocrx_word' id='word_1_603' title='bbox 3466 3797 3623 3851; x_wconf 87' lang='lat' dir='ltr'>vobis</span> 
     </span>
    </p>
   </div>
   <div class='ocr_carea' id='block_1_86' title="bbox 1926 3885 3622 3971">
    <p class='ocr_par' dir='ltr' id='par_1_86' title="bbox 1926 3885 3622 3971">
     <span class='ocr_line' id='line_1_86' title="bbox 1926 3885 3622 3971; baseline -0.01 -18"><span class='ocrx_word' id='word_1_604' title='bbox 1926 3899 2305 3971; x_wconf 76' lang='lat' dir='ltr'>quaestionem</span> <span class='ocrx_word' id='word_1_605' title='bbox 2330 3894 2590 3958; x_wconf 90' lang='lat' dir='ltr'>facimus,</span> <span class='ocrx_word' id='word_1_606' title='bbox 2622 3892 2717 3945; x_wconf 89' lang='lat' dir='ltr'>sed</span> <span class='ocrx_word' id='word_1_607' title='bbox 2753 3890 2903 3961; x_wconf 88' lang='lat' dir='ltr'>quod</span> <span class='ocrx_word' id='word_1_608' title='bbox 2945 3888 3056 3941; x_wconf 89' lang='lat' dir='ltr'>alia</span> <span class='ocrx_word' id='word_1_609' title='bbox 3111 3886 3417 3956; x_wconf 88' lang='lat' dir='ltr'>Augustini</span> <span class='ocrx_word' id='word_1_610' title='bbox 3474 3885 3622 3954; x_wconf 87' lang='lat' dir='ltr'>dog—</span> 
     </span>
    </p>
   </div>
   <div class='ocr_carea' id='block_1_87' title="bbox 1926 3978 3621 4055">
    <p class='ocr_par' dir='ltr' id='par_1_87' title="bbox 1926 3978 3621 4055">
     <span class='ocr_line' id='line_1_87' title="bbox 1926 3978 3621 4055; baseline -0.011 -14"><span class='ocrx_word' id='word_1_611' title='bbox 1926 3992 2081 4042; x_wconf 87' lang='lat' dir='ltr'>mata</span> <span class='ocrx_word' id='word_1_612' title='bbox 2102 3984 2385 4055; x_wconf 81' lang='lat' dir='ltr'>rejiciatis,</span> <span class='ocrx_word' id='word_1_613' title='bbox 2419 3982 2537 4052; x_wconf 88' lang='lat' dir='ltr'>pati</span> <span class='ocrx_word' id='word_1_614' title='bbox 2563 3981 2721 4033; x_wconf 91' lang='lat' dir='ltr'>nullo</span> <span class='ocrx_word' id='word_1_615' title='bbox 2756 3978 2923 4031; x_wconf 91' lang='lat' dir='ltr'>modo</span> <span class='ocrx_word' id='word_1_616' title='bbox 2954 3991 3274 4046; x_wconf 84' lang='lat' dir='ltr'>possumus,</span> <span class='ocrx_word' id='word_1_617' title='bbox 3294 3980 3465 4043; x_wconf 87' lang='lat' dir='ltr'>atque</span> <span class='ocrx_word' id='word_1_618' title='bbox 3487 3988 3621 4025; x_wconf 91' lang='lat' dir='ltr'>con-</span> 
     </span>
    </p>
   </div>
   <div class='ocr_carea' id='block_1_88' title="bbox 1925 4058 3622 4137">
    <p class='ocr_par' dir='ltr' id='par_1_88' title="bbox 1925 4058 3622 4137">
     <span class='ocr_line' id='line_1_88' title="bbox 1925 4058 3622 4137; baseline -0.011 -8"><span class='ocrx_word' id='word_1_619' title='bbox 1925 4081 2012 4130; x_wconf 91' lang='lat' dir='ltr'>tra</span> <span class='ocrx_word' id='word_1_620' title='bbox 2032 4091 2132 4127; x_wconf 91' lang='lat' dir='ltr'>vos</span> <span class='ocrx_word' id='word_1_621' title='bbox 2161 4070 2577 4126; x_wconf 76' lang='lat' dir='ltr'>accusationem</span> <span class='ocrx_word' id='word_1_622' title='bbox 2614 4082 2903 4137; x_wconf 85' lang='lat' dir='ltr'>paramus,</span> <span class='ocrx_word' id='word_1_623' title='bbox 2960 4080 3073 4117; x_wconf 92' lang='lat' dir='ltr'>non</span> <span class='ocrx_word' id='word_1_624' title='bbox 3120 4062 3273 4133; x_wconf 92' lang='lat' dir='ltr'>quod</span> <span class='ocrx_word' id='word_1_625' title='bbox 3329 4058 3622 4131; x_wconf 86' lang='lat' dir='ltr'>apostolici</span> 
     </span>
    </p>
   </div>
   <div class='ocr_carea' id='block_1_89' title="bbox 1926 4148 3621 4230">
    <p class='ocr_par' dir='ltr' id='par_1_89' title="bbox 1926 4148 3621 4230">
     <span class='ocr_line' id='line_1_89' title="bbox 1926 4148 3621 4230; baseline -0.009 -13"><span class='ocrx_word' id='word_1_626' title='bbox 1926 4161 2156 4228; x_wconf 91' lang='lat' dir='ltr'>decreti,</span> <span class='ocrx_word' id='word_1_627' title='bbox 2189 4160 2284 4215; x_wconf 92' lang='lat' dir='ltr'>sed</span> <span class='ocrx_word' id='word_1_628' title='bbox 2324 4159 2471 4230; x_wconf 90' lang='lat' dir='ltr'>quod</span> <span class='ocrx_word' id='word_1_629' title='bbox 2505 4155 2751 4226; x_wconf 86' lang='lat' dir='ltr'>exempli</span> <span class='ocrx_word' id='word_1_630' title='bbox 2788 4156 3207 4221; x_wconf 86' lang='lat' dir='ltr'>contemptores</span> <span class='ocrx_word' id='word_1_631' title='bbox 3238 4149 3376 4203; x_wconf 89' lang='lat' dir='ltr'>sitis.</span> <span class='ocrx_word' id='word_1_632' title='bbox 3431 4148 3621 4202; x_wconf 85' lang='lat' dir='ltr'>Enim-</span> 
     </span>
    </p>
   </div>
   <div class='ocr_carea' id='block_1_90' title="bbox 1926 4237 3623 4311">
    <p class='ocr_par' dir='ltr' id='par_1_90' title="bbox 1926 4237 3623 4311">
     <span class='ocr_line' id='line_1_90' title="bbox 1926 4237 3623 4311; baseline -0.009 -6"><span class='ocrx_word' id='word_1_633' title='bbox 1926 4267 2058 4305; x_wconf 88' lang='lat' dir='ltr'>vero</span> <span class='ocrx_word' id='word_1_634' title='bbox 2088 4251 2134 4304; x_wconf 88' lang='lat' dir='ltr'>si</span> <span class='ocrx_word' id='word_1_635' title='bbox 2163 4248 2456 4303; x_wconf 88' lang='lat' dir='ltr'>universas</span> <span class='ocrx_word' id='word_1_636' title='bbox 2480 4246 2607 4300; x_wconf 91' lang='lat' dir='ltr'>lites</span> <span class='ocrx_word' id='word_1_637' title='bbox 2638 4245 2706 4299; x_wconf 92' lang='lat' dir='ltr'>de</span> <span class='ocrx_word' id='word_1_638' title='bbox 2733 4242 2924 4297; x_wconf 87' lang='lat' dir='ltr'>divina</span> <span class='ocrx_word' id='word_1_639' title='bbox 2954 4240 3137 4311; x_wconf 89' lang='lat' dir='ltr'>gratia</span> <span class='ocrx_word' id='word_1_640' title='bbox 3169 4240 3229 4292; x_wconf 90' lang='lat' dir='ltr'>in</span> <span class='ocrx_word' id='word_1_641' title='bbox 3286 4237 3477 4292; x_wconf 86' lang='lat' dir='ltr'>Galliis</span> <span class='ocrx_word' id='word_1_642' title='bbox 3534 4253 3623 4290; x_wconf 88' lang='lat' dir='ltr'>ex-</span> 
     </span>
    </p>
   </div>
   <div class='ocr_carea' id='block_1_91' title="bbox 108 4326 3624 4409">
    <p class='ocr_par' dir='ltr' id='par_1_91' title="bbox 108 4326 3624 4409">
     <span class='ocr_line' id='line_1_91' title="bbox 108 4326 3624 4409; baseline -0.007 -6"><span class='ocrx_word' id='word_1_643' title='bbox 108 4340 430 4397; x_wconf 74' lang='lat' dir='ltr'>credendus</span> <span class='ocrx_word' id='word_1_644' title='bbox 462 4346 563 4405; x_wconf 66' lang='lat' dir='ltr'>est,</span> <span class='ocrx_word' id='word_1_645' title='bbox 599 4354 771 4408; x_wconf 85' lang='lat' dir='ltr'>quam</span> <span class='ocrx_word' id='word_1_646' title='bbox 811 4336 911 4390; x_wconf 69' lang='lat' dir='ltr'>illa</span> <span class='ocrx_word' id='word_1_647' title='bbox 952 4351 1080 4406; x_wconf 72' lang='lat' dir='ltr'>quae</span> <span class='ocrx_word' id='word_1_648' title='bbox 1129 4334 1231 4388; x_wconf 65' lang='grc' dir='ltr'>θυι)</span> <span class='ocrx_word' id='word_1_649' title='bbox 1266 4334 1494 4389; x_wconf 71' lang='lat' dir='ltr'>nomine</span> <span class='ocrx_word' id='word_1_650' title='bbox 1527 4334 1816 4388; x_wconf 62' lang='grc' dir='ltr'>(208185ὶὶοί</span> <span class='ocrx_word' id='word_1_651' title='bbox 1844 4326 1887 4379; x_wconf 82' lang='grc' dir='ltr'>Ῑ)</span> <span class='ocrx_word' id='word_1_652' title='bbox 1927 4346 2076 4395; x_wconf 86' lang='lat' dir='ltr'>ortas</span> <span class='ocrx_word' id='word_1_653' title='bbox 2101 4338 2412 4409; x_wconf 89' lang='lat' dir='ltr'>apostolica</span> <span class='ocrx_word' id='word_1_654' title='bbox 2452 4335 2611 4389; x_wconf 90' lang='lat' dir='ltr'>sedes</span> <span class='ocrx_word' id='word_1_655' title='bbox 2668 4338 2731 4386; x_wconf 91' lang='lat' dir='ltr'>ut</span> <span class='ocrx_word' id='word_1_656' title='bbox 2782 4331 2955 4385; x_wconf 91' lang='lat' dir='ltr'>unius</span> <span class='ocrx_word' id='word_1_657' title='bbox 3013 4327 3317 4399; x_wconf 84' lang='lat' dir='ltr'>Augustini</span> <span class='ocrx_word' id='word_1_658' title='bbox 3366 4326 3624 4379; x_wconf 86' lang='lat' dir='ltr'>doctrina</span> 
     </span>
    </p>
   </div>
   <div class='ocr_carea' id='block_1_92' title="bbox 109 4423 1816 4501">
    <p class='ocr_par' dir='ltr' id='par_1_92' title="bbox 109 4423 1816 4501">
     <span class='ocr_line' id='line_1_92' title="bbox 109 4423 1816 4501; baseline -0.005 -16"><span class='ocrx_word' id='word_1_659' title='bbox 109 4431 350 4501; x_wconf 88' lang='lat' dir='ltr'>vulgata</span> <span class='ocrx_word' id='word_1_660' title='bbox 406 4429 579 4481; x_wconf 89' lang='lat' dir='ltr'>sunt?</span> <span class='ocrx_word' id='word_1_661' title='bbox 632 4426 766 4491; x_wconf 88' lang='lat' dir='ltr'>Quis</span> <span class='ocrx_word' id='word_1_662' title='bbox 822 4425 929 4478; x_wconf 91' lang='lat' dir='ltr'>hoc</span> <span class='ocrx_word' id='word_1_663' title='bbox 986 4423 1107 4478; x_wconf 89' lang='lat' dir='ltr'>sine</span> <span class='ocrx_word' id='word_1_664' title='bbox 1164 4429 1305 4477; x_wconf 88' lang='lat' dir='ltr'>teste</span> <span class='ocrx_word' id='word_1_665' title='bbox 1344 4424 1551 4477; x_wconf 91' lang='lat' dir='ltr'>dicenti</span> <span class='ocrx_word' id='word_1_666' title='bbox 1584 4423 1816 4477; x_wconf 86' lang='lat' dir='ltr'>credat?</span> 
     </span>
    </p>
   </div>
   <div class='ocr_carea' id='block_1_93' title="bbox 110 4512 1815 4583">
    <p class='ocr_par' dir='ltr' id='par_1_93' title="bbox 110 4512 1815 4583">
     <span class='ocr_line' id='line_1_93' title="bbox 110 4512 1815 4583; baseline -0.006 -9"><span class='ocrx_word' id='word_1_667' title='bbox 110 4521 339 4576; x_wconf 86' lang='lat' dir='ltr'>Scimus</span> <span class='ocrx_word' id='word_1_668' title='bbox 368 4517 633 4571; x_wconf 87' lang='lat' dir='ltr'>eumdem</span> <span class='ocrx_word' id='word_1_669' title='bbox 685 4512 981 4569; x_wconf 86' lang='lat' dir='ltr'>Gelasium</span> <span class='ocrx_word' id='word_1_670' title='bbox 1011 4513 1072 4566; x_wconf 89' lang='lat' dir='ltr'>in</span> <span class='ocrx_word' id='word_1_671' title='bbox 1124 4512 1365 4582; x_wconf 90' lang='lat' dir='ltr'>epistola</span> <span class='ocrx_word' id='word_1_672' title='bbox 1397 4513 1464 4567; x_wconf 88' lang='lat' dir='ltr'>ad</span> <span class='ocrx_word' id='word_1_673' title='bbox 1519 4512 1815 4583; x_wconf 88' lang='lat' dir='ltr'>episcopos</span> 
     </span>
    </p>
   </div>
   <div class='ocr_carea' id='block_1_94' title="bbox 113 4601 1817 4680">
    <p class='ocr_par' dir='ltr' id='par_1_94' title="bbox 113 4601 1817 4680">
     <span class='ocr_line' id='line_1_94' title="bbox 113 4601 1817 4680; baseline -0.004 -18"><span class='ocrx_word' id='word_1_674' title='bbox 113 4624 222 4680; x_wconf 89' lang='lat' dir='ltr'>per</span> <span class='ocrx_word' id='word_1_675' title='bbox 252 4607 519 4661; x_wconf 90' lang='lat' dir='ltr'>Picenum</span> <span class='ocrx_word' id='word_1_676' title='bbox 550 4609 663 4659; x_wconf 89' lang='lat' dir='ltr'>tres</span> <span class='ocrx_word' id='word_1_677' title='bbox 694 4606 1007 4674; x_wconf 89' lang='lat' dir='ltr'>quatuorve</span> <span class='ocrx_word' id='word_1_678' title='bbox 1033 4602 1214 4655; x_wconf 88' lang='lat' dir='ltr'>sancti</span> <span class='ocrx_word' id='word_1_679' title='bbox 1254 4601 1557 4672; x_wconf 79' lang='lat' dir='ltr'>Augustini</span> <span class='ocrx_word' id='word_1_680' title='bbox 1590 4606 1817 4655; x_wconf 87' lang='lat' dir='ltr'>senten-</span> 
     </span>
    </p>
   </div>
   <div class='ocr_carea' id='block_1_95' title="bbox 113 4688 1815 4765">
    <p class='ocr_par' dir='ltr' id='par_1_95' title="bbox 113 4688 1815 4765">
     <span class='ocr_line' id='line_1_95' title="bbox 113 4688 1815 4765; baseline -0.005 -15"><span class='ocrx_word' id='word_1_681' title='bbox 113 4697 247 4760; x_wconf 85' lang='lat' dir='ltr'>tias,</span> <span class='ocrx_word' id='word_1_682' title='bbox 300 4699 363 4748; x_wconf 88' lang='lat' dir='ltr'>ut</span> <span class='ocrx_word' id='word_1_683' title='bbox 394 4693 656 4765; x_wconf 90' lang='lat' dir='ltr'>superius</span> <span class='ocrx_word' id='word_1_684' title='bbox 687 4690 1063 4759; x_wconf 88' lang='lat' dir='ltr'>ostendimus,</span> <span class='ocrx_word' id='word_1_685' title='bbox 1110 4689 1412 4757; x_wconf 89' lang='lat' dir='ltr'>inculcare,</span> <span class='ocrx_word' id='word_1_686' title='bbox 1446 4698 1585 4761; x_wconf 85' lang='lat' dir='ltr'>quas</span> <span class='ocrx_word' id='word_1_687' title='bbox 1609 4688 1815 4760; x_wconf 55' lang='lat' dir='ltr'>:recen-</span> 
     </span>
    </p>
   </div>
   <div class='ocr_carea' id='block_1_96' title="bbox 111 4778 1819 4853">
    <p class='ocr_par' dir='ltr' id='par_1_96' title="bbox 111 4778 1819 4853">
     <span class='ocr_line' id='line_1_96' title="bbox 111 4778 1819 4853; baseline -0.005 -13"><span class='ocrx_word' id='word_1_688' title='bbox 111 4787 291 4840; x_wconf 89' lang='lat' dir='ltr'>tiores</span> <span class='ocrx_word' id='word_1_689' title='bbox 338 4781 784 4853; x_wconf 90' lang='lat' dir='ltr'>reprehendunt,</span> <span class='ocrx_word' id='word_1_690' title='bbox 839 4796 902 4832; x_wconf 90' lang='lat' dir='ltr'>ac</span> <span class='ocrx_word' id='word_1_691' title='bbox 968 4779 1178 4833; x_wconf 82' lang='lat' dir='ltr'>furenti</span> <span class='ocrx_word' id='word_1_692' title='bbox 1235 4783 1431 4832; x_wconf 90' lang='lat' dir='ltr'>contra</span> <span class='ocrx_word' id='word_1_693' title='bbox 1488 4778 1819 4849; x_wconf 88' lang='lat' dir='ltr'>Pelagianos</span> 
     </span>
    </p>
   </div>
   <div class='ocr_carea' id='block_1_97' title="bbox 107 4866 1818 4942">
    <p class='ocr_par' dir='ltr' id='par_1_97' title="bbox 107 4866 1818 4942">
     <span class='ocr_line' id='line_1_97' title="bbox 107 4866 1818 4942; baseline -0.005 -14"><span class='ocrx_word' id='word_1_694' title='bbox 107 4872 438 4942; x_wconf 86' lang='lat' dir='ltr'>Augustino</span> <span class='ocrx_word' id='word_1_695' title='bbox 470 4870 739 4926; x_wconf 91' lang='lat' dir='ltr'>excidisse</span> <span class='ocrx_word' id='word_1_696' title='bbox 768 4868 1318 4933; x_wconf 89' lang='lat' dir='ltr'>comminiscuntur;</span> <span class='ocrx_word' id='word_1_697' title='bbox 1373 4868 1523 4922; x_wconf 90' lang='lat' dir='ltr'>unde</span> <span class='ocrx_word' id='word_1_698' title='bbox 1568 4866 1818 4922; x_wconf 86' lang='lat' dir='ltr'>credibi-</span> 
     </span>
    </p>
   </div>
   <div class='ocr_carea' id='block_1_98' title="bbox 111 4956 1815 5032">
    <p class='ocr_par' dir='ltr' id='par_1_98' title="bbox 111 4956 1815 5032">
     <span class='ocr_line' id='line_1_98' title="bbox 111 4956 1815 5032; baseline -0.006 -14"><span class='ocrx_word' id='word_1_699' title='bbox 111 4965 233 5019; x_wconf 87' lang='lat' dir='ltr'>lius</span> <span class='ocrx_word' id='word_1_700' title='bbox 256 4966 339 5016; x_wconf 89' lang='lat' dir='ltr'>est</span> <span class='ocrx_word' id='word_1_701' title='bbox 362 4961 461 5015; x_wconf 88' lang='lat' dir='ltr'>has</span> <span class='ocrx_word' id='word_1_702' title='bbox 488 4975 715 5032; x_wconf 89' lang='lat' dir='ltr'>quoque</span> <span class='ocrx_word' id='word_1_703' title='bbox 749 4958 902 5012; x_wconf 81' lang='lat' dir='ltr'>inter</span> <span class='ocrx_word' id='word_1_704' title='bbox 932 4957 1060 5011; x_wconf 91' lang='lat' dir='ltr'>illos</span> <span class='ocrx_word' id='word_1_705' title='bbox 1089 4956 1284 5010; x_wconf 90' lang='lat' dir='ltr'>titulos</span> <span class='ocrx_word' id='word_1_706' title='bbox 1323 4974 1356 5010; x_wconf 89' lang='lat' dir='ltr'>a</span> <span class='ocrx_word' id='word_1_707' title='bbox 1403 4957 1625 5011; x_wconf 87' lang='lat' dir='ltr'>Gelasio</span> <span class='ocrx_word' id='word_1_708' title='bbox 1683 4971 1815 5010; x_wconf 84' lang='lat' dir='ltr'>con-</span> 
     </span>
    </p>
   </div>
   <div class='ocr_carea' id='block_1_99' title="bbox 114 5045 1818 5120">
    <p class='ocr_par' dir='ltr' id='par_1_99' title="bbox 114 5045 1818 5120">
     <span class='ocr_line' id='line_1_99' title="bbox 114 5045 1818 5120; baseline -0.006 -13"><span class='ocrx_word' id='word_1_709' title='bbox 114 5055 464 5115; x_wconf 88' lang='lat' dir='ltr'>numeratas,</span> <span class='ocrx_word' id='word_1_710' title='bbox 515 5064 689 5120; x_wconf 88' lang='lat' dir='ltr'>quam</span> <span class='ocrx_word' id='word_1_711' title='bbox 754 5047 882 5101; x_wconf 90' lang='lat' dir='ltr'>illas</span> <span class='ocrx_word' id='word_1_712' title='bbox 956 5050 1180 5100; x_wconf 88' lang='lat' dir='ltr'>tantum</span> <span class='ocrx_word' id='word_1_713' title='bbox 1233 5045 1538 5099; x_wconf 69' lang='lat' dir='ltr'>Gmlestini.</span> <span class='ocrx_word' id='word_1_714' title='bbox 1600 5045 1818 5099; x_wconf 89' lang='lat' dir='ltr'>Scimus</span> 
     </span>
    </p>
   </div>
   <div class='ocr_carea' id='block_1_100' title="bbox 117 5133 1819 5197">
    <p class='ocr_par' dir='ltr' id='par_1_100' title="bbox 117 5133 1819 5197">
     <span class='ocr_line' id='line_1_100' title="bbox 117 5133 1819 5197; baseline -0.006 -1"><span class='ocrx_word' id='word_1_715' title='bbox 117 5140 367 5197; x_wconf 82' lang='lat' dir='ltr'>Felicem</span> <span class='ocrx_word' id='word_1_716' title='bbox 424 5140 491 5192; x_wconf 90' lang='lat' dir='ltr'><strong>IV</strong></span> <span class='ocrx_word' id='word_1_717' title='bbox 539 5138 609 5192; x_wconf 92' lang='lat' dir='ltr'>ad</span> <span class='ocrx_word' id='word_1_718' title='bbox 671 5138 864 5191; x_wconf 90' lang='lat' dir='ltr'>Patres</span> <span class='ocrx_word' id='word_1_719' title='bbox 925 5134 1302 5189; x_wconf 83' lang='lat' dir='ltr'>Arausicanos</span> <span class='ocrx_word' id='word_1_720' title='bbox 1366 5149 1434 5186; x_wconf 92' lang='lat' dir='ltr'>ex</span> <span class='ocrx_word' id='word_1_721' title='bbox 1477 5133 1655 5188; x_wconf 90' lang='lat' dir='ltr'>sancti</span> <span class='ocrx_word' id='word_1_722' title='bbox 1699 5137 1819 5186; x_wconf 86' lang='lat' dir='ltr'>Au-</span> 
     </span>
    </p>
   </div>
   <div class='ocr_carea' id='block_1_101' title="bbox 113 5219 1817 5301">
    <p class='ocr_par' dir='ltr' id='par_1_101' title="bbox 113 5219 1817 5301">
     <span class='ocr_line' id='line_1_101' title="bbox 113 5219 1817 5301; baseline -0.006 -18"><span class='ocrx_word' id='word_1_723' title='bbox 113 5227 337 5301; x_wconf 86' lang='lat' dir='ltr'>gustini</span> <span class='ocrx_word' id='word_1_724' title='bbox 384 5226 544 5281; x_wconf 86' lang='lat' dir='ltr'>libris</span> <span class='ocrx_word' id='word_1_725' title='bbox 591 5232 883 5294; x_wconf 87' lang='lat' dir='ltr'>excerptas</span> <span class='ocrx_word' id='word_1_726' title='bbox 941 5222 1010 5276; x_wconf 90' lang='lat' dir='ltr'>de</span> <span class='ocrx_word' id='word_1_727' title='bbox 1084 5220 1276 5276; x_wconf 85' lang='lat' dir='ltr'>divina</span> <span class='ocrx_word' id='word_1_728' title='bbox 1359 5219 1541 5291; x_wconf 88' lang='lat' dir='ltr'>gratia</span> <span class='ocrx_word' id='word_1_729' title='bbox 1598 5226 1817 5274; x_wconf 86' lang='lat' dir='ltr'>senten-</span> 
     </span>
    </p>
   </div>
   <div class='ocr_carea' id='block_1_102' title="bbox 113 5308 1819 5383">
    <p class='ocr_par' dir='ltr' id='par_1_102' title="bbox 113 5308 1819 5383">
     <span class='ocr_line' id='line_1_102' title="bbox 113 5308 1819 5383; baseline -0.008 -8"><span class='ocrx_word' id='word_1_730' title='bbox 113 5321 230 5375; x_wconf 89' lang='lat' dir='ltr'>tias</span> <span class='ocrx_word' id='word_1_731' title='bbox 249 5320 448 5371; x_wconf 90' lang='lat' dir='ltr'>contra</span> <span class='ocrx_word' id='word_1_732' title='bbox 474 5312 999 5383; x_wconf 77' lang='lat' dir='ltr'>Sami-Pelagianos</span> <span class='ocrx_word' id='word_1_733' title='bbox 1030 5308 1431 5378; x_wconf 87' lang='lat' dir='ltr'>transmisisse,</span> <span class='ocrx_word' id='word_1_734' title='bbox 1460 5313 1516 5363; x_wconf 90' lang='lat' dir='ltr'>et</span> <span class='ocrx_word' id='word_1_735' title='bbox 1554 5309 1643 5363; x_wconf 60' lang='lat' dir='ltr'>ha</span> <span class='ocrx_word' id='word_1_736' title='bbox 1683 5308 1819 5379; x_wconf 88' lang='lat' dir='ltr'>qui-</span> 
     </span>
    </p>
   </div>
   <div class='ocr_carea' id='block_1_103' title="bbox 112 5398 1819 5474">
    <p class='ocr_par' dir='ltr' id='par_1_103' title="bbox 112 5398 1819 5474">
     <span class='ocr_line' id='line_1_103' title="bbox 112 5398 1819 5474; baseline -0.006 -12"><span class='ocrx_word' id='word_1_737' title='bbox 112 5408 250 5463; x_wconf 90' lang='lat' dir='ltr'>dem</span> <span class='ocrx_word' id='word_1_738' title='bbox 290 5405 349 5459; x_wconf 91' lang='lat' dir='ltr'>in</span> <span class='ocrx_word' id='word_1_739' title='bbox 378 5403 581 5474; x_wconf 88' lang='lat' dir='ltr'>viginti</span> <span class='ocrx_word' id='word_1_740' title='bbox 607 5402 861 5474; x_wconf 91' lang='lat' dir='ltr'>quinque</span> <span class='ocrx_word' id='word_1_741' title='bbox 892 5416 1136 5454; x_wconf 88' lang='lat' dir='ltr'>canones</span> <span class='ocrx_word' id='word_1_742' title='bbox 1177 5398 1410 5469; x_wconf 63' lang='lat' dir='ltr'>digestae</span> <span class='ocrx_word' id='word_1_743' title='bbox 1454 5402 1588 5452; x_wconf 91' lang='lat' dir='ltr'>sunt</span> <span class='ocrx_word' id='word_1_744' title='bbox 1620 5414 1631 5451; x_wconf 90' lang='lat'>:</span> <span class='ocrx_word' id='word_1_745' title='bbox 1668 5398 1819 5451; x_wconf 89' lang='lat' dir='ltr'>inve-</span> 
     </span>
    </p>
   </div>
   <div class='ocr_carea' id='block_1_104' title="bbox 116 5486 1818 5565">
    <p class='ocr_par' dir='ltr' id='par_1_104' title="bbox 116 5486 1818 5565">
     <span class='ocr_line' id='line_1_104' title="bbox 116 5486 1818 5565; baseline -0.008 -13"><span class='ocrx_word' id='word_1_746' title='bbox 116 5497 278 5552; x_wconf 87' lang='lat' dir='ltr'>nitne</span> <span class='ocrx_word' id='word_1_747' title='bbox 333 5493 590 5565; x_wconf 80' lang='lat' dir='ltr'>pontifex</span> <span class='ocrx_word' id='word_1_748' title='bbox 640 5490 836 5545; x_wconf 87' lang='lat' dir='ltr'>omnia</span> <span class='ocrx_word' id='word_1_749' title='bbox 892 5490 989 5543; x_wconf 90' lang='lat' dir='ltr'>illa</span> <span class='ocrx_word' id='word_1_750' title='bbox 1053 5491 1267 5542; x_wconf 89' lang='lat' dir='ltr'>asserta</span> <span class='ocrx_word' id='word_1_751' title='bbox 1312 5488 1373 5542; x_wconf 89' lang='lat' dir='ltr'>in</span> <span class='ocrx_word' id='word_1_752' title='bbox 1432 5486 1818 5541; x_wconf 88' lang='lat' dir='ltr'>ecclesiasticis</span> 
     </span>
    </p>
   </div>
   <div class='ocr_carea' id='block_1_105' title="bbox 115 5575 1814 5651">
    <p class='ocr_par' dir='ltr' id='par_1_105' title="bbox 115 5575 1814 5651">
     <span class='ocr_line' id='line_1_105' title="bbox 115 5575 1814 5651; baseline -0.007 -10"><span class='ocrx_word' id='word_1_753' title='bbox 115 5584 361 5651; x_wconf 87' lang='lat' dir='ltr'>scriniis,</span> <span class='ocrx_word' id='word_1_754' title='bbox 397 5584 482 5636; x_wconf 90' lang='lat' dir='ltr'>vel</span> <span class='ocrx_word' id='word_1_755' title='bbox 515 5598 642 5636; x_wconf 90' lang='lat' dir='ltr'>cum</span> <span class='ocrx_word' id='word_1_756' title='bbox 696 5580 794 5634; x_wconf 89' lang='lat' dir='ltr'>illa</span> <span class='ocrx_word' id='word_1_757' title='bbox 824 5583 1046 5634; x_wconf 86' lang='lat' dir='ltr'>tantum</span> <span class='ocrx_word' id='word_1_758' title='bbox 1104 5593 1307 5632; x_wconf 87' lang='lat' dir='ltr'>novem</span> <span class='ocrx_word' id='word_1_759' title='bbox 1337 5593 1368 5631; x_wconf 86' lang='lat' dir='ltr'>a</span> <span class='ocrx_word' id='word_1_760' title='bbox 1399 5575 1701 5632; x_wconf 62' lang='lat' dir='ltr'>Caelestino</span> <span class='ocrx_word' id='word_1_761' title='bbox 1729 5591 1814 5629; x_wconf 89' lang='lat' dir='ltr'>se-</span> 
     </span>
    </p>
   </div>
   <div class='ocr_carea' id='block_1_106' title="bbox 1926 4413 3622 4499">
    <p class='ocr_par' dir='ltr' id='par_1_106' title="bbox 1926 4413 3622 4499">
     <span class='ocr_line' id='line_1_106' title="bbox 1926 4413 3622 4499; baseline -0.011 -15"><span class='ocrx_word' id='word_1_762' title='bbox 1926 4426 2345 4499; x_wconf 87' lang='lat' dir='ltr'>componendas</span> <span class='ocrx_word' id='word_1_763' title='bbox 2374 4423 2550 4488; x_wconf 88' lang='lat' dir='ltr'>duxit,</span> <span class='ocrx_word' id='word_1_764' title='bbox 2600 4421 2821 4492; x_wconf 88' lang='lat' dir='ltr'>insigne</span> <span class='ocrx_word' id='word_1_765' title='bbox 2874 4417 3116 4489; x_wconf 87' lang='lat' dir='ltr'>posteris</span> <span class='ocrx_word' id='word_1_766' title='bbox 3148 4415 3474 4485; x_wconf 81' lang='lat' dir='ltr'>exemplum</span> <span class='ocrx_word' id='word_1_767' title='bbox 3505 4413 3622 4468; x_wconf 91' lang='lat' dir='ltr'>edi-</span> 
     </span>
    </p>
   </div>
   <div class='ocr_carea' id='block_1_107' title="bbox 1926 4500 3623 4586">
    <p class='ocr_par' dir='ltr' id='par_1_107' title="bbox 1926 4500 3623 4586">
     <span class='ocr_line' id='line_1_107' title="bbox 1926 4500 3623 4586; baseline -0.011 -14"><span class='ocrx_word' id='word_1_768' title='bbox 1926 4519 2028 4583; x_wconf 92' lang='lat' dir='ltr'>dit,</span> <span class='ocrx_word' id='word_1_769' title='bbox 2062 4522 2125 4570; x_wconf 90' lang='lat' dir='ltr'>ut</span> <span class='ocrx_word' id='word_1_770' title='bbox 2157 4516 2202 4569; x_wconf 93' lang='lat' dir='ltr'>si</span> <span class='ocrx_word' id='word_1_771' title='bbox 2223 4513 2452 4586; x_wconf 89' lang='lat' dir='ltr'>quando</span> <span class='ocrx_word' id='word_1_772' title='bbox 2485 4512 2685 4566; x_wconf 89' lang='lat' dir='ltr'>eadem</span> <span class='ocrx_word' id='word_1_773' title='bbox 2714 4510 2773 4563; x_wconf 92' lang='lat' dir='ltr'>in</span> <span class='ocrx_word' id='word_1_774' title='bbox 2800 4524 2967 4561; x_wconf 89' lang='lat' dir='ltr'>causa</span> <span class='ocrx_word' id='word_1_775' title='bbox 2992 4507 3059 4561; x_wconf 91' lang='lat' dir='ltr'>de</span> <span class='ocrx_word' id='word_1_776' title='bbox 3101 4504 3283 4575; x_wconf 86' lang='lat' dir='ltr'>gratia</span> <span class='ocrx_word' id='word_1_777' title='bbox 3314 4504 3524 4556; x_wconf 90' lang='lat' dir='ltr'>iterum</span> <span class='ocrx_word' id='word_1_778' title='bbox 3554 4500 3623 4554; x_wconf 93' lang='lat' dir='ltr'>1i-</span> 
     </span>
    </p>
   </div>
   <div class='ocr_carea' id='block_1_108' title="bbox 1924 4588 3624 4678">
    <p class='ocr_par' dir='ltr' id='par_1_108' title="bbox 1924 4588 3624 4678">
     <span class='ocr_line' id='line_1_108' title="bbox 1924 4588 3624 4678; baseline -0.011 -17"><span class='ocrx_word' id='word_1_779' title='bbox 1924 4607 2067 4678; x_wconf 81' lang='lat' dir='ltr'>tigia</span> <span class='ocrx_word' id='word_1_780' title='bbox 2094 4606 2479 4675; x_wconf 91' lang='lat' dir='ltr'>erumperent,</span> <span class='ocrx_word' id='word_1_781' title='bbox 2514 4600 2582 4653; x_wconf 92' lang='lat' dir='ltr'>ad</span> <span class='ocrx_word' id='word_1_782' title='bbox 2612 4598 2866 4669; x_wconf 85' lang='lat' dir='ltr'>ejusdem</span> <span class='ocrx_word' id='word_1_783' title='bbox 2914 4595 3094 4649; x_wconf 88' lang='lat' dir='ltr'>sancti</span> <span class='ocrx_word' id='word_1_784' title='bbox 3122 4591 3391 4648; x_wconf 89' lang='lat' dir='ltr'>antistitis</span> <span class='ocrx_word' id='word_1_785' title='bbox 3421 4588 3624 4645; x_wconf 85' lang='lat' dir='ltr'>doctri-</span> 
     </span>
    </p>
   </div>
   <div class='ocr_carea' id='block_1_109' title="bbox 1926 4679 3622 4762">
    <p class='ocr_par' dir='ltr' id='par_1_109' title="bbox 1926 4679 3622 4762">
     <span class='ocr_line' id='line_1_109' title="bbox 1926 4679 3622 4762; baseline -0.011 -13"><span class='ocrx_word' id='word_1_786' title='bbox 1926 4711 2061 4749; x_wconf 87' lang='lat' dir='ltr'>nam</span> <span class='ocrx_word' id='word_1_787' title='bbox 2092 4692 2487 4762; x_wconf 88' lang='lat' dir='ltr'>confugerent,</span> <span class='ocrx_word' id='word_1_788' title='bbox 2523 4704 2589 4741; x_wconf 88' lang='lat' dir='ltr'>ex</span> <span class='ocrx_word' id='word_1_789' title='bbox 2618 4685 2923 4757; x_wconf 87' lang='lat' dir='ltr'>Augustini</span> <span class='ocrx_word' id='word_1_790' title='bbox 2968 4684 3128 4738; x_wconf 90' lang='lat' dir='ltr'>libris</span> <span class='ocrx_word' id='word_1_791' title='bbox 3156 4679 3496 4736; x_wconf 88' lang='lat' dir='ltr'>sententiam</span> <span class='ocrx_word' id='word_1_792' title='bbox 3522 4693 3622 4730; x_wconf 87' lang='lat' dir='ltr'>au-</span> 
     </span>
    </p>
   </div>
   <div class='ocr_carea' id='block_1_110' title="bbox 1927 4769 3621 4846">
    <p class='ocr_par' dir='ltr' id='par_1_110' title="bbox 1927 4769 3621 4846">
     <span class='ocr_line' id='line_1_110' title="bbox 1927 4769 3621 4846; baseline -0.013 -9"><span class='ocrx_word' id='word_1_793' title='bbox 1927 4783 2135 4845; x_wconf 89' lang='lat' dir='ltr'>dirent,</span> <span class='ocrx_word' id='word_1_794' title='bbox 2176 4778 2277 4833; x_wconf 92' lang='lat' dir='ltr'>uni</span> <span class='ocrx_word' id='word_1_795' title='bbox 2323 4774 2635 4846; x_wconf 88' lang='lat' dir='ltr'>Augustino</span> <span class='ocrx_word' id='word_1_796' title='bbox 2675 4774 3056 4841; x_wconf 71' lang='lat' dir='ltr'>adhaererent,</span> <span class='ocrx_word' id='word_1_797' title='bbox 3098 4771 3255 4844; x_wconf 89' lang='lat' dir='ltr'>quod</span> <span class='ocrx_word' id='word_1_798' title='bbox 3285 4769 3621 4823; x_wconf 84' lang='lat' dir='ltr'>aClemente</span> 
     </span>
    </p>
   </div>
   <div class='ocr_carea' id='block_1_111' title="bbox 1930 4854 3619 4935">
    <p class='ocr_par' dir='ltr' id='par_1_111' title="bbox 1930 4854 3619 4935">
     <span class='ocr_line' id='line_1_111' title="bbox 1930 4854 3619 4935; baseline -0.011 -10"><span class='ocrx_word' id='word_1_799' title='bbox 1930 4871 2049 4924; x_wconf 91' lang='lat' dir='ltr'><strong>VIlI</strong></span> <span class='ocrx_word' id='word_1_800' title='bbox 2072 4866 2246 4922; x_wconf 88' lang='lat' dir='ltr'>veteri</span> <span class='ocrx_word' id='word_1_801' title='bbox 2276 4864 2553 4935; x_wconf 87' lang='lat' dir='ltr'>religione</span> <span class='ocrx_word' id='word_1_802' title='bbox 2569 4878 2831 4932; x_wconf 89' lang='lat' dir='ltr'>novoque</span> <span class='ocrx_word' id='word_1_803' title='bbox 2862 4861 3120 4931; x_wconf 84' lang='lat' dir='ltr'>exemplo</span> <span class='ocrx_word' id='word_1_804' title='bbox 3147 4858 3465 4931; x_wconf 63' lang='lat' dir='ltr'>praestitum</span> <span class='ocrx_word' id='word_1_805' title='bbox 3500 4854 3619 4907; x_wconf 85' lang='lat' dir='ltr'>fuit.</span> 
     </span>
    </p>
   </div>
   <div class='ocr_carea' id='block_1_112' title="bbox 1928 4941 3622 5023">
    <p class='ocr_par' dir='ltr' id='par_1_112' title="bbox 1928 4941 3622 5023">
     <span class='ocr_line' id='line_1_112' title="bbox 1928 4941 3622 5023; baseline -0.011 -12"><span class='ocrx_word' id='word_1_806' title='bbox 1928 4958 2133 5023; x_wconf 90' lang='lat' dir='ltr'>Quare,</span> <span class='ocrx_word' id='word_1_807' title='bbox 2168 4969 2297 5009; x_wconf 90' lang='lat' dir='ltr'>cum</span> <span class='ocrx_word' id='word_1_808' title='bbox 2328 4950 2635 5006; x_wconf 89' lang='lat' dir='ltr'>adversarii</span> <span class='ocrx_word' id='word_1_809' title='bbox 2662 4948 2722 5003; x_wconf 93' lang='lat' dir='ltr'>in</span> <span class='ocrx_word' id='word_1_810' title='bbox 2753 4950 3041 5018; x_wconf 89' lang='lat' dir='ltr'>plerisque</span> <span class='ocrx_word' id='word_1_811' title='bbox 3082 4962 3275 5000; x_wconf 90' lang='lat' dir='ltr'>recens</span> <span class='ocrx_word' id='word_1_812' title='bbox 3305 4941 3515 4996; x_wconf 87' lang='lat' dir='ltr'>exortis</span> <span class='ocrx_word' id='word_1_813' title='bbox 3553 4941 3622 4995; x_wconf 91' lang='lat' dir='ltr'>de</span> 
     </span>
    </p>
   </div>
   <div class='ocr_carea' id='block_1_113' title="bbox 1928 5028 3621 5112">
    <p class='ocr_par' dir='ltr' id='par_1_113' title="bbox 1928 5028 3621 5112">
     <span class='ocr_line' id='line_1_113' title="bbox 1928 5028 3621 5112; baseline -0.01 -15"><span class='ocrx_word' id='word_1_814' title='bbox 1928 5044 2118 5098; x_wconf 90' lang='lat' dir='ltr'>divina</span> <span class='ocrx_word' id='word_1_815' title='bbox 2147 5038 2329 5112; x_wconf 89' lang='lat' dir='ltr'>gratia</span> <span class='ocrx_word' id='word_1_816' title='bbox 2356 5035 2757 5092; x_wconf 87' lang='lat' dir='ltr'>controversiis</span> <span class='ocrx_word' id='word_1_817' title='bbox 2810 5040 2958 5089; x_wconf 87' lang='lat' dir='ltr'>stare</span> <span class='ocrx_word' id='word_1_818' title='bbox 3012 5050 3069 5086; x_wconf 90' lang='lat' dir='ltr'>se</span> <span class='ocrx_word' id='word_1_819' title='bbox 3107 5036 3300 5086; x_wconf 90' lang='lat' dir='ltr'>contra</span> <span class='ocrx_word' id='word_1_820' title='bbox 3352 5028 3621 5099; x_wconf 86' lang='lat' dir='ltr'>Augusti-</span> 
     </span>
    </p>
   </div>
   <div class='ocr_carea' id='block_1_114' title="bbox 1928 5116 3621 5201">
    <p class='ocr_par' dir='ltr' id='par_1_114' title="bbox 1928 5116 3621 5201">
     <span class='ocr_line' id='line_1_114' title="bbox 1928 5116 3621 5201; baseline -0.01 -15"><span class='ocrx_word' id='word_1_821' title='bbox 1928 5147 2067 5186; x_wconf 90' lang='lat' dir='ltr'>num</span> <span class='ocrx_word' id='word_1_822' title='bbox 2100 5128 2499 5201; x_wconf 82' lang='lat' dir='ltr'>protiteantur,</span> <span class='ocrx_word' id='word_1_823' title='bbox 2534 5122 2733 5179; x_wconf 86' lang='lat' dir='ltr'>Felicis</span> <span class='ocrx_word' id='word_1_824' title='bbox 2764 5124 2834 5177; x_wconf 90' lang='lat' dir='ltr'><strong>IV</strong></span> <span class='ocrx_word' id='word_1_825' title='bbox 2874 5121 3091 5192; x_wconf 87' lang='lat' dir='ltr'>judicio</span> <span class='ocrx_word' id='word_1_826' title='bbox 3144 5116 3440 5187; x_wconf 84' lang='lat' dir='ltr'>refragari,</span> <span class='ocrx_word' id='word_1_827' title='bbox 3472 5117 3621 5188; x_wconf 86' lang='lat' dir='ltr'>ejus-</span> 
     </span>
    </p>
   </div>
   <div class='ocr_carea' id='block_1_115' title="bbox 1930 5203 3620 5287">
    <p class='ocr_par' dir='ltr' id='par_1_115' title="bbox 1930 5203 3620 5287">
     <span class='ocr_line' id='line_1_115' title="bbox 1930 5203 3620 5287; baseline -0.011 -13"><span class='ocrx_word' id='word_1_828' title='bbox 1930 5221 2060 5275; x_wconf 90' lang='lat' dir='ltr'>dem</span> <span class='ocrx_word' id='word_1_829' title='bbox 2087 5216 2412 5287; x_wconf 88' lang='lat' dir='ltr'>exemplum</span> <span class='ocrx_word' id='word_1_830' title='bbox 2442 5213 2604 5286; x_wconf 88' lang='lat' dir='ltr'>parvi</span> <span class='ocrx_word' id='word_1_831' title='bbox 2646 5213 2849 5277; x_wconf 87' lang='lat' dir='ltr'>facere,</span> <span class='ocrx_word' id='word_1_832' title='bbox 2886 5212 3054 5279; x_wconf 87' lang='lat' dir='ltr'>atque</span> <span class='ocrx_word' id='word_1_833' title='bbox 3106 5206 3217 5260; x_wconf 89' lang='lat' dir='ltr'>alia</span> <span class='ocrx_word' id='word_1_834' title='bbox 3274 5220 3506 5275; x_wconf 89' lang='lat' dir='ltr'>prorsus</span> <span class='ocrx_word' id='word_1_835' title='bbox 3536 5203 3620 5257; x_wconf 88' lang='lat' dir='ltr'>via</span> 
     </span>
    </p>
   </div>
   <div class='ocr_carea' id='block_1_116' title="bbox 1930 5296 3623 5377">
    <p class='ocr_par' dir='ltr' id='par_1_116' title="bbox 1930 5296 3623 5377">
     <span class='ocr_line' id='line_1_116' title="bbox 1930 5296 3623 5377; baseline -0.011 -14"><span class='ocrx_word' id='word_1_836' title='bbox 1930 5309 2000 5363; x_wconf 90' lang='lat' dir='ltr'>ab</span> <span class='ocrx_word' id='word_1_837' title='bbox 2031 5303 2444 5377; x_wconf 87' lang='lat' dir='ltr'>Augustiniana</span> <span class='ocrx_word' id='word_1_838' title='bbox 2471 5302 2540 5357; x_wconf 90' lang='lat' dir='ltr'>ad</span> <span class='ocrx_word' id='word_1_839' title='bbox 2568 5298 2861 5356; x_wconf 88' lang='lat' dir='ltr'>veritatem</span> <span class='ocrx_word' id='word_1_840' title='bbox 2891 5296 3119 5351; x_wconf 90' lang='lat' dir='ltr'>eosdem</span> <span class='ocrx_word' id='word_1_841' title='bbox 3176 5310 3397 5364; x_wconf 89' lang='lat' dir='ltr'>repere,</span> <span class='ocrx_word' id='word_1_842' title='bbox 3453 5307 3623 5346; x_wconf 90' lang='lat' dir='ltr'>nemo</span> 
     </span>
    </p>
   </div>
   <div class='ocr_carea' id='block_1_117' title="bbox 1929 5394 2242 5450">
    <p class='ocr_par' dir='ltr' id='par_1_117' title="bbox 1929 5394 2242 5450">
     <span class='ocr_line' id='line_1_117' title="bbox 1929 5394 2242 5450; baseline -0.006 0"><span class='ocrx_word' id='word_1_843' title='bbox 1929 5412 2048 5450; x_wconf 91' lang='lat' dir='ltr'>non</span> <span class='ocrx_word' id='word_1_844' title='bbox 2066 5394 2242 5449; x_wconf 86' lang='lat' dir='ltr'>videt.</span> 
     </span>
    </p>
   </div>
   <div class='ocr_carea' id='block_1_118' title="bbox 2002 5470 3619 5545">
    <p class='ocr_par' dir='ltr' id='par_1_118' title="bbox 2002 5470 3619 5545">
     <span class='ocr_line' id='line_1_118' title="bbox 2002 5470 3619 5545; baseline -0.009 -6"><span class='ocrx_word' id='word_1_845' title='bbox 2002 5486 2244 5539; x_wconf 88' lang='lat' dir='ltr'>Doluere</span> <span class='ocrx_word' id='word_1_846' title='bbox 2268 5486 2464 5537; x_wconf 86' lang='lat' dir='ltr'>tamen</span> <span class='ocrx_word' id='word_1_847' title='bbox 2512 5477 2919 5536; x_wconf 87' lang='lat' dir='ltr'>recentioribus</span> <span class='ocrx_word' id='word_1_848' title='bbox 2962 5474 3132 5544; x_wconf 90' lang='lat' dir='ltr'>oculi,</span> <span class='ocrx_word' id='word_1_849' title='bbox 3164 5489 3293 5529; x_wconf 87' lang='lat' dir='ltr'>cum</span> <span class='ocrx_word' id='word_1_850' title='bbox 3341 5487 3446 5545; x_wconf 90' lang='lat' dir='ltr'>per</span> <span class='ocrx_word' id='word_1_851' title='bbox 3478 5470 3619 5527; x_wconf 81' lang='lat' dir='ltr'>Feli-</span> 
     </span>
    </p>
   </div>
   <div class='ocr_carea' id='block_1_119' title="bbox 1930 5558 3623 5634">
    <p class='ocr_par' dir='ltr' id='par_1_119' title="bbox 1930 5558 3623 5634">
     <span class='ocr_line' id='line_1_119' title="bbox 1930 5558 3623 5634; baseline -0.01 -7"><span class='ocrx_word' id='word_1_852' title='bbox 1930 5590 2052 5629; x_wconf 88' lang='lat' dir='ltr'>cem</span> <span class='ocrx_word' id='word_1_853' title='bbox 2084 5574 2152 5628; x_wconf 89' lang='lat' dir='ltr'>IV</span> <span class='ocrx_word' id='word_1_854' title='bbox 2204 5576 2260 5627; x_wconf 89' lang='lat' dir='ltr'>et</span> <span class='ocrx_word' id='word_1_855' title='bbox 2309 5570 2710 5626; x_wconf 85' lang='lat' dir='ltr'>Arausicanam</span> <span class='ocrx_word' id='word_1_856' title='bbox 2768 5564 3049 5634; x_wconf 68' lang='lat' dir='ltr'>synodum</span> <span class='ocrx_word' id='word_1_857' title='bbox 3112 5569 3335 5619; x_wconf 85' lang='lat' dir='ltr'>tantum</span> <span class='ocrx_word' id='word_1_858' title='bbox 3389 5558 3623 5616; x_wconf 78' lang='lat' dir='ltr'>honoris</span> 
     </span>
    </p>
   </div>
  </div>
