3908 6180
306 258 411 310 799

1322 212 1879 307 SUPPLEMEETUM
1918 252 2008 305 AD
2044 251 2274 307 OPERA
2313 251 2369 305 s.
2409 248 2799 305 AUGUSTINI.

3655 256 3733 307 800

308 378 745 451 Augustiniana
784 376 1058 433 doctrina
1087 374 1342 430 delatum
1387 373 1618 429 videre:
1651 388 1828 439 quare
1855 373 2013 445 glos-
2051 374 2096 429 A
2125 372 2292 427 nibus
2322 371 2601 437 Patribus,
2660 370 2767 424 hos
2824 367 2982 423 enim
3028 366 3179 422 idem
3208 368 3461 423 concordi
3502 373 3738 428 sententia

310 474 594 524 sematum
621 468 921 523 ruderibus
952 466 1114 519 illum
1147 464 1391 517 obruere
1419 467 1767 533 pertentant,
1803 462 1999 517 dicen-

308 562 394 613 tes
418 558 722 613 Ecclesiam
749 557 808 610 in
856 553 1084 625 synodis
1136 551 1442 623 Augustini
1491 552 1786 606 sententiis
1837 568 2001 606 usam

309 647 485 701 fuisse
512 662 615 700 non
639 661 706 698 ea:
733 644 1063 706 necessitate,
1094 640 1189 694 sed
1231 656 1298 694 ea
1326 642 1664 707 auctoritate,
1697 643 1781 694 uti
1817 642 2001 707 magi-

309 741 500 795 stram,
524 750 628 787 non
658 734 740 786 uti
758 730 1102 799 discipulam.
1123 732 1367 783 Acutum
1386 728 1589 782 Adami
1609 734 2000 782 commentum

310 840 434 894 cap.
467 826 523 887 9,
556 837 687 891 pag.
730 822 855 874 653.
885 819 1023 873 Vide
1053 818 1340 889 quomodo
1372 834 1430 871 se
1453 818 1636 888 ipsam
1686 817 2003 888 strangulet

308 912 429 965 hac
458 909 777 979 responsio.
825 907 1075 962 Intendit
1105 907 1461 962 adversarius
1518 906 1695 959 sancti
1753 906 2002 960 doctoris

308 999 707 1053 auctoritatem
772 996 1137 1062 imminuere,
1196 1000 1253 1051 et
1294 996 1555 1050 eamdem
1613 999 1784 1065 auget
1827 1011 2001 1065 quam

309 1088 575 1141 maxime.
611 1089 789 1141 Nemo
819 1087 1078 1151 miratur,
1112 1102 1243 1139 cum
1265 1085 1420 1140 videt
1447 1084 1790 1155 discipulum
1819 1083 2002 1153 magi-

307 1176 410 1230 stri
444 1192 606 1251 voces
636 1175 874 1251 reddere
901 1196 917 1243 ;
958 1180 1016 1229 at
1048 1175 1389 1244 magistrum
1431 1173 1768 1227 sententiam
1814 1172 2003 1227 dictu-

306 1281 457 1329 rum,
482 1248 602 1318 nan
635 1246 747 1319 nisi
777 1263 1042 1335 discipuli
1068 1279 1165 1317 ore
1195 1263 1350 1333 loqui
1372 1262 1535 1331 velle,
1558 1261 1664 1315 hoc
1692 1261 1860 1331 plane
1892 1259 1999 1313 mi-

306 1353 486 1407 rabile
516 1357 800 1419 censetur,
834 1357 1004 1423 atque
1033 1352 1093 1405 in
1122 1350 1387 1422 discipuli
1425 1348 1690 1403 eximiam
1720 1348 2002 1403 excellen-

303 1442 443 1495 tiam
464 1442 636 1497 venit.
678 1442 888 1513 Synodi
918 1458 982 1495 ac
1034 1440 1280 1495 Romani
1333 1439 1630 1510 pontiﬁces
1672 1442 2000 1491 sanctorum

307 1532 540 1585 Patrum
561 1530 869 1584 sententias
908 1546 1133 1600 semper
1162 1528 1339 1583 secuti
1387 1532 1537 1591 sunt,
1597 1532 1664 1581 ut
1709 1543 1777 1580 ex
1832 1526 2001 1581 tradi-

307 1620 464 1675 tione
536 1619 796 1674 Ecclesia
863 1618 1144 1672 credenda
1210 1616 1538 1671 orthodoxis
1590 1620 1998 1688 proponerent.

310 1708 612 1778 Colligitur
638 1707 746 1761 hoc
776 1722 840 1761 ex
867 1705 1105 1777 epistola
1153 1704 1332 1759 sancti
1382 1704 1581 1759 Leonis
1625 1705 1699 1759 ad
1752 1705 2001 1761 Leonem

305 1797 649 1865 Augustum,
672 1794 774 1848 ubi
801 1793 1060 1866 pluribus
1094 1798 1423 1848 sanctorum
1473 1796 1705 1848 Patrum
1734 1793 1999 1849 testimo-

306 1882 416 1937 niis
447 1881 725 1948 adductis,
765 1880 916 1935 inter
945 1897 1074 1952 qua
1109 1880 1279 1936 etiam
1314 1883 1491 1936 sancti
1534 1884 1841 1951 Augustini
1883 1884 1999 1951 epi-

304 1972 454 2039 scopi
534 1971 896 2039 Hipponensis
967 1971 1135 2041 plura
1208 1973 1603 2037 numerantur,

306 2078 335 2107 «
370 2059 499 2111 Hac
531 2072 635 2111 nos
665 2057 827 2128 sequi
877 2058 1049 2113 verba
1097 2058 1391 2125 debemus,
1441 2058 1531 2112 his
1581 2074 1687 2113 nos
1738 2058 2002 2113 convenit

302 2146 698 2216 obtemperare
722 2145 1110 2217 dogmatibus.
1140 2167 1168 2197 ι)
1192 2148 1256 2202 In
1285 2146 1732 2202 Chalcedonensi
1762 2147 1996 2217 synodo,

304 2237 411 2287 act.
449 2236 499 2299 1,
532 2237 657 2304 post
706 2233 1003 2289 recitatam
1047 2233 1220 2289 ﬁdem
1262 2234 1488 2289 concilii
1528 2233 1761 2303 Nicani,
1806 2236 1999 2289 Patres

304 2321 527 2375 dixere:
566 2321 958 2376 Necessarium
984 2321 1169 2375 visum
1199 2328 1282 2375 est
1328 2326 1654 2376 sanctorum
1702 2327 1759 2375 et
1804 2324 1998 2377 catho-

303 2410 545 2464 licorum
590 2412 822 2464 Patrum
862 2410 1118 2481 proferre
1173 2408 1517 2476 testimonia,
1584 2425 1713 2479 qua
1761 2414 2000 2479 possuut

301 2500 643 2568 satisfacere,
705 2499 1195 2571 quemadmodum
1265 2515 1391 2553 eam
1475 2500 1896 2568 intellexerunt,
1941 2506 2000 2555 et

300 2590 614 2661 pradicare
661 2588 860 2645 conﬁsi
921 2593 1074 2656 sunt,
1131 2593 1414 2660 quatenus
1479 2605 1543 2643 ex
1591 2588 1891 2643 manifesto
1944 2595 2000 2645 et

302 2695 503 2733 omnes
522 2683 739 2734 rectam
770 2682 824 2731 et
854 2676 1280 2731 immaculatam
1310 2676 1481 2730 ﬁdem
1508 2676 1779 2731 habentes
1827 2677 1905 2731 sic
1942 2683 1999 2733 et

300 2765 646 2837 intelligant,
680 2770 737 2820 et
764 2764 1232 2835 interpretentur,
1264 2768 1318 2818 et
1353 2763 1667 2834 pradicant
1698 2781 1843 2820 eam.
1868 2788 1896 2816 »
1935 2769 1999 2822 Et

300 2859 407 2910 act.
438 2859 491 2917 2,
526 2854 719 2908 statim
762 2858 893 2924 post
938 2853 1170 2908 initium
1205 2870 1218 2907 :
1275 2870 1300 2906 ι
1335 2856 1660 2909 Docuerunt
1707 2856 1861 2911 enim
1894 2860 1997 2912 Pa-

294 2947 426 3009 tres,
461 2946 517 2997 et
542 2942 603 2996 in
633 2941 855 3013 scriptis
885 2941 1304 3006 custodiuntur,
1339 2960 1469 3015 qua
1500 2944 1568 2999 ab
1600 2944 1679 2999 eis
1708 2950 1841 2999 sunt
1896 2962 1997 3000 ex-
2024 2969 2063 3024 ρ

295 3031 501 3105 posita,
531 3034 587 3085 et
612 3031 755 3085 citra
785 3047 850 3085 ea
887 3030 1074 3085 dicere
1126 3047 1241 3085 non
1286 3049 1607 3103 possumus.
1636 3052 1665 3083 »
1698 3034 1763 3086 Et
1794 3036 1898 3086 act.
1921 3035 1950 3085 5
1976 3047 1989 3086 :

297 3140 325 3171 (ι
354 3120 669 3190 Sequentes
712 3120 891 3189 igitur
963 3124 1187 3174 sanctos
1259 3122 1476 3189 Patres,
1519 3140 1545 3171 ››
1599 3124 1702 3174 etc.
1757 3120 1993 3175 Sanctus

293 3208 514 3278 Agatho
535 3223 704 3278 papa,
739 3207 799 3261 in
842 3207 1080 3277 epistola
1109 3208 1180 3261 ad
1194 3207 1646 3271 ,Constantinum
1682 3207 1991 3277 imperato-

293 3311 437 3355 rem,
463 3310 591 3365 qua
620 3295 863 3349 habetur
884 3294 943 3348 in
971 3295 1185 3365 synodo
1234 3312 1308 3364 Vl,
1339 3299 1445 3349 act.
1479 3296 1533 3361 4,
1583 3295 1849 3349 adversus
1876 3296 1991 3349 Mo-

294 3382 619 3449 nothelitas,
652 3386 977 3435 sanctorum
1026 3383 1260 3435 Patrum
1298 3382 1640 3436 testimoniis
1678 3382 1989 3454 productis,

292 3472 395 3526 udi
423 3472 691 3526 laudatur
718 3470 1072 3542 Augustinus
1115 3476 1390 3541 tanquam
1436 3488 1708 3526 VERITATIS
1751 3472 1992 3542 pruden-

294 3562 536 3616 tissimus
595 3576 932 3615 Punicaron
988 3564 1037 3613 et
1068 3563 1555 3630 praestantissimus
1620 3578 1842 3629 nocron,
1871 3560 1994 3615 hac

292 3650 502 3705 habet:
564 3667 592 3697 «
648 3650 804 3716 Ecce,
864 3648 1119 3720 piissime
1174 3649 1413 3703 Domine
1490 3650 1593 3716 ﬁli,
1666 3654 1993 3704 sanctorum

292 3741 529 3794 Patrum
558 3737 901 3792 testimoniis
932 3742 1207 3808 tanquam
1230 3737 1403 3792 radiis
1434 3737 1787 3808 spiritalibus
1814 3740 1993 3793 Eccle-

291 3827 389 3881 sia
438 3827 735 3881 catholica
790 3832 961 3898 atque
1017 3826 1345 3897 apostolica
1407 3826 1663 3881 doctrina
1712 3827 1994 3881 illustrata

290 3922 395 3984 est,
431 3935 457 3969 ι
492 3922 624 3986 etc.,
668 3916 769 3970 ubi
825 3915 997 3970 etiam
1045 3914 1241 3970 scribit
1269 3916 1622 3970 damnandos
1654 3915 1990 3970 Monotheli-

290 4010 377 4060 tas
414 4010 690 4077 tanquam
736 4021 843 4060 non
900 4010 1207 4060 sanctorum
1258 4008 1483 4060 Patrum
1526 4006 1868 4075 pedisequos.
1920 4007 1992 4059 At

292 4095 517 4150 actione
552 4099 616 4150 lO
666 4095 860 4149 omnia
888 4094 986 4149 illa
1016 4096 1247 4149 Patrum
1298 4094 1625 4148 testimonia
1653 4094 1711 4148 in
1775 4092 1991 4164 synodo

290 4184 498 4238 relecta
528 4187 678 4251 sunt,
711 4188 769 4238 et
798 4199 931 4237 cum
981 4182 1141 4238 libris
1174 4182 1661 4253 Constantinopoli
1693 4180 1991 4237 existenti-

1684 1970 1996 2024 concludit:
2060 2004 2075 2019 .

2112 459 2380 513 docentes
2411 456 2729 512 necessario
2778 456 2838 510 in
2875 454 3103 524 synodis
3153 455 3383 509 Ecclesia
3411 458 3558 528 sequi
3583 459 3739 529 debet,

2112 548 2348 619 quippe,
2377 564 2505 619 qua
2538 563 2607 601 ex
2644 547 2878 600 Patrum
2917 542 3221 598 traditione
3268 544 3515 615 dogmata
3558 548 3742 615 deﬁnit,

2111 652 2225 690 non
2256 652 2389 690 vero
2420 635 2709 706 privatum
2739 634 3052 699 doctorem,
3103 632 3285 702 qualis
3314 639 3393 687 est
3420 636 3740 705 Augustinus.

2110 724 2219 779 Sed
2249 741 2435 795 neque
2456 725 2566 778 hoc
2597 727 2650 777 te
2680 722 2954 793 effugium
2978 722 3165 792 juvat:
3192 738 3317 775 nam
3349 722 3479 776 dum
3497 725 3745 778 contendis

2113 813 2355 867 Felicem
2384 827 2595 883 papam
2628 816 2683 865 et
2709 810 3080 865 Arausicanos
3095 812 3283 864 Patres
3312 810 3472 865 unius
3489 812 3747 882 Augustini

2112 900 2421 956 sententias
2466 905 2687 954 secutos
2710 914 2830 952 esse
2859 915 2926 952 ea:
2957 901 3296 958 auctoritate,
3337 915 3439 952 non
3472 915 3533 953 ea:
3560 903 3746 953 necessi-

2112 995 2239 1057 tate,
2273 1006 2467 1061 quaso
2497 992 2575 1057 te,
2618 988 2707 1041 vel
2766 987 2945 1042 secuti
2999 992 3133 1041 sunt
3184 987 3549 1058 Augustinum
3588 993 3748 1041 contra

2111 1080 2251 1133 alios
2283 1082 2477 1133 Patres
2510 1078 2832 1145 docentem,
2869 1078 2957 1130 vel
3005 1093 3135 1129 cum
3187 1076 3312 1129 aliis
3362 1076 3603 1130 Patribus
3629 1076 3746 1129 idem

2112 1169 2501 1223 sentientem?
2521 1167 2579 1221 Si
2615 1166 2871 1237 primum
2919 1165 3090 1231 dicas,
3138 1164 3196 1220 id
3244 1181 3356 1219 non
3388 1182 3451 1220 ea:
3481 1168 3747 1220 auctoritate

2110 1258 2491 1324 fecere;nam
2546 1272 2664 1310 non
2693 1259 2878 1326 potest
2928 1254 3149 1324 privata
3200 1253 3366 1308 unius
3411 1254 3619 1309 homnis
3644 1272 3748 1309 sen-

2110 1347 2291 1401 tentia
2318 1351 2593 1417 tanquam
2622 1345 2691 1399 de
2712 1344 2823 1398 ﬁde
2860 1343 3109 1410 deﬁniri,
3170 1343 3219 1396 si
3272 1347 3483 1397 constet
3508 1344 3752 1402 universos

2113 1437 2304 1490 Patres
2347 1434 2672 1505 oppositum
2724 1432 3042 1500 tradidisse,
3092 1436 3275 1501 potest
3326 1436 3509 1485 tamen
3536 1432 3600 1487 ob
3633 1451 3752 1490 sum-

2110 1538 2266 1579 mam
2297 1523 2468 1578 unius
2496 1520 2677 1576 sancti
2706 1520 2954 1576 doctoris
2974 1519 3369 1574 excellentiam
3393 1519 3651 1591 judicium
3680 1541 3754 1578 su-

2110 1612 2333 1685 spendi,
2363 1629 2427 1667 ac
2451 1616 2655 1667 neutra
2681 1609 2966 1665 sententia
3010 1608 3259 1678 deﬁniri,
3301 1609 3449 1680 quod
3476 1609 3539 1663 de
3575 1611 3754 1680 privata

2109 1701 2415 1774 Augustini
2464 1700 2732 1771 opinione
2760 1699 2829 1754 de
2887 1699 3233 1753 simultanea
3276 1714 3465 1751 rerum
3516 1700 3755 1755 creatione

2109 1791 2455 1846 recentiores
2498 1788 2806 1844 afﬁrmant.
2865 1788 2923 1843 Si
2973 1804 3106 1842 vero
3163 1788 3406 1842 alterum
3462 1788 3639 1857 eligas,
3661 1790 3756 1858 jam

2109 1881 2265 1936 vides
2296 1897 2364 1935 ex
2418 1878 2751 1933 necessitate
2808 1877 3240 1949 approbandam
3293 1892 3410 1930 esse
3466 1878 3756 1934 sententiam

2110 1969 2181 2024 ab
2212 1968 2475 2023 omnibus
2506 1967 2766 2023 Patribus
2822 1970 3119 2032 assertam,
3154 1965 3203 2019 si
3250 1982 3315 2019 ea
3363 1966 3429 2019 de
3474 1983 3531 2020 re
3579 1974 3757 2022 rectum

2102 2058 2386 2129 judicium
2441 2056 2696 2110 dandum
2741 2055 2828 2109 sit.
2882 2056 3167 2108 Praeterea
3216 2054 3456 2108 Ecclesia
3484 2055 3547 2109 de
3574 2061 3756 2110 contro-

2109 2146 2306 2201 versiis
2354 2144 2487 2199 ﬁdei
2534 2143 2879 2197 sententiam
2928 2142 3151 2197 dictura
3190 2159 3259 2197 ea:
3294 2146 3592 2198 necessitate
3633 2144 3757 2198 illam

2108 2240 2351 2307 partem,
2380 2233 2441 2287 in
2470 2249 2583 2304 qua
2627 2232 2835 2285 veritas
2867 2236 2971 2301 est,
3024 2232 3265 2285 deﬁnire
3320 2232 3501 2298 debet,
3531 2248 3647 2285 cum
3672 2232 3757 2285 fal-

2108 2324 2335 2378 sitatem
2364 2323 2515 2377 inter
2552 2322 2822 2393 dogmata
2850 2322 2987 2375 ﬁdei
3022 2321 3237 2375 referre
3292 2322 3449 2376 nullo
3478 2321 3631 2375 modo
3657 2336 3757 2390 pos-

2108 2411 2198 2466 sit.
2231 2412 2437 2478 Quare,
2505 2426 2638 2464 cum
2688 2409 2841 2464 Felix
2892 2414 2949 2464 et
2996 2410 3336 2463 Arausicani
3407 2410 3589 2463 Patres
3615 2407 3758 2461 sancti

2107 2499 2412 2569 Augustini
2434 2498 2744 2553 sententias
2775 2498 2861 2553 uti
2890 2498 3194 2552 catholicas
3224 2497 3559 2564 deﬁnierint,
3602 2513 3659 2551 ea:
3683 2512 3759 2549 ne-

2109 2593 2352 2646 cessitate
2409 2606 2504 2643 eas
2532 2589 2711 2643 secuti
2741 2592 2891 2654 sunt,
2946 2592 3013 2643 ut
3040 2588 3331 2659 appositas
3361 2585 3755 2655 Sami-Pelagia-

2107 2692 2316 2733 norum
2346 2676 2649 2748 opiniones
2679 2690 2946 2730 erroneas
2990 2676 3152 2746 sequi
3206 2674 3443 2729 minime
3491 2672 3755 2745 potuerint.

2107 2768 2259 2821 Felix
2281 2766 2515 2838 quidem
2539 2764 2729 2837 potuit
2760 2763 3063 2835 Augustini
3094 2763 3409 2818 sententias
3463 2763 3529 2816 ad
3556 2761 3757 2817 verbum

2106 2872 2225 2909 non
2246 2856 2584 2920 exscribere,
2619 2854 2707 2909 uti
2736 2854 3081 2924 exscripsere
3136 2855 3402 2924 Prosper,
3448 2849 3758 2922 Fulgentius,

2108 2944 2449 2999 Prudentius
2478 2944 2692 3015 aliique
2722 2958 2791 2997 ex
2823 2941 3245 3013 Augustiniana
3281 2941 3469 2996 schola
3507 2941 3758 3001 doctores;

2102 3032 2201 3087 sed
2224 3048 2340 3086 non
2370 3031 2556 3103 potuit
2583 3046 2817 3084 sensum
2855 3029 3190 3085 earumdem
3224 3046 3293 3083 ex
3321 3028 3635 3083 necessitate
3668 3042 3761 3081 non

2100 3121 2347 3190 tradere,
2377 3136 2507 3175 cum
2551 3120 2669 3191 jam
2710 3118 2838 3173 illas
2882 3122 3014 3172 ante
3058 3118 3292 3172 concilii
3320 3118 3659 3172 deﬁnitiones
3684 3131 3760 3168 ve-

2101 3226 2191 3264 ras
2219 3210 2394 3263 fuisse
2423 3212 2642 3263 certum
2670 3207 2764 3273 sit,
2828 3221 2960 3260 cum
3023 3206 3135 3261 nisi
3184 3206 3244 3262 id
3303 3206 3455 3279 quod
3496 3220 3676 3259 verum
3698 3207 3763 3257 est

2100 3298 2277 3370 possit
2306 3298 2376 3352 ab
2407 3296 2653 3352 Ecclesia
2675 3294 2927 3350 deﬁniri.

2171 3387 2380 3441 Eadem
2408 3386 2674 3439 facilitate
2710 3384 2992 3438 refutatur
3022 3383 3174 3454 quod
3234 3384 3469 3452 addunt,
3520 3380 3761 3455 synodum

2098 3476 2504 3531 Arausicanam
2534 3472 2841 3545 Augustini
2870 3473 3178 3528 sententias
3214 3473 3538 3528 adhibuisse
3572 3474 3647 3525 uti
3670 3485 3762 3522 ma-

2097 3566 2348 3632 gistram,
2399 3579 2507 3616 non
2565 3567 2828 3632 tanquam
2885 3560 3232 3630 discipulam.
3280 3561 3532 3615 Profecto
3586 3558 3762 3612 mirum

2098 3653 2309 3715 dicunt,
2349 3652 2486 3706 dum
2521 3652 2723 3706 volunt
2750 3650 3127 3705 Arausicanos
3176 3651 3397 3712 Patres,
3440 3648 3536 3721 qui
3574 3648 3762 3716 integro

2097 3742 2168 3796 ab
2215 3739 2520 3812 Augustini
2580 3745 2765 3795 morte
2825 3739 3033 3793 saculo
3088 3738 3303 3808 vixere,
3351 3736 3642 3808 Augustini
3668 3750 3763 3788 ma-

2098 3830 2305 3902 gistros
2354 3846 2475 3885 esse
2513 3829 2785 3901 potuisse,
2828 3845 2860 3881 a
2895 3827 3103 3899 quibus
3147 3828 3246 3883 ille
3292 3844 3399 3883 nec
3426 3833 3541 3882 tota
3566 3824 3762 3897 quidem

2098 3919 2287 3975 doceri
2343 3918 2551 3991 potuit.
2584 3918 2748 3987 LSane
2800 3916 3075 3987 magister
3120 3915 3218 3970 ille
3262 3921 3345 3971 est
3391 3914 3487 3987 qui
3511 3909 3761 3980 docet,di-

2098 4008 2350 4080 scipulus
2389 4008 2489 4079 qui
2538 4007 2805 4073 docetur;
2866 4011 2924 4059 et
2970 4004 3070 4076 qui
3123 4004 3234 4059 hoc
3266 4005 3466 4074 nescit,
3496 4002 3691 4059 mirum
3727 3998 3763 4051 si

2099 4097 2411 4169 discipulus
2466 4112 2583 4149 non
2638 4094 2809 4149 modo
2860 4093 3053 4161 fuerit,
3097 4094 3194 4148 sed
3252 4094 3341 4149 vel
3378 4110 3493 4148 esse
3528 4088 3759 4164 potuerit.

2097 4186 2205 4251 Qui
2260 4201 2394 4241 vero
2452 4185 2677 4249 doceat,
2736 4182 2837 4255 qui
2890 4182 3185 4253 doceatur,
3238 4183 3651 4255 Augustinusne
3705 4192 3764 4230 an

289 4271 396 4326 bus
452 4271 671 4337 collata,
742 4274 799 4325 et
857 4274 965 4325 act.
1014 4273 1045 4325 8
1098 4272 1346 4341 synodus
1416 4271 1620 4325 litteris
1672 4271 1986 4343 Agathonis
2025 4272 2068 4326 D
2100 4275 2443 4331 Arausicana
2468 4274 2739 4345 synodus,
2787 4288 2885 4327 vos
2932 4272 3155 4329 videtis.
3212 4273 3365 4328 Olim
3422 4272 3643 4344 quidem
3668 4271 3764 4323 Au-

290 4374 631 4412 consensum
660 4357 836 4424 dedit,
875 4356 1031 4423 quod
1072 4362 1396 4411 sanctorum
1437 4360 1669 4413 Patrum
1717 4361 1993 4416 doctrina

289 4445 612 4499 conformes
660 4450 867 4500 essent.
896 4446 1052 4500 Unde
1082 4445 1379 4517 Georgius,
1425 4446 1661 4501 antistes
1716 4449 1991 4503 Constan-

291 4532 730 4603 tinopolitanus,
765 4533 904 4589 dixit
934 4551 948 4588 :
987 4558 1007 4581 ι
1037 4534 1302 4588 Scrutans
1335 4541 1659 4591 sanctorum
1692 4555 1755 4592 ac
1784 4541 1992 4609 proba-

289 4620 496 4676 bilium
541 4623 794 4691 Patrum,
824 4623 925 4694 qui
975 4621 1212 4693 repositi
1244 4628 1376 4678 sunt
1420 4623 1479 4678 in
1528 4626 1839 4680 venerabili
1890 4644 1991 4698 pa-

292 4709 589 4777 triarcbio,
641 4710 835 4764 inveni
885 4715 1089 4764 cuncta
1154 4710 1482 4766 testimonia
1545 4719 1871 4769 sanctorum
1928 4732 1994 4771 ac

290 4798 684 4871 probabilium
714 4798 971 4864 Patrum,
998 4814 1126 4869 qua
1172 4798 1233 4852 in
1269 4799 1486 4855 eisdem
1534 4802 1992 4874 suggestionibus

290 4886 681 4954 continentur,
707 4884 1097 4953 consonantia,
1130 4890 1187 4941 et
1236 4886 1296 4941 in
1350 4887 1507 4942 nullo
1550 4888 1930 4960 discrepantia
1959 4910 1993 4947 a

286 4975 494 5031 sanctis
526 4992 590 5030 ac
618 4974 1012 5048 probabilibus
1042 4976 1320 5044 Patribus,
1374 4982 1431 5032 et
1459 4977 1749 5033 consentio
1805 4979 1905 5046 eis,
1938 4985 1994 5035 et

287 5065 365 5119 sic
390 5066 667 5120 conﬁteor
705 5069 761 5121 et
790 5064 979 5120 credo.
1013 5084 1042 5116 ι)
1075 5065 1257 5129 Quam
1299 5068 1643 5122 sententiam
1672 5068 1862 5123 cateri
1883 5068 1990 5124 ibi-

289 5155 421 5209 dem
449 5155 852 5227 subscripsere.
912 5156 1149 5211 Possent
1203 5155 1427 5211 inﬁnita
1483 5157 1551 5211 ad
1600 5158 1707 5212 hoc
1760 5158 1992 5216 demon-

288 5243 588 5297 strandum
614 5244 942 5299 testimonia
969 5244 1197 5314 adduci,
1225 5244 1286 5298 in
1335 5245 1543 5316 quibus
1572 5262 1640 5301 ea:
1676 5251 1990 5305 necessitate

290 5329 493 5399 synodi
527 5336 852 5388 sanctorum
896 5336 1131 5389 Patrum
1161 5332 1479 5389 doctrinam
1533 5352 1591 5389 se
1624 5337 1893 5407 amplecti
1923 5354 1987 5392 ac

287 5416 455 5488 sequi
487 5418 752 5488 professa
782 5426 933 5477 sunt.

355 5507 428 5562 At
444 5503 669 5578 inquies
691 5506 853 5581 loqui
902 5512 957 5563 te
982 5509 1052 5565 de
1083 5525 1199 5566 uno
1230 5511 1570 5584 Augustino,
1614 5528 1732 5568 non
1760 5514 1831 5571 de
1860 5530 1985 5571 om-

2101 4364 2362 4436 gustinus
2408 4363 2669 4418 Ecclesia
2715 4362 3027 4432 discipulus
3056 4361 3185 4424 fuit,
3233 4378 3298 4416 ac
3323 4363 3497 4416 talem
3525 4378 3581 4415 se
3622 4356 3764 4431 proﬁ-

2099 4454 2346 4520 tebatur,
2378 4453 2515 4507 dum
2541 4452 2610 4506 ad
2639 4449 2995 4505 Bonifacium
3023 4466 3233 4520 papam
3270 4450 3551 4505 scribebat
3573 4447 3767 4501 mittere

2100 4559 2204 4597 sua
2231 4542 2440 4614 scripta
2476 4557 2593 4595 non
2619 4544 2736 4594 tam
2786 4538 3058 4593 discenda
3099 4554 3263 4607 quam
3327 4536 3695 4598 examinanda,
3727 4535 3767 4584 et

2100 4631 2195 4685 ubi
2215 4631 2453 4697 forsitan
2474 4628 2691 4697 aliquid
2708 4627 3066 4697 displicuerit,
3090 4627 3448 4695 emendanda,
3478 4626 3574 4681 lib.
3609 4643 3624 4679 1
3658 4636 3767 4675 con-

2098 4724 2189 4774 tra
2217 4719 2357 4774 duas
2387 4717 2656 4789 epistolas
2704 4716 2897 4786 Pelag.
2932 4715 3001 4769 ad
3037 4714 3239 4782 Bonif.,
3282 4731 3406 4787 cap.
3438 4720 3485 4770 1.
3516 4716 3766 4770 Caterum

2100 4808 2252 4879 quod
2282 4825 2315 4862 a
2345 4808 2461 4862 Deo
2492 4803 2932 4861 illuminationis
2962 4804 3204 4873 gratiam
3244 4804 3317 4859 ad
3365 4803 3666 4859 docendum
3693 4814 3763 4852 as-

2099 4899 2323 4949 secutus
2352 4897 2454 4960 est,
2495 4898 2562 4947 ut
2613 4892 2695 4947 ait
2724 4897 2953 4947 sanctus
2980 4892 3333 4963 Fulgentius,
3388 4896 3446 4947 et
3487 4906 3624 4945 unus
3648 4884 3763 4942 uni-

2098 4999 2285 5039 versas
2315 4982 2757 5053 Pelagianorum
2796 4981 3088 5037 machinas
3126 4980 3417 5053 perfregit,
3448 4984 3657 5035 tantum
3695 4973 3763 5028 illi

2099 5071 2344 5130 Ecclesia
2373 5071 2594 5135 detulit,
2628 5075 2693 5125 ut
2744 5071 2925 5141 ipsius
2973 5071 3234 5126 Ecclesia
3289 5088 3394 5141 per
3434 5066 3760 5141 apostolicam

2098 5162 2291 5217 sedem
2313 5160 2587 5232 magister
2615 5164 2975 5215 consecratus
3018 5160 3206 5215 fuerit.
3261 5160 3401 5215 Hinc
3441 5154 3758 5215 Calestinus,

2097 5251 2159 5306 in
2189 5251 2429 5322 epistola
2451 5249 2616 5304 toties
2660 5267 2693 5304 a
2723 5249 3136 5304 recentioribus
3174 5248 3472 5313 inculcata,
3517 5240 3759 5314 Augusti-

2096 5356 2237 5394 num
2267 5342 2592 5407 magistrum
2632 5344 2877 5394 nostrum
2905 5338 3143 5393 honoris
3163 5353 3333 5392 causa
3355 5336 3651 5404 nuncupat,
3677 5328 3760 5383 Ge-

2096 5429 2270 5483 lasius
2321 5429 2379 5484 in
2429 5428 2671 5499 epistola
2722 5428 2795 5483 ad
2842 5426 3157 5482 Honorium
3213 5424 3478 5480 eumdem
3540 5419 3759 5478 Ecclesia

2094 5520 2421 5588 magistrum
2446 5517 2602 5585 dicit,
2652 5521 2711 5574 et
2736 5517 2984 5575 Joannes
3013 5517 3087 5583 Il,
3128 5520 3193 5572 ut
3236 5530 3369 5570 mox
3412 5512 3671 5577 dicemus,
3696 5504 3755 5559 de
