3914 6186
103 265 217 320 80I

1412 266 1732 324 VINDICUE
1773 267 2319 326 AUGUSTINIANAS.

3527 286 3631 338 802

105 387 441 460 Augustino
499 385 713 454 scribit,
773 387 928 456 cujus
980 387 1283 442 doctrinam
1334 389 1625 444 secundum
1678 407 1826 460 prm—
1858 395 1903 448 A
1940 393 2166 448 auxiliis
2195 394 2399 448 divinis
2437 397 2845 451 controversias
2896 399 2966 453 ad
3025 400 3278 455 tribunal
3312 404 3488 458 sancti
3517 408 3636 459 Au-

111 494 387 533 cessorum
417 493 652 530 meorum
707 481 916 531 statuta
955 479 1198 532 Romana
1250 481 1494 545 sequitur
1544 483 1594 533 et
1647 485 1827 535 servat

114 570 378 621 Ecclesia.
442 566 717 631 Profecto,
782 565 827 618 si
893 566 1134 620 Ecclesia
1210 569 1466 622 Romana
1519 571 1824 640 Augustini

117 656 436 710 doctrinam
501 655 777 725 sequitur,
839 656 1194 724 Augustinus
1248 655 1504 726 ejusdem
1565 659 1823 712 Ecclesiae

114 745 394 814 magister
423 743 696 797 dicendus
745 746 848 811 est,
891 744 975 796 uti
1030 743 1340 814 discipulos
1373 745 1552 799 sancti
1591 747 1823 801 Thomas

107 838 215 886 aut
245 832 394 887 Scoti
425 850 521 886 eos
574 833 951 902 appellamus,
999 832 1097 903 qui
1132 834 1465 888 eorumdem
1524 835 1821 890 doctorum

105 922 426 975 sententias
456 925 793 992 sequuntur.
826 923 938 976 Cur
982 925 1176 975 autem
1219 923 1327 976 hoc
1373 923 1584 977 mirum
1624 924 1819 978 videa-

103 1012 256 1064 tur?
289 1012 491 1064 Nonne
517 1011 657 1064 olim
685 1026 930 1080 magnus
979 1010 1073 1063 ille
1122 1011 1378 1081 Aquinas
1419 1012 1572 1066 inter
1606 1011 1821 1066 tirones

103 1099 170 1152 in
204 1100 414 1153 scholis
445 1099 608 1164 sedit,
652 1098 751 1169 qui
802 1102 996 1168 postea
1039 1116 1298 1153 summus
1354 1099 1820 1155 scholasticorum

101 1188 392 1258 magister
434 1188 658 1241 evasit?
700 1187 940 1241 Laudati
980 1187 1282 1255 antistites,
1326 1189 1463 1242 dum
1511 1189 1572 1242 in
1602 1190 1819 1260 synodo

102 1277 562 1331 Chalcedonensi
622 1280 679 1330 et
730 1277 1362 1346 Constantinopolitana
1420 1282 1642 1331 sanctos
1711 1279 1818 1331 Pa-

100 1370 228 1417 tres
253 1365 415 1436 sequi
443 1381 501 1418 se
527 1365 810 1432 dicebant,
843 1365 1175 1418 eorumdem
1209 1381 1267 1418 se
1305 1365 1612 1434 discipulos
1671 1382 1813 1435 pro-

97 1454 443 1518 fitebantur,
477 1469 723 1523 quorum
754 1454 1023 1507 doctrinis
1058 1470 1177 1508 sese
1222 1454 1589 1508 instruendos
1633 1455 1816 1508 trade-

96 1543 290 1606 bant;
345 1541 426 1595 illi
457 1542 635 1612 igitur
678 1545 910 1610 Leones,
966 1543 1191 1606 Felices,
1231 1543 1546 1609 Athanasii,
1595 1543 1812 1610 Hilarii,

93 1631 440 1701 Augustini,
471 1631 687 1702 Cyrilli,
721 1632 997 1701 Gregorii,
1041 1632 1203 1685 aliive
1245 1649 1387 1702 quos
1419 1632 1630 1686 ibidem
1680 1649 1811 1703 pro-

95 1720 349 1788 ducunt,
381 1721 731 1790 synodorum
761 1720 1022 1791 magistri
1053 1721 1230 1774 fuere.
1267 1721 1449 1784 Quare
1479 1737 1609 1774 cum
1638 1724 1814 1775 Arau-

94 1808 372 1861 sicanum
403 1809 712 1862 concilium
760 1826 942 1863 unum
983 1810 1370 1879 Augustinum
1402 1814 1658 1864 secutum
1717 1811 1811 1881 sit,

93 1913 292 1950 unum
312 1897 698 1966 Augustinum
729 1897 1068 1967 magistrum
1096 1897 1310 1951 habuit.

180 1987 334 2039 Inter
365 1985 545 2038 sancti
572 1985 880 2055 Augustini
907 1986 1283 2040 encomiastas
1309 1985 1512 2039 merito
1546 2001 1810 2040 numera‘

93 2078 202 2126 tur
231 2075 402 2127 etiam
435 2079 660 2127 sanctus
704 2076 954 2129 Joannes
1003 2076 1071 2141 ΙΙ,
1105 2076 1166 2128 in
1215 2075 1378 2146 epist.
1416 2075 1445 2129 3
1477 2075 1548 2128 ad
1580 2081 1812 2129 senato-

91 2179 234 2216 res:
270 2164 498 2217 Sanctus
529 2164 893 2232 Augustinus,
937 2163 1033 2229 ait,
1076 2165 1230 2232 cujus
1287 2165 1590 2218 doctrinam
1620 2180 1811 2218 secun-

93 2249 237 2302 dum
264 2249 713 2318 praedecessorum
743 2266 979 2304 meorum
1037 2255 1245 2305 statuta
1297 2254 1538 2306 Romana
1567 2255 1813 2321 sequitur

95 2343 151 2392 et
185 2344 366 2392 servat
390 2340 646 2393 Ecclesia.
682 2339 898 2402 Quibus
930 2339 1118 2392 verbis
1151 2340 1411 2408 pontifex
1464 2356 1578 2393 non
1628 2342 1810 2393 solum

95 2426 288 2479 sancti
317 2426 626 2495 Augustini
676 2425 999 2480 doctrinam
1048 2427 1420 2491 consecravit,
1487 2427 1582 2480 sed
1639 2427 1811 2480 etiam

94 2514 369 2566 eamdem
431 2514 752 2585 antiquitus
784 2532 815 2568 a
846 2515 962 2568 suis
993 2515 1386 2569 decessoribus
1437 2515 1811 2584 approbatam

90 2602 279 2656 fuisse
310 2602 575 2656 affirmat.
627 2603 735 2657 Sed
775 2620 847 2657 eu
893 2603 1083 2657 statim
1117 2603 1498 2658 recentiorum
1529 2605 1810 2674 interpre-

92 2692 370 2745 tationes.
432 2692 580 2745 Audi
635 2693 1053 2762 Decampsium,
1104 2693 1207 2747 lib.
1259 2710 1316 2745 111
1373 2693 1490 2758 cit.,
1555 2692 1701 2762 disp.
1759 2694 1806 2756 ’1,

92 2796 230 2848 cap.
267 2784 317 2844 4,
349 2795 508 2833 num.
549 2783 650 2834 12:
685 2781 826 2835 Cum
857 2782 1035 2851 igitur
1075 2781 1132 2834 in
1164 2782 1268 2834 hac
1318 2781 1560 2850 epistola
1609 2797 1711 2833 nec
1742 2780 1810 2834 de

94 2869 284 2922 sancti
311 2868 614 2938 Augustini
662 2869 922 2923 doctrina
961 2874 1156 2923 contra
1207 2869 1544 2939 Pelagianos
1587 2873 1807 2937 agatur,

1937 481 2152 552 gustini
2208 483 2608 552 expendendas
2661 485 2845 554 jussit,
2907 503 3021 558 quo
3088 488 3225 542 olim
3290 493 3634 549 recentiores

1932 570 2114 639 pressi
2144 575 2295 637 sunt,
2344 570 2495 625 hisce
2553 574 2719 626 modo
2752 576 2997 644 strophis
3056 578 3341 633 eludunt:
3407 602 3428 629 ι
3493 583 3635 635 Nam

1934 658 2107 728 quod,
2163 657 2451 727 inquiunt,
2534 660 2778 729 objicere
2833 663 3013 733 aliqui
3097 666 3295 729 solent,
3374 669 3634 724 Clemen-

1931 751 2047 801 tem
2081 747 2195 799 VIII
2221 747 2454 815 jussisse
2485 755 2740 818 tempore
2789 750 3244 821 disputationum
3278 753 3346 808 de
3380 756 3627 824 auxiliis,

1932 839 1993 887 ut
2038 834 2346 904 Augustini
2375 834 2739 902 potissimum
2770 839 3052 892 sententia
3093 841 3507 911 exquireretur,
3540 844 3629 897 fa-

1929 923 2035 977 cile
2061 923 2317 977 solvitur.
2350 924 2542 993 Neque
2574 923 2729 976 enim
2758 923 2815 978 id
2847 929 3119 998 praecepit
3150 946 3214 983 eo
3261 932 3626 1001 praajudicio,

1930 1013 2091 1082 quasi
2117 1013 2275 1066 nefas
2308 1013 2540 1067 duceret
2565 1014 2679 1066 ulla
2703 1013 2760 1066 in
2786 1031 2847 1067 re
2878 1015 3175 1071 dissentire
3195 1019 3265 1072 ab
3283 1022 3602 1089 Augustino

1928 1100 2226 1170 repudiata
2255 1100 2424 1154 etiam
2459 1100 2741 1154 Coelestini
2782 1101 3148 1159 distinctione
3179 1105 3277 1158 illa
3309 1107 3458 1161 inter
3489 1125 3615 1178 pro-

1927 1186 2237 1256 positiones
2296 1205 2436 1258 quas
2483 1194 2650 1251 esset,
2698 1193 2754 1243 et
2811 1206 2952 1261 quas
3014 1209 3127 1246 non
3192 1200 3338 1248 esset
3394 1213 3620 1250 necesse

1926 1279 2200 1331 astruere.
2234 1279 2424 1348 Neque
2458 1278 2608 1331 idem
2658 1282 2742 1331 est
2795 1280 2959 1340 velle,
3017 1286 3075 1333 ut
3124 1280 3475 1350 disputantes
3515 1287 3624 1339 Au-

1925 1365 2139 1434 gustini
2169 1366 2507 1419 sententiam
2541 1365 2850 1435 inquirant,
2881 1373 2937 1420 et
2965 1369 3108 1421 velle
3162 1370 3398 1424 omnino
3459 1376 3522 1426 ut
3564 1373 3622 1426 in

1924 1455 2188 1508 omnibus
2218 1472 2340 1508 eam
2373 1459 2705 1524 sequantur.
2739 1477 2766 1503 »
2801 1455 3015 1508 Rursus
3043 1471 3057 1509 :
3096 1482 3123 1504 u
3155 1458 3500 1526 Inquirenda
3515 1461 3625 1514 fuit

1923 1543 2228 1613 Augustini
2260 1544 2560 1609 sententia,
2598 1547 2661 1598 ut
2684 1544 3100 1615 intelligeretur
3129 1551 3322 1600 utrum
3376 1564 3442 1600 ea
3493 1565 3621 1618 quae

1921 1631 2358 1700 disputabantur
2413 1636 2711 1702 tangerent
2771 1633 3079 1686 constituta
3153 1635 3272 1703 jam
3331 1636 3622 1704 dogmata,

1923 1736 2115 1786 necne,
2152 1737 2223 1774 an
2245 1720 2455 1790 [potius
2510 1725 2830 1789 spectarent
2878 1721 2948 1774 ad
3009 1724 3354 1792 quaestiones
3393 1723 3620 1778 inditfe-

1921 1811 2126 1860 rentes.
2161 1807 2316 1860 Adde
2347 1824 2477 1860 cum
2510 1812 2730 1861 constet
2756 1824 2822 1860 ex
2852 1815 3044 1864 mente
3097 1811 3277 1864 sancti
3311 1812 3609 1867 Bonaven-

1918 1899 2063 1948 turae
2091 1897 2475 1965 Augustinum
2496 1898 2802 1967 aliquando
2834 1899 3026 1952 minus
3077 1900 3344 1970 voluisse,
3401 1906 3458 1956 et
3488 1905 3618 1972 plus

1920 1982 2147 2049 dixisse,
2179 1983 2350 2038 fuisse
2381 2002 2480 2038 cur
2503 1986 2736 2055 juberet
2778 2003 3034 2041 summus
3064 1988 3320 2058 pontifex
3377 1994 3441 2044 ut
3495 1991 3620 2060 ejus

1919 2071 2200 2124 sententia
2227 2071 2683 2142 investigaretur,
2716 2089 2922 2144 nempe
2958 2080 3023 2128 ut
3067 2075 3429 2144 retineretur,
3463 2079 3620 2148 quod

1917 2158 2285 2228 perspicuum
2330 2163 2478 2212 esset
2533 2159 2694 2212 illum
2750 2160 3015 2226 voluisse,
3050 2178 3166 2215 non
3215 2168 3407 2217 autem
3461 2167 3622 2236 quid-

1918 2246 2055 2316 quid
2108 2251 2412 2311 constaret,
2464 2263 2595 2300 eum
2641 2247 2928 2301 dixisse.»
2989 2251 3200 2303 Annati
3258 2252 3430 2306 verba
3486 2258 3623 2307 sunt

1919 2335 2016 2388 lib.
2047 2352 2161 2400 Vill,
2197 2351 2319 2405 cap.
2353 2337 2406 2403 4,
2439 2334 2498 2388 in
2554 2336 2689 2389 ﬁne.
2749 2337 2948 2390 Nullus
3000 2337 3295 2409 hucusque
3344 2340 3622 2394 dubitavit

1919 2424 1978 2476 in
2005 2424 2348 2478 sessionibus
2402 2426 2469 2478 de
2501 2424 2726 2478 auxiliis
2765 2440 2957 2478 coram
2996 2426 3287 2480 Clemente
3320 2429 3437 2482 VIII
3478 2431 3621 2483 cele-

1918 2512 2092 2565 bratis
2124 2513 2344 2566 Molinae
2374 2513 2695 2567 doctrinam
2727 2515 2796 2568 ad
2855 2514 3289 2584 Augustinianm
3342 2517 3617 2571 doctrinas

1919 2599 2193 2653 amussim
2222 2605 2496 2655 vocatam.
2556 2602 2790 2655 Interim
2821 2604 3058 2656 audiant
3090 2605 3329 2658 Paulum
3362 2606 3616 2659 Leonar-

1918 2687 2076 2755 dum,
2107 2704 2236 2742 vere
2266 2690 2617 2759 Scerlogum,
2677 2690 2736 2742 in
2790 2691 3068 2760 Apologia
3107 2692 3356 2745 scientia
3389 2694 3617 2763 mediae,

1917 2780 2062 2845 part.
2096 2793 2157 2841 11,
2185 2793 2342 2830 num.
2378 2780 2480 2830 39:
2518 2794 2543 2829 α
2588 2777 2884 2846 Equidem,
2940 2778 3146 2848 inquit,
3183 2780 3241 2832 in
3274 2781 3615 2850 disputatio-

1917 2865 2087 2918 nibus
2118 2866 2314 2918 Romaa
2344 2865 2571 2934 agitatis
2601 2881 2792 2918 coram
2821 2867 3117 2921 sanctitate
3154 2869 3461 2922 Clementis
3494 2871 3614 2924 VIII

96 2974 211 3010 nec
255 2958 402 3010 ullus
433 2973 501 3010 ex
529 2956 690 3010 libris
723 2959 1043 3026 appelletur
1073 2957 1281 3027 quibus
1302 2972 1396 3010 eos
1425 2956 1806 3026 impugnavit,
1847 2985 1887 3041 ρ
1919 2957 1975 3006 et
2001 2951 2164 3006 Pauli
2191 2954 2254 3014 V,
2311 2968 2461 3022 saepe
2520 2957 2575 3006 et
2627 2954 2932 3024 diligenter
2984 2955 3400 3025 interrogatum
3432 2961 3513 3010 est
3544 2958 3614 3011 de

96 3063 210 3099 cur
239 3046 372 3099 inde
401 3045 732 3099 Janseniani
775 3045 1067 3115 speciatim
1107 3045 1404 3115 colligunt,
1454 3044 1532 3098 ita
1578 3044 1808 3114 probari

95 3135 180 3186 ab
211 3133 521 3203 apostolica
559 3134 690 3187 sede
718 3150 1073 3205 quazcunque
1103 3135 1163 3188 in
1191 3133 1496 3205 Augustini
1541 3135 1809 3204 operibus

95 3222 493 3287 continentur,
529 3226 588 3275 ut
625 3223 694 3275 ah
728 3222 816 3275 his
854 3224 939 3277 vel
971 3224 1260 3277 tantillum
1309 3223 1572 3277 recedere
1604 3223 1678 3276 sit
1706 3239 1807 3276 ne-

94 3312 237 3365 fas?
266 3331 292 3360 »
324 3310 494 3364 Addit
523 3310 817 3378 Moraines,
851 3312 996 3381 disp.
1035 3315 1099 3366 I2
1123 3313 1482 3378 Anti-Jans.,
1513 3327 1675 3365 num.
1709 3314 1803 3365 50:

98 3423 132 3452 (ι
174 3402 305 3464 Quae
336 3401 497 3454 addit
518 3417 585 3453 ex
616 3402 828 3454 Joanne
853 3403 900 3454 II
924 3407 981 3455 et
1010 3403 1299 3456 Clemente
1333 3402 1454 3455 VIII
1481 3401 1806 3471 praeceden-

90 3489 256 3542 tibus
298 3489 505 3542 similia
555 3492 707 3555 sunt,
740 3490 1003 3560 nihilque
1055 3491 1304 3561 amplius
1354 3491 1621 3560 probant.
1654 3491 1806 3542 Tan-

89 3583 226 3630 tum
285 3579 437 3631 enim
487 3578 776 3631 affirmant
836 3579 1137 3632 Ecclesiam
1189 3581 1508 3634 Romanam
1558 3594 1800 3644 servare,

87 3671 157 3719 et
186 3667 347 3736 sequi
391 3667 710 3720 doctrinam
765 3666 1071 3737 Augustini
1121 3667 1226 3720 sibi
1279 3666 1439 3736 quasi
1489 3667 1680 3720 dotem
1712 3683 1804 3720 re—

89 3753 310 3819 lictam,
340 3770 513 3824 quam
540 3759 734 3807 tamen
773 3769 891 3807 non
928 3753 990 3806 in
1021 3754 1286 3807 omnibus
1319 3753 1597 3824 sequitur,
1633 3773 1661 3805 »
1694 3759 1800 3810 etc.

91 3845 239 3896 Hinc
260 3842 361 3896 illi.
410 3842 628 3896 Scimus
661 3859 787 3896 eam
835 3842 1013 3895 sancti
1065 3842 1298 3895 Joannis
1351 3842 1650 3912 epistolam
1681 3860 1801 3896 esse

90 3935 294 3984 contra
327 3932 709 3998 Nestorianos,
737 3948 856 3985 non
885 3931 1219 4001 Pelagianos
1244 3947 1256 3997 ;
1288 3931 1386 3984 sed
1416 3930 1624 3984 scimus
1656 3947 1802 4001 quo-

90 4037 212 4091 que
263 4020 627 4075 Nestorianos
687 4038 752 4074 ex
793 4021 1115 4091 Pelagianis
1172 4019 1469 4090 prodiisse,
1525 4025 1799 4090 utrosque

89 4112 301 4162 mutuo
380 4125 437 4161 se
486 4109 737 4162 foventes
798 4109 951 4179 apud
1019 4108 1304 4177 Ephesum
1367 4107 1796 4174 condemnatos,

93 4196 330 4265 utrique
377 4196 578 4250 hzeresi
629 4196 780 4250 idem
828 4212 861 4248 a
909 4197 1187 4266 Prospero
1229 4195 1585 4266 epitaphium
1628 4196 1797 4266 igno-

90 4285 294 4337 miniae
342 4302 510 4339 causa
564 4285 924 4354 inscriptum.
985 4285 1339 4355 Opponimus
1397 4289 1592 4338 tamen
1624 4286 1792 4339 Joan-

90 4391 233 4427 nem
287 4374 429 4427 inibi
484 4390 550 4428 ea
607 4373 786 4427 sancti
859 4373 1105 4427 doctoris
1160 4373 1454 4428 volumina
1511 4374 1793 4440 laudasse,

87 4463 302 4533 quibus
340 4478 458 4514 non
505 4465 731 4515 tantum
782 4461 1134 4515 auctoritatis
1189 4460 1355 4530 inest,
1387 4465 1670 4530 quantum
1702 4461 1798 4515 tri-

91 4550 300 4601 butum
331 4553 416 4601 est
446 4547 518 4602 ab
547 4548 856 4618 apostolica
895 4548 1028 4601 sede
1084 4547 1242 4600 libris
1280 4552 1476 4601 contra
1535 4548 1794 4618 Pelagia-

91 4656 201 4692 nos
233 4637 476 4707 scriptis.
504 4639 640 4692 Cum
672 4638 824 4691 enim
855 4637 917 4690 in
948 4637 1057 4690 illis
1095 4642 1330 4691 caeteros
1370 4641 1503 4708 post
1532 4653 1591 4691 se
1622 4638 1795 4708 longo

91 4727 396 4780 intervallo
446 4726 764 4796 reliquerit,
811 4725 871 4778 in
928 4725 1052 4779 istis
1104 4726 1290 4796 seipso
1331 4742 1561 4796 quoque
1613 4727 1798 4796 major

91 4814 305 4880 evasit;
336 4814 489 4868 unde
510 4814 557 4867 si
587 4813 973 4884 Augustinum
1005 4815 1259 4867 Romana
1297 4815 1539 4868 Ecclesia
1586 4815 1795 4868 docen-

89 4907 215 4956 tem
262 4901 536 4971 sequitur,
570 4901 667 4954 ubi
714 4901 925 4954 minori
955 4901 1120 4955 laude
1153 4906 1386 4955 ornatus
1419 4903 1548 4970 fuit,
1609 4903 1797 4957 eidem

87 4990 419 5060 religiosius
450 4989 783 5056 adhaerebit,
816 4989 914 5043 ubi
953 4993 1036 5044 tot
1065 4991 1454 5044 Romanorum
1483 4993 1796 5061 praesulum

87 5081 372 5136 encomiis
402 5087 671 5152 exceptus
699 5081 823 5135 fuit.
860 5082 1122 5134 Romana
1177 5080 1419 5134 Ecclesia
1457 5097 1571 5135 non
1614 5083 1796 5136 solum

85 5167 481 5235 Augustinum
507 5169 805 5222 docentem
837 5168 1080 5234 inaudit,
1116 5169 1212 5222 sed
1261 5169 1664 5238 impugnatum
1694 5172 1795 5225 de-

87 5255 296 5322 fendit,
329 5256 388 5310 ul
417 5255 515 5310 illa
570 5256 872 5328 Augustini
933 5257 1327 5312 auctoritatem
1376 5263 1795 5329 propugnante,

92 5346 293 5399 oleum
324 5350 381 5399 et
411 5361 642 5415 operam
663 5345 945 5416 perdituri
974 5345 1090 5400 sint
1119 5345 1487 5416 recentiores,
1520 5345 1620 5417 qui
1660 5363 1796 5400 con-

88 5438 184 5485 tra
207 5433 466 5486 eamdem
505 5433 831 5504 insurgunt.

175 5520 487 5575 Clementis
538 5537 670 5575 vero
719 5522 841 5575 VIII
873 5522 1186 5591 decretum,
1245 5538 1358 5594 quo
1406 5522 1698 5579 universas
1727 5523 1798 5578 de

1917 3045 2108 3095 mente
2135 3041 2311 3096 sancti
2350 3042 2672 3112 Augustini,
2698 3043 2854 3113 quod
2885 3059 2952 3097 eo
2985 3043 3278 3114 speciatim
3312 3045 3368 3098 in
3404 3061 3615 3115 genere

1916 3129 2300 3200 quaestionum
2331 3131 2685 3199 exploratum
2719 3135 2868 3184 esset
2897 3132 2966 3184 ab
2999 3131 3068 3184 iis
3096 3132 3313 3202 optima
3343 3133 3612 3203 proferri,

1914 3221 2006 3276 cui
2035 3226 2227 3276 tantus
2259 3220 2466 3275 divinae
2487 3222 2684 3291 gratiae
2711 3223 3134 3294 hyperaspistes
3165 3224 3396 3278 faveret.
3427 3227 3613 3289 Quare

1914 3327 2065 3365 anno
2100 3312 2235 3365 1602
2264 3314 2570 3365 tractatum
2601 3328 2612 3364 :
2648 3311 2778 3376 Quis
2813 3313 3045 3381 majores
3097 3315 3239 3367 vires
3289 3314 3364 3367 ad
3419 3315 3612 3369 bonum

1913 3400 2077 3453 libero
2119 3401 2349 3453 arbitrio
2402 3399 2644 3453 tribuat?
2700 3400 2790 3453 An
2821 3403 3167 3469 Augustinus
3199 3405 3225 3455 ?
3255 3418 3326 3455 an
3365 3405 3568 3457 Matina
3591 3397 3630 3457 γ’

1913 3488 2247 3543 Continetur
2292 3489 2389 3542 ille
2473 3487 2743 3542 articulus
2808 3493 3024 3558 septem
3067 3489 3499 3560 quaestionibus,
3555 3490 3614 3545 in

1910 3577 2116 3646 quibus
2142 3576 2382 3647 singulis
2415 3576 2482 3630 de
2524 3583 2713 3631 mente
2742 3576 3049 3647 Augustini
3099 3577 3451 3648 disceptatur
3482 3596 3612 3633 cum

1909 3663 2134 3731 Molina,
2169 3669 2275 3718 etc.
2326 3666 2403 3718 De
2431 3665 2638 3735 quibus
2669 3664 2848 3733 liquet
2881 3665 3258 3719 altercationis
3311 3683 3457 3737 pene
3488 3683 3610 3721 om-

1910 3767 2045 3805 nem
2075 3769 2332 3822 scopum,
2367 3753 2644 3823 quidnam
2673 3753 3026 3822 Augustinus
3053 3754 3336 3807 sentiret?
3387 3776 3415 3803 »
3446 3756 3610 3809 Com—

1907 3841 2119 3910 pendio
2173 3858 2265 3895 res
2311 3845 2578 3910 ageretur
2627 3840 2674 3893 si
2733 3840 2929 3893 liceret
2981 3845 3104 3893 acta
3160 3840 3259 3893 illa
3303 3857 3608 3911 congrega-

1907 3929 2151 3993 tionum,
2230 3929 2317 3980 vel
2375 3927 2660 3996 integram
2725 3927 3034 3981 Clementis
3081 3927 3204 3980 VIII
3261 3929 3606 3997 orationem,

1909 4034 2082 4088 quam
2139 4016 2618 4086 disputationibus
2665 4015 2775 4068 illis
2828 4015 3122 4085 prtemisit,
3184 4016 3441 4070 recitare.
3499 4018 3608 4072 Sed

1909 4105 2138 4175 quando
2169 4105 2470 4158 recentiori
2519 4107 2776 4158 Romano
2829 4105 3054 4158 decreto
3096 4103 3155 4158 id
3211 4105 3449 4160 vetitum
3500 4111 3605 4175 est,

1906 4210 2036 4247 cum
2077 4193 2376 4264 dispendio
2426 4209 2610 4247 causae
2675 4209 2848 4264 quam
2908 4193 3172 4260 defendo,
3230 4195 3607 4248 necessariam

1839 4280 1880 4333 D
1910 4282 2302 4336 defensionem
2350 4280 2573 4336 omitto.
2635 4282 2700 4334 Et
2729 4279 2964 4351 quidem
3016 4282 3145 4350 plus
3201 4282 3346 4336 forte
3386 4283 3609 4337 caeteris

1906 4370 2142 4424 meliora
2215 4370 2400 4424 dicere
2446 4385 2694 4441 possem,
2752 4384 2879 4422 cum
2936 4369 3175 4440 legerim
3229 4370 3425 4424 omnia
3482 4372 3608 4424 Mss.

1905 4459 2164 4531 Gregorii
2195 4459 2406 4531 Nugnii
2436 4460 2699 4526 Coronel,
2734 4457 3138 4529 Augustiniani
3195 4459 3473 4526 Lusitani,
3507 4459 3607 4529 qui

1905 4554 2370 4604 memoratarum
2403 4546 2916 4617 congregationum
2973 4547 3080 4600 fuit
3128 4562 3161 4599 a
3209 4548 3458 4602 secretis.
3507 4549 3604 4602 Pio

1907 4638 2129 4691 silentio
2171 4635 2440 4708 religioni
2494 4636 2608 4690 lito.
2661 4635 2937 4705 Repetam
2985 4638 3180 4689 tamen
3215 4634 3606 4706 fragmentum

1905 4727 2147 4780 laudata:
2177 4725 2450 4780 orationis
2481 4724 2783 4779 Clementis
2823 4725 2969 4788 VIII,
3019 4725 3172 4796 quod
3232 4742 3330 4779 suo
3388 4726 3607 4779 Eucho-

1903 4815 2091 4884 logico
2117 4813 2604 4884 acongregatione
2645 4829 2915 4883 suprema
2929 4813 2984 4868 S.
3012 4815 3076 4867 Β.
3100 4813 3488 4884 Inquisitionis
3505 4828 3608 4881 ap-

1904 4904 2146 4973 probato
2177 4902 2418 4956 inseruit
2445 4904 2507 4955 P.
2545 4902 2769 4956 Macedo
2813 4903 2961 4956 inter
3009 4902 3197 4972 elogia
3243 4901 3603 4970 pontificum,

1907 5007 2034 5061 quae
2065 4990 2262 5044 recitat
2292 4991 2358 5045 ad
2390 4990 2541 5044 diem
2567 4993 2636 5045 28
2667 4991 2929 5062 Augusti,
2965 5006 3099 5060 pag,
3148 4992 3270 5042 406.
3314 5007 3339 5039 α
3391 4988 3603 5051 Quam-

1905 5081 2008 5146 vis,
2041 5080 2248 5150 inquit,
2283 5079 2390 5133 nisi
2421 5082 2535 5134 Deo
2565 5080 2851 5134 rationem
2904 5079 3139 5133 reddere
3173 5076 3413 5130 debeam
3448 5093 3603 5130 mea-

1906 5186 2036 5224 rum
2069 5170 2378 5237 actionum,
2410 5169 2596 5223 dicam
2625 5173 2818 5223 tamen
2865 5163 3386 5237 impraesentiarum
3427 5165 3606 5219 ratio-

1907 5275 2009 5312 nes
2066 5263 2299 5328 propter
2356 5273 2496 5328 quas
2578 5272 2903 5311 asrnmcsae
2967 5269 3147 5307 sum!
3214 5256 3391 5306 totam
3461 5255 3608 5308 hanc

1908 5346 2349 5418 disputationem
2414 5363 2481 5400 AD
2542 5363 2762 5400 manu
2822 5360 3092 5398 noenum:
3170 5359 3354 5396 suam
3419 5346 3607 5398 Auce-

1909 5453 2046 5489 STINI
2077 5436 2146 5490 de
2169 5436 2371 5506 gratia.
2407 5436 2596 5490 Prima
2625 5439 2709 5488 est
2737 5433 2888 5503 quod
2919 5433 2987 5500 si,
3021 5437 3163 5487 teste
3213 5435 3276 5487 Β.
3324 5434 3606 5503 Prospero

1905 5524 2025 5579 fere
2055 5523 2222 5579 initio
2257 5523 2386 5579 libri
2432 5528 2628 5578 contra
2658 5521 3009 5586 collatorem,
3062 5521 3264 5593 viginti
3321 5539 3605 5579 annorum
