3908 6180
351 241 452 291 803

1358 233 1914 287 SUPPLEMENTUM
1957 231 2046 285 AD
2084 230 2315 285 OPERA
2345 231 2399 283 S.
2445 228 2832 285 AUGUSTINI.
3689 242 3762 292 804

351 359 532 427 spatio
593 357 744 411 acies
798 354 1087 410 catholica
1149 353 1405 407 Ecclesia
1442 352 1546 407 ita
1593 353 1881 407 dimicavit
1938 368 2044 422 pro
2084 356 2124 408 A
2160 367 2312 406 nunc
2377 351 2481 404 sibi
2559 351 2800 405 liberum
2871 352 3094 419 putant,
3154 365 3220 402 ne
3272 351 3487 420 quidem
3538 355 3764 413 arbitrum

350 447 533 516 gratia
556 450 752 499 contra
787 441 1139 512 Pelagianos,
1182 444 1242 494 ut
1283 441 1512 493 tandem
1546 441 1864 510 Augustino
1902 440 2042 494 duce

350 535 565 599 vicerit,
613 538 834 604 oportet
889 532 1060 585 etiam
1121 529 1281 583 utin
1327 545 1493 582 causa
1543 529 1764 582 consilii
1822 544 2042 582 numnam

351 641 527 678 DL'CEM
567 637 916 677 aenoscauus
968 636 1029 672 nr
1084 634 1390 678 SEQUAMUR.
1445 617 1718 672 Secunda.
1758 623 1844 672 est
1888 618 2044 688 quod

353 714 504 768 idem
536 716 762 764 sanctus
791 708 933 762 nihil
962 707 1188 760 videtur
1213 706 1642 777 pratermisisse
1674 722 1876 760 eorum
1915 723 2042 776 quae

348 801 417 854 ad
464 801 772 871 prasentes
836 794 1248 848 controversias
1322 794 1629 863 pertinent,
1685 801 1790 848 etc.
1853 795 2044 849 Tertia

345 888 574 942 tandem
607 884 753 939 ratio
785 888 869 937 est
915 882 1067 954 quod
1094 899 1225 936 cum
1277 882 1441 936 multi
1472 883 1770 952 pontiﬁces
1813 887 1867 937 et
1896 900 2040 954 pra-

347 976 670 1030 decessores
715 972 897 1027 nostri
961 971 1234 1025 doctrina
1301 970 1479 1025 sancti
1547 971 1853 1042 Augustini
1924 978 2041 1026 tam

347 1081 504 1119 acres
533 1061 748 1117 fuerint
787 1065 1097 1114 assertores
1135 1075 1200 1112 ac
1252 1059 1522 1121 vindices,
1564 1065 1630 1114 ut
1663 1061 1827 1130 quasi
1867 1060 2042 1114 hare-

346 1151 551 1208 ditario
601 1153 731 1222 jure
784 1165 910 1204 eam
979 1148 1040 1202 in
1096 1148 1337 1203 Ecclesia
1414 1147 1660 1218 relinqui
1731 1149 2040 1218 voluerint,

347 1257 577 1313 aquum
606 1256 721 1294 non
756 1242 840 1292 est
867 1241 931 1292 ut
972 1237 1156 1307 patiar
1197 1236 1355 1290 illam
1402 1237 1508 1290 hac
1561 1237 1894 1293 hareditate
1923 1237 2040 1308 pri-

345 1329 487 1384 vari.
519 1348 545 1382 ι
575 1328 904 1383 Orationem
925 1327 1070 1380 hanc
1099 1325 1277 1396 ipsius
1307 1326 1612 1379 Clementis
1642 1342 1816 1380 manu
1847 1343 2040 1381 exara-

346 1424 464 1472 tam
496 1417 744 1471 ostendit
778 1415 940 1468 nobis
988 1413 1403 1468 illustrissimus
1458 1416 1520 1468 D.
1569 1415 1866 1486 Philippus
1893 1416 2041 1470 vice-

347 1522 536 1559 comes
591 1502 1044 1565 Mediolanensis,
1107 1501 1406 1572 episcopus
1485 1501 1821 1570 Catacensis,
1889 1505 2043 1574 quod

348 1595 522 1649 etiam
568 1598 836 1647 testatum
884 1590 1117 1661 reliquit
1170 1591 1228 1643 in
1281 1590 1434 1644 notis
1491 1592 1616 1644 Mss.
1651 1593 1722 1646 ad
1751 1609 1874 1663 cap.
1908 1595 2041 1647 41i-

346 1684 435 1738 bri
483 1700 579 1737 vui
630 1680 936 1752 Augustini
989 1680 1292 1746 vindicati,
1349 1681 1500 1751 quod
1569 1683 1836 1736 volumen
1889 1684 2037 1752 apud

347 1788 438 1825 me
461 1777 562 1826 est.

420 1862 548 1914 Non
582 1876 816 1930 possum
868 1859 960 1913 hic
1009 1875 1124 1912 non
1162 1858 1453 1928 indignari
1505 1861 1752 1929 Annato,
1789 1860 1889 1932 qui
1936 1860 2047 1914 illis

345 1949 406 2003 in
447 1948 930 2018 disputationibus
960 1946 1028 2000 de
1075 1947 1323 2012 auxiliis,
1381 1964 1496 2001 non
1543 1965 1709 2003 suum
1756 1950 2044 2018 Molinam,

348 2038 444 2092 sed
477 2043 740 2091 nostrum
762 2035 1149 2105 Augustinum
1181 2035 1240 2088 in
1272 2052 1512 2089 examen
1543 2041 1806 2090 vocatum
1855 2037 2043 2107 ﬁngit;

345 2143 479 2180 nam
514 2143 608 2180 eas
656 2124 931 2178 sessiones
983 2124 1205 2177 habitas
1245 2124 1476 2178 scribit:
1513 2144 1539 2174 ((
1575 2125 1643 2178 Ut
1699 2125 2047 2195 (Augustini)

347 2213 628 2268 sententia
668 2213 1126 2281 investigaretur,
1175 2228 1382 2282 nempe.
1433 2217 1493 2266 ut
1525 2213 1865 2267 retineretur
1891 2215 2045 2285 quod

344 2301 715 2373 perspicuum
767 2304 914 2354 esset
961 2299 1126 2353 illum
1182 2300 1449 2366 voluisse,
1510 2318 1623 2355 non
1655 2307 1847 2356 autem
1880 2303 2044 2374 quid-

346 2390 480 2460 quid
510 2393 794 2450 constaret
823 2405 954 2443 eum
984 2388 1214 2442 dixisse.
1257 2409 1284 2440 ιθ
1327 2391 1448 2454 Qua
1487 2404 1620 2444 sane
1668 2391 1886 2445 ratione
1917 2409 2045 2446 san-

344 2483 467 2533 ctus
495 2479 711 2543 doctor,
744 2493 916 2548 quem
959 2477 1264 2547 apostolica
1294 2479 1455 2532 sedes
1488 2495 1672 2534 causae
1731 2479 1788 2533 id
1821 2485 2042 2551 tempo-

344 2566 423 2620 ris
451 2565 679 2636 agitata
712 2565 965 2634 judicem
1009 2565 1426 2635 pronuntiavit,
1475 2567 1591 2621 suis
1619 2584 1648 2620 e
1702 2567 1862 2622 libris
1915 2585 2043 2623 sen-

340 2653 581 2709 tentiam
609 2654 919 2719 dicturum,
956 2653 1024 2708 ad
1056 2656 1280 2708 Annato
1312 2655 1561 2708 examini
1591 2660 1726 2710 tunc
1757 2657 2043 2727 subjectus

342 2743 514 2797 fuisse
545 2742 771 2800 dicitur.
805 2743 908 2796 hac
957 2742 1025 2796 de
1056 2743 1259 2796 eodem
1311 2743 1596 2798 sententia
1651 2745 2039 2814 pronuntiata,

342 2837 404 2886 ut
444 2835 765 2886 retineretur
812 2831 956 2899 quod
1005 2835 1353 2902 perspicuum
1407 2837 1540 2886 esset
1578 2834 1734 2886 illum
1789 2832 2038 2897 voluisse,

342 2935 448 2973 non
471 2924 648 2974 autem
693 2919 967 2988 quidquid
1005 2924 1270 2974 constaret
1313 2935 1431 2973 eum
1478 2921 1704 2977 dixisse.
1753 2923 1938 2991 Quod,
1981 2929 2044 2978 ut
2073 2938 2110 2992 ο

343 3008 559 3064 ibidem
600 3008 697 3073 ait,
730 3008 1036 3077 aliquando
1064 3007 1416 3078 Augustinus
1446 3025 1549 3079 per
1579 3027 1870 3066 excessum
1894 3013 2044 3067 locu-

340 3101 432 3149 tus
461 3099 566 3162 est,
596 3093 695 3164 qui
725 3093 956 3164 quidem
987 3109 1243 3148 excessus
1289 3095 1350 3148 in
1392 3095 1507 3149 illis
1555 3096 2043 3168 disputationibus

340 3187 744 3238 neretineretur
773 3183 1050 3238 Clementi
1105 3185 1222 3236 Vlll
1255 3185 1539 3238 sententia
1585 3185 1713 3241 fuit.
1767 3188 1882 3242 Hoc
1940 3205 2040 3242 au-

340 3278 458 3327 tem
513 3273 653 3344 quid
711 3271 862 3326 aliud
936 3281 1022 3326 est
1074 3289 1249 3342 quam
1303 3274 1689 3345 Augustinum
1737 3293 1802 3330 ex
1849 3277 2042 3347 judice

343 3357 505 3417 reum
527 3363 711 3416 facere
737 3364 765 3415 ?
796 3363 994 3432 Neqrie
1045 3379 1206 3416 secus
1252 3364 1464 3417 sentire
1504 3366 1795 3420 Annatum
1820 3367 2037 3436 judico,

340 3450 547 3504 clamat
573 3449 727 3503 enim
759 3448 819 3503 in
877 3450 990 3502 fine
1020 3465 1143 3519 cap.
1177 3450 1229 3514 ‘2,
1265 3466 1394 3520 pag.
1431 3453 1572 3505 864:
1627 3472 1653 3501 «ι
1705 3453 2042 3524 Sepelienda

340 3537 670 3592 scholastica
699 3540 802 3604 est,
843 3540 907 3590 ut
949 3552 1099 3589 unus
1143 3542 1346 3604 regnet
1384 3539 1757 3607 Augustinus,
1823 3558 1896 3596 an
1932 3545 2041 3596 Au-

341 3625 599 3694 gustinus
629 3624 903 3695 legendus
943 3623 1013 3676 ad
1058 3623 1244 3676 lucem
1297 3624 1665 3690 scholastica,
1708 3633 1765 3682 et
1811 3631 1882 3683 ad
1917 3631 2038 3699 ejus

341 3714 615 3768 amussim
645 3711 1004 3784 exigendus?
1041 3732 1062 3758 n
1105 3712 1383 3767 Neutrum
1438 3713 1603 3766 nobis
1650 3715 1709 3767 in
1755 3716 1900 3768 votis
1933 3721 2034 3782 est,

340 3805 436 3858 sed
474 3804 662 3874 vigere
724 3800 1116 3856 scholasticam
1181 3807 1466 3871 optamus,
1505 3817 1747 3872 eamque
1803 3803 1873 3856 ad
1927 3806 2039 3857 Au-

339 3893 552 3963 gustini
582 3892 854 3947 amussim
881 3889 1052 3961 exigi,
1103 3894 1159 3943 et
1204 3906 1322 3943 non
1371 3892 1588 3954 contra,
1647 3894 1710 3942 ut
1747 3889 1870 3959 ipse
1900 3907 2035 3944 con-

338 3981 541 4036 tendis.
577 3981 883 4052 Perspicua
914 3987 998 4036 est
1054 3981 1358 4034 Clementis
1416 3979 1722 4048 sententia,
1781 3996 1839 4033 se
1892 3981 2035 4035 velle

340 4070 564 4140 exigere
614 4070 744 4124 lites
786 4068 1250 4123 scholasticorum
1307 4068 1377 4121 de
1421 4068 1647 4122 auxiliis
1694 4085 1761 4122 AD
1811 4085 2034 4123 NORMAM

338 4173 620 4212 nocrnma
653 4174 833 4211 SANCTI
861 4160 1176 4221 Aucusrim,
1225 4155 1432 4225 quibus
1467 4171 1641 4226 quam
1699 4155 1849 4209 belle
1904 4173 2036 4210 con-

2153 440 2524 494 honorarium
2555 439 2616 492 in
2654 439 2778 492 aliis
2831 436 2994 492 illum
3061 437 3367 493 admittere.
3403 461 3423 487 ο
3480 442 3588 496 Heu
3635 460 3768 514 quam

2154 529 2270 584 ima
2321 529 2560 583 summis
2614 533 2735 582 atra
2787 527 2908 582 dies
2975 527 3236 581 miscuit!
3289 530 3638 598 Augustinum
3666 534 3773 588 olim

2154 619 2412 672 Clemens
2441 617 2695 686 pontifex
2725 616 2785 669 in
2814 615 3197 670 controversia
3243 615 3309 670 de
3338 617 3545 671 auxiliis
3565 620 3776 688 judicem

2153 707 2467 773 constituit,
2501 706 2672 759 modo
2707 711 2899 758 autem
2931 704 3288 770 recentiores,
3330 709 3388 758 ut
3431 707 3603 776 palam
3648 707 3778 763 fateri

2151 810 2269 846 non
2298 794 2640 848 erubescunt
2674 812 2688 859 ;
2716 792 2982 846 eumdem
3026 808 3096 846 ne
3132 793 3343 860 quidem
3381 794 3625 848 arbitrum
3658 797 3778 850 hono-

2151 885 2363 936 rarium
2389 881 2702 935 admittunt.
2739 881 2803 934 Et
2833 880 2915 934 illi
2947 880 3181 951 quidem
3213 897 3478 946 excessus,
3509 883 3777 953 antilogias,

2153 987 2373 1025 errores
2402 969 2719 1040 objiciendo
2751 985 2866 1022 non
2917 969 3086 1023 modo
3116 975 3370 1023 sanctum
3427 971 3685 1026 doctorem
3708 991 3777 1027 su-

2152 1064 2405 1128 spectum
2423 1058 2678 1129 judicem
2698 1057 3008 1128 publicant,
3033 1057 3130 1111 sed
3151 1058 3323 1111 veluti
3341 1075 3494 1112 reum
3511 1060 3777 1130 traducunt,

2152 1153 2217 1201 ut
2249 1147 2526 1218 longioris
2556 1147 2791 1217 hujusce
2822 1146 3168 1200 defensionis
3199 1147 3544 1202 instituenda
3583 1151 3777 1202 necessi-

2152 1239 2327 1290 tatem
2359 1237 2523 1290 nobis
2553 1235 2881 1306 impositam
2912 1250 3084 1291 nemo
3118 1236 3426 1306 negaverit.
3470 1238 3526 1290 Et
3551 1238 3645 1290 hoc
3675 1239 3779 1308 quid

2155 1325 2308 1378 aliud
2342 1330 2428 1378 est
2457 1341 2630 1396 quam
2676 1324 3066 1395 Augustinum
3115 1341 3180 1377 ex
3211 1325 3471 1378 cathedra
3523 1324 3579 1378 in
3605 1342 3700 1397 qua
3730 1328 3781 1380 ab

2156 1413 2467 1483 apostolica
2496 1413 2628 1467 sede
2640 1412 2859 1483 positus
2884 1413 3012 1479 fuit,
3059 1417 3231 1483 atque
3258 1430 3322 1466 ex
3349 1413 3536 1466 eadem
3579 1415 3781 1468 caelestes

2109 1501 2438 1570 ,doctrinas
2492 1502 2834 1567 edisserens,
2893 1501 3188 1572 hucusque
3245 1517 3462 1555 summa
3509 1501 3784 1571 religionea

2155 1590 2446 1644 catholicis
2475 1595 2749 1661 tanquam
2773 1589 3071 1644 orthodoxi
3107 1590 3385 1659 dogmatis
3437 1591 3678 1660 magister
3709 1607 3782 1642 au-

2157 1679 2307 1734 ditus
2364 1679 2492 1746 fuit,
2563 1679 2842 1733 violenter
2906 1678 3248 1733 extrahere?
3300 1679 3342 1734 0
3399 1677 3606 1748 superi!
3658 1679 3785 1732 mites

2155 1768 2444 1822 animos...

2226 1858 2331 1912 Sed
2389 1856 2528 1927 quid
2587 1857 2656 1911 de
2711 1855 3100 1910 recentissimo
3167 1855 3463 1910 Alexandri
3511 1857 3596 1909 VII
3625 1857 3783 1925 elogio,

2155 1962 2267 2016 quo
2291 1944 2655 1999 decessurum
2682 1944 2936 2014 vestigiis
2970 1945 3279 2012 inhaerens,
3323 1945 3497 1998 sancti
3540 1945 3782 2014 Augustini

2154 2033 2466 2088 doctrinam
2507 2032 2875 2098 consecravit,
2933 2033 3281 2088 recentiores
3332 2034 3613 2099 blaterent,
3651 2050 3782 2103 expo-

2155 2122 2409 2176 nendum
2444 2126 2542 2175 est.
2576 2122 2714 2175 Cum
2762 2125 2925 2191 pater
2954 2122 3310 2176 Christianus
3344 2122 3526 2192 Lupus
3571 2122 3785 2191 Augusti-

2152 2210 2380 2276 nianus,
2442 2209 2682 2280 insignis
2733 2209 2932 2264 doctor
2971 2210 3358 2276 Lovaniensis,
3393 2212 3561 2265 Roma
3609 2211 3659 2264 in
3699 2210 3783 2263 Bel-

2153 2299 2312 2368 gium
2339 2299 2700 2368 profecturus
2739 2303 2902 2365 esset,
2948 2299 3270 2354 Alexander
3336 2300 3580 2354 laudatus
3621 2299 3786 2352 litteras

2153 2387 2338 2442 eidem
2371 2387 2439 2441 ad
2473 2403 2690 2441 sacram
2729 2387 3111 2458 theologicam
3145 2388 3572 2442 Lovauiensium
3600 2388 3784 2442 faculta-

2154 2481 2270 2529 tem
2303 2475 2637 2530 deferendas
2667 2475 2921 2530 tradidit.
2953 2478 3128 2531 Porro
3160 2477 3375 2531 ibidem
3427 2481 3698 2548 paternum
3725 2491 3785 2528 er-

2154 2581 2222 2634 ga
2253 2565 2397 2618 bene
2425 2564 2660 2618 meritos
2681 2564 2830 2618 ﬁlios
2855 2581 3112 2619 amorem
3143 2570 3405 2632 testatur,
3436 2565 3502 2620 ad
3532 2564 3688 2618 sancti
3704 2567 3786 2616 Au-

2153 2653 2368 2722 gustini
2407 2653 2644 2722 ejusque
2694 2652 2959 2722 discipuli
3009 2653 3191 2707 sancti
3233 2655 3460 2708 Thoma
3514 2652 3787 2707 doctrinam.

2153 2743 2216 2792 ut
2246 2756 2312 2792 eo
2337 2755 2517 2810 usque
2548 2755 2771 2793 summa
2800 2755 2930 2793 cum
2971 2739 3139 2794 laude
3195 2741 3461 2804 fecerant,
3518 2756 3646 2794 novo
3685 2737 3788 2791 utri-

2152 2843 2264 2898 que
2295 2833 2486 2882 sancto
2516 2827 2736 2882 doctori
2765 2828 2954 2899 elogio
2985 2827 3260 2900 inscripto
3300 2829 3590 2883 tenendam
3642 2826 3790 2882 defen-

2152 2917 2514 2987 dendamque
2562 2916 2858 2970 animavit.
2918 2938 2939 2964 ι
2994 2917 3071 2970 De
3102 2918 3361 2988 reliquo,
3404 2918 3667 2988 inquiens,
3705 2929 3790 2967 non

2153 3004 2483 3059 dubitamus
2530 3022 2630 3058 vos
2681 3021 2785 3076 pro
2839 3005 3116 3075 singulari
3186 3005 3457 3071 scientia,
3510 3004 3791 3074 pietatisque

2153 3092 2340 3147 studio
2370 3109 2567 3146 sanam
2599 3098 2656 3147 et
2686 3094 3092 3164 incorruptam,
3129 3095 3363 3164 qualem
3419 3099 3502 3148 tot
3527 3092 3792 3164 apostolica:

2151 3182 2300 3236 sedis
2330 3181 2762 3248 declarationes,
2793 3187 2858 3246 et,
2877 3188 3202 3236 sanctorum
3239 3185 3469 3238 Patrum
3513 3181 3792 3238 traditiones

2149 3270 2470 3342 requirunt,
2503 3271 2819 3325 doctrinam
2851 3289 3076 3342 semper
3124 3273 3467 3344 amplexari,
3499 3277 3551 3327 et
3577 3273 3792 3326 adversus

2149 3359 2480 3414 orthodoxa
2512 3359 2806 3430 religionis
2836 3361 3025 3414 hostes
3057 3361 3352 3416 defensuri
3383 3362 3519 3428 sitis,
3572 3378 3664 3416 nec
3706 3374 3792 3412 non

2146 3447 2717 3517 praclarissimorum
2775 3449 3036 3505 Ecclesia
3088 3451 3397 3505 doctorum
3435 3447 3710 3521 Augustini
3753 3450 3793 3499 et

2147 3537 2378 3590 Thoma
2417 3536 2715 3606 Aquinatis
2746 3537 3083 3592 inconcussa
3137 3539 3537 3610 tutissimaque
3576 3538 3792 3607 dogmata

2146 3623 2307 3695 sequi
2347 3640 2592 3694 semper,
2626 3629 2691 3679 ut
2721 3625 2987 3691 asseritis,
3016 3643 3081 3680 ac
3110 3626 3372 3698 impense
3411 3626 3642 3682 revereri
3682 3622 3790 3677 veli-

2146 3711 2238 3766 tis.
2273 3713 2524 3776 Quorum
2557 3713 2810 3783 profecto
2852 3714 3348 3770 sanctissimorum
3383 3716 3624 3769 virorum
3657 3725 3791 3783 penes

2145 3799 2451 3854 catholicos
2487 3801 2780 3855 universos
2811 3801 3069 3872 ingentia
3126 3808 3183 3857 et
3216 3821 3446 3858 omnem
3483 3803 3690 3858 laudem
3721 3814 3788 3851 su-

2145 3904 2442 3957 pergressa
2472 3889 2712 3943 nomina
2740 3891 2868 3944 novi
2899 3891 3173 3960 praconii
3207 3891 3680 3946 commendatione
3705 3902 3790 3940 non

2145 3983 2334 4046 egent.
2361 3983 2466 4031 etc.
2499 3978 2699 4032 Datum
2737 3978 2931 4032 Roma
2964 3979 3113 4050 apud
3149 3979 3416 4034 Sanctam
3454 3979 3666 4034 Mariam
3707 3976 3789 4029 Ma-

2137 4065 2324 4135 jorem
2375 4066 2480 4119 sub
2528 4067 2744 4120 annulo
2796 4067 3117 4138 Piscatoris,
3173 4068 3267 4123 die
3307 4074 3338 4122 ‘7
3392 4067 3619 4139 Augusti
3658 4065 3788 4125 l660;

2141 4153 2503 4223 pontiﬁcatus
2533 4155 2714 4208 nostri
2745 4172 2894 4210 anno
2911 4161 2963 4210 7.
2999 4176 3026 4208 »
3084 4157 3372 4212 Profectus
3425 4158 3594 4212 Roma
3623 4157 3788 4223 LupuS.

339 4264 508 4303 sonas
541 4264 709 4302 nemo
741 4262 858 4300 non
889 4245 1062 4310 videt,
1095 4245 1232 4298 dum
1262 4243 1568 4313 Augustini
1617 4243 1935 4297 doctrinam
1965 4245 2036 4300 ad
2065 4227 2111 4282 D
2145 4258 2208 4294 ac
2247 4241 2480 4296 Pisauro
2529 4244 2832 4310 transiens,
2886 4245 2987 4298 ubi
3050 4245 3204 4316 apud
3283 4251 3557 4300 nostrates
3626 4242 3790 4297 scholae

339 4336 806 4390 scholasticorum
861 4335 1122 4388 amussim
1179 4333 1374 4398 exigis.
1437 4331 1693 4385 Profecto
1776 4334 2036 4403 Magister

338 4422 778 4486 Sententiarum,
835 4421 936 4491 qui
985 4419 1208 4490 primus
1267 4416 1660 4471 scholasticam
1713 4418 1772 4472 in
1812 4421 2034 4476 metho-

341 4509 481 4562 dum
532 4510 789 4579 deduxit,
846 4525 915 4562 ex
974 4510 1208 4561 Patrum
1259 4522 1323 4559 ac
1351 4506 1657 4576 Augustini
1713 4510 2035 4578 prasertim

339 4596 636 4651 sententiis
675 4597 833 4650 illam
881 4594 1150 4649 conflavit
1195 4611 1208 4660 ;
1269 4593 1422 4648 unde
1488 4595 1730 4650 Ecclesia
1773 4597 1896 4668 ipsa
1929 4599 2037 4654 Ro-

339 4700 510 4739 mana
551 4683 702 4738 inter
732 4699 964 4754 precum
993 4681 1198 4749 ofﬁcia,
1230 4699 1359 4754 qua
1397 4684 1708 4754 Augustini
1755 4685 1846 4740 die
1894 4687 2037 4742 festa

336 4771 630 4842 persolvit.
681 4771 758 4825 ait
789 4771 858 4824 de
889 4769 1139 4825 eodem:
1202 4791 1228 4821 (ι
1256 4771 1436 4835 Quem
1497 4771 1559 4825 in
1602 4773 1802 4843 primis
1859 4775 2036 4829 secuti

337 4865 492 4926 sunt,
525 4857 624 4930 qui
656 4864 853 4930 postea
901 4859 1282 4930 theologicam
1329 4859 1686 4932 disciplinam
1742 4862 1829 4916 via
1861 4868 1918 4918 et
1947 4880 2035 4918 ra-

335 4949 489 5004 tione
520 4948 902 5004 tradiderunt.
959 4967 987 5002 »
1043 4949 1224 5019 Igitur
1277 4949 1600 5004 scholastici
1654 4950 1725 5004 ad
1774 4951 2037 5021 Augusti-

334 5037 571 5092 tiniana
602 5037 878 5092 doctrina
921 5036 1199 5090 amussim
1239 5053 1367 5089 suas
1412 5035 1669 5106 ipsorum
1725 5039 2037 5093 sententias

337 5132 664 5196 exegerunt,
701 5141 890 5198 neque
929 5125 1213 5180 veteribus
1259 5124 1372 5177 illis
1419 5125 1674 5194 ejusdem
1724 5127 2036 5198 disciplina

337 5211 471 5264 viris
499 5213 848 5284 principibus
886 5212 1123 5267 verbum
1173 5211 1357 5265 ullum
1405 5217 1599 5266 contra
1649 5216 2036 5284 Augustinum

341 5298 564 5352 excidit.
596 5301 763 5354 Secus
803 5300 1218 5356 recentioribus
1245 5298 1428 5353 visum
1461 5305 1565 5370 est,
1597 5319 1842 5373 quorum
1887 5320 2037 5357 unus

340 5384 617 5441 Moraines
645 5386 705 5440 in
735 5390 1070 5458 prafatione
1128 5387 1217 5443 sui
1263 5387 1680 5443 Anti-Jansenii
1711 5389 1790 5444 ait
1822 5407 1834 5444 :
1873 5413 1894 5437 ι
1929 5390 2037 5454 Qui

340 5472 501 5546 prius
531 5476 916 5544 Augustinum
945 5477 1007 5533 in
1035 5477 1301 5534 omnibus
1330 5477 1713 5549 deposcebant
1756 5477 2032 5549 judicem,

2143 4329 2481 4400 theologica
2514 4331 2570 4385 id
2601 4331 2878 4402 temporis
2898 4333 3232 4402 prafectum
3272 4334 3528 4404 agebam,
3560 4335 3788 4403 quantum

2143 4435 2333 4474 secum
2364 4420 2422 4473 in
2456 4420 2716 4490 Belgium
2762 4421 3096 4476 thesaurum
3135 4424 3310 4477 ferret
3361 4423 3500 4477 mihi
3549 4419 3790 4492 signiﬁca-

2143 4509 2260 4572 vit;
2289 4508 2390 4562 ubi
2421 4523 2552 4562 vero
2585 4509 2899 4564 Lovanium
2921 4511 3098 4579 venit,
3133 4526 3196 4565 ac
3253 4511 3565 4583 pontiﬁcias
3618 4511 3791 4562 litteras

2143 4597 2547 4667 theologorum
2581 4598 2804 4652 senatui
2832 4600 3086 4666 tradidit,
3117 4601 3330 4657 mirum
3358 4606 3442 4656 est
3469 4604 3667 4673 quanta
3701 4610 3792 4649 eas-

2143 4683 2273 4737 dem
2307 4684 2505 4740 laetitia
2537 4685 2792 4740 universi
2832 4692 2889 4741 et
2919 4688 3129 4759 singuli
3179 4690 3524 4761 exceperint.
3557 4687 3792 4741 Iudictum

2142 4773 2528 4843 theologicum
2614 4774 2919 4842 iustitium,
3000 4777 3298 4849 publicum
3393 4778 3452 4832 in
3527 4775 3792 4849 gratiarum

2144 4860 2424 4915 actionem
2456 4880 2680 4917 sacrum
2707 4863 3063 4932 intimatum,
3097 4884 3160 4921 ac
3187 4884 3291 4938 pro
3323 4867 3686 4921 incolumitate
3711 4861 3792 4912 be-

2142 4949 2570 5005 neﬁcentissimi
2619 4952 2908 5022 pontiﬁcis
2948 4953 3231 5024 imperata
3276 4955 3620 5027 supplicatio.
3653 4945 3792 5004 Edicli

2145 5055 2173 5091 a
2197 5037 2410 5093 decano
2441 5039 2831 5095 universitatis
2863 5043 3136 5111 publicati
3184 5051 3508 5114 excerptum
3553 5039 3790 5096 exhibeo;

2143 5125 2433 5197 integrum
2465 5128 2641 5183 donat
2689 5131 2750 5184 P.
2785 5130 3008 5185 Gabriel
3041 5149 3074 5185 a
3103 5131 3307 5186 Sancto
3360 5130 3636 5186 Vincentio
3685 5137 3790 5178 m0!

2143 5215 2724 5271 mihilaudandusm
2759 5219 2827 5274 Ut
2879 5218 3144 5274 intersint
3193 5221 3434 5275 solemni
3497 5219 3664 5273 missa
3710 5227 3790 5283 per

2143 5304 2405 5358 eamdem
2435 5306 2761 5362 facultatem
2793 5308 3008 5363 ibidem
3051 5309 3402 5365 celebranda
3431 5324 3529 5379 pro
3573 5308 3790 5374 longaeva

2141 5392 2533 5448 incolumitate
2593 5411 2656 5448 ac
2728 5394 2879 5451 felici
2943 5397 3220 5469 regimine
3258 5395 3586 5452 sanctissimi
3630 5395 3686 5448 D.
3735 5389 3784 5444 Ν.

2145 5482 2447 5537 Alexandri
2477 5482 2669 5539 divina
2693 5485 3050 5556 providentia
3097 5503 3259 5558 papa
3313 5486 3425 5552 VII,
3481 5484 3573 5556 qui
3613 5483 3787 5554 praeter
