3914 6186
115 255 235 306 805

1443 257 1763 312 VlNDlCI/E
1802 257 2345 314 AUGUSTINIANAL‘.
3464 340 3475 351 .
3541 277 3642 326 806

120 374 242 428 alia
270 378 527 445 paternas
560 388 675 427 suae
708 390 846 443 erga
870 376 1129 430 eamdem
1159 376 1548 445 (academiam)
1578 377 1824 431 benevo-
1866 383 1910 435 Α
1943 392 2074 431 cum
2114 381 2530 451 Augustiniana
2571 383 2790 439 familia
2820 385 3323 455 obsecrationibus,
3377 396 3538 462 queis
3569 398 3637 449 ad

124 462 320 517 lentiae
350 467 688 533 argumenta
719 463 1030 534 apostolico
1078 464 1353 534 rescripto
1401 464 1460 518 in
1492 465 1677 519 forma
1705 466 1830 519 bre-

126 552 215 604 vis
265 550 335 605 ad
376 552 632 620 ejusdem
674 567 872 622 preces
920 568 1047 605 eam
1096 552 1363 605 decorare
1413 552 1678 623 dignatus
1722 560 1824 620 est,

123 654 248 707 quo
296 638 678 692 sanctissimos
727 639 1111 710 Augustinum
1163 644 1219 693 et
1265 640 1542 694 Thomam
1584 642 1827 711 Aquina-

122 730 245 779 tem
276 726 483 779 scholas
515 726 797 780 facultatis
826 733 1101 797 patronos
1133 732 1188 781 et
1221 729 1540 799 magistros,
1573 731 1656 783 uti
1688 747 1828 801 pra:-

114 815 468 869 clarissimos
513 816 771 869 Ecclesiae
819 816 1112 870 catholicae
1155 818 1417 872 doctores
1463 820 1825 890 depraedicat,

109 917 437 974 eorumque
466 904 734 974 dogmata
754 909 1029 976 tanquam
1050 905 1384 959 inconcussa
1407 907 1827 978 tutissimaque,

109 996 171 1044 et
204 992 449 1061 proinde
491 1008 717 1063 semper
764 994 1055 1062 sequenda
1107 999 1165 1047 et
1213 994 1468 1065 impense
1518 997 1829 1050 reverenda

107 1090 506 1157 commendat,
555 1091 910 1161 subjungens
946 1108 1122 1160 penes
1176 1093 1485 1147 catholicos
1533 1093 1828 1147 universos

108 1177 378 1247 ingentia
404 1186 459 1232 et
489 1195 720 1233 omnem
768 1179 999 1233 laudem
1049 1198 1410 1251 supergressa
1463 1183 1698 1236 nomina
1730 1199 1826 1236 co-

108 1267 389 1321 rumdem
415 1264 908 1322 sanctissimorum
966 1269 1098 1322 novi
1142 1271 1417 1340 praeconii
1461 1255 1827 1325 commenda-

108 1354 279 1409 tione
329 1372 444 1409 non
502 1371 691 1426 egere,
769 1360 874 1412 etc.
936 1359 1141 1412 Datum
1214 1362 1243 1413 6
1299 1360 1629 1413 Novembris
1692 1361 1828 1415 anni

117 1444 347 1497 1660.»

196 1532 327 1584 Haec
375 1530 607 1601 quidem
640 1537 919 1602 quantum
950 1533 1165 1588 laetitiae
1207 1535 1603 1592 sincerissimis
1650 1538 1828 1592 sancti

104 1619 429 1689 Augustini
460 1619 750 1690 discipulis
791 1621 1097 1691 ingessere,
1147 1627 1370 1677 tantum
1402 1625 1676 1687 mceroris,
1712 1642 1822 1680 non

102 1708 281 1761 enim
329 1707 513 1761 dicam
580 1708 805 1774 invidis,
862 1709 959 1763 sed
1008 1710 1233 1780 pridem
1285 1728 1419 1782 erga
1440 1714 1825 1784 Augustinum

101 1811 239 1848 non
270 1800 383 1848 tam
416 1795 559 1848 bene
609 1795 874 1849 animatis
916 1795 1256 1851 intulerunt.
1303 1800 1525 1854 Etenim
1566 1803 1827 1856 nonnulli

104 1883 175 1936 in
221 1884 472 1936 furorem
507 1883 684 1936 veluti
704 1882 811 1939 acti
840 1884 895 1937 in
937 1883 1142 1954 impias
1188 1887 1352 1941 hasce
1403 1905 1567 1942 voces
1617 1906 1827 1960 erupe-

104 1986 203 2037 re,
235 1971 522 2024 laudatum
566 1972 719 2024 breve
777 1986 876 2040 per
932 1971 1257 2026 diabolicam
1306 1976 1614 2029 machinam
1654 1979 1827 2043 fuisse

100 2064 496 2128 impetratum.
556 2061 771 2113 Horum
827 2060 985 2113 testis
1035 2066 1119 2115 est
1170 2061 1413 2131 ipsemet
1468 2064 1825 2119 Christianus

102 2148 314 2216 Lupus
366 2147 424 2200 in
454 2148 696 2217 epistola
741 2148 1102 2219 apologetica
1157 2149 1224 2203 de
1254 2150 1560 2205 Attritione
1604 2157 1660 2206 et
1690 2169 1824 2207 con-

104 2234 377 2303 tritione,
400 2251 522 2305 cap.
569 2240 621 2301 5,
656 2235 726 2289 ad
764 2241 1004 2291 accusat.
1058 2239 1143 2300 ll,
1172 2252 1303 2306 pag.
1328 2238 1415 2303 49,
1447 2255 1621 2308 quam
1654 2240 1826 2293 Lova-

102 2322 200 2375 nii
234 2322 416 2377 edidit
446 2339 595 2377 anno
632 2327 787 2389 1667,
843 2324 1123 2395 mihique,
1166 2326 1249 2378 uti
1276 2330 1358 2379 est
1408 2329 1518 2381 mei
1552 2328 1824 2381 amantis-

106 2410 317 2473 simus,
352 2410 582 2465 honoris
614 2412 798 2483 gratia
826 2412 1194 2483 nuncupavit.
1231 2414 1467 2469 Cuinam
1491 2432 1654 2470 voces
1684 2418 1825 2472 adeo

110 2499 527 2553 inverecundm
550 2500 1159 2571 exciderint,designat
1176 2502 1501 2558 Vincentius
1527 2506 1823 2573 Baronius,

107 2593 268 2659 part.
296 2606 343 2641 ιν
385 2605 622 2643 suorum
671 2592 1099 2661 opusculorum,
1157 2592 1255 2646 lib.
1302 2610 1339 2661 1,
1371 2598 1504 2648 sect.
1541 2599 1591 2658 2,
1629 2601 1733 2649 art.
1773 2601 1822 2662 5,

105 2678 139 2745 §
186 2680 225 2728 t.
272 2678 430 2729 Alter
486 2693 619 2730 vero
657 2678 938 2731 recentior
980 2678 1048 2732 de
1079 2679 1307 2733 laudato
1362 2682 1669 2737 Alexandri
1716 2684 1825 2737 elo-

104 2764 214 2834 gio
244 2765 442 2818 scribit
472 2782 763 2820 summum
816 2767 1146 2836 pontificem
1191 2784 1470 2837 nunquam
1503 2771 1655 2824 breve
1685 2772 1826 2825 illud

100 2855 398 2922 privatum
428 2854 651 2909 vidisse.
684 2855 745 2908 Id
776 2862 967 2909 autem
1023 2860 1266 2910 testatur
1322 2875 1379 2911 se
1412 2875 1443 2911 a
1477 2858 1594 2911 viro
1625 2860 1711 2911 sui
1733 2876 1822 2913 so-

1935 466 1989 519 id
2020 470 2369 535 movebatur,
2422 472 2732 538 recensitis,
2778 475 2898 528 haec
2946 476 3204 531 addidit:
3252 499 3278 529 α
3308 480 3451 534 Tum
3497 500 3636 535 vero

1937 556 2314 624 (conﬁdenter
2357 559 2618 630 dicimus)
2675 568 2884 616 nostrae
2930 580 3067 635 erga
3136 566 3193 621 Ι).
3251 569 3637 637 Augustinum

1936 645 2353 699 sanctissimum
2397 648 2698 719 theologia:
2740 652 3076 721 magistrum
3121 672 3153 707 a
3196 657 3508 725 majoribus
3550 675 3639 712 se-

1936 733 2189 788 cundum
2237 752 2465 789 carnem
2513 755 2613 807 per
2662 756 2865 793 manus
2915 743 3078 812 quasi
3108 745 3334 797 tradita.
3383 753 3633 814 etpecu-

1934 821 2093 876 liaris
2122 822 2189 877 ab
2220 824 2602 880 adolescentia
2634 843 2768 898 erga
2800 830 2948 883 hunc
2977 832 3098 900 ejus
3130 834 3427 887 alumnum
3458 852 3636 889 vene-

1935 911 2169 977 ratio»,
2224 918 2327 967 etc.
2384 916 2509 967 Haec
2552 916 2693 969 tanti
2732 917 3015 986 pontiﬁcis
3078 921 3441 975 haereditaria
3494 940 3628 994 erga

1935 1004 2332 1056 sanctissimum
2374 1004 2647 1071 theologia
2693 1008 3018 1071 magistrum
3086 1010 3308 1063 devotio
3367 1013 3636 1066 omnibus

1936 1096 2072 1143 nota
2100 1097 2241 1157 erat,
2276 1092 2425 1145 unde
2464 1093 2521 1145 in
2568 1094 2770 1147 eodem
2811 1112 3076 1151 consessu
3116 1100 3441 1154 Franciscus
3486 1103 3633 1155 Albi-

1936 1178 2068 1245 tius,
2100 1186 2549 1250 purpuratorum
2600 1183 2829 1237 Patrum
2876 1185 3063 1253 decus,
3111 1188 3333 1241 eximizc
3368 1191 3640 1243 eruditio-

1937 1268 2024 1321 nis
2062 1268 2332 1339 princeps
2353 1287 2416 1323 ac
2461 1275 2655 1324 nostro
2698 1273 2984 1340 praeconio
3032 1275 3235 1344 major,
3292 1278 3633 1332 sententiam

1937 1363 2166 1427 rogatus
2220 1358 2361 1412 dixit
2394 1375 2406 1411 :
2437 1378 2464 1409 ‹‹
2523 1360 2847 1413 Protractus
2902 1367 3003 1429 est,
3068 1363 3391 1418 beatissime
3445 1368 3636 1435 Pater,

1937 1461 2051 1499 non
2080 1446 2201 1499 sine
2247 1446 2490 1516 Spiritus
2537 1448 2713 1501 sancti
2769 1449 3037 1505 instinctu
3096 1453 3179 1505 rei
3236 1453 3427 1506 arduae
3468 1460 3636 1525 atque

1936 1534 2288 1589 difﬁcillimae
2331 1536 2531 1604 exitus,
2566 1542 2631 1590 ut
2660 1554 2692 1591 a
2739 1540 3032 1594 sanctitate
3064 1547 3269 1607 vestra,
3302 1559 3429 1612 quas
3450 1550 3639 1613 patro-

1939 1640 2078 1677 num
2135 1629 2191 1677 et
2238 1629 2621 1694 protectorem
2678 1629 2933 1697 agnoscit
3003 1632 3410 1700 Augustinum,
3464 1633 3637 1687 Filius

1868 1685 2239 1782 BAugustini
2294 1712 2353 1765 in
2401 1718 2727 1769 sanctorum
2786 1732 3024 1771 numero
3078 1718 3402 1772 collocetur.
3460 1742 3480 1767 ι
3521 1722 3636 1791 Ego

1934 1798 2170 1868 quidem
2227 1800 2489 1869 pluribus
2546 1800 2700 1855 illius
2740 1804 3074 1857 recentioris
3121 1805 3269 1858 dicta
3302 1807 3637 1862 confutave-

1933 1903 2077 1951 ram,
2106 1904 2233 1958 quae
2268 1894 2459 1941 tamen
2496 1890 2688 1959 magni
2719 1890 2823 1943 viri
2862 1892 3106 1962 imperio
3148 1893 3341 1963 jussus
3386 1894 3589 1949 omitto
3621 1913 3633 1963 ;

1933 1978 2074 2031 adeo
2109 1978 2263 2031 enim
2293 1978 2537 2032 absurda
2571 1984 2722 2043 sunt,
2769 1986 2831 2035 ut
2861 1982 3036 2035 satius
3067 1983 3139 2035 sit
3169 1982 3370 2036 eadem
3403 1983 3631 2037 silentio

1934 2066 2236 2129 obducere,
2275 2082 2449 2136 quam
2510 2067 2810 2137 prolixiori
2857 2069 3295 2140 impugnatione
3322 2070 3494 2125 latius
3527 2072 3635 2126 dif-

1932 2155 2168 2209 famare.

2589 2278 2814 2332 CAPUT
2858 2280 2980 2333 VII.

1929 2398 2365 2471 Augustinianse
2403 2400 2669 2454 doctrina:
2706 2404 2905 2455 contra
2937 2402 3290 2473 Pelagianos
3316 2422 3422 2475 per
3444 2404 3635 2458 sedem

2000 2480 2378 2551 apostolicam
2403 2481 2743 2552 approbatio
2770 2500 2809 2536 α
2839 2482 3215 2539 recentiorum
3234 2484 3433 2557 pravis
3456 2485 3636 2538 inter-

1997 2560 2380 2631 pretamentis
2406 2561 2755 2630 defenditur.

2005 2688 2305 2758 Hucusque
2336 2686 2617 2740 nobiliora
2630 2688 3021 2741 Romanorum
3052 2687 3360 2757 praesulum
3383 2687 3634 2740 testimo-

1930 2775 2025 2828 nia
2048 2775 2115 2828 de
2135 2776 2570 2845 Augustinianze
2594 2776 2865 2828 doctrinae
2893 2780 3087 2828 contra
3110 2774 3444 2843 Pelagianos
3461 2776 3634 2828 excel-

1930 2863 2106 2915 lentia
2124 2881 2153 2915 a
2175 2862 2419 2915 sinistris
2442 2863 2823 2916 recentiorum
2848 2862 3304 2932 oppositionibus
3328 2863 3635 2917 vindicavi-

102 2942 305 3033 dalitii
325 2944 628 3033 accepisse,
664 2955 718 2998 et
752 2961 864 3015 quo
910 2945 1189 3015 majorem
1236 2945 1383 2999 dicto
1433 2947 1601 3000 ﬁdem
1634 2948 1821 3015 faciat,
1862 2979 1899 3033 ρ
1932 2967 2078 3016 mus,
2147 2950 2371 3020 singula
2419 2950 2757 3020 pontiﬁcum
2797 2949 2987 3021 elegia
3035 2950 3356 3019 Augustino
3410 2951 3635 3021 integra

104 3029 200 3083 ait
234 3047 245 3083 :
281 3031 495 3085 Sincere
516 3032 758 3102 afﬁrmo,
800 3048 862 3085 ac
879 3037 1060 3086 sancte
1072 3034 1218 3101 juro.
1268 3035 1426 3087 llunc
1479 3034 1649 3088 etiam
1683 3036 1819 3088 scri-

102 3124 342 3190 ptorem
376 3121 670 3174 nominare
702 3120 857 3187 nolo,
903 3122 1056 3192 quod
1091 3138 1365 3192 magnum
1396 3126 1703 3193 patronum
1728 3124 1822 3176 lia-

102 3210 272 3272 beat,
298 3209 458 3278 cujus
482 3208 600 3279 ipse
631 3208 803 3262 etiam
832 3209 1153 3279 patrocinio
1186 3210 1385 3276 laetor;
1436 3212 1599 3264 illum
1630 3217 1823 3266 tamen

106 3297 379 3367 pluribus
400 3298 758 3369 impugnavit
786 3297 870 3349 vir
900 3298 1264 3351 doctissimus
1286 3300 1343 3351 P.
1365 3298 1589 3351 Gabriel
1620 3315 1650 3351 a
1682 3298 1821 3352 San-

111 3390 212 3437 cto
240 3386 532 3439 Vincentio
564 3387 621 3438 in
654 3387 796 3439 libro
832 3386 902 3439 de
944 3386 1229 3440 Remediis
1277 3386 1637 3455 ignorantiae,
1674 3387 1819 3457 disp.

120 3474 211 3538 14,
246 3474 416 3527 dubio
442 3478 493 3534 9.
537 3490 697 3528 num.
749 3476 869 3540 149,
908 3474 1173 3545 inquiens
1206 3491 1218 3527 :
1253 3494 1283 3528 α
1324 3476 1637 3529 Cardinalis
1685 3477 1823 3529 Ner-

108 3561 232 3615 lius
257 3567 388 3615 tunc
432 3563 703 3633 temporis
745 3563 1079 3616 secretarius
1127 3562 1385 3617 brevium
1420 3564 1560 3617 dixit
1598 3564 1822 3617 cuidam

108 3650 244 3703 viro
291 3651 625 3720 gravissimo
674 3652 827 3721 quod
858 3652 966 3704 hoc
1020 3652 1186 3705 breve
1225 3652 1345 3722 ipse
1397 3652 1721 3722 composuit
1756 3668 1824 3705 ex

109 3740 524 3793 commissione
575 3740 707 3794 dicti
746 3740 1049 3793 Alexandri
1110 3741 1227 3802 Vll,
1277 3746 1333 3794 et
1365 3742 1519 3810 quod
1572 3742 1824 3810 pontifex

112 3829 260 3882 illud
288 3834 498 3883 attente
531 3830 686 3900 legit,
709 3834 763 3883 et
788 3830 1041 3899 sigillum
1074 3829 1229 3883 dedit
1269 3834 1332 3883 ut
1362 3846 1427 3882 eo
1477 3829 1819 3899 signaretur,

108 3924 172 3971 et
213 3917 286 3971 ad
320 3919 527 3971 dictam
553 3918 985 3972 Universitatem
1016 3918 1425 3972 Lovanicnsem
1476 3918 1818 3972 mitteretur.

114 4009 183 4061 Et
216 4007 320 4061 iste
369 4008 452 4061 vir
499 4006 867 4077 gravissimus
913 4007 991 4061 sic
1028 4012 1172 4060 tacto
1220 4012 1449 4077 pectore
1492 4006 1822 4061 testiﬁcatus

110 4100 225 4149 est.
260 4116 285 4145 ι)
322 4098 446 4150 Haec
472 4095 703 4167 quidem
752 4097 812 4149 P.
848 4096 1071 4149 Gabriel
1112 4094 1311 4149 litteris
1341 4093 1716 4164 consignavit,
1758 4108 1821 4146 ac

111 4184 293 4255 paulo
325 4189 504 4255 poste
538 4184 653 4238 vita
706 4185 959 4238 discessit
1013 4200 1237 4238 summo
1295 4183 1383 4236 sui
1418 4182 1700 4237 desiderio
1730 4198 1819 4235 re-

1933 3042 2255 3092 astruentes
2294 3054 2306 3090 ε
2360 3038 2528 3092 modo
2573 3037 2711 3106 quid
2760 3037 3024 3090 homines
3062 3037 3145 3089 illi
3187 3036 3490 3107 Augustini
3530 3055 3630 3108 ap-

1930 3124 2257 3195 probationi
2288 3142 2391 3195 per
2413 3125 2725 3185 Ecclesiam
2757 3124 3067 3178 universim
3100 3124 3389 3195 objicient,
3432 3125 3629 3179 viden-

1932 3215 2069 3267 dum
2093 3220 2194 3267 est.
2229 3213 2355 3267 Levi
2409 3213 2466 3267 id
2507 3213 2738 3283 quidem
2771 3211 3003 3266 brachio
3041 3213 3362 3276 retentabo;
3399 3229 3529 3265 nam
3564 3214 3631 3267 il-

1930 3301 2119 3355 lorum
2167 3302 2473 3355 consilium
2523 3301 2779 3353 imitatus
2832 3301 2933 3371 qui
2985 3300 3167 3353 civilia
3231 3300 3383 3354 inter
3442 3300 3632 3353 hostes

1929 3390 2080 3445 bella
2140 3395 2358 3456 serunt,
2443 3407 2557 3461 quo
2622 3388 2946 3442 domesticis
3022 3389 3269 3443 dissidiis
3336 3394 3633 3443 enervatos

1932 3481 2088 3532 nullo
2122 3484 2319 3550 postea
2353 3478 2583 3549 negotio
2616 3478 3002 3548 suppeditent,
3034 3477 3633 3548 Anti-Augustinianis

1931 3570 2269 3623 domesticos
2312 3574 2482 3623 testes
2531 3584 2841 3638 opponam,
2900 3571 2955 3619 et
3002 3566 3119 3636 pila
3165 3566 3444 3620 minantia
3478 3566 3629 3635 pilis.

1928 3659 2001 3709 At
2029 3674 2143 3710 non
2185 3657 2313 3710 illos
2370 3656 2605 3727 quidem
2659 3655 2890 3709 novitiis
2940 3654 3059 3707 istis
3088 3671 3276 3724 pares,
3324 3653 3421 3707 sed
3466 3656 3631 3724 longe

1930 3744 2275 3815 superiores,
2336 3745 2544 3816 quibus
2617 3742 2983 3813 loquentibus
3039 3742 3253 3795 nedum
3312 3747 3631 3811 assurgant,

1933 3834 2029 3887 sed
2073 3834 2302 3903 penitus
2360 3834 2780 3895 obmutescant,
2823 3847 3030 3899 nempe
3089 3829 3356 3884 Suarium
3401 3834 3453 3881 et
3505 3830 3632 3881 Vas-

1931 3921 2153 3991 quium.
2189 3922 2232 3974 O
2264 3926 2481 3991 quanta
2509 3918 2717 3972 scholas
2750 3916 3009 3971 nomina!
3048 3918 3243 3986 Itaque
3278 3916 3334 3968 in
3362 3917 3470 3969 hoc
3515 3932 3631 3969 cer-

1928 4010 2142 4062 tamine
2174 4009 2401 4074 sedebo,
2451 4008 2671 4061 duobus
2694 4006 2802 4059 illis
2852 4006 3088 4059 ducibus
3119 4022 3222 4075 pro
3276 4020 3403 4058 meo
3433 4007 3631 4073 Augu-

1930 4097 2077 4151 slino
2127 4097 2187 4151 in
2214 4096 2395 4151 aciem
2440 4102 2640 4150 contra
2676 4110 2925 4165 nuperos
2996 4092 3348 4148 adversarios
3403 4093 3631 4147 descen-

1929 4186 2213 4240 dentibus.

111 4274 273 4339 licto,
305 4279 424 4327 erat
454 4274 606 4327 enim
675 4273 1019 4329 Carmelitici
1064 4272 1353 4343 rigidioris
1395 4271 1715 4343 disciplinae
1736 4272 1820 4325 in-
1859 4270 1901 4323 D
2004 4272 2103 4327 Eia
2128 4290 2253 4344 age,
2288 4272 2425 4344 quid
2456 4273 2525 4327 de
2554 4271 2984 4342 Augustinianaa
3022 4271 3293 4325 doctrinae
3326 4287 3425 4342 per
3448 4270 3631 4324 Eccle-

112 4364 304 4417 stituti
324 4367 747 4430 ornamentum,
800 4367 1063 4432 acceptus
1114 4363 1176 4415 in
1206 4362 1408 4432 primis
1467 4361 1744 4416 Clementi
1781 4363 1820 4415 X

111 4456 280 4522 pont.
317 4457 432 4520 opt.
463 4468 613 4506 max.
649 4452 808 4505 Vivet
838 4451 931 4504 ille
964 4456 1243 4505 aeternum
1276 4450 1345 4505 de
1377 4450 1683 4521 Augustini
1714 4450 1820 4503 do-

114 4539 302 4592 ctrina
333 4540 477 4593 bene
522 4540 779 4605 meritus,
840 4540 1001 4610 cujus
1040 4539 1286 4611 glorioso
1336 4539 1557 4593 nomini
1608 4538 1822 4592 theolo-

108 4631 312 4702 gicum
353 4631 623 4683 volumen
667 4630 1033 4700 nuncupavit.
1086 4630 1278 4684 Sciant
1316 4628 1661 4683 recentiores
1690 4630 1819 4682 Ale-

107 4718 401 4773 xandrum
460 4720 552 4772 Vll
597 4734 627 4771 e
685 4718 1040 4773 nobilissima
1096 4718 1418 4774 Chisiorum
1476 4723 1643 4787 gente
1687 4734 1819 4788 pro-

104 4807 313 4872 diisse,
352 4807 445 4861 cui
490 4812 839 4877 perpetuum
869 4822 1005 4877 erga
1047 4806 1349 4876 Augustini
1395 4822 1607 4859 nomen
1656 4807 1818 4859 obse-

103 4893 321 4965 quium
362 4894 796 4949 hmreditarium
858 4899 959 4960 est,
1007 4895 1084 4947 ita
1141 4900 1203 4947 ut
1249 4912 1282 4947 a
1332 4894 1595 4948 trecentis
1626 4899 1680 4948 et
1705 4910 1821 4947 am-

102 4983 269 5052 plius
300 4983 463 5035 annis
495 4998 676 5037 unum
706 4999 932 5053 semper
979 4982 1037 5036 in
1065 4982 1266 5037 Chisiis
1314 4985 1592 5053 appellari
1624 4983 1818 5035 volue-

104 5071 187 5125 rit
238 5072 641 5142 Augustinum.
678 5073 802 5127 Non
842 5073 1017 5126 alium
1061 5072 1231 5142 hujus
1272 5072 1386 5124 mei
1430 5072 1563 5125 dicti
1617 5076 1818 5125 testem

102 5174 291 5229 quam
342 5160 654 5229 ipsummet
683 5162 1068 5215 Alexandrum
1128 5160 1283 5228 volo,
1333 5159 1432 5230 qui
1468 5159 1526 5211 in
1557 5159 1819 5230 frequen-

104 5247 338 5302 tissimo
370 5256 817 5319 purpuratorum
845 5251 1071 5303 Patrum
1100 5256 1270 5320 atque
1303 5247 1626 5301 antistitum
1659 5265 1817 5303 sena-

103 5343 195 5397 tu,
258 5352 435 5408 agens
484 5338 553 5393 de
602 5338 959 5393 decernenda
994 5338 1223 5392 Thomas
1288 5337 1637 5390 Villanovani
1679 5354 1815 5407 apo-

103 5426 300 5481 theosi
330 5426 483 5497 regis
538 5427 822 5499 Hispaniae
850 5430 959 5498 (Ea:
999 5430 1159 5481 Actis
1216 5428 1468 5481 canonis.
1510 5426 1566 5479 S.
1604 5427 1817 5480 Thoma:

110 5516 394 5569 Villanov.
426 5516 463 5583 ᾖ,
497 5517 875 5586 plurimorum
906 5516 1235 5588 principum
1261 5522 1428 5587 atque
1465 5515 1814 5587 populorum

1931 4361 2073 4415 siam
2101 4362 2532 4432 approbation‘e,
2564 4365 2802 4429 Annate,
2839 4360 3014 4415 sentis
3037 4359 3064 4413 ‘?
3095 4360 3150 4414 Si
3181 4376 3310 4430 quas
3356 4360 3629 4413 adversus

1932 4466 2059 4505 eam
2088 4450 2281 4517 habes,
2333 4452 2509 4505 libere
2554 4450 2820 4521 proﬁtere
2868 4465 2881 4502 :
2933 4468 2960 4499 «
3004 4447 3314 4518 Objicimus
3356 4448 3561 4519 primo,
3603 4468 3625 4496 ι

1930 4540 2009 4593 ait
2037 4540 2139 4594 lib.
2204 4557 2322 4607 vni,
2383 4543 2568 4610 cap.6,
2599 4556 2729 4610 pag.
2788 4540 2935 4592 902:
2978 4558 2998 4585 ι
3035 4537 3133 4591 Vel
3208 4537 3287 4590 ita
3308 4543 3393 4590 est
3437 4553 3605 4591 conse

1930 4634 2105 4695 crata,
2129 4632 2192 4682 ut
2244 4630 2596 4699 Augustinus
2656 4645 2685 4681 e
2715 4643 2956 4681 numero
3002 4627 3339 4697 scriptorum
3400 4642 3514 4679 non
3546 4642 3631 4678 ca-

1929 4717 2267 4771 nonicorum
2323 4722 2606 4770 extractus
2654 4716 2945 4769 transierit
2969 4715 3028 4769 in
3060 4732 3363 4769 numerum
3395 4712 3631 4767 canoni-

1928 4822 2128 4860 corum
2167 4806 2254 4859 vel
2286 4822 2420 4859 non.
2481 4805 2538 4859 Si
2566 4805 2842 4875 primum,
2899 4811 3051 4859 errat
3081 4810 3231 4858 totus
3268 4801 3628 4858 Christianis-

1928 4911 2079 4964 mus,
2111 4894 2211 4964 qui
2257 4893 2609 4948 contrarium
2662 4894 2838 4947 sentit
2893 4910 3008 4948 non
3054 4895 3223 4947 modo
3292 4908 3324 4943 a
3371 4896 3629 4959 tempore

1928 4984 2419 5052 scholasticorum,
2442 4983 2537 5037 sed
2571 4998 2601 5035 a
2628 4982 2786 5036 mille
2837 4982 3094 5037 ducentis
3124 4979 3318 5044 annis;
3353 4978 3398 5030 si
3426 4992 3627 5030 secun-

1926 5069 2084 5134 dum,
2117 5086 2249 5139 ergo
2290 5069 2386 5121 illa
2438 5069 2623 5122 omnis
2674 5068 2930 5121 Ecclesia:
2980 5065 3322 5136 ‘approbatio
3353 5063 3629 5133 relinquit

1926 5160 2113 5212 adhuc
2142 5158 2529 5228 Augustinum
2584 5158 2733 5211 intra
2781 5172 3083 5210 numerum
3117 5155 3456 5223 scriptorum
3489 5153 3631 5206 falli-

1925 5247 2129 5301 bilium
2160 5247 2366 5317 quibus
2413 5247 2533 5301 sine
2582 5246 2901 5316 cujuspiam
2953 5242 3165 5313 injuria
3204 5258 3526 5313 repugnare
3567 5242 3631 5296 li-

1927 5341 2068 5391 ceat.
2091 5356 2117 5385 ι)
2146 5336 2251 5390 Sed
2275 5336 2399 5406 jam
2437 5336 2574 5389 olim
2604 5336 2737 5389 huic
2782 5332 3091 5402 objectioni
3134 5331 3483 5386 satisfecerat
3514 5347 3628 5385 non

1929 5426 2167 5479 Baianas
2201 5424 2537 5495 aliquis,sed
2576 5430 2841 5476 strenuus
2867 5419 3629 5492 BaiioppugnatorSuarius,

1926 5516 2087 5584 cujus
2121 5529 2257 5567 sane
2288 5512 2716 5584 responsionem
2744 5513 3008 5580 poterant
3048 5510 3205 5564 domi
3243 5511 3453 5581 legere.
3490 5512 3628 5565 Cum
