3908 6180
329 286 430 340 8οη

1347 279 1909 336 SUPPLEMENTUM
1950 279 2041 334 AD
2078 277 2316 336 ornas
2351 279 2408 336 s.
2448 279 2836 337 AUGUSTINI.
3107 242 3112 244 ⁷
3369 359 3376 363 κ
3683 294 3759 350 sos

329 407 588 474 Suarius,
611 405 897 480 proleg.6,
919 405 987 461 de
1008 402 1217 470 Gratia,
1239 406 1531 470 c.6,num.
1555 403 1876 468 £5,citasset
1898 403 2022 458 haec
2057 405 2102 460 A
2131 419 2263 458 rum
2318 404 2516 459 laudes
2546 403 2968 476 intelliguntur.
3027 405 3094 460 Et
3146 409 3293 461 certe
3347 424 3468 464 cum
3514 411 3693 469 eadem
3716 417 3769 473 sit

330 498 510 554 sancti
523 495 785 568 Prosperi
807 494 977 548 verba
990 491 1292 546 inlaudem
1307 491 1609 564 Augustini
1635 509 1647 546 :
1669 515 1688 541 α
1705 493 1790 547 Tu
1810 496 2024 558 autem,

330 587 694 643 dilectissime
745 588 800 639 et
838 580 1324 638 venerandissime
1372 581 1517 636 mihi
1568 581 1762 647 frater,
1811 581 1856 634 si
1895 596 2027 635 vere

330 677 400 732 de
430 677 518 731 his
569 672 982 746 quaestionibus
1034 669 1240 726 instrui
1277 671 1586 738 desideras,
1625 671 1771 726 sicut
1803 669 2025 725 deside-

328 782 454 820 rare
476 769 531 819 te
573 761 853 826 convenit,
895 748 1032 831 ipsis
1080 760 1146 816 Β.
1202 759 1506 832 Augustini
1545 757 2026 830 disputationibus

326 850 734 924 cognoscendis
785 849 1054 920 impende
1089 865 1305 917 curam,
1346 852 1410 902 ut
1453 848 1515 902 in
1560 847 1883 903 conﬁtenda
1927 846 2027 902 Dei

325 942 508 1014 gratia
556 938 1051 996 defaecatissimam
1100 954 1164 993 ac
1203 936 1640 992 saluberrimam
1684 936 2025 1008 evangelicae

326 1029 764 1101 apostoliczeque
794 1027 1069 1084 doctrinas
1095 1025 1538 1098 intelligentiam
1576 1026 1962 1098 consequaris,
1995 1043 2022 1080 ι

325 1121 448 1175 haec
477 1118 670 1173 scribit
699 1132 711 1172 :
760 1139 780 1165 α
835 1118 959 1171 Non
988 1119 1180 1170 tamen
1224 1115 1361 1171 dicit
1387 1115 1767 1188 Augustinum
1797 1120 2024 1186 aposto-

326 1209 432 1264 lice
483 1207 794 1279 scripsisse,
852 1206 939 1260 vel
999 1205 1134 1277 quia
1181 1205 1425 1276 scriptor
1468 1205 1774 1260 canonicus
1828 1205 2023 1276 fuerit,

324 1297 414 1351 vel
464 1296 601 1368 quia
655 1293 1017 1349 infallibilem
1065 1293 1331 1348 habuerit
1365 1293 1611 1364 Spiritus
1659 1292 1838 1347 sancti
1893 1291 2028 1346 assi-

325 1386 594 1440 stentiam
623 1384 685 1438 in
706 1383 1026 1450 scribendo,
1061 1382 1207 1437 sicut
1249 1382 1490 1453 apostoli
1535 1382 1881 1448 habuerunt,
1919 1382 2024 1436 hoc

323 1475 480 1528 enim
536 1475 786 1528 alienum
843 1489 877 1526 a
933 1489 1103 1526 sensu
1133 1470 1397 1542 Prosperi
1443 1475 1498 1524 et
1547 1469 1722 1525 totius
1764 1468 2022 1525 Ecclesiae

267 1602 278 1613 .
324 1568 427 1629 est,
452 1563 547 1618 sed
578 1563 713 1617 dicit
762 1561 1066 1633 apostolice
1115 1561 1425 1632 scripsisse,
1456 1562 1544 1615 vel
1577 1560 1714 1631 quia
1757 1575 1919 1613 suam
1952 1557 2022 1612 de

326 1653 509 1723 gratia
539 1651 857 1706 doctrinam
906 1667 970 1704 ex
1001 1651 1260 1721 apostolo
1318 1649 1493 1704 Paulo
1541 1647 1830 1720 praecipue
1871 1663 2019 1700 sum-

325 1741 456 1812 psit,
490 1744 548 1794 et
583 1739 946 1794 validissimis
972 1739 1094 1810 ejus
1119 1737 1461 1793 testimoniis
1498 1737 1656 1792 illam
1695 1736 2016 1801 conﬁrmat,

322 1830 412 1883 vel
451 1833 603 1883 certe
633 1829 768 1900 quia
822 1833 943 1883 tam
990 1844 1121 1883 vere
1153 1843 1216 1881 ac
1261 1826 1503 1882 ﬁdeliter
1531 1827 1599 1882 de
1647 1825 1831 1898 gratia
1889 1823 2024 1880 scri-

323 1917 456 1989 psit,
485 1922 550 1971 ut
577 1917 890 1988 apostolica
919 1917 1079 1971 sedes
1137 1915 1441 1985 Augustini
1479 1915 1795 1970 doctrinam
1841 1913 1902 1968 in
1937 1913 2025 1968 his

321 2023 450 2077 quae
471 2007 541 2061 ad
596 2005 865 2076 dogmata
894 2005 1186 2077 pertinent
1217 2020 1379 2058 suam
1408 2003 1662 2058 effecerit
1717 2020 1781 2057 ac
1808 2002 2023 2074 proba-

321 2093 484 2148 verit.
517 2114 546 2144 κ

396 2181 590 2252 Pergit
612 2183 874 2237 Annatus
905 2195 919 2235 :
954 2199 981 2230 (ι
1005 2179 1319 2251 Objicimus
1347 2183 1428 2243 2°,
1460 2178 1692 2234 eosdem
1722 2177 1849 2232 illos
1874 2193 2026 2232 sum-

321 2286 446 2324 mos
474 2269 770 2341 pontiﬁces
800 2271 901 2340 qui
933 2269 1251 2322 doctrinam
1281 2267 1580 2339 Augustini
1609 2267 2020 2339 approbarunt,

322 2374 392 2414 ea
416 2358 737 2430 seposuisse
768 2374 896 2430 quae
925 2358 1242 2413 necessaria
1271 2357 1383 2412 illis
1427 2358 1546 2412 visa
1575 2362 1727 2424 sunt,
1762 2357 1900 2411 alias
1931 2373 2026 2411 au-

320 2452 437 2502 tem
471 2447 822 2520 quaestiones
877 2447 1322 2502 intercurrentes
1365 2463 1469 2502 nec
1515 2450 1881 2501 contemnere
1920 2462 2025 2500 nec

320 2541 574 2592 astruere
606 2537 871 2603 voluisse.
917 2539 1030 2592 Hoc
1077 2536 1233 2592 enim
1265 2536 1600 2593 leestinus
1629 2540 1823 2607 aperte
1853 2535 2026 2606 signi-

319 2625 528 2692 ﬁcavit,
580 2631 647 2682 ut
675 2626 976 2682 retulimus
1031 2631 1220 2694 antea,
1273 2648 1302 2677 »
1335 2643 1467 2698 pag.
1520 2628 1643 2682 963.
1690 2626 1848 2680 Idem
1883 2626 2022 2680 Sua-

318 2715 457 2783 rius,
517 2712 796 2770 recensita
852 2715 1142 2772 Ccelestini
1179 2715 1551 2782 restrictioue,
1611 2731 1785 2786 quam
1827 2718 2023 2768 tamen

318 2808 491 2874 negat
533 2821 651 2858 esse
691 2805 1002 2874 leestini,
1037 2810 1102 2858 ut
1126 2804 1331 2871 dicam,
1371 2807 1527 2858 totus
1573 2802 1890 2874 Augustino
1921 2803 2021 2857 ad-

317 2891 498 2947 haeret
539 2892 661 2948 haec
702 2893 956 2948 scribens
998 2909 1070 2947 ια
1102 2892 1486 2948 Nihilominus
1512 2896 1706 2947 tamen
1745 2891 1920 2946 etiam
1959 2890 2020 2945 in

2133 491 2482 563 judiciorum
2539 497 2596 548 et
2645 493 2953 549 affectuum
2989 495 3134 560 alea,
3188 499 3243 549 et
3271 498 3596 568 Augustinus
3642 506 3772 560 tanta

2139 581 2502 636 contentione
2544 586 2765 654 pugnet
2804 587 3005 637 contra
3058 583 3403 656 Pelagianos,
3451 591 3511 642 ut
3557 589 3776 647 obtineat

2136 670 2363 724 nullum
2386 687 2506 726 esse
2537 671 2902 742 quantumvis
2930 676 3209 740 sanctum,
3269 673 3357 728 cui
3387 690 3496 729 non
3543 677 3610 731 sit
3657 695 3773 750 opus

2137 761 2325 814 dicere
2359 775 2371 814 :
2402 762 2624 815 Dimitte
2668 761 2820 815 nobis
2881 760 3064 815 debita
3111 766 3312 831 nostra,
3362 763 3430 818 ob
3457 765 3774 835 quotidianos

2134 849 2442 903 voluntatis
2471 849 2686 920 lapsus,
2718 849 2910 905 nescio
2932 850 3072 922 quid
3103 850 3326 906 Baianis
3370 851 3427 906 in
3455 858 3682 910 mentem
3705 873 3776 912 ve-

2114 938 2307 1007 .nerit,
2343 942 2402 993 ut
2423 939 2826 1010 Augustiniani
2865 939 3047 994 videri
3075 940 3274 1010 velint,
3304 957 3430 995 cum
3479 946 3623 997 tanto
3672 946 3776 1002 nisu

2133 1027 2477 1099 persuadere
2509 1031 2789 1082 conantur
2844 1043 2966 1084 esse
3014 1028 3238 1099 aliquos
3284 1029 3381 1100 qui
3417 1030 3618 1100 judicio
3656 1050 3774 1088 nun-

2135 1129 2307 1185 quam
2337 1115 2622 1181 labantur,
2662 1137 2684 1165 »
2738 1131 2948 1187 nempe
3000 1117 3400 1188 Augustinum.
3441 1120 3634 1175 Verum
3675 1122 3776 1193 quis

2135 1203 2349 1258 nesciat
2373 1204 2760 1275 Augustinum
2792 1205 3007 1276 duplici
3049 1206 3214 1268 facto,
3274 1207 3408 1260 dum
3439 1224 3496 1261 se
3542 1208 3673 1263 infra
3693 1227 3775 1264 caa-

2133 1295 2285 1346 teros
2313 1292 2611 1364 depressit,
2646 1310 2820 1365 supra
2850 1293 3143 1350 universos
3172 1294 3340 1350 altius
3378 1311 3493 1351 sese
3531 1298 3778 1352 avexisse?

2134 1381 2234 1435 Ille
2263 1398 2507 1453 magnus
2539 1382 2802 1438 Ecclesiae
2832 1383 3106 1456 magister
3153 1387 3279 1439 tum
3307 1385 3524 1454 affectus
3562 1390 3670 1440 tum
3701 1388 3779 1456 ju-

2135 1470 2268 1525 dicii
2293 1470 2381 1525 sui
2400 1475 2587 1526 errata
2614 1471 2930 1542 publicavit
2954 1488 2967 1526 :
2998 1473 3123 1527 haec
3166 1472 3398 1544 quidem
3451 1473 3509 1527 in
3535 1473 3676 1528 libris
3701 1477 3782 1530 Re-

2133 1558 2561 1628 tractationum,
2596 1559 2695 1614 illa
2746 1559 2807 1614 in
2837 1559 2995 1615 libris
3051 1560 3504 1629 Confessionum,
3552 1561 3782 1632 singulari

2131 1661 2367 1716 prorsus
2397 1648 2680 1718 exemplo,
2738 1665 2868 1703 cum
2919 1649 3214 1704 videamus
3267 1650 3519 1723 quosque
3550 1655 3658 1706 tum
3683 1669 3783 1722 pro-

2131 1735 2259 1807 pria
2290 1735 2457 1803 dicta,
2479 1740 2604 1792 tum
2632 1737 2779 1792 facta
2823 1737 2893 1792 ab
2925 1738 3216 1793 erroribus
3257 1738 3558 1795 vindicare.
3596 1741 3779 1795 Utinam

2128 1824 2277 1879 hanc
2307 1825 2617 1897 aliquando
2646 1826 2715 1881 de
2736 1827 2900 1881 sociis
2931 1843 2992 1881 ac
3036 1843 3154 1882 suae
3211 1827 3444 1882 familiae
3498 1828 3779 1883 hominibus

2129 1913 2457 1984 opinionem
2487 1915 2799 1969 adversarii
2829 1916 3092 1983 induant,
3127 1933 3379 1987 quorum
3409 1917 3712 1989 quempiam
3742 1919 3777 1972 si

2132 2003 2200 2058 ab
2233 2002 2426 2074 aliquo
2456 2002 2729 2074 scriptore
2760 2004 3090 2075 impetitum
3119 2009 3486 2076 cognoscant,
3512 2007 3652 2061 mille
3679 2023 3780 2078 apo.

2131 2089 2310 2160 logias
2337 2091 2685 2162 procudunt,
2716 2097 2780 2146 ut
2818 2093 2924 2146 soli
2970 2094 3040 2147 ab
3067 2093 3360 2148 erroribus
3390 2094 3657 2150 immunes
3686 2111 3779 2150 esse

2129 2178 2451 2237 videantur.
2487 2181 2686 2251 Itaque
2711 2181 2973 2236 eamdem
2994 2185 3049 2236 et
3079 2183 3316 2237 affectus
3343 2187 3398 2238 et
3419 2184 3611 2254 judicii
3636 2185 3780 2238 aleam

2131 2268 2342 2321 subivit
2378 2269 2756 2339 Augustinus.
2799 2271 3008 2324 Verum
3047 2270 3189 2325 dum
3231 2270 3408 2326 libros
3444 2275 3628 2326 contra
3658 2273 3780 2326 Pela-

2130 2355 2329 2426 gianos
2379 2361 2646 2412 retractat
2687 2358 2788 2413 lib.
2838 2375 2900 2426 Π,
2946 2375 3069 2430 cap.
3122 2360 3214 2427 33,
3259 2363 3346 2427 36,
3393 2363 3478 2424 37,
3511 2362 3594 2430 42,
3623 2362 3779 2427 50,6l,

2133 2447 2221 2508 62,
2254 2448 2320 2500 66
2342 2451 2401 2500 et
2426 2449 2514 2513 6'7,
2557 2447 2778 2501 nullam
2807 2447 3150 2502 sententiam
3181 2448 3299 2503 sive
3329 2449 3396 2503 de
3419 2449 3592 2520 gratia
3614 2447 3711 2502 sive
3731 2448 3782 2503 de

2130 2533 2311 2589 libero
2342 2534 2579 2589 arbitrio
2609 2535 2864 2606 corrigit,
2893 2535 2994 2590 sed
3019 2537 3221 2591 omnia
3239 2537 3338 2591 abs
3359 2553 3417 2592 se
3438 2537 3580 2592 dicta
3602 2537 3780 2608 probat,

2130 2622 2231 2694 qui
2258 2622 2383 2677 aliis
2430 2623 2492 2678 in
2537 2623 2869 2678 tractatibus
2914 2623 3222 2696 plerasque
3253 2626 3440 2679 theses
3469 2629 3687 2679 assertas
3710 2641 3783 2678 ex-

2129 2717 2428 2784 punxerat.
2464 2714 2621 2768 Unde
2661 2717 2889 2768 sanctus
2916 2713 3115 2768 doctor
3153 2731 3440 2786 nusquam
3467 2714 3524 2768 in
3570 2714 3781 2785 Pelagia-

2130 2801 2220 2856 nis
2251 2803 2651 2873 expugnandis
2696 2819 2754 2857 se
2795 2802 3014 2874 judicio
3063 2803 3295 2874 lapsum
3341 2803 3510 2858 fuisse
3545 2801 3779 2874 cognovit,

2127 2891 2435 2946 adversarii
2461 2895 2652 2946 autem
2673 2891 2880 2947 misere
2905 2892 3124 2964 judicio
3166 2893 3464 2960 labuntur,
3500 2896 3609 2947 tam
3639 2889 3786 2946 humi~

316 2979 406 3035 his
433 2981 866 3052 {posterioribus
925 2982 995 3036 de
1046 2981 1552 3052 praedestinatione
1607 2979 2020 3052 questionibus
2056 2999 2095 3055 ο
2131 2979 2259 3034 liter
2287 2979 2356 3034 de
2385 2980 2706 3052 Augustino
2736 2981 3205 3053 pronuntiantes.
3239 2981 3498 3036 Profecto
3550 2977 3777 3051 Augusti-

318 3070 623 3124 auctoritas
652 3069 959 3142 Augustini
1015 3070 1264 3124 maxima
1293 3073 1379 3124 est
1405 3072 1640 3140 propter
1676 3068 1814 3123 alias
1851 3069 2020 3123 ratio-

317 3175 420 3212 nes
447 3175 622 3230 supra
652 3163 850 3227 tactas,
883 3163 940 3213 et
961 3159 1090 3213 ideo
1119 3175 1347 3230 semper
1374 3174 1408 3213 a
1434 3157 1604 3212 nobis
1631 3157 1856 3212 caeteris
1881 3173 2022 3229 pras-

308 3245 552 3302 feretur.
585 3266 615 3301 »

389 3335 498 3390 Sed
544 3335 820 3390 reclamat
847 3334 1203 3390 adversarius
1246 3350 1260 3388 :
1291 3352 1318 3387 α
1361 3333 1695 3406 Ohjicimus,
1728 3337 1786 3390 3ο
1814 3350 2020 3406 appro-

318 3425 512 3480 batam
536 3425 710 3479 fuisse
742 3424 1048 3495 Augustini
1094 3423 1410 3479 doctrinam
1469 3423 1638 3478 simul
1692 3427 1748 3479 et
1775 3423 2019 3479 aliorum

317 3519 653 3568 sanctorum
681 3515 936 3577 Patrum,
965 3513 1119 3567 unde
1167 3512 1427 3583 sequitur
1476 3512 1679 3567 cadere
1728 3513 2017 3583 approba-

315 3602 535 3657 tionem
562 3602 709 3657 hanc
737 3601 800 3656 in
830 3601 890 3657 id
915 3602 1070 3674 quod
1099 3606 1184 3656 est
1211 3601 1532 3672 Augustino
1565 3602 1713 3670 fcum
1758 3601 1884 3656 aliis
1914 3603 2019 3656 Pa-

317 3692 506 3747 tribus
540 3709 865 3760 commune,
897 3691 1101 3747 nonin
1159 3691 1216 3746 id
1273 3691 1426 3762 quod
1476 3695 1561 3745 est
1613 3691 1938 3763 proprium,
1972 3689 2020 3744 si

318 3781 457 3852 quid
486 3782 599 3836 tale
628 3781 719 3836 sit.
747 3801 774 3834 ι)
796 3781 1037 3836 Ibidem.
1070 3781 1178 3836 Sed
1205 3781 1380 3835 hocce
1425 3780 1606 3835 telum
1634 3779 2019 3852 Augustinum

317 3871 514 3942 clypeo
559 3875 864 3943 protegens
909 3870 1190 3941 Vasquius
1240 3869 1457 3940 excepit
1515 3871 1622 3936 1-2,
1682 3869 1830 3940 disp.
1893 3870 2016 3936 l90,

317 3975 442 4031 cap.
477 3963 529 4027 6,
557 3976 718 4014 num.
753 3963 816 4016 37
846 3975 860 4014 :
890 3978 920 4011 ι(
951 3958 1237 4028 Quamvis,
1267 3958 1478 4030 inquit,
1527 3959 1720 4013 nullus
1767 3962 1912 4013 esset
1952 3974 2020 4013 ex

319 4048 582 4103 Patribus
612 4047 1077 4103 commemoratis
1107 4064 1281 4119 quem
1327 4064 1430 4119 pro
1481 4048 1589 4102 hac
1638 4046 1922 4101 sententia
1948 4047 2018 4102 de

265 4155 272 4160 ο
320 4135 521 4207 gratiae
574 4136 910 4191 necessitate
955 4137 1026 4192 ad
1083 4137 1312 4208 singula
1339 4152 1514 4208 opera
1568 4135 1723 4190 bona
1776 4135 2021 4190 moralia

321 4225 646 4281 scholastici
684 4227 947 4282 doctores
1003 4226 1250 4298 allegare
1299 4229 1555 4296 possent,
1615 4242 1670 4280 IN
1723 4241 1832 4280 uno
1889 4241 2019 4280 som

319 4318 636 4370 Ancusrmo
669 4316 907 4387 ejusque
955 4316 1148 4370 schola
1176 4330 1294 4369 suae
1351 4313 1637 4384 opinionis
1685 4313 2017 4386 praesidium
2057 4297 2101 4351 D

319 4403 571 4457 libenter
614 4404 976 4470 collocarent,
1033 4418 1282 4474 eumque
1335 4401 1444 4455 sibi
1490 4401 1751 4457 sufﬁcere
1810 4402 2018 4458 merito

324 4491 762 4561 arbitrarentur,
808 4493 964 4563 quod
1020 4507 1216 4546 UNICUS
1263 4490 1337 4545 sit
1388 4491 1490 4561 qui
1544 4491 1682 4546 dum
1733 4491 1922 4562 agitur
1949 4493 2020 4548 de

321 4577 524 4647 gratia:
577 4581 933 4650 necessitate,
983 4581 1130 4636 sicut
1182 4581 1263 4635 sol
1307 4580 1457 4634 inter
1482 4579 1733 4651 reliquos
1785 4581 2020 4650 praeful-

320 4667 471 4736 geat,
499 4665 660 4737 cujus
690 4667 922 4738 quidem
953 4668 1225 4723 doctrinae
1280 4667 1578 4739 egregium
1627 4667 2021 4724 testimonium

320 4757 378 4808 et
406 4753 962 4809 commendationem
996 4755 1056 4809 in
1103 4755 1340 4827 epistola
1389 4754 1578 4826 prima
1631 4755 1919 4811 Coslestini
1949 4757 2022 4812 ad

320 4842 626 4914 episcopos
653 4841 848 4898 Galliae
878 4847 1167 4899 exaratam
1217 4843 1512 4899 habemus.
1545 4863 1574 4898 io
1610 4845 1786 4900 Porro
1819 4844 2022 4900 lees-

325 4930 481 4986 tinus
532 4947 718 4987 unum
771 4931 1159 5004 Augustinum
1214 4933 1502 5002 laudavit;
1570 4933 1699 5004 lege
1751 4933 2020 4990 eumdem

317 5024 467 5090 part.
499 5037 538 5088 ι,
572 5021 719 5093 disp.
749 5024 836 5088 89,
871 5039 993 5093 cap.
1033 5023 1088 5090 4,
1119 5022 1307 5079 initio.

391 5112 464 5162 At
492 5125 609 5164 non
639 5110 792 5165 cedit
815 5110 1037 5178 Suario,
1072 5126 1190 5165 non
1237 5110 1389 5166 cedit
1439 5109 1685 5183 Vasquio
1737 5111 2016 5180 Annatus,

323 5195 423 5250 sed
451 5213 647 5251 rursus
677 5199 924 5270 opponit
950 5215 1082 5271 pag.
1116 5201 1238 5256 902.
1273 5220 1300 5248 α
1334 5201 1551 5271 Nempe
1573 5201 1697 5273 jam
1755 5216 1860 5255 nos
1912 5201 2017 5255 do-

319 5283 439 5338 cuit
466 5285 676 5342 Gerson
705 5293 761 5344 et
787 5288 1091 5344 Abulensis
1142 5303 1255 5360 quo
1298 5287 1585 5358 pertineat
1639 5289 1763 5343 haec
1813 5305 2020 5359 appro-

319 5371 506 5439 batio;
537 5389 656 5429 non
669 5377 822 5432 enim
843 5394 910 5432 eo
932 5381 997 5432 ut
1015 5377 1407 5448 intelligamus
1427 5378 1812 5450 Augustinum
1841 5377 2017 5432 nullis

321 5475 444 5515 esse
473 5459 740 5518 humanis
785 5465 1099 5520 defectibus
1160 5464 1493 5532 obnoxium,
1552 5466 1650 5520 sed
1703 5465 2019 5522 rarioribus

326 5551 385 5603 et
412 5548 742 5620 levioribus,
779 5553 1070 5624 quomodo
1125 5559 1464 5610 ceterorum
1515 5569 1746 5626 quoque
1793 5559 2016 5612 sancto-

2127 3085 2237 3124 nus
2266 3068 2486 3124 futuros
2510 3069 2653 3124 forte
2683 3085 2947 3124 censores
2979 3069 3328 3141 praevidens,
3381 3070 3442 3125 in
3479 3085 3664 3125 eorum
3700 3068 3779 3122 hu-

2127 3174 2320 3213 meros
2348 3158 2698 3214 correctione
2753 3158 3038 3219 devoluta,
3069 3157 3268 3214 minus
3325 3159 3425 3213 illo
3484 3159 3541 3212 in
3567 3156 3782 3212 examine

2127 3263 2320 3301 secum
2346 3246 2482 3319 egit,
2511 3247 2928 3302 recentioribus
2978 3247 3126 3302 hanc
3179 3248 3430 3319 gloriam
3482 3246 3787 3319 relinquens,

2129 3352 2243 3407 qua
2265 3335 2482 3406 jactare
2507 3339 2745 3406 possent
2775 3352 2834 3390 se
2858 3335 2972 3390 illis
3024 3336 3086 3390 in
3141 3335 3304 3391 libris
3345 3341 3537 3392 contra
3585 3334 3790 3405 Pelagia-

2128 3440 2231 3479 nos
2295 3423 2460 3478 editis
2514 3425 2765 3479 maculas
2819 3424 3292 3496 deprehendisse,
3351 3441 3479 3496 quae
3532 3417 3788 3494 Augustini

2128 3513 2309 3568 aciem
2333 3530 2397 3568 ac
2448 3514 2751 3586 spongiam
2784 3513 3205 3585 subterfugere.
3255 3515 3402 3579 Quid
3440 3514 3541 3580 ais,
3583 3514 3789 3572 Annate,

2126 3603 2512 3674 Augustinum
2544 3603 2719 3658 fuisse
2750 3603 3063 3658 obnoxium
3091 3603 3367 3659 humanis
3398 3601 3708 3665 defectibus,
3749 3601 3794 3650 at

2125 3692 2429 3746 rarioribus
2459 3695 2509 3746 ct
2525 3692 2834 3758 levioribus,
2859 3708 2924 3746 ac
2942 3692 3155 3762 judicio
3184 3694 3536 3764 quandoque
3561 3685 3792 3761 lapsum?

2128 3780 2252 3834 Alia
2275 3781 2450 3852 longe
2477 3780 2700 3835 diversa
2719 3781 2829 3836 fuit
2856 3781 2942 3836 tui
2972 3780 3160 3836 Suarii
3217 3781 3522 3847 sententia,
3576 3778 3666 3850 qui
3692 3790 3793 3847 pro-

2129 3869 2241 3940 leg.
2277 3872 2308 3923 6
2339 3869 2408 3924 de
2466 3869 2679 3936 Gratia,
2730 3885 2852 3942 cap.
2905 3872 2957 3936 6,
3013 3885 3156 3924 num
3221 3875 3310 3940 l7,
3369 3871 3449 3925 ita
3488 3873 3545 3924 et
3594 3883 3706 3922 vere
3753 3866 3794 3916 et

2130 3956 2303 4027 digne
2328 3957 2398 4012 de
2431 3962 2626 4012 sancto
2657 3958 2977 4030 Augustino
3009 3958 3237 4014 scribit:
3268 3981 3290 4008 ι
3327 3959 3483 4014 Nihil
3514 3963 3625 4012 tam
3646 3951 3791 4008 admi-

2128 4046 2376 4100 randum
2403 4051 2458 4101 et
2485 4046 2912 4118 suspiciendum
2944 4047 3209 4102 Ecclesiae
3256 4048 3510 4103 reddidit
3557 4040 3794 4115 Augusti-

2128 4151 2260 4204 nus,
2292 4152 2468 4208 quam
2493 4136 2561 4191 de
2584 4135 2774 4208 gratia
2803 4136 3098 4204 doctrina;
3128 4141 3188 4192 at
3238 4136 3289 4191 si
3333 4137 3396 4192 in
3448 4153 3515 4191 ea
3561 4128 3794 4189 tradenda

2130 4228 2186 4278 et
2215 4225 2548 4296 explicanda
2587 4225 2898 4296 aliquando
2933 4225 3138 4280 fuisset
3195 4225 3260 4280 in
3312 4241 3567 4280 errorem
3619 4223 3791 4292 lapsus.

2129 4312 2312 4367 multo
2353 4313 2789 4368 labefactaretur
2852 4313 2974 4384 ejus
3029 4314 3365 4383 auctoritas,
3424 4311 3787 4377 immeritoque

2131 4400 2376 4456 Ecclesia
2405 4405 2522 4456 tam
2558 4401 2808 4457 ﬁdenter
2827 4401 3108 4472 judicium
3148 4403 3275 4472 ejus
3319 4402 3382 4458 in
3423 4404 3529 4457 hac
3574 4396 3796 4456 doctrina

2129 4494 2276 4545 esset
2303 4495 2516 4556 secuta,
2577 4490 2732 4562 quod
2788 4490 3036 4562 impium
3092 4497 3182 4546 est
3222 4492 3500 4563 cogitare.
3538 4511 3560 4539 ι
3596 4482 3796 4559 Egregie

2127 4579 2236 4633 hoc
2256 4579 2446 4650 ipsum
2478 4578 2686 4634 abhinc
2735 4579 3080 4650 octingentis
3127 4581 3296 4634 annis
3341 4582 3566 4635 notarat
3605 4578 3796 4631 sanctus

2128 4667 2474 4722 Prudentius
2498 4666 2868 4736 Tricassinus,
2902 4667 2965 4722 in
2994 4667 3235 4738 epistola
3260 4668 3337 4724 ad
3367 4669 3716 4722 Hincmarum
3754 4663 3798 4712 et

2127 4756 2476 4823 Pardulum;
2511 4756 2612 4810 sed
2660 4757 2813 4828 quod
2859 4772 2989 4811 cum
3036 4757 3235 4812 Suario
3287 4761 3344 4811 et
3393 4755 3630 4827 Vasquio
3654 4746 3796 4805 veluti

2126 4845 2338 4900 foedere
2369 4844 2482 4899 icto
2514 4844 2761 4899 aliorum
2791 4845 3068 4916 suppetiis
3097 4844 3370 4908 dimissis,
3400 4850 3596 4900 contra
3630 4853 3793 4896 recen-

2127 4933 2304 4989 tiores
2329 4948 2422 4987 me
2442 4937 2836 5004 pugnaturum
2873 4949 2980 5005 pro
3007 4933 3326 5004 Augustino
3366 4931 3645 5004 pollicitus
3671 4939 3793 4988 sum,

2125 5022 2632 5095 praeclarissimum
2671 5023 2826 5078 illius
2878 5022 3148 5078 antistitis
3201 5023 3596 5078 testimonium
3627 5015 3794 5074 omitto

2127 5112 2264 5168 alibi
2287 5112 2670 5168 recitandum.

2199 5200 2469 5256 Nondum
2495 5202 2757 5254 Annatus
2781 5216 3018 5255 suorum
3043 5201 3276 5257 vocibus
3305 5200 3379 5256 ab
3431 5197 3636 5255 infelici
3685 5205 3787 5247 cer-

2123 5289 2340 5346 tamine
2371 5289 2624 5344 revocari
2651 5289 2841 5360 potuit
2875 5307 2890 5358 ;
2937 5290 3037 5346 sed
3066 5290 3238 5346 instat
3265 5289 3627 5360 obtruditque
3662 5285 3794 5338 hanc

2125 5378 2480 5433 illationem:
2517 5395 2546 5430 «
2579 5378 2726 5450 Ergo
2783 5376 2851 5444 si,
2909 5381 3096 5433 stante
3145 5376 3453 5450 Augustini
3502 5366 3794 5430 testimonio

2126 5467 2246 5537 illo,
2277 5467 2410 5522 licet
2432 5471 2628 5523 tamen
2657 5466 3013 5539 singularem
3033 5467 3353 5539 cujuspiam
3385 5481 3454 5520 ex
3487 5463 3608 5518 aliis
3633 5454 3791 5515 Patri-

2127 5557 2234 5612 hus
2263 5555 2672 5629 cogitationem
2699 5554 2762 5612 in
2789 5555 2944 5613 hisce
2972 5555 3452 5628 disputationibus
3480 5566 3590 5607 non
3630 5542 3788 5616 sequi.
