3914 6186
66 269 175 320 809

1397 270 1714 326 VINDICUE
1754 269 2295 329 AUGUSTINIAI‘UE.

3473 282 3578 334 8l0

67 389 265 444 licebit
309 388 504 457 etiam,
555 392 738 444 stante
790 389 889 444 illa
938 389 1196 446 Ecclesiae
1265 393 1354 446 vel
1410 409 1769 449 summorum
1806 400 1848 453 Α
1889 396 2253 466 praecognitis
2279 397 2501 467 probat,
2537 401 2593 451 et
2622 398 2775 469 quod
2799 398 3015 469 judicio
3042 399 3236 471 jungit
3262 401 3430 455 laude
3459 419 3576 456 non

68 479 409 550 pontificum
461 479 899 548 approbatione,
949 496 1063 534 non
1110 480 1269 535 omni
1318 482 1609 536 adhaerere
1657 484 1771 536 Au-

74 567 291 638 gustini
319 568 642 620 sententiae.
682 590 705 616 ι
752 571 825 621 At
879 568 1009 622 huic
1053 586 1281 640 quoque
1326 571 1630 641 objectioni
1679 573 1773 626 ob-

74 656 225 710 viam
256 655 395 709 ierat
429 656 833 711 subtiliSsimus
863 658 1247 713 recentiorum
1278 660 1576 731 Vasquius,
1609 661 1770 731 cujus

76 761 146 799 ex
181 748 292 809 1-2,
328 744 472 816 disp.
521 748 641 811 190,
694 746 864 800 verba
911 748 1085 817 paulo
1129 753 1257 802 ante
1305 749 1586 817 dedimus,
1633 749 1770 803 item

70 835 346 903 praaclare
380 838 527 904 part.
568 838 615 900 1,
645 834 788 905 disp.
825 838 911 904 89,
963 852 1122 890 num.
1156 838 1216 891 2t
1252 852 1263 891 :
1299 854 1328 889 ‹‹
1366 837 1633 905 Tametsi,
1683 838 1769 891 in-

68 916 214 993 quit,
252 922 498 976 aliorum
529 924 764 977 Patrum
800 924 1105 979 auctoritas
1124 925 1185 979 in
1207 926 1365 982 omni
1391 927 1771 980 controversia

66 1011 269 1081 magni
317 1012 592 1082 ponderis
622 1013 771 1084 apud
818 1029 1017 1067 omnes
1048 1029 1169 1069 esse
1210 1015 1430 1084 debeat,
1466 1016 1523 1069 in
1559 1017 1663 1070 hac
1692 1020 1771 1068 ta-

65 1116 222 1166 men,
255 1100 323 1154 de
356 1117 467 1171 qua
495 1118 664 1164 nunc,
690 1102 901 1173 agitur,
934 1119 1074 1159 UNUS
1097 1118 1207 1158 PRO
1235 1120 1423 1160 MULTIS
1452 1105 1594 1158 mihi
1620 1121 1768 1158 sem-

62 1205 170 1259 per
217 1189 327 1242 erit
374 1193 738 1258 AUGUSTINUS,
775 1207 893 1244 non
925 1193 1109 1245 solum
1166 1193 1321 1262 quod
1366 1193 1625 1246 omnium
1668 1193 1768 1264 qui

62 1278 212 1331 bene
244 1278 501 1331 sentiunt
529 1279 845 1348 plurimum
871 1279 1143 1346 emineat,
1180 1298 1203 1328 ι
1228 1285 1333 1335 etc.
1357 1283 1427 1334 At
1448 1281 1599 1351 quod
1626 1298 1768 1351 pra:-

60 1366 305 1419 miserat
332 1367 589 1420 Annatus
623 1367 858 1436 ibidem,
892 1383 1023 1439 pag.
1074 1370 1177 1422 909
1211 1384 1223 1422 :
1259 1387 1285 1420 (ι
1316 1369 1391 1424 Fx
1446 1370 1654 1440 quibus
1699 1369 1766 1422 li-

61 1454 245 1525 quido
259 1460 482 1508 constat
498 1461 778 1525 quantum
798 1457 1116 1525 Augustino
1132 1456 1501 1512 tribuendum
1525 1457 1764 1511 Ecclesia

60 1544 312 1613 censuit,
334 1548 555 1598 tantum
578 1546 699 1599 aliis
723 1563 951 1617 quoque
974 1546 1235 1599 Patribus
1258 1546 1629 1601 tribuendum
1647 1563 1765 1601 esse

58 1633 452 1703 Augustinum
480 1635 671 1704 ipsum
715 1635 1077 1701 censuisse,»
1128 1636 1256 1704 hoc,
1304 1634 1560 1706 inquam,
1596 1638 1764 1705 plane

1882 483 2098 537 dividit.
2136 504 2164 535 »
2226 487 2353 539 Haec
2400 487 2516 541 ille.
2563 486 3025 541 Succenturiatus
3081 488 3142 543 in
3211 491 3419 543 Annati
3455 492 3575 561 jam

1882 571 2086 625 defessi
2116 574 2450 643 praesidium
2492 576 2718 644 prosilit
2763 576 3065 645 Moraines,
3116 578 3335 632 diverso
3385 582 3578 633 tamen

1883 676 2175 715 armorum
2220 677 2425 732 genere
2475 662 2535 716 in
2572 666 2960 734 Augustinum
3002 666 3436 736 impressionem
3490 668 3574 722 fa-

1880 748 2054 802 ciens.
2093 750 2314 803 Etenim
2363 766 2475 821 quo
2520 752 2829 821 pontiﬁciaa
2882 754 3311 825 approbationis
3359 758 3579 827 Augus-

1878 837 1999 890 tino
2031 837 2177 891 datae
2208 839 2567 909 splendorem
2616 840 2942 911 imminuat,
2991 860 3109 896 non
3156 843 3389 913 quidem
3431 842 3575 897 invi-

1878 925 2082 980 darum
2114 927 2649 996 interpretationum
2680 930 2917 982 nebulas
2958 930 3218 1001 opponit,
3272 931 3369 985 sed
3412 931 3574 984 nobi-

1878 1012 2025 1066 liora
2053 1014 2123 1068 ab
2154 1014 2462 1083 apostolica
2492 1016 2624 1069 sede
2666 1017 2790 1069 aliis
2830 1018 3087 1071 Patribus
3118 1018 3329 1073 tradita
3365 1036 3576 1089 praeco-

1876 1100 1972 1153 nia
2013 1102 2305 1171 proponit,
2352 1119 2599 1172 quorum
2651 1105 3074 1174 comparatione
3112 1106 3210 1161 illa
3250 1108 3572 1178 Augustino

1878 1189 2063 1243 delata
2110 1190 2336 1244 minora
2378 1192 2544 1261 longe
2571 1197 2935 1259 censeantur;
2979 1210 3090 1264 quo
3122 1211 3255 1248 sane
3294 1201 3458 1265 pacto
3491 1195 3574 1249 sol

1875 1291 1993 1331 non
2022 1278 2241 1332 umbris
2273 1279 2528 1349 quidem,
2563 1281 2660 1333 sed
2691 1280 2972 1335 immensa
3000 1284 3419 1352 propemodum
3450 1285 3574 1339 luce

1875 1382 2334 1436 quaquaversum
2377 1368 2685 1423 irradiante
2728 1369 3038 1424 minimum
3083 1372 3331 1426 candelas
3380 1372 3569 1442 splen-

1876 1456 2075 1509 dorem
2106 1456 2363 1523 suffocat,
2397 1458 2715 1528 nulumque
2738 1475 2885 1528 pene
2929 1460 3081 1514 facit.
3134 1460 3337 1514 Altiori
3379 1460 3573 1531 itaque

1876 1560 2006 1597 voce
2040 1545 2272 1599 insultat
2301 1545 2576 1599 Moraines
2608 1547 2665 1599 in
2695 1548 3032 1616 praefatione
3072 1549 3140 1602 ad
3190 1550 3570 1604 orthodoxos:

1882 1654 1901 1680 α
1936 1633 2171 1696 Quando
2212 1635 2428 1688 dictum
2460 1640 2545 1688 est
2574 1635 2642 1689 de
2672 1636 2894 1706 scriptis
2922 1638 3225 1706 Augustini
3265 1638 3333 1691 ab
3382 1638 3573 1709 aliquo

55 1701 275 1777 falsum
304 1728 419 1788 est;
454 1701 588 1776 nam
630 1725 757 1777 licet
798 1724 855 1777 in
912 1724 1068 1777 libris
1119 1701 1315 1778 contra
1357 1701 1648 1778 lulianum
1697 1742 1765 1779 ex
1805 1701 1845 1754 Β
1877 1722 2145 1792 pontiﬁce
2185 1724 2373 1793 legem
2429 1724 2716 1777 sanciente
2750 1701 2961 1793 ,-quod
3015 1701 3159 1779 dixit
3202 1727 3451 1780 Gelasius
3476 1701 3573 1781 -de

57 1812 275 1869 sanctis
324 1812 585 1866 Patribus
640 1817 933 1883 peccatum
984 1812 1263 1883 originale
1305 1813 1484 1867 fusius
1513 1830 1769 1885 compro-

55 1906 304 1973 baverit,
338 1904 590 1973 itemque
622 1901 681 1954 in
712 1901 857 1955 libro
899 1902 967 1955 de
1017 1901 1206 1956 Gratia
1256 1902 1462 1956 Christi
1510 1903 1766 1973 ejusdem

56 1995 265 2065 gratia:
298 1992 718 2054 necessitatem,
752 1996 1001 2044 attamen
1031 1990 1589 2060 praedestinationem
1636 1998 1765 2047 ante

54 2082 310 2153 praavisa
349 2080 555 2135 merita
603 2080 949 2133 instantibus
997 2079 1461 2147 Massiliensibus,
1507 2086 1565 2135 et
1613 2082 1766 2136 nolle

57 2189 116 2225 se
156 2171 315 2225 illam
347 2170 575 2224 credere
608 2168 1051 2234 affirmantibus,
1078 2168 1185 2222 nisi
1211 2172 1467 2223 veterum
1499 2185 1564 2222 ea
1602 2170 1669 2223 de
1706 2187 1765 2225 re

55 2259 399 2313 testimonia
420 2258 780 2328 produceret,
815 2256 1108 2326 respondit
1132 2255 1230 2309 lib.
1274 2257 1343 2310 de
1386 2257 1767 2311 Prasdestina-

56 2350 225 2402 tione
258 2353 607 2415 sanctorum,
640 2363 763 2415 cap.
806 2347 904 2399 l4:
935 2344 1131 2409 «Quid
1177 2344 1355 2414 igitur
1403 2361 1545 2416 opus
1595 2350 1676 2399 est
1706 2350 1767 2399 ut

60 2454 267 2492 eorum
297 2442 621 2490 scrutemur
666 2435 939 2505 opuscula
970 2433 1089 2503 qui,
1122 2434 1459 2504 priusquam
1501 2433 1608 2489 ista
1650 2435 1769 2487 has-

58 2528 206 2581 resis
249 2526 514 2589 oriretur,
558 2540 674 2577 non
724 2523 1049 2576 habuerunt
1101 2522 1495 2576 necessitatem
1550 2522 1608 2576 in
1664 2523 1769 2576 hac

59 2616 286 2670 difﬁcili
322 2616 390 2669 ad
421 2613 755 2667 solvendum
789 2612 1108 2682 quaestione
1133 2611 1367 2677 versari,
1393 2612 1543 2681 quod
1570 2612 1765 2681 procul

56 2704 241 2758 dubio
293 2704 545 2757 facerent
596 2701 643 2754 si
692 2700 1037 2770 respondere
1083 2700 1293 2753 talibus
1342 2705 1763 2771 cogerentur.»

54 2798 133 2847 At
184 2810 307 2864 cap.
361 2794 423 2846 19
470 2791 539 2844 de
593 2791 754 2843 Dono
803 2789 1240 2860 perseverantiae
1289 2805 1391 2859 pro
1432 2805 1490 2842 se
1535 2788 1767 2842 adducit

55 2883 429 2937 Ambrosium
477 2885 535 2933 et
576 2877 944 2950 Cyprianum,
999 2894 1066 2931 ex
1115 2876 1323 2947 quibus
1376 2892 1490 2930 non
1541 2877 1764 2930 disertis

56 2972 270 3039 verbis,
306 2971 400 3024 sed
440 2985 542 3040 per
586 2966 966 3021 necessariam
1008 2965 1323 3020 illationem
1374 2981 1535 3018 suam
1585 2965 1762 3036 ipsius
1800 2995 1839 3050 ς

56 3060 408 3116 sententiam
459 3056 695 3128 colligit.
748 3056 947 3127 Igitur,
1002 3054 1193 3125 judice
1245 3053 1585 3125 Augustino,
1659 3070 1764 3108 non

58 3165 201 3219 opus
234 3155 309 3203 est
340 3153 397 3202 ut
428 3162 609 3201 eorum
640 3147 872 3199 Patrum
915 3149 1214 3198 scrutemur
1254 3144 1535 3212 opuscula,
1567 3142 1665 3196 ubi
1697 3143 1764 3197 de

58 3237 320 3310 gratuita
381 3234 885 3307 prredestinatione
956 3231 1277 3286 disseritur.
1350 3232 1418 3284 At
1476 3231 1647 3284 libros
1695 3232 1765 3285 de

60 3325 575 3383 Prasdestinatione
627 3327 954 3376 sanctorum
995 3325 1051 3375 et
1088 3320 1156 3374 de
1196 3321 1356 3374 Dono
1394 3336 1764 3389 perseveran-

55 3420 165 3471 tiae
213 3414 536 3468 Hormisdas
575 3410 1015 3476 commendavit,
1056 3410 1126 3463 ad
1155 3425 1251 3465 eos
1292 3425 1394 3461 nos
1423 3408 1645 3462 remisit
1674 3426 1765 3479 sy-

60 3504 256 3559 nodus
293 3500 675 3556 Sardiniensis
716 3500 973 3553 exsulum
1015 3497 1411 3568 episcoporum
1452 3513 1516 3549 ex
1557 3496 1762 3559 Africa,

60 3596 329 3649 Clemens
360 3592 533 3643 etiam
572 3588 690 3642 VIII
731 3587 1073 3641 sententiam
1115 3587 1335 3641 Molinae
1367 3586 1435 3640 de
1473 3584 1769 3654 praedesti-

57 3682 300 3736 natione
347 3679 508 3749 juxta
566 3676 744 3730 sancti
792 3676 1036 3729 doctoris
1081 3675 1290 3745 dogma
1329 3673 1765 3728 examinandam

52 3769 238 3841 jussit
270 3783 281 3833 ;
317 3784 433 3820 non
472 3765 649 3837 igitur
698 3781 764 3818 ea
800 3764 859 3817 in
899 3763 1212 3834 quaestione
1245 3767 1466 3817 tantum
1498 3763 1765 3833 Augusti-

60 3876 179 3915 nus
219 3856 418 3910 tribuit
456 3855 582 3909 aliis
613 3852 895 3919 Patribus,
938 3856 1219 3923 quantum
1249 3849 1358 3920 ipsi
1389 3849 1633 3902 Ecclesia
1666 3848 1764 3903 de-

60 3948 219 4002 tulit.

144 4035 242 4089 His
303 4033 533 4087 tandem
594 4036 882 4104 postremo
958 4028 1175 4099 impetu
1234 4030 1428 4081 contra
1484 4025 1765 4079 librorum

62 4122 251 4178 sancti
297 4121 604 4192 Augustini
655 4116 1125 4190 approbationem
1165 4116 1317 4170 idem
1363 4117 1619 4168 Annatus
1666 4114 1766 4167 de-

60 4217 265 4277 certat,
302 4228 433 4282 pag.
468 4214 562 4265 9ll
609 4208 958 4263 contendens
996 4224 1008 4261 :
1045 4224 1072 4257 «
1114 4205 1388 4260 Omnibus
1416 4202 1527 4257 illis
1559 4218 1764 4273 appro-

1874 1810 2125 1864 mirabili
2164 1811 2262 1864 illa
2282 1811 2521 1881 epistola
2560 1812 2761 1866 Leonis
2792 1813 2977 1882 Magni
3008 1815 3077 1868 ad
3126 1815 3478 1884 Flavianum,
3514 1821 3575 1870 ut

1874 1898 1920 1951 si
1951 1899 2080 1969 quis
2122 1898 2280 1953 illam
2331 1916 2443 1954 non
2474 1900 2801 1955 admitteret
2864 1918 3043 1972 usque
3093 1903 3161 1957 ad
3206 1919 3386 1957 unum
3434 1902 3569 1968 iota,

1876 1988 2177 2042 anathema
2205 1988 2403 2042 esset?
2436 2011 2456 2036 ι
2502 1990 2710 2043 Verum
2758 1990 2887 2061 quis
2937 2007 3052 2044 non
3105 1991 3292 2046 videat
3338 1990 3573 2061 eximias

1873 2076 1998 2129 illas
2027 2077 2096 2131 de
2129 2077 2332 2131 Leonis
2359 2077 2560 2131 litteris
2616 2078 2812 2131 laudes
2856 2079 2916 2132 in
2968 2080 3355 2150 Augustinum
3401 2080 3572 2149 plene

1875 2164 2150 2219 devolvi?
2181 2165 2475 2219 Celebrem
2507 2166 2662 2219 illam
2698 2167 2899 2220 Leonis
2931 2168 3229 2237 epistolam
3269 2169 3338 2222 ad
3362 2167 3571 2221 Flavia-

1873 2271 2014 2308 num
2047 2271 2076 2307 a
2107 2259 2299 2307 sancto
2334 2256 2614 2323 Prospero
2648 2256 2953 2325 Augustini
2979 2257 3256 2326 discipulo
3288 2256 3569 2326 composi-

1873 2349 1991 2397 tam
2046 2342 2219 2396 fuisse
2272 2348 2538 2397 constans
2584 2360 2700 2397 non
2752 2345 2924 2397 modo
2980 2345 3330 2412 Latinorum,
3372 2362 3569 2399 verum

1875 2433 2046 2487 etiam
2088 2433 2417 2487 Graecorum
2472 2432 2669 2503 opinio
2729 2439 2833 2487 est.
2884 2436 3159 2489 Baronius
3208 2436 3471 2490 audiatur
3515 2437 3572 2488 in

1875 2522 2023 2576 notis
2083 2522 2494 2593 Martyrologii,
2530 2523 2600 2577 ad
2653 2523 2800 2576 diem
2850 2526 2916 2578 25
2946 2524 3122 2591 Junii,
3156 2526 3252 2578 ubi
3282 2526 3349 2578 de
3408 2526 3573 2578 Pros-

1874 2625 2008 2678 pero
2068 2610 2148 2663 ait
2188 2626 2201 2663 :
2238 2629 2264 2661 «
2309 2612 2431 2664 Ado
2495 2611 2828 2664 Viennensis
2885 2617 2940 2665 et
2994 2613 3087 2665 alii
3141 2613 3370 2667 tradunt
3423 2614 3575 2665 hunc

1873 2698 2045 2751 fuisse
2101 2698 2171 2751 ab
2220 2699 2477 2769 epistolis
2532 2705 2725 2753 sancto
2780 2701 2949 2752 Leoni
3008 2717 3189 2770 papae,
3262 2702 3331 2755 ab
3391 2717 3570 2770 eoque

1874 2787 2082 2855 scripta
2106 2787 2289 2841 fertur
2309 2787 2691 2840 famosissima
2723 2788 2818 2839 illa
2857 2788 3096 2856 epistola
3141 2790 3319 2842 sancti
3372 2789 3572 2842 Leonis

1872 2875 1943 2928 ad
1977 2875 2303 2928 Flavianum
2332 2876 2401 2928 de
2432 2875 2826 2928 Incarnatione
2860 2876 3048 2941 Verbi,
3078 2878 3228 2946 quod
3276 2893 3392 2930 non
3444 2883 3569 2931 tan-

1874 2967 1991 3016 tum
2024 2963 2371 3032 Gennadius,
2414 2964 2697 3017 Honorius
2747 2969 2802 3017 et
2842 2965 2937 3017 alii
2987 2966 3335 3030 Latinorum,
3380 2966 3475 3020 sed
3516 2972 3573 3020 et

1873 3054 2227 3107 Marcellinus
2266 3069 2453 3106 comes
2498 3057 2739 3107 testatur
2787 3053 2847 3106 in
2896 3054 3175 3108 Chronico
3223 3056 3326 3109 sub
3370 3072 3572 3109 consu-

1873 3142 1988 3195 latu
2021 3141 2233 3213 Olybrii
2271 3146 2326 3195 et
2355 3141 2590 3196 Rustici.
2630 3162 2654 3191 λυ
2686 3142 2786 3195 Hic
2816 3147 2899 3196 est
2945 3143 3039 3196 ille
3087 3145 3349 3213 Prosper,
3396 3162 3568 3214 quem

1872 3234 2124 3287 Annatus
2154 3231 2274 3300 ipse
2309 3230 2404 3283 lib.
2440 3247 2498 3297 ιι,
2531 3246 2653 3300 cap.
2691 3234 2741 3292 5,
2777 3229 2804 3299 ξ
2834 3234 2887 3295 2,
2938 3246 3075 3301 pag.
3134 3236 3251 3299 179,
3294 3254 3315 3279 ι
3357 3234 3568 3287 Prima-

1871 3320 2022 3374 rium
2055 3336 2117 3373 ac
2149 3318 2473 3389 proximum
2519 3318 2823 3390 Augustini
2871 3318 3233 3389 discipulum,
3284 3321 3383 3391 qui
3420 3324 3569 3375 visus

1874 3414 1956 3464 est
1986 3408 2137 3461 illius
2167 3413 2222 3461 et
2251 3425 2410 3461 arma
2436 3413 2490 3461 et
2514 3408 2663 3461 vices
2694 3407 2931 3479 gessisse
2957 3409 3025 3462 ad
3075 3410 3343 3463 tuendam
3393 3427 3566 3481 quam

1872 3496 2047 3550 veluti
2078 3496 2332 3565 deposito
2357 3500 2651 3566 acceperat
2680 3496 2803 3566 ejus
2834 3497 3168 3553 doctrinam.
3208 3520 3228 3548 ι
3273 3499 3407 3563 Quis
3436 3517 3566 3554 vero

1873 3590 2044 3655 neget
2087 3585 2300 3639 delatas
2349 3585 2630 3655 discipulo
2682 3586 2876 3639 laudes
2924 3586 2985 3639 in
3032 3587 3369 3656 magistrum
3421 3590 3567 3643 deri-

1872 3691 2003 3729 vare
2031 3676 2060 3729 ?
2090 3674 2368 3737 Profecto,
2398 3675 2443 3727 si
2474 3680 2699 3727 sanctus
2740 3675 2993 3729 Gelasius
3021 3676 3221 3729 Leonis
3270 3678 3565 3746 epistolam

1872 3780 2053 3835 usque
2078 3764 2146 3817 ad
2178 3763 2485 3816 minimum
2515 3764 2631 3817 iota
2660 3764 3048 3833 recipiendam
3078 3765 3240 3829 dixit,
3274 3766 3423 3818 idem
3466 3784 3569 3821 nec

1873 3869 2052 3906 unum
2079 3851 2195 3904 iota
2235 3852 2669 3920 Augustinianaz
2722 3852 2995 3905 doctrina:
3038 3852 3393 3922 improbavit,
3428 3856 3567 3922 imo,

1871 3946 1937 3994 ut
1967 3956 2119 4010 saepe
2150 3940 2208 3993 in
2240 3940 2442 3992 faciem
2479 3940 2890 3993 recentioribus
2933 3939 3147 3993 illisum
3178 3945 3280 4005 est,
3317 3943 3404 3994 vel
3457 3943 3567 3995 illae

1872 4028 2172 4097 Augustini
2198 4028 2516 4088 sententim,
2550 4044 2676 4096 qum
2709 4028 2865 4081 falsae
2896 4044 2993 4080 seu
3026 4028 3183 4081 durae
3224 4029 3336 4082 illis
3385 4029 3570 4085 viden.

1872 4118 1986 4181 tur,
2020 4115 2089 4168 ab
2120 4130 2185 4167 eo
2217 4116 2481 4184 pontiﬁce
2514 4115 2771 4169 Ecclesia:
2806 4116 3099 4168 inculcatas
3151 4120 3303 4185 sunt,
3354 4116 3452 4186 qui
3500 4134 3567 4171 ex

1871 4203 2117 4274 Vasquio
2149 4204 2257 4257 fuit
2280 4219 2381 4273 per
2411 4207 2591 4258 omnia
2618 4206 3078 4269 Augustinianus.

58 4301 393 4357 bationibus
432 4316 572 4370 quas
610 4298 927 4352 obtendunt
965 4292 1521 4366 Nov-Augustiniani,
1565 4291 1765 4346 doctri-
1805 4285 1846 4338 D
1949 4292 2143 4357 Quatit
2210 4309 2407 4346 rursus
2478 4293 2751 4347 Moraines
2827 4292 3039 4347 ibidem
3095 4294 3569 4366 Augustinianam

60 4407 205 4447 nam
231 4388 531 4459 Augustini
552 4387 867 4441 universim
890 4384 1216 4456 approbari,
1241 4384 1457 4437 nullam
1482 4398 1611 4435 vero
1643 4397 1765 4435 esse

62 4497 201 4553 quae
236 4479 394 4532 cadat
431 4477 491 4530 in
531 4475 729 4530 omnia
769 4480 826 4529 et
873 4474 1099 4545 singula
1143 4473 1263 4543 ejus
1301 4472 1535 4542 placita.
1584 4490 1612 4523 »
1655 4471 1764 4525 Re-

62 4574 284 4625 coctam
328 4565 945 4636 Semi-Pelagianorum
991 4562 1278 4616 crambem
1326 4559 1596 4629 reponit:
1649 4564 1764 4612 ete-

61 4658 192 4713 nim
225 4672 350 4710 cum
385 4659 611 4708 sanctus
652 4652 986 4707 Coelestinus
1026 4651 1198 4705 libros
1245 4648 1425 4703 sancti
1466 4646 1767 4718 Augustini

58 4746 379 4813 laudasset,
411 4744 494 4797 illi
524 4758 650 4796 eam
683 4740 1237 4795 commendationem
1270 4736 1570 4807 Augustini
1611 4735 1768 4789 libris

57 4833 379 4891 universim
428 4837 652 4886 tantum
695 4830 966 4884 traditam
1013 4829 1297 4895 dicebant,
1347 4844 1519 4899 quam
1574 4832 1768 4880 tamen

54 4924 374 4998 prioribus,
408 4938 523 4975 non
557 4920 694 4974 item
735 4917 1040 4989 postremis
1078 4918 1332 4989 ejusdem
1382 4916 1768 4971 voluminibus

58 5016 315 5071 delatam
390 5026 510 5065 esse
565 5008 1005 5071 contendebant,
1076 5012 1273 5061 contra
1331 5023 1474 5077 quos
1545 5010 1770 5059 sanctus

57 5108 314 5170 Prosper
342 5097 570 5170 egregie
600 5098 659 5151 in
688 5097 803 5151 ﬁne
834 5095 965 5150 libri
995 5100 1189 5150 contra
1229 5095 1592 5157 Collatorem,
1641 5111 1761 5163 cap.

55 5194 156 5257 42,
192 5191 313 5242 hazc
342 5188 535 5241 scribit
562 5204 574 5241 :
612 5208 634 5236 ι
660 5188 985 5257 Agnoscant
1015 5183 1452 5238 calumniatores
1478 5183 1768 5251 superfluo

55 5297 122 5334 se
156 5278 401 5349 objicere
423 5276 573 5347 quod
624 5274 713 5329 his
756 5274 915 5328 libris
962 5289 1079 5327 non
1128 5272 1367 5343 speciale
1416 5287 1601 5341 neque
1657 5271 1771 5324 dis-

58 5374 289 5424 cretum
318 5364 714 5420 testimonium
743 5364 813 5418 sit
839 5362 1212 5435 perhibitum,
1246 5376 1490 5432 quorum
1522 5360 1580 5413 in
1609 5375 1774 5413 cunc-

56 5459 139 5513 tis
212 5454 596 5510 voluminibus
666 5469 869 5507 norma
910 5451 1214 5519 laudatur;
1264 5449 1570 5522 apostolica
1617 5447 1773 5503 enim

60 5548 250 5614 sedes,
296 5543 447 5617 quod
497 5559 531 5597 a
574 5541 938 5613 pramognitis
987 5540 1097 5595 sibi
1142 5556 1259 5595 non
1311 5539 1591 5609 discrepat
1640 5555 1769 5593 cum

338 5650 616 5715 PATROL.
669 5649 909 5716 XLVII.

1871 4381 2270 4436 auctoritatem
2343 4382 2558 4452 duplici
2635 4382 2811 4436 ariete
2902 4382 3243 4437 Alexandria
3297 4384 3563 4439 advecto:

1875 4488 1903 4522 α
1943 4470 2079 4535 Quis
2124 4487 2401 4541 unquam,
2437 4471 2532 4531 ait,
2581 4471 2779 4525 habuit
2818 4471 3013 4541 Cyrilli
3066 4473 3433 4528 Alexandrini
3475 4492 3571 4528 au-

1872 4558 2186 4611 ctoritatem
2219 4557 2279 4610 in
2323 4557 2619 4611 scribendo
2649 4574 2763 4611 non
2803 4562 3029 4612 tantum
3074 4559 3135 4614 in
3172 4562 3385 4632 synodo
3434 4579 3569 4632 pro-

1872 4646 2100 4700 vinciali
2126 4652 2225 4699 aut
2248 4646 2545 4711 nationali,
2576 4646 2671 4699 sed
2710 4646 2769 4699 in
2811 4647 3049 4701 concilio
3093 4651 3345 4720 generali
3393 4652 3570 4720 Ephe-

1875 4734 2019 4803 sino,
2050 4740 2112 4788 ut
2139 4736 2256 4803 ipse
2288 4751 2389 4805 per
2421 4751 2479 4788 se
2510 4734 2778 4789 scriberet
2805 4738 3339 4807 Anathematismos,
3372 4746 3572 4793 contra

1876 4840 2020 4895 quos
2049 4823 2258 4876 sentire
2294 4840 2358 4876 ac
2406 4823 2650 4878 scribere
2698 4823 2852 4878 idem
2899 4842 3076 4895 prope
3129 4832 3455 4881 censeretur
3506 4844 3569 4881 ac

1875 4913 2011 4967 ﬁdei
2038 4912 2324 4982 refragare
2344 4913 2372 4964 ?
2401 4912 2611 4967 Audire
2644 4913 2787 4967 mihi
2818 4914 3015 4969 videor
3043 4916 3218 4969 alium
3250 4915 3348 4985 qui
3383 4916 3563 4971 dicat:

1877 5001 2022 5066 Quid
2051 5018 2187 5070 ergo
2207 5002 2234 5054 ‘?
2264 5002 2605 5055 Athanasius
2626 5003 2799 5057 etiam
2826 5002 2922 5056 ille
2951 5021 3194 5074 magnus
3215 5005 3394 5057 eritne
3419 5021 3567 5059 unus

1879 5091 1948 5145 de
1981 5106 2223 5143 numero
2256 5089 2505 5143 filiorum
2548 5095 2603 5145 et
2645 5092 3054 5163 discipulorum
3102 5092 3419 5161 Augustini,
3468 5095 3568 5164 qui

1877 5179 2084 5234 dicitur
2113 5178 2235 5232 sine
2267 5180 2594 5249 exceptione
2639 5182 2804 5234 Pater
2842 5183 3090 5247 Patrum,
3138 5180 3335 5239 doctor
3372 5182 3568 5238 docto-

1878 5285 2030 5338 rum,
2062 5274 2295 5321 ezeteros
2325 5284 2523 5321 omnes
2555 5268 2732 5322 instar
2768 5268 2938 5339 primi
2965 5269 3153 5338 angeli
3184 5285 3284 5323 sua
3307 5270 3427 5324 luce
3462 5274 3572 5327 col-

1878 5358 2127 5412 lustrans
2149 5355 2177 5409 ?
2208 5376 2234 5409 »
2259 5357 2405 5411 Sane
2436 5358 2638 5429 ingens
2666 5358 2961 5411 turbarum
3001 5358 3161 5428 origo
3204 5375 3345 5429 quas
3389 5362 3575 5432 Ephe-

1886 5447 2010 5502 sina
2040 5445 2287 5518 synodus
2331 5446 2402 5501 ab
2452 5448 2665 5501 Joanne
2710 5446 3022 5501 Antiochia:
3066 5448 3351 5520 episc0po,
3399 5452 3579 5507 Theo.

1881 5536 2077 5592 doreto
2110 5540 2165 5590 et
2193 5534 2423 5606 collegis
2457 5534 2756 5606 episcopis,
2788 5539 2959 5607 atque
2988 5536 3059 5591 ab
3088 5536 3213 5608 ipso
3232 5538 3576 5611 imperatore

3227 5651 3309 5709 26
