3908 6180
371 195 469 246 3“
1386 185 1939 242 SUPPLEMENTUM
1979 186 2069 240 AD
2105 185 2336 242 OPERA
2377 187 2432 242 S.
2475 187 2863 242 AUGUSTINI.
3712 204 3786 260 812

370 312 686 370 Theodosio
718 327 884 383 passa
917 314 1019 375 est,
1063 309 1197 362 inde
1244 307 1354 362 fuit
1386 309 1540 378 quod
1591 308 1905 362 Orientales
1955 308 2070 380 epi—
2105 314 2149 364 A
2177 324 2320 362 num
2348 309 2612 364 doctorem
2641 309 2936 378 doctorum,
2966 311 3156 382 palam
3197 312 3437 368 Patribus
3485 323 3774 381 contradicit,

373 403 530 473 scopi
556 401 763 473 privati
782 399 1034 455 hominis
1062 397 1402 450 auctoritate
1445 400 1687 451 statutos
1729 397 2070 451 Auathema-
2183 397 2382 451 Doceri
2403 414 2462 452 se
2488 399 2557 453 ab
2589 399 2908 469 Augustino
2940 399 3123 453 voluit
3150 400 3478 472 Bonifacius;
3520 413 3781 476 magistrum

372 491 572 546 tismos
592 489 944 546 subscribere
975 486 1334 547 recusabant,
1383 501 1558 556 quam
1607 489 1802 539 tamen
1851 489 2072 539 senten-
2177 491 2421 541 nostrum
2451 489 2833 558 Augustinum
2866 489 3213 558 nuncupavit
3236 497 3444 545 sanctus
3485 495 3782 568 Calestinus;

371 579 513 634 tiam
542 582 742 650 postea
765 577 1097 646 deposuere.
1131 574 1238 629 Sed
1268 574 1336 628 de
1366 573 1686 646 Augustino
1738 575 2066 644 loquamur.
2181 575 2245 628 ad
2277 575 2664 645 Augustinum
2692 575 3006 631 Orientales
3020 575 3239 631 remisit
3260 584 3468 634 sanctus
3486 583 3788 642 Hormisdas:

372 669 472 723 Hic
501 668 574 722 ob
602 665 940 737 sapientiam
971 663 1364 718 Africanorum
1396 663 1770 718 conciliorum
1794 665 2070 731 ingenium
2178 679 2233 718 et
2263 679 2399 718 sane
2430 680 2594 718 suum
2625 663 2914 719 doctorem
2941 664 3182 719 Ecclesia
3203 667 3445 722 Romana
3462 671 3787 742 Augustinum

372 757 688 827 appellatus
716 753 839 806 fuit.
873 752 1032 806 ldem
1061 752 1324 806 universa
1356 754 1478 806 acta
1507 751 1735 806 concilii
1767 751 2065 818 Numidia,
2179 752 2446 823 appellat.
2509 753 2776 808 Sanctum
2839 755 3117 808 Thomam
3183 757 3467 826 Augustini
3527 760 3792 819 doctrinam

368 845 621 914 itemque
667 840 1146 911 Carthagineusis,
1200 841 1291 894 cui
1340 841 1576 912 quidem
1624 856 1742 894 non
1789 840 2066 906 adfuerat,
2178 845 2438 896 secutum
2467 857 2588 896 esse
2618 841 2797 896 tradit
2827 843 3086 897 Urbanus
3115 843 3249 898 Vin
3292 845 3438 899 bulla
3472 847 3534 901 de
3575 850 3791 906 Transla-

369 946 437 986 ex
462 933 696 985 Patrum
726 929 951 983 decreto
985 927 1047 982 in
1095 927 1538 982 commentarios
1585 925 1801 980 retulit.
1849 927 1927 980 De
1971 925 2068 980 illo
2175 929 2330 984 tione
2381 931 2560 984 sancti
2597 931 2848 985 Thema.
2897 932 2973 986 De
3026 931 3192 987 Scoto
3237 933 3353 988 hac
3402 935 3597 991 habent
3644 940 3794 994 Patres

367 1019 563 1073 scribit
589 1021 833 1089 Prosper
861 1017 923 1071 in
950 1017 1065 1071 ﬁne
1095 1016 1228 1070 libri
1254 1020 1454 1069 contra
1502 1016 1860 1081 Collatorem,
1911 1015 2068 1084 quod
2176 1016 2412 1087 Hispani
2444 1017 2742 1080 Minorita,
2770 1017 2830 1071 in
2860 1018 3052 1073 libello
3093 1020 3333 1091 supplici
3375 1023 3517 1092 apud
3557 1025 3751 1080 Petrum
3770 1045 3794 1082 a

367 1107 684 1162 Bonifacius
720 1123 889 1178 papa,
925 1124 953 1156 «
1004 1121 1137 1159 eum
1176 1108 1323 1160 esset
1370 1103 1750 1170 doctissimus,
1799 1104 2066 1157 adversus
2175 1105 2410 1176 Campo,
2456 1110 2613 1160 tomo
2643 1105 2831 1177 primo
2863 1106 3127 1162 Historia
3153 1110 3388 1178 August.
3411 1150 3424 1174 ,
3464 1110 3555 1166 lib.
3597 1128 3666 1174 In.
3699 1130 3794 1185 cap.

364 1197 540 1251 libros
600 1201 794 1250 tamen
834 1194 1280 1265 Pelagianorum
1321 1195 1380 1248 B.
1449 1191 1757 1262 Augustini
1813 1191 2066 1262 episcopi
2175 1194 2242 1247 30
2278 1209 2291 1246 :
2325 1213 2351 1242 α
2385 1192 2542 1247 Adeo
2573 1193 3010 1263 Augustiniana
3048 1195 3317 1250 doctrina
3356 1197 3594 1252 addictus
3622 1199 3727 1262 fuit,
3753 1208 3799 1255 ut

365 1302 638 1357 responsa
684 1285 970 1355 poscebat.
1016 1304 1046 1333 »
1110 1281 1412 1352 Augustini
1469 1281 1765 1335 sententia
1820 1297 2064 1335 canones
2171 1279 2233 1334 in
2287 1281 2422 1335 solis
2481 1281 2822 1352 theologicis
2875 1284 3302 1337 commentariis
3368 1285 3706 1355 octingenties
3754 1307 3799 1342 ac

363 1375 565 1446 synodi
584 1374 947 1429 Arausicana
977 1388 1041 1426 ac
1064 1373 1457 1426 Romanorum
1479 1369 1821 1440 pontiﬁcum
1839 1369 2065 1424 decreta
2177 1368 2508 1438 quindecies
2538 1374 2798 1424 sanctum
2822 1370 3206 1442 Augustinum
3239 1370 3300 1424 in
3335 1388 3556 1427 suarum
3591 1374 3800 1428 assertio-

364 1480 625 1530 evasere;
665 1463 734 1516 de
789 1478 903 1533 qua
955 1477 1017 1516 re
1077 1459 1396 1531 Decampsii
1439 1459 1668 1514 Jesuita
1717 1459 1888 1513 verba
1939 1458 2062 1512 red-
2173 1472 2313 1511 num
2345 1461 2550 1512 testem
2576 1458 2908 1528 protulerit,
2941 1459 3104 1513 enixe
3134 1475 3254 1530 pra
3287 1460 3497 1513 cateris
3533 1461 3800 1516 doctoribus

365 1554 494 1608 dam
528 1569 540 1607 :
570 1570 598 1604 ‹‹
631 1553 776 1618 Fuit,
815 1550 1022 1621 inquit,
1085 1549 1438 1621 Augustinus
1485 1547 1910 1619 quodammodo
1961 1547 2060 1599 Ec-
2089 1604 2131 1621 ἢ
2170 1549 2430 1616 satagens
2477 1546 2632 1600 illius
2704 1551 2960 1602 mentem
3017 1547 3280 1604 intimius
3321 1553 3626 1619 penetrare,
3658 1572 3677 1598 ι
3719 1556 3798 1605 etc.

362 1643 546 1696 clesia
575 1644 909 1712 pracentor,
941 1655 1071 1692 cum
1102 1637 1376 1693 Romanis
1423 1635 1789 1706 pontiﬁcibus
1831 1639 1889 1689 et
1929 1650 2060 1688 con~
2089 1604 2133 1658 Β
2173 1635 2352 1704 Neget
2397 1635 2575 1705 igitur
2625 1635 2904 1690 Moraines
2953 1636 3204 1702 Scotum,
3263 1642 3515 1692 sanctum
3573 1638 3798 1692 Thomam

360 1732 503 1785 ciliis
532 1747 630 1784 ore
662 1729 907 1800 praivit,
940 1727 1093 1800 quod
1124 1727 1192 1781 de
1224 1725 1632 1796 superbissima
1669 1723 1876 1778 haresi
1913 1723 2062 1794 judi-
2167 1723 2366 1791 totque
2397 1722 2670 1775 Romana
2702 1721 2960 1776 Ecclesia
2990 1722 3287 1793 pontiﬁces
3329 1725 3505 1778 sancti
3548 1726 3800 1796 Augustini

360 1824 577 1874 carunt.
623 1820 747 1873 Fuit
785 1818 985 1888 lingua
1032 1815 1311 1882 Ecclesia,
1363 1830 1494 1868 cum
1543 1814 1667 1884 ejus
1719 1811 1907 1867 verbis
1961 1811 2060 1865 de-
2169 1809 2476 1880 discipulos
2506 1810 2679 1865 fuisse
2710 1810 2989 1878 doctores,
3031 1827 3104 1866 ne
3149 1813 3501 1882 Augustinus
3535 1813 3636 1867 dici
3663 1813 3802 1884 possit

359 1916 508 1963 creta
537 1912 811 1978 concepta
841 1910 993 1974 sunt,
1023 1910 1079 1959 et
1107 1921 1236 1976 qua
1275 1903 1434 1974 prius
1484 1901 1712 1956 fuerant
1756 1900 2059 1971 Augustini
2168 1897 2352 1952 doctor
2398 1899 2692 1955 doctorum.
2737 1900 2907 1955 Video
2948 1905 3143 1954 tamen
3186 1901 3378 1972 ipsum
3423 1918 3535 1956 non
3577 1903 3683 1972 pati
3717 1904 3803 1956 sine

353 2014 538 2066 voces,
587 1997 830 2068 Spiritus
877 1994 1057 2049 sancti
1109 1994 1339 2048 oracula
1379 2008 1500 2046 esse
1552 1993 1866 2060 caperunt.
1935 1988 2062 2044 Fuit
2166 1990 2472 2057 exceptione
2495 1986 2878 2058 Augustinum
2909 1987 3020 2043 dici
3055 1988 3351 2043 doctorem
3372 1989 3666 2044 doctorum.
3687 1990 3801 2044 Scias

356 2087 450 2140 ille
482 2086 858 2139 conciliorum
890 2084 1004 2137 dux
1032 2085 1202 2152 atque
1232 2080 1551 2152 ingenium,
1597 2095 1728 2133 cum
1772 2077 1841 2131 iis
1887 2077 2059 2132 ratio-
2169 2074 2365 2147 itaque
2407 2082 2668 2131 sanctum
2713 2077 3097 2146 Augustinum
3142 2077 3204 2131 in
3263 2077 3717 2147 disputationibus
3753 2078 3802 2132 de

356 2191 457 2228 nes
487 2178 542 2227 et
586 2175 926 2243 argumenta
968 2169 1440 2236 subministravit,
1488 2167 1695 2237 quibus
1761 2165 2058 2236 Pelagium
2165 2164 2390 2218 auxiliis
2459 2165 2658 2236 gratia
2718 2181 2838 2218 esse
2882 2165 3172 2220 doctorem
3218 2166 3534 2233 doctorum,
3582 2166 3668 2220 sed
3719 2183 3804 2220 non

357 2263 591 2332 ejusque
620 2260 924 2330 complices
950 2259 1264 2328 fregerunt,
1295 2277 1320 2307 »
1354 2262 1458 2310 etc.
1495 2255 1590 2309 His
1620 2256 1854 2325 collega
1892 2255 2056 2309 dictis
2167 2253 2430 2307 omnium
2464 2270 2616 2307 :non
2661 2254 2894 2324 quidem
2943 2271 3143 2309 eorum
3189 2255 3291 2326 qui
3334 2255 3520 2326 ipsum
3565 2271 3806 2326 praeesse

357 2349 403 2403 si
434 2349 630 2416 credis,
660 2350 782 2419 jam
821 2347 1200 2418 Augustinum
1249 2344 1455 2416 Cyrillo
1501 2360 1699 2414 parem
1753 2343 2052 2414 conspicis.
2166 2345 2321 2409 runt,
2349 2358 2536 2413 neque
2567 2343 2722 2396 enim
2753 2343 2938 2413 potuit
2983 2343 3110 2397 illos
3152 2344 3382 2411 docere,
3433 2360 3612 2416 neque
3654 2349 3804 2414 poste-

354 2438 702 2492 Theodosius
743 2453 875 2490 sane
918 2435 1231 2505 imperator
1284 2449 1484 2504 parem
1533 2431 1741 2502 Cyrillo
1790 2431 2057 2501 Augusti-
2164 2429 2403 2497 riorum,
2437 2431 2536 2501 qui
2569 2431 2639 2485 ab
2669 2431 2792 2502 ipso
2826 2431 3018 2486 doceri
3039 2433 3374 2500 noluerunt,
3407 2450 3530 2504 qua
3551 2433 3649 2487 fuit
3673 2431 3806 2485 Semi-

353 2543 493 2581 num
527 2525 824 2596 judicavit,
851 2525 988 2578 dum
1021 2524 1094 2577 ad
1119 2528 1431 2592 utrumque
1457 2521 1686 2576 Sacram
1722 2519 2052 2590 (imperato-
2162 2517 2600 2588 Pelagianorum
2632 2519 2911 2574 obdurata
2957 2521 3250 2590 superbia,
3295 2538 3359 2576 ac
3408 2525 3676 2591 concepta
3703 2519 3805 2573 olim

353 2616 430 2669 ris
451 2615 669 2668 litteras
698 2615 777 2668 ita
809 2613 1121 2676 vocabant)
1144 2611 1367 2666 direxit.
1403 2611 1523 2665 Imo
1571 2611 1741 2680 longe
1784 2610 1908 2680 plus
1954 2609 2052 2662 ho-
2163 2607 2450 2677 opinionis
2481 2609 2853 2664 defendenda
2883 2609 3129 2664 effranis
3171 2611 3374 2666 lubido
3408 2627 3421 2678 ;
3457 2615 3511 2664 at
3550 2610 3640 2681 qui
3690 2624 3803 2678 pra-

350 2703 508 2757 noris
555 2702 874 2773 Augustino
916 2700 1252 2754 tributuma
1297 2698 1552 2770 principe
1591 2697 1739 2764 fuit;
1807 2713 1941 2750 nam
1982 2696 2052 2750 ad
2163 2701 2455 2751 cesserunt
2498 2697 2883 2768 Augustinum
2932 2700 3124 2752 Patres
3155 2716 3279 2754 non
3319 2703 3453 2753 sunt
3502 2699 3730 2754 doctores
3765 2696 3807 2748 in

352 2793 625 2863 Cyrillum
675 2790 760 2846 uti
815 2788 1239 2859 metropolitam
1293 2787 1535 2858 scripsit,
1605 2802 1718 2856 quo
1768 2785 2050 2856 synodum
2161 2784 2400 2838 materia
2439 2786 2508 2839 de
2555 2786 2738 2856 gratia
2786 2803 2914 2840 cum
2967 2787 3291 2857 Augustino
3341 2786 3673 2850 conferendi,
3715 2784 3806 2854 qui,

350 2881 662 2951 cogendam
692 2878 970 2949 episcopis
1006 2876 1378 2947 sull'raganeis
1425 2875 1756 2941 intimaret;
1810 2878 1869 2927 at
1917 2888 2048 2927 cum
2079 2895 2117 2950 ο
2156 2877 2297 2927 teste
2326 2875 2644 2944 Augustino
2673 2891 2796 2944 cap.
2859 2877 2922 2928 14
2972 2875 3041 2928 de
3083 2876 3588 2931 Pradestinatione
3631 2878 3809 2928 sancto-

351 2971 419 3025 ad
470 2970 670 3024 Africa
718 2968 1028 3022 Primatem
1071 2965 1577 3034 Carthaginensem
1626 2963 1823 3017 eadem
1874 2963 1943 3016 de
1989 2978 2050 3016 re
2163 2977 2311 3025 rum,
2349 2963 2413 3016 de
2441 2965 2628 3029 gratia
2657 2965 2763 3016 Dei
2792 2963 2926 3033 quid
2950 2966 3230 3033 sentirent,
3269 2966 3500 3020 breviter
3535 2962 3806 3033 quibusdam

352 3058 568 3129 pariter
596 3056 1035 3128 perscripsisset,
1065 3054 1312 3125 privatas
1336 3058 1529 3107 tamen
1560 3053 1629 3106 ad
1667 3049 2051 3120 Augustinum
2159 3053 2486 3119 scriptorum
2515 3068 2734 3106 suorum
2787 3053 2915 3106 locis
2963 3057 3012 3106 et
3052 3058 3402 3109 transeunter
3449 3055 3739 3120 attigerunt.
3765 3050 3809 3103 Et

351 3147 567 3200 litteras
589 3147 759 3213 misit,
793 3144 954 3198 enixe
979 3143 1246 3198 eumdem
1273 3158 1481 3212 rogans
1527 3144 1592 3194 ut
1639 3141 1852 3211 synodo
1893 3139 2049 3194 ades—
2159 3138 2429 3194 ridendus
2459 3141 2554 3194 ille
2584 3145 2729 3194 esset
2759 3141 2878 3211 qui,
2904 3142 3165 3212 sepositis
3198 3143 3509 3213 Augustini
3539 3141 3701 3207 libris,
3725 3138 3808 3191 vel-

353 3239 458 3299 set,
492 3235 559 3288 de
600 3250 712 3304 qua
739 3249 800 3286 re
854 3231 914 3285 in
973 3231 1221 3285 Historia
1269 3228 1577 3299 Pelagiana
1617 3227 1866 3282 diximus
1905 3227 2048 3281 libro
2159 3227 2240 3281 let
2268 3229 2655 3298 quastionum
2676 3229 2745 3283 de
2776 3229 2959 3300 gratia
2989 3230 3338 3284 solutionem
3369 3236 3558 3301 petere
3585 3230 3648 3282 ab
3689 3226 3808 3281 Hila-

350 3323 560 3392 primo,
593 3323 660 3375 ad
691 3337 909 3374 annum
939 3322 1068 3374 431.
1109 3321 1229 3372 lmo
1258 3323 1516 3372 veterum
1548 3316 1889 3386 scriptorum
1937 3315 2046 3370 fide
2158 3317 2242 3370 rio
2269 3317 2356 3369 vel
2401 3317 2746 3384 Athanasio;
2809 3319 2960 3372 unde
2995 3318 3095 3390 qui
3143 3319 3217 3374 de
3257 3319 3454 3374 divina
3499 3318 3670 3390 gratia
3709 3313 3812 3367 scri-

351 3415 570 3464 constat
615 3408 888 3479 Cyrillum
945 3406 1392 3463 Alexandrinum
1442 3405 1622 3475 egisse
1679 3421 1783 3475 per
1828 3405 2046 3458 litteras
2158 3405 2354 3459 bentes
2376 3407 2676 3460 Ecclesiam
2708 3407 3088 3474 illustrarunt,
3117 3425 3327 3463 omnes
3357 3407 3535 3462 sancti
3557 3399 3813 3476 Augustini

349 3515 480 3553 cum
509 3497 846 3559 Theodosio,
880 3501 942 3549 ut
982 3498 1207 3549 sanctus
1255 3494 1604 3564 Augustinus
1649 3493 1719 3547 ad
1765 3493 2045 3563 synodum
2157 3493 2423 3563 discipuli
2461 3495 2641 3562 fuere,
2692 3496 2793 3566 qui
2839 3496 3060 3565 primus
3110 3502 3451 3552 sanctorum
3510 3499 3738 3559 Patrum,
3773 3492 3813 3543 et

349 3588 691 3658 Ephesinam
733 3603 791 3640 se
835 3585 1159 3639 conferret:
1211 3583 1438 3637 videbat
1483 3583 1638 3636 enim
1685 3587 1897 3653 quanto
1937 3581 2046 3636 sibi
2154 3582 2390 3653 quidem
2419 3583 2480 3637 in
2524 3583 2781 3637 doctrina
2819 3588 3057 3658 tantum
3094 3584 3164 3638 de
3217 3585 3408 3657 gratia
3455 3585 3689 3638 scholam
3729 3577 3811 3632 sibi

346 3679 612 3732 adversus
661 3675 1022 3730 Nestorianos
1070 3673 1401 3743 adjumento
1443 3671 1670 3725 futurus
1723 3674 1872 3724 esset
1920 3686 2042 3724 ma-
2152 3670 2303 3733 fecit,
2339 3671 2431 3725 cui
2459 3688 2670 3725 nomen
2701 3672 2908 3726 dedere
2942 3676 3211 3743 Prosper,
3260 3673 3618 3746 Fulgentius,
3652 3673 3813 3725 Petrus

345 3783 492 3837 gnus
521 3765 617 3819 ille
646 3766 758 3820 dux
802 3781 866 3818 ex
912 3761 1197 3817 continuis
1243 3765 1442 3815 contra
1484 3759 1784 3814 hareticos
1829 3759 2042 3829 praliis
2152 3759 2452 3828 Diaconus,
2492 3760 2840 3830 Eugyppius,
2883 3761 3182 3829 Casarius,
3215 3762 3586 3830 Prudentius,
3616 3759 3811 3827 aliique,

343 3854 542 3908 erectis
572 3852 846 3924 trophais
891 3855 1007 3905 toto
1039 3851 1175 3904 orbe
1204 3847 1631 3903 celeberrimus.
1678 3849 1824 3901 Poro
1864 3846 2039 3900 Atha-
2150 3851 2214 3900 ut
2242 3864 2371 3902 vere
2403 3848 2598 3902 doctor
2626 3848 2924 3902 doctorum
2954 3849 3178 3903 dicatur
3205 3851 3586 3921 Augustinus.
3613 3849 3812 3902 Illorum

342 3943 567 3998 nasium
597 3957 872 4012 magnum
911 3941 1074 3993 illum
1103 3937 1224 3992 Arii
1271 3937 1689 4007 antagonistam
1736 3935 2040 4006 Augustini
2147 3951 2282 3989 vero
2328 3935 2713 3990 recentiorum
2754 3936 3052 3991 doctorem
3101 3939 3501 4009 Augustinum
3559 3949 3810 4006 nunquam

341 4032 686 4103 discipulum
707 4029 1045 4099 neutiquam
1076 4027 1336 4092 facimus,
1367 4026 1464 4079 sed
1496 4030 1718 4079 motum
1745 4024 1812 4078 ab
1861 4024 2038 4078 Atha—
2147 4025 2667 4095 pronuntiabimus,
2720 4027 2821 4095 qui
2872 4027 3130 4096 ejusdem
3185 4029 3462 4100 discipuli
3509 4044 3625 4082 esse
3682 4023 3812 4079 dedi-

341 4123 499 4176 nasio
529 4121 797 4175 adversus
826 4118 1066 4171 Arianos
1094 4116 1333 4182 bellum,
1362 4115 1433 4168 ab
1458 4113 1779 4184 Augustino
1796 4112 2036 4166 feliciter
2146 4118 2414 4182 gnantur.
2449 4113 2833 4182 Augustinum
2865 4114 3100 4184 quidem
3134 4117 3362 4187 legunt,
3394 4133 3510 4170 non
3543 4121 3603 4169 ut
3646 4114 3814 4168 ducem

337 4210 572 4264 tandem
603 4207 972 4279 proﬂigatum
1005 4203 1331 4260 asserimus.
1383 4203 1628 4256 Joannes
1673 4200 1868 4254 Rivius
1915 4201 2038 4255 Bel-
2069 4200 2112 4254 (Ι
2145 4201 2308 4256 illum
2340 4201 2606 4268 habeant,
2639 4202 2736 4256 sed
2768 4206 2832 4256 ut
2855 4209 3276 4275 praconcepta
3303 4222 3424 4260 sua
3455 4205 3699 4277 ipsorum
3722 4198 3815 4269 opi-

338 4314 428 4367 ga,
459 4297 559 4351 lib.
591 4313 642 4349 1v
675 4301 744 4350 de
775 4294 900 4348 Vita
929 4292 1107 4348 sancti
1144 4289 1469 4361 Augustini,
1508 4305 1630 4358 cap.
1670 4291 1722 4354 8,
1757 4291 1783 4354 §
1831 4291 1883 4353 6,
1913 4288 2034 4358 plu-
2143 4289 2394 4344 nationis
2423 4294 2758 4344 sectatorem
2801 4291 3086 4346 volentem
3136 4294 3438 4348 nolentem
3483 4293 3704 4357 faciant,
3738 4287 3810 4341 ad-

336 4385 496 4437 ribus
525 4384 696 4438 tradit
722 4399 903 4436 unum
934 4380 1322 4450 Augustinum
1353 4376 1742 4430 Arianismum
1774 4393 1807 4428 a
1835 4376 2034 4430 funda-
2142 4379 2314 4432 motis
2358 4378 2532 4432 etiam
2569 4382 2655 4433 tot
2701 4379 3085 4434 violentarum
3129 4380 3672 4453 interpretationum
3717 4391 3812 4430 ma-

335 4472 546 4526 mentis
576 4471 858 4537 evertisse,
892 4469 1048 4539 quod
1079 4471 1209 4520 ante
1239 4465 1430 4534 ipsum
1479 4465 1619 4519 adeo
1659 4468 1850 4517 exacte
1897 4466 2031 4518 nul-
2141 4467 2348 4522 chinis.
2377 4469 2636 4522 Annatus
2658 4467 2791 4522 totis
2812 4468 2972 4523 libris
3003 4474 3225 4541 septem
3245 4487 3432 4526 unum
3467 4467 3811 4540 Augustinum

334 4561 423 4615 lus
452 4561 687 4614 Patrum
715 4557 999 4629 prastitit.
1029 4557 1093 4609 Et
1124 4570 1258 4608 sane
1288 4558 1487 4607 contra
1516 4553 1755 4606 Arianos
1789 4556 1845 4606 et
1873 4552 2031 4607 libris
2140 4557 2411 4625 appellat,
2445 4556 2704 4611 Morainii
2751 4558 3019 4612 volumen
3069 4557 3281 4613 millies
3339 4557 3638 4631 Augustini
3681 4567 3812 4608 voces

333 4653 390 4704 et
418 4647 588 4703 sacris
619 4643 1131 4701 declamationibus
1162 4659 1226 4697 ex
1257 4641 1512 4713 professo
1557 4645 1785 4695 sanctus
1833 4641 2031 4696 doctor
2136 4643 2324 4697 reddit
2355 4660 2368 4708 ;
2402 4643 2615 4697 istosne
2644 4645 2949 4716 Augustini
2979 4646 3293 4717 discipulos
3326 4648 3574 4702 dixerim
3595 4651 3649 4700 et
3665 4647 3811 4698 secta-

330 4736 633 4802 insudavit,
666 4751 778 4806 qua
806 4734 874 4788 de
905 4749 965 4787 re
996 4730 1284 4786 PoSsidius
1328 4735 1448 4784 toto
1491 4747 1615 4800 cap.
1673 4734 1731 4783 l7
1787 4730 1855 4784 de
1904 4729 2028 4786 Vita
2135 4733 2326 4784 tores?
2357 4731 2544 4787 Videri
2574 4732 2810 4803 quidem
2839 4733 3101 4804 discipuli
3131 4736 3452 4805 Augustini
3481 4736 3689 4799 volunt,
3733 4726 3813 4782 sed

327 4824 653 4896 Augustini.
684 4824 889 4890 Quare,
926 4821 973 4875 si
1004 4823 1340 4891 argumenta
1369 4835 1432 4873 ac
1461 4818 1792 4874 testimonia
1817 4819 2027 4889 quibus
2135 4819 2262 4873 ﬁcte
2294 4819 2406 4874 cito
2440 4820 2501 4873 in
2528 4825 2796 4875 naturam
2843 4837 3005 4876 suam
3057 4823 3330 4878 redeunt.
3368 4824 3514 4878 Hinc
3545 4819 3811 4881 Moraines,

326 4915 446 4970 Arii
477 4919 689 4968 sectam
719 4909 1074 4982 Augustinus
1123 4907 1469 4980 expugnavit
1517 4907 1580 4961 in
1628 4907 2026 4962 consideratio-
2133 4925 2264 4962 cum
2294 4909 2353 4962 in
2401 4909 2738 4980 prafatione
2769 4910 2840 4965 ad
2889 4911 3256 4976 orthodoxos,
3311 4929 3491 4982 quam
3531 4927 3629 4964 suo
3673 4904 3812 4960 Anti-

325 5020 458 5058 nem
493 5002 726 5057 veniant
767 4999 1080 5054 anteriores
1140 4999 1332 5052 Patres
1389 5001 1618 5050 sanctus
1657 4996 1855 5050 doctor
1898 5013 2022 5052 om-
2130 5000 2400 5054 Jansenio
2437 5001 2705 5070 praeﬁxit,
2756 5002 3059 5072 Augustini
3102 5002 3330 5070 laudes,
3365 5020 3439 5057 ne
3471 5019 3538 5056 ea
3567 5002 3624 5055 in
3651 5015 3705 5052 re
3731 4995 3813 5050 ad-

324 5091 487 5145 nium
515 5090 872 5145 eruditorum
896 5085 1116 5157 judicio
1149 5084 1312 5139 facile
1343 5083 1657 5152 superavit.
2129 5089 2381 5143 versario
2411 5090 2612 5144 cedere
2657 5096 3001 5157 censeretur,
3047 5091 3370 5160 recitasset,
3423 5089 3694 5162 paulatim
3733 5099 3812 5154 pa-

395 5181 571 5232 lnstat
615 5195 811 5232 rursus
853 5175 1168 5231 Moraines:
1220 5192 1248 5224 ‹(
1302 5173 1449 5236 Quid
1491 5173 1560 5227 de
1632 5173 1938 5244 Hieronym

2265 5178 2464 5232 rricnm
2488 5179 2550 5232 in
2581 5183 2829 5250 satyram
2859 5180 3047 5247 vertit,
3080 5184 3358 5235 strenuus
3407 5175 3808 5251 Augustiniana

323 5267 516 5320 Eritne
538 5269 711 5320 etiam
742 5266 835 5319 ille
865 5261 1170 5333 Augustini
1203 5260 1515 5330 discipulus
1545 5262 1633 5316 vel
1675 5262 1745 5316 de
1798 5262 2016 5332 angelis
2127 5266 2325 5336 gloria
2361 5267 2705 5336 decurtator,
2742 5269 2844 5339 qui
2891 5268 3057 5323 initio
3108 5268 3352 5339 quidem
3395 5285 3515 5322 non
3547 5265 3812 5332 inelegans

322 5353 685 5409 inferioribus
716 5355 744 5407 ?
775 5373 802 5405 »
834 5352 942 5407 Sed
973 5350 1156 5422 capite
1185 5347 1535 5420 pracedenti
1574 5350 1684 5404 hoc
1729 5350 2014 5421 objectum
2127 5353 2384 5423 ejusdem
2430 5361 2734 5426 promotor
2789 5356 3106 5412 videbatur.
3157 5356 3378 5411 Eadem
3414 5355 3504 5409 via
3550 5353 3809 5409 Annatum

320 5439 714 5499 refutavimus.
745 5441 906 5506 Quod
932 5456 1063 5496 vero
1103 5438 1248 5493 nolit
1276 5436 1554 5493 Moraines
1581 5438 1692 5493 dici
1735 5439 2014 5511 Augusti-
2123 5441 2292 5498 ivisse
2323 5460 2386 5498 ex
2418 5444 2580 5499 dictis
2620 5444 2786 5501 initio
2834 5461 2958 5517 cap.
2997 5448 3028 5500 5
3077 5448 3260 5516 patet.
3315 5444 3452 5511 Quis
3490 5443 3637 5498 enim
3676 5452 3802 5507 pra:-
