3914 6186
50 207 151 258 813

1324 209 1650 264 'VlNDICIIE
1688 209 2241 267 AUGUS’I‘INIANIE.

3448 214 3552 267 814

47 329 340 395 posterum
379 324 632 380 hominis
680 325 982 381 consilium
1034 343 1148 382 non
1177 328 1427 397 irrideat,
1466 332 1733 402 quicum
1772 333 1814 387 A
1852 331 1998 385 lucis
2063 331 2381 402 Augustino
2438 331 2695 399 attribui,
2763 336 2828 386 nt
2888 333 3177 387 universos
3231 335 3559 390 subsecutos

52 415 125 468 ad
150 414 449 484 Augustini
500 414 753 469 tribunal
790 420 1010 485 septem
1038 416 1198 471 libris
1230 435 1360 472 cum
1388 421 1746 475 Jansenianis

53 504 403 574 disputasset,
445 508 616 573 atque
655 504 724 558 ab
782 505 1100 574 Augustino
1144 523 1372 561 causam
1418 509 1525 562 sibi
1563 513 1743 563 totam

58 592 445 663 integramque
477 592 860 661 adjudicatam
898 594 1176 662 gloriatus
1207 600 1372 660 esset,
1425 597 1746 650 exclamans

58 682 119 734 in
157 680 346 735 limine
377 680 475 734 lib.
528 698 646 744 vui,
697 681 837 735 nihil
878 697 988 735 esse
1013 682 1157 750 quod
1185 685 1507 738 ,Ιαπεθηίαηί
1534 689 1746 753 possint

56 770 123 823 ab
148 772 450 837 Augustino
478 784 697 838 sperare
719 772 992 839 praesidii,
1018 788 1151 825 eum
1172 772 1351 842 judici
1381 774 1591 844 gratias
1614 791 1744 844 age-

52 874 132 924 re,
186 859 419 929 ejusque
471 875 607 929 erga
659 875 717 912 se
774 876 1130 930 propensum
1181 862 1411 932 suisque
1462 863 1747 917 faventem

53 948 307 1001 animum
359 948 765 1003 commendare
805 950 1072 1003 eumdem
1124 954 1316 1019 putas,
1374 950 1634 1021 datisque
1677 953 1748 1005 ad

52 1036 263 1091 amicos
295 1036 500 1091 litteris
532 1037 732 1090 laxatis
758 1038 995 1091 habenis
1020 1038 1081 1091 in
1100 1039 1253 1093 illius
1281 1039 1475 1093 laudes
1508 1040 1744 1106 effundi,

51 1116 293 1186 pessime
322 1117 392 1170 ab
422 1115 521 1169 illo
557 1118 941 1187 Augustinum
967 1124 1262 1189 acceptum
1292 1119 1570 1185 videmus,
1611 1136 1746 1174 con-

52 1203 234 1256 ductis
262 1208 459 1258 contra
487 1204 679 1273 ipsum
709 1206 879 1275 longo
908 1206 1106 1261 ordine
1146 1208 1386 1262 testibus
1428 1208 1583 1262 mille
1612 1226 1747 1263 con-

50 1291 209 1345 viciis
236 1293 559 1347 lacessitum
595 1310 606 1347 :
638 1310 754 1348 uno
782 1295 973 1363 verbo,
1005 1312 1068 1349 ex
1092 1296 1285 1366 judice
1317 1313 1479 1351 reum
1510 1298 1744 1352 factum.

50 1381 91 1435 Ο
140 1382 490 1451 gratissimos
520 1383 698 1437 sancti
750 1384 1057 1454 Augustini
1115 1385 1461 1457 discipulos!
1514 1388 1750 1457 Insuper

47 1486 170 1523 non
216 1471 512 1540 patiuntur
565 1471 676 1525 dici
712 1473 1098 1543 Augustinum
1125 1480 1337 1530 caeteros
1367 1491 1543 1530 omnes
1572 1478 1749 1529 instar

40 1562 222 1629 primi
247 1561 426 1625 angeli
453 1575 553 1614 sua
589 1563 701 1615 luce
738 1562 1095 1616 collustrassc.
1134 1562 1352 1619 Scimus
1404 1567 1745 1635 Prosperum

45 1648 193 1701 olim
220 1648 485 1702 cecinisse
512 1665 635 1719 cap.
667 1652 701 1703 2
725 1656 876 1705 cont.
920 1653 1211 1721 Ingratos:

120 1754 478 1829 {auges-(inus
503 1759 645 1819 erat,
674 1773 841 1826 quem
863 1757 1073 1813 Christi
1092 1758 1289 1829 gratia
1317 1776 1494 1815 cornu

121 1826 398 1879 Ueemone
422 1824 635 1896 rigans,
670 1824 864 1881 nostro
884 1829 1075 1884 lumen
1092 1824 1254 1884 dedit
1273 1847 1383 1887 sevo

120 1898 441 1949 Accensum
469 1913 597 1950 vero
626 1898 695 1951 de
725 1899 958 1954 lumine.

44 2002 288 2056 Sanctus
338 2004 691 2075 Fulgentius,
724 2005 822 2060 lib.
886 2025 921 2060 n
980 2007 1049 2061 de
1094 2007 1336 2061 Veritate
1383 2007 1749 2077 praedestina-

44 2090 228 2143 tionis
257 2094 312 2143 et
330 2091 550 2161 gratia»,
588 2109 710 2162 cap.
752 2095 814 2147 18
849 2109 862 2146 :
900 2114 922 2143 α
955 2095 1343 2165 Augustinum
1373 2095 1529 2164 legat
1566 2094 1751 2147 omnis

45 2178 155 2248 qui
204 2179 440 2232 salutem
503 2185 776 2234 aeternam
818 2181 1056 2252 adipisci
1106 2183 1407 2249 desiderat,
1457 2183 1753 2237 humiliter

44 2283 220 2320 orans
263 2268 666 2322 misericordiae
727 2269 1035 2323 Dominum
1078 2276 1134 2324 et
1184 2272 1449 2325 eumdem
1486 2272 1753 2341 spiritum

45 2355 451 2425 intelligentiae
501 2357 700 2426 legens
749 2357 991 2428 accipiat
1040 2375 1213 2429 quem
1273 2360 1371 2412 ille
1426 2361 1639 2430 accepit
1690 2364 1755 2413 ut

48 2444 344 2505 scriberet,
372 2450 426 2497 et
458 2446 718 2499 eamdem
750 2446 1184 2501 illuminationis
1215 2448 1457 2519 gratiam
1486 2449 1755 2519 adipisca-

44 2538 167 2595 tur,
200 2538 256 2586 ut
287 2533 462 2587 discat
484 2551 657 2604 quam
686 2534 783 2588 ille
812 2535 1049 2605 adeptus
1076 2543 1158 2590 est
1204 2543 1267 2591 ut
1303 2539 1548 2592 doceret.
1585 2558 1611 2587 »
1647 2538 1752 2591 Sed

49 2638 161 2675 cur
188 2638 305 2675 non
350 2624 614 2677 audiatur
662 2628 887 2677 sanctus
919 2625 1163 2679 Thomas
1214 2626 1629 2692 Villanovanus,
1663 2643 1757 2679 ar-

44 2711 831 2781 chiepiscopus-Valentinus,
865 2730 1022 2767 conc.
1070 2718 1088 2767 1
1143 2714 1211 2768 de
1251 2719 1443 2768 sancto
1489 2714 1756 2784 Augusti-

46 2814 165 2850 no:
196 2817 223 2848 (ί
257 2800 298 2852 Ο
328 2801 514 2866 Pater,
576 2800 674 2866 ait,
733 2800 1082 2869 amplissime
1117 2802 1452 2872 Augustine,
1509 2801 1607 2872 qui
1637 2818 1753 2855 non

1860 419 2112 473 doctores
2144 420 2418 473 irradiare
2456 420 2726 489 potuerit,
2764 425 2819 474 et
2871 426 3293 477 antecessorum
3326 414 3559 478 Patrum

1856 508 2151 561 sententiis
2178 508 2246 561 de
2279 508 2471 561 divina
2508 509 2693 578 gratia
2718 510 2993 579 plenioris
3022 528 3086 565 ac
3136 510 3421 566 solidioris
3459 513 3559 566 do-

1854 596 2054 649 ctrina:
2104 596 2301 649 lumen
2340 596 2562 650 afferre.

1924 685 2032 739 Sed
2062 687 2319 737 Annatus
2350 686 2584 738 collecto
2617 684 2820 754 spiritu
2852 687 3060 741 iterum
3109 692 3305 742 contra
3333 691 3555 758 Augus-

1852 772 2041 827 tinum
2094 772 2403 839 invehitur,
2476 776 2646 844 atque
2722 775 2983 828 Morainii
3060 777 3290 846 collegae
3347 777 3558 830 factum

1854 862 2175 928 aemulatus,
2213 860 2589 915 domesticum
2616 866 2812 915 contra
2862 869 3122 918 sanctum
3172 866 3457 919 doctorem
3490 865 3557 918 li-

1851 949 2022 1003 brum
2052 950 2122 1003 ab
2149 949 2461 1020 apostolica
2493 950 2625 1004 sede
2673 954 3000 1019 empressiori
3028 958 3191 1021 atque
3238 955 3554 1021 efﬁcacia-ri,

1855 1054 2027 1108 quam
2051 1038 2289 1108 quodvis
2311 1038 2615 1107 Augustini
2634 1039 2921 1104 volumen,
2957 1040 3370 1110 approbatione
3397 1056 3556 1093 com-

1854 1126 2143 1180 munitum
2175 1127 2431 1197 opponit.
2466 1126 2785 1181 Adversarii
2833 1128 3001 1181 verba
3047 1133 3181 1181 sunt
3213 1145 3224 1182 :
3258 1147 3286 1179 «
3344 1128 3556 1198 Objici-

1854 1230 1983 1268 mus
2013 1220 2230 1283 octavo,
2264 1214 2533 1269 omnibus
2581 1215 2694 1267 illis
2729 1215 3235 1285 approbationibus
3267 1232 3406 1286 quas
3452 1217 3559 1271 ob-

1855 1303 2101 1357 tendunt
2127 1303 2704 1374 Nov-Augustiniani,
2741 1304 3051 1357 doctrinam
3094 1305 3401 1374 Augustini
3430 1305 3557 1359 uni-

1855 1392 2064 1445 versim
2113 1392 2443 1463 approbari,
2476 1393 2695 1446 nullam
2730 1410 2861 1445 vero
2919 1409 3039 1445 esse
3088 1409 3217 1462 quae
3283 1393 3445 1447 cadat
3500 1394 3559 1447 in

1857 1481 2051 1533 omnia
2081 1487 2138 1535 et
2173 1481 2395 1551 singula
2428 1482 2550 1550 ejus
2609 1480 2853 1550 placita;
2907 1480 3063 1549 quod
3103 1482 3150 1532 si
3194 1480 3395 1549 aliqua.
3432 1478 3562 1532 talis

1857 1572 2021 1633 esset,
2055 1584 2171 1622 non
2223 1570 2540 1638 negabunt,
2601 1568 2826 1637 opinor,
2891 1568 3301 1637 expressiorem
3352 1569 3474 1621 fore
3505 1571 3563 1621 et

1859 1656 2232 1712 efﬁcaciorem
2264 1657 2325 1709 in
2379 1656 2645 1710 omnibus
2702 1656 3095 1709 consentiendi
3143 1656 3556 1709 necessitatem.

1858 1745 2006 1808 Quid
2027 1745 2204 1813 igitur
2228 1744 2438 1798 facient
2465 1744 2512 1797 si
2538 1743 2856 1813 reperiatur
2885 1744 2945 1796 in
2966 1748 3171 1797 natura
3191 1760 3383 1797 rerum
3415 1744 3560 1797 alius

1860 1834 2095 1904 quidam
2129 1833 2273 1887 liber
2303 1833 2463 1902 cujus
2494 1832 2685 1885 omnia
2717 1836 2772 1885 et
2808 1832 3033 1901 singula
3063 1832 3122 1884 in
3172 1849 3239 1886 eo
3293 1836 3561 1886 contenta

1859 1921 2196 1974 auctoritate
2255 1920 2405 1973 sedis
2455 1918 2778 1989 apostolicae
2836 1935 2938 1988 per
2978 1919 3193 1972 bullam
3238 1919 3303 1972 ad
3352 1936 3559 1990 perpe-

1858 2014 2017 2062 tuam
2049 2009 2132 2062 rei
2162 2007 2502 2062 memoriam
2534 2007 2743 2061 editam
2799 2012 2853 2059 et
2884 2007 3307 2077 promulgatam
3356 2024 3562 2077 appro-

1858 2097 2170 2151 bantur?»
2224 2096 2323 2150 Eia
2369 2112 2494 2165 age,
2556 2096 2853 2163 delapsum
2903 2111 3037 2148 sane
3113 2096 3253 2148 coelo
3304 2095 3560 2148 libellum

1860 2186 2065 2256 pande,
2100 2184 2211 2237 nisi
2250 2185 2392 2237 forte
2459 2184 2765 2237 secretiora
2821 2188 2938 2236 tam
2992 2182 3101 2236 cito
3149 2182 3210 2235 in
3253 2184 3560 2252 propatulo

1862 2292 1981 2330 esse
2010 2275 2299 2345 piaculum
2328 2279 2513 2343 putas.
2545 2292 2570 2322 «
2598 2274 2707 2338 Est,
2742 2272 2998 2342 inquam,
3041 2271 3139 2337 ait,
3167 2272 3297 2325 talis
3326 2272 3561 2342 quidam

1861 2366 2002 2419 liber
2028 2364 2088 2417 in
2122 2379 2313 2416 rerum
2343 2366 2545 2415 natura
2579 2365 2634 2414 et
2692 2360 2934 2413 auctoris
2974 2359 3177 2414 sancti.
3213 2380 3239 2409 »
3291 2362 3411 2413 Jam
3439 2360 3561 2429 pie-

1862 2457 2037 2507 tatem
2065 2469 2128 2506 ac
2155 2451 2492 2521 religionem
2525 2451 2752 2508 excitas,
2786 2450 2925 2502 dum
2953 2453 3244 2502 auctorem
3278 2463 3563 2502 commen-

1863 2543 1962 2597 das
1993 2559 2057 2594 ac
2105 2541 2298 2594 divum
2329 2539 2682 2593 contestaris.
2714 2540 2786 2591 At
2827 2538 3016 2607 pergit
3073 2539 3329 2590 Annatus
3390 2536 3563 2588 lecto-

1865 2647 1986 2685 rem
2018 2629 2401 2699 suspendere:
2433 2651 2451 2675 «
2488 2628 2593 2681 Sed
2624 2626 2751 2696 quis
2782 2631 2867 2679 est
2893 2626 3197 2679 ‘?libellum
3245 2624 3436 2693 potius
3485 2624 3566 2677 di-

1865 2732 1990 2770 cere
2013 2717 2203 2783 debui,
2238 2717 2390 2786 quod
2418 2716 2489 2768 sit
2519 2716 2666 2768 mole
2704 2730 2912 2783 parvus
2942 2718 2998 2767 et
3044 2713 3230 2783 specie
3262 2718 3561 2782 contemp-

1864 2804 2061 2870 tibilis,
2095 2805 2192 2857 sed
2252 2804 2349 2873 qui
2402 2808 2594 2856 tamen
2651 2802 2873 2855 virtutis
2928 2801 3243 2871 plurimum
3309 2801 3501 2854 habet.
3537 2822 3557 2849 ο

46 2885 242 2939 solum
271 2886 398 2941 vitae
430 2888 748 2954 sanctitate,
782 2889 880 2943 sed
912 2888 1084 2943 etiam
1118 2889 1264 2943 miro
1292 2890 1589 2960 sapientiae
1639 2894 1755 2943 tuae
1786 2912 1823 2967 ρ
1868 2894 2025 2946 Hunc
2056 2892 2331 2957 libellum,
2365 2891 2455 2944 cui
2493 2906 2665 2961 supra
2689 2889 2880 2943 omnia
2907 2888 3212 2959 Augustini
3244 2887 3437 2956 magni
3467 2903 3565 2940 vo-

48 2974 281 3043 fulgore
312 2976 518 3029 Christi
550 2976 853 3031 Ecclesiam
912 2978 1035 3031 luce
1079 2979 1331 3049 propria,
1392 2980 1514 3032 luce
1564 2980 1754 3048 plena,

48 3063 183 3115 luce
206 3062 320 3115 ﬁxa
358 3063 676 3118 irradiasti!
706 3065 762 3119 Si
794 3064 947 3119 enim
980 3065 1376 3135 sapientialux
1405 3071 1507 3135 est,
1541 3066 1669 3137 quis
1698 3067 1757 3119 in

49 3150 309 3205 Ecclesia
339 3151 439 3204 Dei
477 3152 557 3206 ita
584 3154 735 3207 lucet
764 3158 826 3208 ut
856 3154 1211 3225 Augustinus
1248 3156 1276 3207 ‘?
1318 3156 1365 3208 A
1395 3155 1511 3209 sole
1566 3156 1758 3208 omnia

44 3245 209 3293 astra
236 3240 445 3307 lucent,
475 3240 543 3294 ab
573 3242 894 3313 Augustino
926 3259 1124 3296 omnes
1137 3243 1236 3312 qui
1263 3248 1393 3312 post
1420 3244 1611 3314 ipsum
1637 3243 1757 3297 fue-

46 3333 199 3381 runt
231 3329 489 3384 doctores
525 3332 821 3401 sapientiae
862 3332 1057 3386 lumen
1100 3332 1408 3403 accipiunt,
1453 3334 1577 3402 ipse
1624 3349 1757 3386 vero

41 3416 293 3487 prOpria
318 3418 440 3472 luce
494 3419 665 3486 lucet,
725 3437 899 3491 quam
948 3438 981 3474 a
1023 3422 1183 3475 nullo
1240 3421 1564 3488 hominum,
1598 3421 1696 3475 sed
1727 3438 1761 3474 a

43 3510 174 3561 Deo
204 3507 323 3560 solo
353 3509 587 3578 accepit,
616 3510 775 3563 nullo
807 3510 961 3563 enim
993 3511 1270 3575 tradente,
1296 3511 1453 3564 nullo
1487 3509 1757 3580 magistro

41 3598 288 3648 cunctas
345 3596 544 3651 didicit
611 3597 1008 3669 disciplinas.»
1093 3601 1295 3654 Nonne
1358 3599 1557 3669 igitur,
1616 3602 1759 3653 teste

40 3687 295 3750 Thoma,
354 3687 704 3756 Augustinus
753 3692 834 3741 est
870 3687 1053 3742 instar
1080 3688 1256 3759 primi
1294 3689 1504 3758 angeli,
1554 3704 1666 3758 quo
1698 3688 1759 3741 in

41 3778 294 3828 caeteros
356 3775 751 3846 intelligentiae
804 3778 1000 3831 lumen
1030 3777 1275 3831 derivari
1306 3776 1558 3846 theologi
1590 3781 1761 3830 autu-

42 3867 243 3927 mant,
276 3879 405 3917 cum
438 3863 558 3933 ipse
590 3883 622 3918 a
651 3866 771 3919 solo
815 3867 930 3920 Deo
962 3866 1279 3920 illustretur
1300 3869 1328 3921 ?
1377 3866 1759 3935 Hipponensis

43 3952 295 4021 quidem
324 3956 517 4005 noster
548 3954 783 4023 angelus
814 3970 931 4007 suae
982 3954 1256 4008 doctrinae
1302 3954 1475 4008 radiis
1516 3956 1761 4023 Prospe-

44 4056 213 4105 rum,
251 4040 634 4110 Fulgentium,
677 4043 977 4109 Thomam,
1020 4046 1368 4114 caeterosque
1416 4042 1761 4096 orthodoxos

44 4132 258 4183 Patres
287 4129 621 4197 illustravit;
655 4135 713 4185 at
744 4131 1090 4186 recentiores
1118 4132 1217 4202 qui
1245 4131 1600 4185 contendunt
1628 4145 1759 4184 cum

1864 2980 2083 3034 lumina
2113 2997 2181 3034 ex
2211 2979 2533 3050 apostolicae
2563 2979 2710 3033 sedis
2744 2977 3158 3048 approbatione
3192 2998 3218 3025 «ε
3242 2976 3565 3047 expressior

1865 3073 1920 3123 et
1950 3068 2233 3122 efﬁcacior
2262 3068 2322 3121 in
2349 3068 2612 3122 omnibus
2644 3072 2726 3121 est
2755 3065 3150 3120 consentiendi
3176 3066 3500 3131 necessitas,
3535 3083 3564 3116 »

1864 3156 1975 3210 cito
2008 3156 2473 3211 citiusexhibeas.
2503 3178 2529 3205 ‹‹
2551 3156 2687 3220 Quis
2705 3171 2859 3221 vero,
2894 3154 3069 3220 addit,
3101 3156 3358 3221 tandem,
3392 3158 3447 3207 et
3476 3170 3567 3208 cu-

1858 3245 1953 3315 jus
1984 3249 2068 3298 est
2088 3244 2116 3299 ?
2154 3266 2175 3293 ι
2210 3246 2293 3298 Ita
2323 3245 2556 3315 quidem
2588 3246 2697 3298 hoc
2724 3244 2993 3314 petimus,
3026 3244 3131 3298 hoc
3154 3259 3439 3315 rogamus,
3470 3258 3564 3307 ne,

1866 3350 2079 3404 quaeso,
2132 3333 2231 3387 diu
2288 3338 2545 3387 nostram
2603 3333 3082 3403 exspectationem
3114 3337 3402 3403 torqueas,
3465 3346 3571 3400 per

1865 3426 2125 3476 sanctum
2154 3422 2308 3475 illius
2340 3421 2519 3475 libelli
2550 3422 2797 3476 auctoris
2836 3437 3051 3475 nomen
3080 3438 3144 3475 ac
3206 3436 3423 3474 numen
3471 3419 3570 3472 ob-

1834 3515 2060 3565 testor.
2123 3533 2145 3560 ι
2182 3512 2556 3577 Contrahant,
2612 3511 2821 3580 inquit,
2877 3510 3009 3564 licet
3060 3510 3306 3563 frontem
3352 3508 3570 3575 Baiani,

1867 3602 1923 3652 et
1947 3603 2171 3653 torvum
2220 3598 2575 3663 intueantur,
2612 3598 2899 3652 sorbenda
2926 3597 3109 3667 pilula
3148 3602 3250 3651 est.
3284 3617 3308 3646 ν
3348 3598 3446 3649 Nm
3477 3600 3572 3650 tuo

1867 3688 2173 3757 pharmace
2220 3686 2303 3739 illi
2354 3686 2616 3755 indigent
2672 3701 3042 3756 quoscunque
3094 3686 3331 3738 Baianos
3387 3683 3573 3738 dicis?

1870 3777 1983 3830 Nos
2012 3775 2247 3846 quidem
2280 3774 2542 3829 validiori
2587 3773 2877 3827 stomacho
2930 3788 3126 3826 sumus
3175 3774 3295 3841 jam
3344 3772 3571 3841 pridem

1869 3864 1983 3918 tuis
2010 3864 2075 3916 in
2098 3863 2481 3931 Augustinum
2507 3860 2796 3926 conviciis,
2837 3860 3032 3930 pilulis
3091 3859 3357 3913 omnibus
3414 3875 3569 3912 ama-

1868 3952 2116 4005 rioribus
2150 3949 2489 4003 devorandis
2522 3952 2767 4014 assueto,
2826 3963 3011 4017 neque
3068 3946 3263 4017 pilulis
3329 3962 3573 4017 priamu-

1870 4038 2068 4093 niendi
2093 4055 2307 4102 sumus,
2342 4053 2456 4106 quo
2492 4041 2786 4090 auctorem
2818 4035 3194 4105 libellumque
3224 4034 3366 4088 citra
3413 4034 3571 4088 fasti-

1870 4127 2030 4181 dium
2096 4142 2158 4180 ac
2223 4125 2542 4195 deliquium
2592 4124 2915 4178 audiamus.
2957 4125 3098 4190 lmo,
3160 4123 3390 4193 quando
3441 4122 3573 4176 libri

40 4223 307 4283 Anuato,
338 4238 365 4270 (ί
396 4220 611 4291 aliquid
632 4220 773 4274 lucis
800 4221 1118 4291 Augustino
1151 4220 1397 4275 defuisse
1444 4220 1504 4273 in
1563 4219 1757 4273 conci—
1789 4195 1832 4249 D
1873 4216 2202 4286 scriptorem
2226 4218 2483 4268 sanctum
2539 4217 2822 4275 autumas,
2883 4211 3057 4265 sacris
3110 4211 3386 4265 doctrinis
3446 4226 3575 4265 con-

40 4306 253 4362 lianda
282 4322 410 4360 cum
462 4313 649 4362 creata
707 4309 966 4363 libertate
1019 4308 1345 4363 divinorum
1402 4309 1763 4363 decretorum

47 4400 113 4450 et
142 4395 490 4448 auxiliorum
526 4396 795 4466 efﬁcacia,
833 4419 855 4447 ι
886 4398 991 4453 lib.
1030 4415 1147 4466 vni,
1196 4415 1321 4468 cap.
1352 4400 1407 4465 4,
1440 4413 1571 4467 pag.
1622 4399 1761 4462 874;

46 4485 259 4555 quive,
293 4489 358 4537 ut
377 4484 529 4538 idem
558 4485 694 4538 alibi
727 4486 824 4552 ait,
858 4503 1064 4556 nempe
1096 4486 1305 4556 disput.
1350 4488 1379 4540 3
1411 4485 1477 4539 de
1521 4484 1767 4539 Scientia

50 4572 278 4638 media,
312 4589 435 4642 cap.
467 4577 517 4639 5,
550 4590 709 4627 num.
749 4578 871 4643 113,
900 4593 929 4625 ‹‹
956 4575 1184 4629 radium
1235 4574 1540 4644 quemdam
1576 4573 1766 4626 videre

50 4678 119 4715 se
151 4666 362 4730 putant
394 4677 461 4715 ex
491 4663 791 4732 Augustini
812 4663 926 4717 sole
950 4680 1067 4717 non
1097 4663 1407 4717 emissum:
1446 4682 1472 4712 »
1506 4661 1646 4732 quid
1676 4661 1769 4714 de-

46 4751 247 4820 nique
276 4750 518 4804 scribere
548 4768 664 4804 non
731 4752 1010 4805 erubuere
1065 4768 1195 4805 cum
1240 4750 1468 4816 Molina,
1524 4755 1670 4819 part.
1729 4766 1768 4811 1,

46 4842 280 4911 quaest.
320 4842 408 4905 23,
440 4845 546 4893 art.
570 4841 603 4893 4
622 4844 679 4893 et
703 4843 752 4905 5,
786 4840 1170 4909 disputatione
1198 4844 1246 4908 l,
1268 4839 1480 4893 memb.
1503 4840 1554 4900 6,
1574 4856 1602 4888 «
1635 4839 1772 4892 dum

44 4928 168 4983 sub
203 4944 274 4981 ea
312 4926 475 4998 quasi
505 4928 750 4999 caligine
785 4930 847 4983 D.
877 4929 1228 4997 Augustinus
1260 4928 1331 4981 ad
1376 4928 1484 4981 hoc
1534 4943 1648 4981 non
1681 4931 1772 4979 at-

42 5016 274 5081 tendit,
308 5017 611 5069 arbitratus
632 5016 816 5087 primo
847 5021 1076 5087 aspectu
1108 5031 1237 5069 cum
1261 5032 1365 5069 sua
1392 5016 1461 5069 de
1488 5013 1775 5085 przedesti-

46 5105 307 5160 natione
338 5105 629 5175 opinione,
679 5124 708 5157 ››
745 5110 852 5158 etc.
888 5120 903 5169 ;
963 5104 1325 5169 recentiores,
1383 5104 1638 5172 inquam,
1670 5101 1775 5155 isti

45 5194 283 5267 quibus
314 5194 561 5263 purioris
588 5193 860 5248 doctrina:
892 5193 986 5246 lux
1020 5192 1275 5261 ati'ulget,
1316 5190 1635 5259 Augustino
1674 5189 1777 5243 sub

43 5282 343 5352 calligine
390 5281 597 5353 posito,
626 5282 798 5353 hujus
824 5281 998 5353 primi
1032 5279 1220 5351 angeli
1249 5281 1497 5349 fulgores
1528 5296 1645 5332 non
1676 5295 1778 5331 ex-

48 5372 321 5442 cipiunt,
369 5371 488 5425 imo
553 5372 669 5425 fere
718 5374 1115 5437 contemnunt,
1162 5374 1228 5423 ut
1274 5368 1487 5423 mirum
1544 5367 1779 5420 minime

57 5461 266 5515 videri
299 5460 551 5531 cuipiam
582 5460 785 5515 debeat
814 5476 909 5514 eos
937 5459 1080 5515 adeo
1118 5460 1353 5514 moleste
1382 5458 1528 5512 ferre
1559 5460 1778 5511 tantum

1875 4322 2093 4375 spersas
2116 4303 2349 4374 paginas
2380 4318 2605 4356 summa
2626 4301 2908 4372 religione
2937 4301 3356 4365 deosculantes,
3382 4300 3573 4355 divum

1875 4397 2165 4446 auctorem
2195 4408 2299 4462 pro
2348 4390 2766 4461 Augustiniana
2812 4388 3148 4443 auctoritate
3181 4392 3376 4441 contra
3406 4403 3578 4441 novos

1876 4497 2139 4536 censores
2169 4484 2319 4534 sarta
2346 4483 2609 4550 tectaque
2663 4478 2942 4532 servanda
2990 4477 3163 4531 etiam
3212 4481 3380 4547 atque
3409 4477 3577 4529 etiam

1873 4568 2224 4640 rogabimus,
2257 4584 2359 4621 sua
2389 4568 2544 4621 enim
2592 4566 2839 4620 vicissim
2871 4566 3047 4619 tutari
3079 4565 3336 4620 divorum
3375 4569 3477 4619 est.
3510 4568 3580 4618 At

1876 4659 2101 4729 inquis:
2138 4676 2166 4707 «
2200 4656 2365 4710 Liber
2386 4660 2469 4709 est
2502 4655 2917 4709 Exercitiorum
2965 4654 3356 4725 spiritualium
3403 4652 3581 4706 sancti

1877 4746 2104 4817 Ignatii,
2140 4760 2311 4815 quem
2364 4744 2573 4797 Paulus
2620 4745 2694 4797 IlI
2740 4760 2932 4797 severe
2984 4743 3392 4807 examinatum,
3448 4744 3578 4807 etc.,

1880 4836 1957 4890 sic
1998 4833 2339 4904 approbavit
2394 4838 2458 4886 ut
2512 4832 2662 4886 dicat
2708 4848 2766 4885 se
2820 4833 3162 4886 documenta
3209 4834 3265 4884 et
3320 4826 3582 4883 exercitia

1880 4923 2170 4995 prazdicta,
2244 4937 2307 4975 ac
2388 4920 2582 4975 omnia
2665 4925 2723 4975 et
2790 4921 3017 4992 singula
3072 4920 3132 4973 in
3186 4919 3265 4971 cis
3318 4918 3583 4969 contenta

1884 5012 2215 5067 auctoritate
2268 5010 2559 5081 praedicta,
2620 5015 2819 5065 tenore
2883 5009 3253 5081 praesentium
3310 5022 3377 5058 ex
3430 5007 3583 5057 certa

1884 5101 2120 5155 scientia
2169 5100 2506 5169 approbare,
2569 5100 2895 5153 collaudare
2968 5113 3031 5149 ac
3077 5093 3373 5166 przesentis
3456 5093 3584 5146 scri-

1884 5190 1968 5261 pti
2022 5187 2340 5259 patrocinio
2406 5188 2784 5242 communire.
2846 5206 2874 5239 »
2944 5187 3071 5238 Haec
3143 5183 3237 5235 ille
3296 5181 3586 5251 suspensis

1888 5278 1989 5332 diu
2074 5276 2236 5347 quasi
2309 5292 2414 5346 per
2495 5277 2690 5346 jocum
2755 5272 3060 5328 lectoribus
3122 5271 3220 5324 lib.
3276 5287 3392 5337 vni,
3460 5285 3581 5340 cap.

1890 5366 2127 5431 ultimo;
2195 5365 2588 5435 exclamatque
2661 5379 2797 5433 pag.
2893 5364 3031 5414 9l‘2:
3081 5378 3109 5411 «
3170 5359 3321 5413 Scire
3384 5359 3588 5412 vellem

1898 5454 2039 5526 quid
2080 5453 2192 5508 sint
2222 5453 2554 5521 responsuri
2582 5456 2698 5506 tam
2756 5449 2982 5505 disertte
3030 5453 3266 5521 tamque
3313 5447 3589 5519 explicita:
