3908 6180
373 244 475 296 815

375 362 590 437 approb
598 362 797 430 ationi,

377 452 702 524 (Augustini
733 451 958 520 scilicet)
981 448 1095 504 suis
1125 448 1446 502 obtendunt
1474 448 1782 504 erroribus.

447 543 608 598 Absit
630 548 696 596 ut
724 557 826 612 per
855 555 958 594 nos
989 538 1304 609 quidquam
1333 539 1732 608 approbationi
1788 536 2071 609 Ignatiani

377 632 553 686 libelli
583 631 899 685 detractum
929 627 1019 689 sit,
1051 628 1168 681 imo
1217 628 1417 698 quanti
1447 627 1613 682 illum
1669 627 2070 698 Augustiniani

356 719 592 775 fecerint
616 717 789 772 vestri
822 716 1124 786 scriptores
1176 717 1411 770 tradunt
1468 716 1530 770 in
1580 717 1838 787 Imagine
1893 715 2068 786 primi

365 807 578 870 saculi,
614 807 709 862 lib.
747 822 821 865 Ill.
847 822 976 876 cap.
1020 808 1104 871 lO,
1139 805 1236 860 ubi
1267 806 1336 860 de
1387 805 1678 860 Exercitiis
1738 805 1919 861 sancti
1970 806 2071 859 Pa-

360 897 462 949 tris
513 893 722 964 Ignatii
775 895 1071 964 loquentes
1126 894 1249 948 hac
1307 893 1647 947 scribuntur
1705 894 1895 950 Testes
1936 896 2070 948 sunt

359 983 572 1037 inﬁniti
619 986 739 1037 toto
771 983 910 1037 orbe
940 982 1040 1053 qui
1071 998 1137 1036 ea
1184 999 1300 1036 non
1359 981 1574 1036 minori
1635 997 1738 1037 sua
1773 983 2066 1052 voluptate

362 1087 536 1142 quam
565 1071 756 1126 fructu
787 1076 919 1125 sunt
948 1071 1185 1142 experti.
1221 1071 1327 1126 Sed
1369 1086 1516 1125 unus
1568 1071 1752 1124 instar
1805 1070 2066 1125 omnium

360 1160 713 1230 Augustinus
739 1159 1166 1229 Caravajalius,.
1199 1158 1608 1230 Augustiniani
1663 1158 1880 1213 ordinis
1909 1159 2067 1214 theo-

360 1250 546 1320 logus.
580 1250 631 1304 Is
656 1265 788 1303 cum
825 1249 1048 1304 Indiam
1103 1247 1423 1304 Occidentis
1483 1251 1864 1319 peragrasset,
1921 1251 1978 1302 et
2003 1247 2065 1302 in

360 1339 632 1410 Hispania
664 1339 836 1394 variis
865 1338 1200 1394 muneribus
1229 1354 1361 1392 cum
1409 1338 1580 1392 laude
1607 1336 1942 1408 perfunctus
1981 1353 2064 1391 es-

362 1432 466 1495 set,
493 1428 670 1483 Italia
695 1444 924 1499 quoque
953 1427 1210 1482 canobia
1241 1426 1330 1480 sui
1364 1425 1588 1481 ordinis
1635 1426 1799 1496 jussu
1851 1425 2064 1480 summi

360 1517 646 1589 pontiﬁcis
713 1517 1014 1583 visitasset,
1097 1516 1333 1572 Boniam
1413 1516 1649 1570 tandem
1705 1515 1776 1570 ab
1857 1515 2061 1570 eodem

360 1606 628 1676 pontiﬁce
659 1606 914 1660 visitator
966 1605 1307 1676 apostolicus
1358 1605 1564 1659 missus
1618 1604 1691 1659 ad
1748 1605 1810 1658 D.
1869 1603 2062 1658 Jacobi

361 1695 687 1749 coenobium
706 1695 768 1748 in
805 1699 1054 1748 veterem
1083 1693 1446 1764 disciplinam
1474 1692 1911 1757 restituendum,
1947 1709 2063 1746 non

362 1783 488 1837 aliis
516 1783 574 1838 id
600 1783 882 1854 prasidiis
915 1784 1098 1838 facere
1129 1798 1433 1854 aggressus
1455 1787 1560 1848 est,
1594 1797 1768 1853 quam
1821 1781 1931 1851 piis
1975 1781 2067 1836 his

362 1872 642 1926 societatis
680 1871 1273 1938 commentationibus,
1325 1871 1536 1942 quibus
1602 1871 1724 1941 ipse
1779 1886 1909 1925 cum
1963 1887 2068 1941 per

360 1976 618 2015 mensem
645 1977 703 2016 se
732 1959 1100 2026 exercuisset,
1132 1963 1370 2013 testatus
1402 1963 1487 2012 est
1514 1957 1757 2012 candide
1792 1974 1852 2012 se
1891 1972 2064 2028 quan-

363 2049 462 2103 diu
487 2049 548 2103 in
575 2048 851 2120 religione
889 2047 1137 2114 vixisset,
1168 2046 1452 2102 rationem
1505 2046 1756 2115 aliquam
1815 2062 1928 2117 qua
1956 2063 2067 2100 rec-

363 2137 578 2191 tissime
609 2138 899 2192 incederet
925 2151 1153 2207 semper
1183 2139 1432 2205 optasse,
1491 2150 1735 2205 eamque
1791 2139 1929 2188 tunc
1972 2135 2066 2190 de-

363 2240 524 2278 mum
554 2242 682 2279 cum
713 2225 773 2279 in
804 2226 922 2279 hac
953 2224 1130 2278 sancti
1184 2223 1392 2294 Ignatii
1439 2223 1722 2277 Exercitia
1750 2223 2062 2287 incidisset,

361 2313 668 2368 invenisse.
695 2314 833 2378 Qua
863 2313 1096 2384 quidem
1143 2312 1240 2366 ille
1270 2311 1594 2366 avidissime
1634 2312 1839 2366 hausta
1893 2317 2064 2383 atque

363 2402 422 2456 in
447 2401 716 2457 intimum
745 2402 993 2456 demissa
1024 2405 1220 2472 pectus
1269 2400 1411 2454 tanti
1469 2400 1621 2465 fecit,
1654 2404 1718 2454 ut
1774 2400 1834 2453 in
1868 2400 1937 2454 iis
1968 2401 2065 2454 ali-

364 2490 502 2561 quid
533 2507 659 2545 vere
689 2491 948 2545 divinum
983 2490 1170 2544 inesse
1201 2492 1396 2558 aperte
1449 2487 1682 2542 diceret.
1722 2511 1744 2537 ι
1798 2492 1903 2542 etc.
1966 2489 2066 2542 Hic

363 2579 744 2650 Caravajalius
801 2597 866 2634 ex
897 2579 1194 2634 assistente
1253 2576 1657 2647 Hispaniarum
1712 2576 1925 2632 electus
1982 2581 2066 2630 est

361 2669 662 2740 episcopus
720 2667 1168 2738 Guamangensis
1232 2665 1384 2736 apud
1454 2667 1764 2732 Peruanos,
1825 2666 1895 2719 de
1950 2682 2064 2737 quo

363 2760 606 2812 Herrera
635 2757 693 2811 in
721 2756 1038 2827 Alphabeto
1095 2754 1531 2825 Augustiniano.
1569 2753 1798 2808 Utinam
1829 2771 1932 2825 per
1959 2771 2063 2809 nos

361 2847 672 2917 Ignatianis
704 2845 910 2900 chartis
942 2845 1126 2915 major
1157 2843 1340 2898 laudis
1367 2843 1494 2897 ﬁeri
1551 2848 1741 2913 posset
1769 2843 2011 2898 accessio
2045 2850 2056 2900 l

1383 237 1942 293 SUPPLEMENTUM
1981 237 2072 292 AD
2109 237 2342 294 OPERA
2381 239 2436 294 S.
2478 237 2868 294 AUGUSTINI.
3087 197 3092 202 Δ
3730 249 3804 300 816

885 361 985 432 qui
1049 359 1240 414 minus
1293 375 1616 431 expressam
1673 359 2066 431 explicitamve
2095 360 2142 416 A
2178 354 2343 430 tu'm;
2399 363 2455 414 at
2513 359 2769 431 profecto
2830 356 3149 413 mirabilius
3202 359 3564 416 recentiorum
3611 362 3800 434 factum,

2181 449 2281 522 qui
2312 449 2578 503 eumdem
2593 465 2659 504 ex
2679 447 3006 519 apostolica
3028 446 3178 502 sedis
3205 446 3516 502 testimonio
3547 451 3804 509 litterarum

2173 540 2340 608 plane
2376 539 2565 593 rudem
2625 538 2684 591 in
2739 536 3057 606 sapientia,
3111 536 3455 590 auctoritatis
3509 555 3568 592 ac
3615 539 3808 598 laudum

2179 644 2379 698 campo
2413 626 2726 698 Augustino
2754 642 2870 680 non
2917 625 3104 680 dicam
3147 625 3299 678 velut
3343 627 3607 696 aqualem
3661 646 3806 699 oppo-

2179 731 2335 782 nere,
2363 716 2458 770 sed
2493 715 2645 786 quod
2679 715 2746 769 ad
2797 715 2954 768 illam
3010 713 3414 784 expressiorem
3472 732 3531 770 ac
3579 717 3810 774 efﬁcacio-

2177 819 2299 859 rem
2332 803 2888 858 commendationem
2921 819 2984 858 ac
3029 801 3420 857 consentiendi
3471 806 3811 863 necessitatem

2175 893 2445 964 pertinet,
2479 893 2654 947 veluti
2686 892 3041 964 superiorem
3095 891 3404 963 pradicare
3433 899 3704 959 conantur,
3731 896 3810 964 illi,

2177 983 2434 1054 inquam,
2491 983 2830 1054 Augustino,
2887 981 2987 1053 qui
3032 985 3210 1036 tanta
3267 981 3508 1036 scientia
3565 982 3717 1038 fuisse
3759 986 3812 1039 ab

2174 1073 2487 1142 apostolica
2515 1071 2647 1126 sede
2689 1071 2980 1142 judicatus
3013 1074 3118 1137 est,
3155 1089 3183 1122 η
3215 1073 3280 1124 ut
3306 1069 3447 1124 nihil
3488 1085 3624 1140 pene
3663 1071 3810 1140 (verba

2175 1165 2308 1214 sunt
2339 1160 2564 1215 Martini
2596 1160 2720 1214 Vin
2760 1159 2910 1215 Orat.
2940 1159 3009 1214 de
3043 1163 3236 1213 sancta
3290 1158 3520 1227 Monica)
3570 1175 3628 1213 ex
3677 1161 3811 1215 sacris

2172 1248 2376 1302 litteris
2405 1248 2604 1320 possit,
2627 1247 2738 1302 nisi
2764 1264 2830 1302 eo
2850 1247 2992 1302 duce
3018 1246 3284 1318 intelligi,
3299 1247 3440 1302 nihil
3463 1246 3567 1302 nisi
3591 1263 3652 1302 eo
3678 1247 3812 1304 inter-

2171 1343 2334 1408 prete
2362 1336 2652 1407 explicari.
2684 1337 2759 1390 Eo
2801 1336 2923 1407 jam
2979 1339 3207 1390 auctore
3254 1334 3464 1390 factum
3506 1339 3601 1402 est,
3635 1341 3692 1391 ut
3734 1354 3810 1391 nec

2172 1425 2529 1496 philosophis
2581 1424 2922 1496 sapientiam
2964 1423 3348 1493 invideamus,
3398 1440 3512 1479 non
3565 1429 3811 1480 oratorum

2172 1513 2564 1586 eloquentiam
2594 1514 3003 1574 desideramus,
3035 1529 3151 1568 non
3190 1511 3571 1566 studiosorum
3626 1514 3813 1584 ingenia

2176 1604 2556 1675 requiramus,
2589 1619 2704 1658 non
2746 1603 2994 1673 denique
3049 1602 3215 1656 nobis
3261 1617 3500 1655 acumen
3555 1603 3814 1657 Aristotelis

2175 1691 2562 1746 necessarium
2595 1691 2686 1757 sit,
2730 1707 2846 1745 non
2899 1689 3149 1745 Platonis
3180 1689 3528 1760 eloquentia,
3576 1705 3679 1743 non
3709 1706 3814 1760 pru-

2177 1780 2370 1836 dentia
2396 1780 2682 1834 Varronis.
2713 1795 2828 1834 non
2878 1779 3124 1850 gravitas
3152 1778 3420 1844 Socratis,
3467 1795 3577 1832 non
3619 1779 3814 1832 auctori-

2175 1874 2261 1924 tas
2286 1869 2622 1940 Pythagora
2650 1884 2764 1922 non
2813 1867 3168 1938 Empedoclis
3221 1867 3474 1931 solertia,
3517 1883 3624 1920 non
3667 1868 3814 1938 cujus-

2175 1975 2350 2030 quam
2396 1958 2550 2012 illius
2629 1957 2854 2028 generis
2907 1957 3209 2010 hominum
3271 1955 3503 2010 scientia
3551 1961 3640 2011 aut
3681 1956 3816 2009 virtus

2175 2047 2438 2118 exemplo
2496 2051 2595 2101 aut
2638 2047 2977 2101 documento
3027 2044 3193 2100 nobis
3253 2061 3376 2100 esse
3434 2045 3642 2100 debeat.
3695 2045 3813 2098 Idem

2173 2136 2340 2190 nobis
2352 2136 2767 2207 prophetarum
2790 2135 3040 2201 oracula,
3063 2133 3216 2188 idem
3238 2134 3684 2205 apostolororum
3695 2149 3815 2188 voces

2174 2225 2366 2292 refert,
2391 2225 2543 2278 idem
2561 2239 2794 2278 omnem
2809 2222 3070 2277 omnium
3097 2222 3324 2292 Scriptu
3334 2239 3522 2277 rarum
3543 2238 3741 2276 sensum
3754 2237 3816 2274 ex-

2173 2313 2390 2384 primit,
2406 2329 2554 2367 unus
2568 2319 2854 2383 postremo
2875 2311 3135 2366 omnium
3157 2313 3396 2366 Patrum
3428 2311 3808 2382 sapientumque

2171 2402 2404 2474 ingenia
2433 2419 2496 2456 ac
2526 2401 2717 2456 studia
2749 2400 3000 2456 exhibet.
3033 2422 3062 2450 ››
3106 2401 3294 2470 Itane,
3325 2400 3371 2454 si
3403 2401 3616 2471 superis
3649 2401 3808 2472 placet,

2172 2491 2306 2546 huic
2388 2491 2716 2563 apostolica
2775 2488 3178 2561 approbationi
3247 2489 3493 2556 eximia,
3552 2487 3810 2560 praclaris-

2173 2578 2332 2634 sima
2389 2579 2874 2633 excellentissima
2933 2577 3218 2647 Ignatiani
3272 2578 3451 2632 libelli
3509 2576 3812 2649 approbatio-

2172 2683 2327 2734 nem,
2359 2669 2676 2738 Augustino
2725 2668 3031 2739 Ignatium,
3089 2672 3174 2722 tot
3232 2668 3472 2722 summis
3510 2666 3813 2739 pontiﬁcibus

2173 2757 2413 2810 Paulum
2445 2758 2514 2810 Ill
2544 2756 2844 2826 opponetis
2866 2756 2893 2810 ‘?
2923 2757 3257 2827 Respondet
3287 2762 3540 2811 Annatus
3572 2773 3584 2810 :
3619 2777 3643 2805 ‹‹
3667 2756 3816 2818 Quaa

2171 2860 2262 2899 me
2286 2845 2524 2899 minime
2554 2845 2901 2913 referuntur,
2946 2849 3010 2898 ut
3054 2845 3140 2898 vel
3195 2845 3485 2916 Ignatium
3534 2843 3816 2913 Augustino,

363 2937 509 2990 Illud
537 2943 729 2990 tamen
784 2951 936 3005 agre
992 2933 1262 3005 patimur,
1323 2933 1479 3004 quod
1539 2931 1733 2986 scribit
1784 2935 2061 3001 Annatus,
2098 2940 2140 2997 ο
2173 2935 2257 2987 vel
2291 2934 2527 2987 Paulum
2576 2934 2653 2987 ΙΙΙ
2711 2932 3100 3004 superioribus
3150 2949 3448 3002 opponam
3491 2931 3814 3003 pontiﬁcibus,

362 3024 769 3095 Augustianam
819 3023 1134 3078 doctrinam
1186 3021 1377 3076 minus
1434 3021 1699 3091 explicita
1751 3026 1921 3092 atque
1977 3037 2065 3075 ex-

361 3129 556 3184 pressa
585 3112 992 3184 approbatione
1019 3128 1193 3183 quam
1216 3109 1594 3181 Ignatianam,
1628 3125 1748 3164 esse
1800 3110 1870 3163 ab
1901 3125 2065 3179 apos-

362 3203 530 3256 tolica
560 3203 688 3256 sede
729 3203 1036 3255 ﬁrmatam.
1096 3201 1300 3264 Quaso
1358 3215 1454 3252 vos
1504 3198 1870 3266 quandonam
1929 3198 2062 3252 doc-

360 3290 510 3344 trina
541 3291 719 3344 sancti
751 3291 962 3362 lgnatii
990 3290 1050 3343 in
1082 3289 1434 3360 synodorum
1492 3303 1740 3341 canones
1796 3287 2062 3340 transiit?

361 3379 706 3433 Arausicana
737 3379 985 3449 synodus
1028 3394 1096 3432 ex
1151 3376 1287 3448 ipsis
1316 3375 1494 3430 sancti
1549 3374 1794 3430 doctoris
1838 3381 2063 3430 senten-

359 3466 455 3521 tiis
481 3467 726 3522 conﬂata
756 3473 857 3521 est.
888 3466 1127 3530 Quando
1156 3466 1254 3519 illa
1304 3464 1363 3518 in
1395 3464 1731 3536 pontiﬁcum
1766 3465 2062 3518 Romano—

359 3573 487 3610 rum
546 3557 748 3611 litteris
798 3556 870 3610 ad
903 3556 1138 3610 verbum
1181 3553 1465 3624 exscripta
1495 3555 1631 3606 est?
1686 3554 1806 3606 Duo
1836 3553 2064 3622 integra

361 3644 549 3714 capita
577 3660 645 3698 ex
697 3643 1021 3698 Enchiridio
1078 3643 1258 3697 sancti
1309 3641 1608 3712 Augustini
1660 3642 1768 3696 Leo
1828 3643 2062 3712 Magnus

363 3732 601 3788 inseruit
634 3749 749 3786 sua
782 3733 853 3788 ad
883 3731 1310 3802 Aquileiensem
1339 3729 1648 3785 antistitem
1694 3729 1971 3800 epistola,
2006 3733 2064 3783 et

361 3818 592 3890 quidem
642 3826 840 3876 contra
887 3813 1222 3892 Pelagianos
1269 3820 1435 3874 data.
1497 3818 1735 3882 Quando
1783 3818 1851 3871 ad
1904 3818 2062 3872 illam

359 3924 463 3978 pro
489 3909 726 3963 veritate
755 3908 1124 3980 percipienda
1149 3909 1220 3962 ab
1249 3906 1560 3978 apostolica
1598 3907 1728 3960 sede
1759 3905 2064 3960 orthodoxi

360 3997 585 4052 remissi
615 4003 748 4052 sunt
773 4000 802 4052 ?
829 3998 916 4053 Ad
943 3996 1249 4069 Augustini
1274 3997 1446 4050 libros
1478 4001 1704 4049 sanctus
1738 3994 2062 4049 Hormisdas

362 4087 610 4143 Orientis
644 4087 932 4158 principes
965 4087 1134 4151 viros,
1170 4087 1462 4156 episcopos
1492 4101 1555 4138 ac
1585 4085 1912 4145 monachos,
1945 4099 2062 4136 uno

358 4179 531 4232 verbo
583 4178 922 4231 catholicum
971 4177 1168 4230 orbem
1222 4175 1437 4229 retulit.
1495 4174 1734 4238 Quando
1790 4173 1860 4226 ad
1907 4171 2062 4226 illius

2173 3021 2354 3078 absit!
2391 3041 2418 3074 υ
2447 3021 2553 3076 Sed
2593 3021 2756 3076 dictis
2786 3021 2929 3076 facta
2962 3037 3078 3075 non
3109 3019 3426 3076 coharent.
3485 3019 3662 3086 Qualis
3701 3017 3816 3072 enim

2173 3116 2492 3180 quantusve
2523 3114 2668 3164 esset
2723 3109 3097 3181 Augustinus,
3147 3109 3196 3162 si
3249 3109 3493 3164 Ecclesia
3535 3108 3681 3162 illum
3731 3121 3819 3159 non

2174 3198 2584 3270 approbasset?
2610 3201 2731 3269 jam
2785 3215 2916 3252 cum
2948 3197 3218 3252 Cassiano
3252 3214 3317 3253 ac
3359 3199 3557 3253 Fausto
3603 3210 3817 3250 numera-

2171 3294 2348 3342 retur.
2420 3289 2600 3358 Igitur
2677 3287 3035 3342 tantumdem
3110 3287 3283 3344 nobis
3341 3287 3656 3359 probandus
3703 3282 3821 3337 venit

2171 3382 2453 3449 quantum
2497 3377 2650 3431 idem
2680 3377 2752 3430 ab
2783 3377 3026 3431 Ecclesia
3083 3377 3438 3448 approbatus
3491 3375 3612 3430 fuit.
3658 3373 3818 3438 Quare,

2171 3467 2218 3521 si
2248 3466 2455 3538 Ignatii
2477 3465 2702 3520 libellus
2734 3466 2802 3520 ab
2836 3465 3082 3519 Ecclesia
3133 3465 3487 3538 approbatus
3543 3470 3640 3530 est,
3690 3463 3821 3515 item-

2171 3571 2282 3626 que
2315 3555 2612 3626 approbati
2637 3554 2795 3608 fuere
2830 3554 2963 3608 libri
2990 3555 3318 3626 Augustini,
3352 3556 3449 3609 sed
3507 3553 3597 3608 isti
3658 3564 3820 3620 appro-

2169 3642 2396 3696 batione
2427 3643 2624 3705 minus,
2650 3645 2712 3694 ut
2755 3640 2854 3706 ait,
2898 3655 3157 3709 expressa
3215 3643 3560 3711 eaplicitave,
3605 3637 3736 3691 unde
3761 3632 3821 3686 illi

2171 3730 2490 3801 Ignatiano,
2521 3736 2575 3784 te
2597 3730 2810 3802 judice,
2843 3730 3116 3799 efﬁcacior
3143 3733 3206 3784 in
3235 3731 3485 3785 omnibus
3512 3722 3823 3783 consentiendi

2168 3822 2457 3875 necessitas
2484 3824 2582 3886 est,
2639 3836 2813 3891 quam
2860 3818 2983 3872 istis
3039 3818 3499 3888 Augustinianis,
3551 3817 3660 3887 jam
3702 3812 3820 3865 vides

2170 3908 2456 3979 Ignatium
2487 3909 2805 3980 Augustino
2836 3909 2922 3962 vel
2955 3908 3218 3979 praponi
3251 3908 3352 3962 abs
3379 3913 3456 3969 te,
3486 3907 3568 3960 vel
3599 3921 3656 3959 ex
3693 3915 3820 3988 aquo

2171 3992 2370 4046 saltem
2424 3991 2653 4062 opponi.
2718 3994 2791 4045 At
2841 3991 2950 4045 cito
3002 3990 3433 4058 commentaris,
3497 3989 3680 4060 tuique
3724 3985 3823 4037 facti

2171 4081 2318 4134 hanc
2347 4081 2625 4135 rationem
2654 4079 2864 4143 reddis,
2923 4095 2990 4133 ea
3038 4084 3095 4134 te
3140 4080 3213 4134 de
3270 4079 3553 4152 Ignatiani
3603 4075 3718 4131 libri
3742 4088 3821 4142 ap-

2173 4169 2512 4239 probatione
2540 4170 2842 4224 recitasse:
2885 4187 2912 4220 «
2946 4168 3110 4233 Quod
3143 4174 3366 4225 constet
3416 4170 3476 4223 in
3530 4169 3630 4222 hoc
3673 4161 3822 4217 libello

360 4281 622 4320 normam
644 4266 943 4336 pontiﬁces
972 4264 1382 4319 catholicorum
1413 4262 1729 4316 doctrinam
1782 4259 2063 4332 exegere?
2094 4233 2140 4288 θ
2177 4259 2367 4330 aliqua
2397 4275 2520 4313 esse
2543 4275 2672 4330 qua
2703 4258 3041 4328 capitalibus
3066 4258 3415 4313 Baianorum
3449 4253 3726 4329 principiis
3752 4265 3824 4318 ορ-

361 4354 622 4407 Clemens
652 4355 769 4406 VIII
794 4355 954 4422 juxta
979 4351 1281 4423 Augustini
1309 4355 1562 4404 mentem
1596 4351 1722 4404 lites
1780 4349 1850 4403 de
1909 4349 2065 4404 auxi-

354 4442 444 4496 liis
475 4441 1131 4513 divinis'componendas
1181 4439 1370 4510 jussit.
1433 4438 1814 4502 Quandonam
1883 4439 2063 4493 sancti

360 4529 566 4598 Ignatii
619 4531 842 4586 libellus
898 4530 1069 4585 tantis
1123 4530 1514 4584 Romanorum
1560 4527 1873 4598 prasulum
1905 4543 2062 4581 com-

362 4618 826 4673 mendationibus
876 4623 1160 4688 exceptus,
1218 4617 1391 4671 tantis
1443 4622 1771 4671 sanctorum
1830 4617 2062 4671 Patrum

360 4705 561 4775 elogiis
603 4707 919 4772 decoratus,
978 4705 1151 4760 tantis
1199 4705 1459 4760 omnium
1519 4722 1664 4777 pene
1721 4705 2061 4760 saculorum

358 4781 654 4867 plausibus
685 4797 996 4851 honoratus
1024 4793 1184 4849 fuit?
1239 4794 1376 4860 Qua
1407 4796 1641 4866 quidem
1699 4794 1893 4848 Iaudes
1923 4795 1967 4848 si
2000 4795 2061 4849 in

357 4885 569 4940 librum
601 4890 960 4956 cogerentur,
987 4884 1108 4954 jam
1138 4883 1377 4954 decuplo
1418 4885 1600 4954 major
1644 4883 1740 4937 ille
1795 4883 2061 4938 evaderet

357 4991 533 5046 quam
563 4975 705 5029 liber
738 4973 1144 5028 Exercitiorum
1189 4973 1370 5026 sancti
1427 4971 1650 5042 Ignatii.
1704 4972 1887 5026 Audio
1923 4988 2058 5026 sane

356 5065 491 5136 quid
524 5065 592 5120 de
624 5065 770 5119 libro
805 5064 901 5117 illo
933 5062 1111 5116 sancti
1143 5061 1347 5132 Ignatii
1380 5062 1637 5115 Romana
1689 5060 1931 5114 Ecclesia
1953 5060 2055 5130 ju-

356 5153 506 5207 dicet
538 5153 596 5208 in
653 5154 992 5208 lectionibus
1033 5151 1306 5206 Breviarii
1361 5150 1642 5204 Romani:
1680 5171 1707 5199 α
1741 5151 1945 5217 Homo,
1976 5149 2056 5204 in-

356 5241 498 5311 quit,
530 5241 850 5297 litterarum
885 5243 1051 5313 plane
1083 5240 1242 5294 rudis
1269 5238 1663 5293 admirabilem
1693 5239 1856 5292 illum
1902 5255 2056 5294 com-

353 5328 545 5398 posuit
575 5331 982 5386 Exercitiorum
1025 5330 1239 5384 librum
1269 5328 1416 5382 sedis
1461 5328 1780 5398 apostolica
1829 5327 2050 5398 judicio

353 5419 409 5470 et
439 5417 698 5472 omnium
728 5421 972 5474 utilitate
1027 5418 1482 5490 comprobatum.
1521 5435 1548 5468 ι›
1581 5417 1833 5472 Mirabile
1888 5433 2047 5489 sane,

348 5503 610 5561 libellum
659 5506 823 5562 illum
855 5525 886 5562 a
917 5508 1238 5564 litterarum
1267 5507 1435 5580 plane
1462 5505 1591 5562 rudi
1616 5522 1736 5562 esse
1765 5505 2048 5578 conscrip-

2173 4353 2489 4419 ponuntur,
2519 4348 2660 4402 scire
2706 4347 2878 4402 velim
2909 4347 3044 4418 quid
3080 4346 3196 4401 sint
3253 4345 3581 4418 responsuri
3610 4350 3712 4397 tam
3754 4338 3822 4391 di-

2172 4441 2336 4492 serta
2365 4441 2598 4508 tamque
2627 4436 2905 4506 explicita
2932 4435 3359 4505 approbationi,
3403 4434 3502 4507 qui
3550 4433 3722 4487 minus
3745 4442 3821 4481 ex-

2170 4542 2425 4597 pressam
2483 4525 2878 4596 explicitamve
2935 4523 3052 4578 suis
3117 4523 3441 4578 obtendunt
3495 4520 3817 4577 erroribus.»

2171 4617 2284 4670 Nos
2313 4615 2545 4686 quidem
2577 4630 2680 4686 pro
2713 4611 2936 4668 Baianis
2993 4613 3211 4666 nullam
3261 4613 3546 4676 volumus,
3601 4609 3706 4664 imo
3745 4618 3821 4658 nec

2169 4720 2474 4776 possumus
2526 4702 2954 4774 responsionem
3010 4701 3314 4772 adornare,
3366 4701 3461 4756 sed
3492 4699 3635 4770 quod
3661 4695 3822 4750 eodem

2166 4792 2280 4847 ictu
2316 4797 2373 4846 et
2400 4791 2636 4846 Baianos
2666 4796 2724 4845 et
2753 4789 3135 4862 Augustinum
3191 4789 3387 4856 ferias,
3421 4790 3523 4845 tibi
3551 4788 3677 4842 vitio
3724 4795 3820 4834 ver-

2167 4881 2362 4947 timus,
2395 4881 2493 4952 qui
2524 4896 2626 4951 per
2655 4879 2999 4934 Baianorum
3031 4879 3213 4932 latera
3259 4877 3638 4949 Augustinum
3673 4873 3819 4939 impe-

2165 4971 2259 5024 tis.
2288 4969 2412 5024 Sint
2438 4969 2496 5023 in
2523 4969 2717 5024 libello
2745 4967 2952 5039 Ignatii
2996 4967 3298 5022 sententia
3349 4967 3555 5039 quibus
3600 4955 3820 5033 capitalia

2163 5059 2398 5114 illorum
2473 5059 2744 5129 dogmata
2794 5058 3250 5128 strangulentur,
3316 5056 3430 5128 ipsi
3479 5053 3736 5114 viderint;
3775 5048 3818 5097 at

2165 5149 2317 5220 quod
2345 5147 2542 5202 eadem
2573 5147 2810 5218 periodo
2851 5145 3162 5216 Augustini
3215 5161 3325 5213 per
3380 5142 3723 5215 apostolicam
3749 5148 3816 5187 se-

2163 5238 2293 5292 dem
2341 5236 2817 5308 approbationem
2864 5237 3044 5290 minus
3082 5248 3396 5306 expressam
3448 5233 3817 5302 eaplicitamque

2161 5326 2480 5394 contendis,
2516 5325 2678 5380 nobis
2707 5325 2931 5397 placere
2961 5340 3076 5378 non
3118 5327 3329 5396 potest.
3384 5324 3551 5378 Parce
3599 5314 3749 5379 Patri,
3771 5313 3814 5363 et

2162 5415 2399 5471 Baianos
2427 5416 2488 5471 in
2538 5414 2800 5472 exsilium
2854 5430 2973 5470 non
3005 5413 3184 5485 Baias,
3237 5412 3335 5469 sed
3387 5411 3448 5468 in
3476 5411 3702 5481 Gyarum
3731 5400 3808 5456 de-

2159 5509 2408 5576 portato.
