3914 6186
10 309 47 358 '5
77 312 102 360 1
125 313 159 360 '7
1375 313 1696 371 VINDICIE
1733 315 2273 373 AUGUSTINIANAS.
3453 331 3556 384 818

113 431 175 488 Si
210 431 423 486 Annati
459 431 720 501 exemplo
757 431 1018 487 insistere
1068 439 1125 489 et
1180 451 1286 506 par
1343 438 1467 508 pari
1516 439 1750 493 reddere
1789 440 1831 494 A
1861 443 2081 493 trarum
2107 441 2493 496 doctrinarum
2524 442 2823 496 harmonia
2851 443 3205 511 recitabitur,
3247 461 3311 500 ac
3340 447 3558 502 dulcior

10 524 339 588 vellemus,
371 521 455 574 uti
486 521 580 574 ille
608 522 679 574 ad
727 521 1182 579 imminuendam
1240 527 1414 580 sancti
1446 529 1749 599 Augustini
1860 529 1992 583 inde
2021 536 2322 583 concentus
2355 531 2699 586 inaudietur.
2736 532 2885 586 Filiis
2919 550 3147 603 quoque
3180 536 3379 589 vestris
3405 553 3558 590 eum-

10 612 315 666 adversus
372 610 709 681 Pelagianos
786 612 1079 667 scribentis
1149 615 1563 683 auctoritatem,
1626 621 1750 670 tum
1860 619 1991 673 dem
2023 618 2293 672 doctrinas
2348 636 2684 674 consensum
2717 621 3026 686 immittite,
3074 640 3284 692 eosque
3316 623 3558 678 invicem

10 701 294 755 collectis
325 699 580 769 plurium
602 700 966 766 testimoniis,
999 707 1122 756 tum
1155 703 1416 757 violentis
1445 705 1750 776 pravisque
1861 709 2141 761 ofﬁciosos
2171 709 2255 760 vel
2289 719 2505 762 servate
2541 711 2627 762 vel
2685 710 2870 764 facite.
2924 712 3111 781 Turpe
3172 712 3242 764 sit
3298 713 3354 766 iu
3404 718 3559 767 tanta

13 792 441 844 Romanorum
472 789 785 859 praesulum
819 790 1006 861 elogia
1055 791 1241 846 eidem
1289 797 1484 846 sancto
1533 794 1752 848 doctori
1861 798 2095 850 Patrum
2126 796 2425 848 concordia
2456 797 2602 849 ﬁlios
2646 797 2855 850 odiosis
2883 814 3016 850 sane
3037 800 3558 869 comparationibus

10 880 233 932 delata
260 877 831 948 interpretationibus
858 895 1254 950 corrumpens,
1300 884 1498 935 contra
1529 884 1753 952 Augus-
1861 884 1929 938 de
1957 885 2294 938 eorumdem
2322 884 2656 937 auctoritate
2687 887 3046 940 contendere.

10 967 233 1021 tinum
266 967 532 1038 insurgit,
563 983 862 1037 possemus
892 973 947 1022 et
995 985 1097 1022 nos
1155 971 1354 1024 eadem
1387 986 1616 1040 prorsus
1648 987 1752 1023 au-
2507 990 2729 1043 CAPUT
2768 992 2906 1044 vm,

10 1057 208 1110 dacia
258 1057 370 1110 huc
417 1072 681 1110 revocare
733 1072 862 1126 quae
924 1057 1099 1111 abbas
1147 1058 1556 1113 Constantinus

2015 1076 2227 1153 niiores
2252 1090 2320 1130 ea:
2349 1076 2594 1153 epistola
2619 1079 3135 1153 saacIiCaeleslini
3149 1097 3312 1151 papa
3339 1083 3411 1137 D.
3444 1087 3561 1136 Au-

13 1145 377 1197 \'incentius
409 1145 705 1210 Baronius,
736 1145 822 1198 vir
852 1146 988 1199 satis
1016 1151 1200 1210 notus,
1264 1153 1412 1216 part.
1470 1162 1507 1201 u
1556 1147 1749 1201 Theol.
1999 1148 2218 1220 guslini
2257 1145 2659 1202 aucloritalem
2700 1149 2973 1204 limitant.
3017 1145 3409 1219 Reféllzlnlur.

12 1234 212 1292 Men,
248 1232 394 1303 disp.
432 1237 484 1302 3,
515 1237 651 1287 sect.
697 1238 744 1296 l,
773 1238 878 1288 art.
912 1237 965 1299 2,
998 1234 1024 1304 ς
1055 1239 1108 1297 2,
1143 1252 1274 1306 qum
1307 1237 1405 1289 alii
1440 1236 1507 1290 de
1537 1234 1754 1289 eisdem
1934 1237 2170 1292 Sanctus
2193 1238 2529 1292 leestinus
2559 1253 2708 1308 papa
2753 1256 2817 1292 ex
2849 1240 3170 1293 litterarum
3217 1243 3558 1296 commercio

12 1321 344 1375 Exercitiis
369 1322 546 1376 sancti
580 1322 785 1391 Ignatii
815 1323 1106 1393 scripsere,
1133 1341 1196 1378 ac
1217 1325 1458 1378 subinde
1489 1324 1755 1393 frigidam
1862 1326 2168 1396 Augustini
2217 1327 2452 1393 amicus,
2490 1342 2553 1379 ac
2593 1326 2798 1381 deinde
2831 1328 3117 1381 demortui
3167 1329 3432 1382 adversus
3462 1333 3558 1384 Se-

10 1411 203 1463 illam
248 1410 456 1464 Anuati
515 1410 939 1464 excusationem
987 1413 1309 1482 Augustino
1370 1412 1754 1483 quorumdam
1864 1416 2311 1480 Ini-Pelagianos
2372 1416 2655 1478 defensor,
2725 1415 2783 1469 in
2839 1416 3255 1486 Augustiniana
3307 1419 3561 1472 doctrina

10 1499 304 1552 censuris
333 1499 660 1552 insultantis
690 1504 990 1569 repetere:
1045 1521 1072 1552 «
1108 1502 1309 1555 Refero
1360 1506 1606 1562 tantum,
1639 1516 1754 1554 non
1865 1503 2319 1556 commendanda
2350 1503 2609 1556 omnium
2656 1503 3010 1557 nobilissimo
3043 1504 3226 1573 elogio
3269 1522 3402 1557 usus
3455 1511 3558 1571 est,

10 1589 253 1657 probo,
289 1587 335 1640 si
365 1587 683 1658 quidquam
707 1588 879 1658 justa:
911 1588 1237 1644 oﬁensionis
1293 1607 1522 1644 causam
1579 1590 1691 1654 det,
1726 1609 1752 1640 ι)
1865 1593 2018 1646 unde
2052 1592 2394 1645 recentiores
2425 1593 2491 1645 ad
2523 1592 2664 1645 illud
2708 1593 3119 1646 decurtandum
3174 1594 3562 1648 limitandum-

10 1678 140 1729 lib.
181 1693 300 1741 vni,
337 1693 460 1746 cap.
486 1680 538 1740 6,
571 1693 702 1748 pag.
754 1680 876 1732 864.
929 1678 1034 1733 Sed
1078 1680 1225 1732 absit
1278 1685 1344 1733 ut
1388 1679 1636 1732 hominis
1667 1695 1754 1730 er-
1786 1732 1825 1752 η
1867 1697 1977 1752 que
2009 1681 2152 1733 vires
2182 1696 2381 1733 omnes
2421 1681 2745 1743 intendunt,
2782 1685 2837 1734 et
2867 1681 3018 1751 quod
3048 1685 3130 1734 est
3182 1699 3378 1735 eorum
3424 1700 3561 1736 acu-

10 1782 236 1818 rorem
271 1765 638 1834 redarguens,
674 1766 940 1819 eumdem
974 1767 1184 1833 imiter,
1217 1768 1457 1838 ejusque
1496 1767 1750 1820 criminis
1786 1765 1827 1786 ”
1865 1787 2018 1836 men,
2055 1787 2117 1823 ex
2141 1770 2339 1823 eadem
2371 1769 2656 1822 leestini
2688 1770 2943 1840 epistola.
2983 1772 3134 1824 unde
3175 1772 3243 1824 ab
3301 1773 3426 1824 aliis
3475 1773 3560 1826 vel

10 1872 174 1907 reus
196 1855 333 1908 ﬁam
365 1854 527 1924 cujus
559 1855 710 1907 hunc
732 1855 1109 1909 recentiorem
1143 1857 1294 1927 apud
1333 1855 1557 1925 judices
1588 1871 1750 1908 reum
1861 1875 2033 1929 supra
2090 1859 2273 1912 sidera
2319 1858 2739 1928 Augustiniana
2807 1859 3113 1912 auctoritas
3170 1860 3333 1913 evehi
3398 1862 3556 1926 solet,

10 1942 312 2012 postulo!
355 1941 698 2012 Eru‘bescant
753 1943 1008 2012 profecto
1052 1944 1380 2010 adversarii,
1415 1944 1752 1997 erubescant
1861 1948 2122 2001 eamdem
2154 1947 2476 2016 deprimere
2521 1952 2818 2000 conantur.
2869 1948 3076 2000 Ultima
3106 1947 3360 2016 epistolae
3391 1949 3560 2002 verba

10 2033 178 2085 dum
230 2048 334 2084 nos
362 2031 421 2083 in
464 2031 608 2084 hanc
653 2047 887 2085 arenam
940 2032 1025 2085 vel
1068 2031 1278 2086 invitos
1309 2032 1657 2102 propellunt,
1690 2031 1751 2084 in
1862 2036 2124 2100 recitent,
2159 2051 2362 2105 nempe
2415 2035 2510 2088 ubi
2536 2035 2867 2089 leestinus
2916 2035 3034 2088 ait:
3082 2055 3108 2086 «
3153 2036 3558 2091 Profundiores

12 2137 158 2190 qua
192 2119 403 2172 odiosis
436 2135 666 2190 prorsus
682 2121 1208 2190 comparationibus
1241 2121 1309 2174 de
1333 2121 1593 2175 divorum
1619 2137 1750 2174 auc-
1862 2141 1994 2178 vero
2026 2124 2690 2194 difﬁcilioresquepartes
2710 2124 3127 2178 incurrentium
3152 2117 3557 2195 quaestionum,

14 2209 274 2262 toritate
303 2208 577 2277 litigetur.
611 2207 820 2262 Scitote
851 2211 1295 2279 Augustinianos
1326 2210 1503 2263 sancti
1546 2210 1753 2280 Ignatii
1861 2229 2001 2284 quas
2037 2213 2204 2265 latius
2260 2217 2682 2281 pertractarunt
2734 2212 2832 2282 qui
2876 2213 3157 2265 haereticis
3211 2214 3558 2281 restiterunt,

16 2298 306 2351 libellum
339 2297 425 2350 vel
457 2297 892 2367 Augustinianae
932 2297 1209 2352 doctrinas
1238 2298 1592 2352 conformem
1611 2297 1751 2351 reci-
1862 2300 2006 2353 sicut
2031 2316 2148 2353 non
2179 2299 2456 2353 audemus
2506 2304 2892 2364 contemnere,
2926 2300 3004 2352 ita
3033 2317 3150 2353 non
3183 2317 3408 2354 necesse
3466 2303 3580 2355 ha;

19 2401 206 2454 pere,
235 2385 515 2445 evolvere,
535 2385 874 2450 deosculari,
908 2391 965 2439 et
991 2403 1060 2439 ne
1087 2386 1214 2456 quis
1247 2387 1315 2440 de
1347 2387 1450 2440 hoc
1497 2386 1752 2457 ipsorum

24 2473 323 2543 obsequio
345 2473 582 2538 dubitet,
615 2473 777 2527 editis
806 2474 1233 2528 commentariis
1279 2475 1384 2528 hoc
1415 2473 1604 2544 ipsum
1651 2490 1752 2528 co-

23 2578 171 2615 ram
205 2561 484 2614 catholico
515 2560 650 2614 orbe
684 2561 1045 2632 proﬁtentur.
1080 2563 1140 2617 P.
1206 2563 1533 2616 Franciscus
1568 2564 1752 2616 Mace-

25 2652 144 2714 do,
181 2650 443 2704 Minorita
479 2649 799 2715 Lusitanus,
855 2649 1167 2720 seraphica:
1221 2651 1404 2718 gentis
1455 2651 1750 2720 splendor,

23 2741 196 2794 hanc
250 2739 356 2793 sibi
411 2739 654 2808 gloriam
703 2738 1028 2792 felicissime
1087 2738 1452 2808 comparavit.
1492 2739 1588 2792 Hic
1639 2743 1752 2793 Au-

23 2827 391 2900 gustinianae
423 2827 697 2880 doctrinae
727 2827 868 2880 adeo
893 2827 1201 2893 studiosus,
1233 2832 1332 2890 est,
1371 2831 1433 2880 ut
1465 2827 1524 2880 in
1555 2829 1750 2896 Isago-

24 2934 138 2987 ge,
168 2916 334 2969 initio
363 2932 478 2968 sua:
504 2915 752 2978 cortinas,
791 2916 897 2969 hac
940 2915 1113 2968 veluti
1160 2920 1373 2968 tessera
1427 2915 1486 2968 in
1537 2914 1751 2968 littera-

1861 2389 2062 2442 bemus
2102 2395 2373 2442 astruere.
2401 2406 2428 2440 υ
2458 2387 2675 2452 Quibus
2697 2388 3016 2456 signiﬁcare
3039 2389 3402 2444 Caelestinum
3435 2406 3563 2445 con-

1861 2478 2119 2541 tendunt,
2151 2481 2363 2547 praeter
2417 2493 2626 2546 paucas
2681 2477 2858 2530 sancti
2908 2478 3217 2547 Augustini
3254 2479 3562 2532 sententias

1861 2565 1931 2619 ab
1960 2565 2216 2618 Ecclesia:
2249 2564 2590 2634 prassulibus
2619 2580 2683 2618 ac
2736 2565 2968 2635 synodis
3000 2569 3274 2634 receptas,
3331 2583 3470 2636 quas
3501 2567 3559 2620 in

1862 2653 2250 2723 superioribus
2299 2653 2563 2723 capitulis
2613 2652 2834 2718 recitat,
2879 2653 2976 2706 abs
3031 2669 3088 2706 se
3120 2654 3320 2706 iterata
3352 2671 3559 2724 appro-

1860 2742 2090 2795 batione
2122 2729 2503 2809 conﬁrmatas,
2547 2741 2698 2795 nolle
2746 2741 2994 2811 reliquas
3034 2741 3104 2795 de
3143 2741 3334 2795 divina
3379 2741 3562 2810 gratia

1863 2828 2178 2898 opiniones,
2213 2844 2352 2898 quas
2394 2827 2488 2880 ille
2537 2827 2596 2880 in
2627 2826 2742 2879 suis
2795 2834 2992 2880 contra
3025 2826 3358 2897 Pelagianos
3396 2827 3561 2881 editis

1863 2915 2344 2986 disputationibus
2366 2915 2569 2978 tenuit,
2601 2919 2876 2985 tanquam
2914 2915 2983 2968 de
3040 2915 3149 2968 ﬁde
3179 2918 3454 2980 astruere,
3487 2917 3580 2970 ob-

25 3005 191 3059 riam
240 3005 560 3075 palaestram
620 3004 1023 3058 descenderet:
1062 3023 1090 3054 ((
1141 3005 1253 3073 Ego
1304 3003 1752 3074 Augustinianus
1782 3023 1822 3080 ο
1863 3004 2166 3058 asserentis
2197 3009 2388 3057 tamen
2420 3003 2726 3072 Augustini
2765 3001 3158 3056 auctoritatem
3189 3019 3283 3056 eas
3333 3019 3391 3056 se
3447 3019 3561 3057 non

29 3111 220 3161 sum;
260 3093 871 3162 Augustinianissimus
933 3107 1079 3146 sum.
1118 3114 1139 3141 ι
1202 3093 1323 3160 Hic,
1383 3092 1641 3163 inquam,
1691 3092 1749 3145 in

30 3181 434 3237 eruditissimo
457 3181 556 3235 illo
587 3181 874 3234 volumine
896 3197 1008 3252 quo
1040 3180 1299 3234 Ecclesiae
1323 3179 1536 3232 orantis
1558 3182 1614 3232 et
1643 3181 1751 3231 Au-

29 3271 268 3343 gustini
299 3270 595 3324 scribentis
633 3274 975 3324 concentum
1034 3269 1350 3339 descripsit,
1391 3267 1751 3322 harmoniam

31 3376 281 3432 quoque
324 3359 727 3412 Exercitiorum
779 3358 956 3412 sancti
1007 3357 1236 3428 Ignatii,
1295 3354 1576 3410 societatis
1621 3356 1752 3408 Jesu

33 3449 386 3516 fundatoris,
419 3453 477 3502 et
503 3462 744 3517 operum
774 3447 954 3501 sancti
982 3446 1287 3516 Augustini
1319 3445 1580 3499 Ecclesia:
1611 3447 1750 3498 doc-

32 3538 194 3592 toris
218 3537 376 3607 (uam
409 3538 575 3606 plane
598 3537 749 3590 hunc
780 3536 940 3607 operi
972 3535 1204 3590 titulum
1243 3535 1420 3603 dedit)
1469 3533 1749 3598 exhibuit,

35 3628 216 3696 cujus
246 3626 385 3679 illud
425 3624 722 3680 exordium
753 3629 875 3678 est:
915 3645 937 3677 ι
972 3625 1160 3693 Soleo,
1188 3625 1362 3695 idque
1396 3627 1660 3693 expertus
1687 3638 1752 3675 ac

37 3718 307 3787 prudens
328 3715 536 3780 dicere,
552 3713 706 3768 haud
733 3713 897 3768 facile
913 3713 1060 3766 inter
1073 3719 1294 3767 sanctos
1312 3712 1552 3782 reperiri
1573 3711 1750 3766 alium

37 3803 376 3874 Augustino
407 3819 538 3857 cum
569 3802 866 3868 doctrinae,
900 3817 1030 3872 quae
1059 3819 1092 3855 a
1124 3803 1240 3855 Deo
1272 3806 1374 3867 est,
1431 3805 1486 3854 et
1515 3801 1752 3870 mystica

36 3892 394 3964 appellatur,
425 3897 548 3945 tum
579 3891 858 3944 instituta:
889 3907 922 3944 a
952 3907 1008 3943 se
1041 3893 1096 3943 et
1161 3888 1286 3943 aliis
1340 3888 1571 3942 indictae
1622 3888 1753 3941 vitae

35 3983 296 4046 ratione,
325 3997 497 4051 quam
552 3981 838 4049 lgnatium
869 3979 1227 4033 similiorem.
1273 3999 1299 4026 ιο
1351 3977 1488 4041 Quae
1519 3975 1753 4047 quidem

36 4073 139 4126 vir
170 4070 529 4126 doctissimus
558 4069 842 4124 fusissime
872 4085 976 4139 per
1018 4066 1223 4139 viginti
1253 4071 1380 4120 octo
1402 4065 1607 4134 capita,
1639 4065 1752 4117 col-

39 4161 184 4216 latis
215 4176 281 4213 ex
311 4165 553 4228 utroque
585 4158 902 4224 sententiis,
959 4157 1037 4211 ita
1066 4154 1416 4225 comprobat,
1452 4158 1514 4206 ut
1540 4153 1755 4222 profec-

41 4258 110 4305 to
136 4249 370 4304 minime
398 4247 718 4302 timendum
751 4247 824 4301 sit
851 4263 923 4300 ne
953 4244 1276 4316 Augustino
1307 4242 1624 4313 quidquam
1656 4241 1752 4295 de-

1861 3098 2248 3159 contemnere,
2282 3093 2381 3146 sed
2409 3092 2638 3146 easdem
2676 3092 2855 3146 libero
2884 3092 3158 3145 lectorum
3190 3091 3442 3145 asseusui
3470 3093 3560 3146 vel

1861 3183 2141 3237 dissensui
2170 3181 2309 3235 citra
2339 3180 2800 3251 reprehensionis
2842 3180 3163 3250 periculurn
3203 3179 3555 3250 permittere.

1861 3274 1927 3326 Et
1948 3272 2178 3343 quidem
2209 3273 2486 3324 Annatus.
2533 3270 2629 3323 lib.
2665 3286 2782 3336 Vill,
2834 3285 2956 3339 cap.
3018 3272 3067 3337 1,
3115 3285 3244 3321 cum
3291 3284 3559 3322 numero-

1860 3375 1980 3413 sam
2007 3359 2234 3415 testium
2266 3363 2548 3411 catervam
2580 3361 2776 3410 contra
2823 3357 3207 3426 Augustinum
3251 3356 3559 3426 productu-

1860 3463 1956 3500 rus
1984 3451 2148 3509 esset,
2183 3445 2370 3499 eidem
2412 3445 2779 3499 Celestinum
2819 3459 3031 3515 papam
3084 3445 3374 3498 ductorem
3407 3443 3562 3498 dedit

1860 3536 2174 3589 inclamans
2202 3551 2213 3588 :
2237 3553 2264 3584 α
2295 3537 2518 3603 Agmen
2549 3534 2736 3600 ducet,
2762 3537 2829 3587 ut
2849 3549 2950 3604 par
2966 3539 3070 3601 est,
3100 3550 3357 3587 summus
3379 3531 3563 3603 ponti-

1858 3625 1950 3678 fex
1972 3623 2304 3679 Caalestinus
2335 3623 2584 3690 Primus,
2619 3641 2645 3674 s
2681 3637 2812 3676 cum
2844 3628 3036 3676 tamen
3071 3623 3366 3692 hucusque
3413 3620 3563 3674 inter

1859 3713 2179 3784 pracipuos
2219 3710 2398 3764 sancti
2430 3711 2678 3765 doctoris
2707 3711 3085 3764 encomiastas
3112 3710 3207 3763 ille
3266 3710 3420 3763 idem
3450 3709 3562 3778 pri-

1859 3817 1982 3854 mas
2011 3798 2279 3853 tenuerit.
2321 3799 2590 3862 Quinimo
2634 3799 2980 3852 recentiores
3011 3798 3106 3850 isti
3154 3797 3407 3866 theologi
3437 3798 3559 3866 glo-

1862 3888 2083 3940 riantur
2104 3903 2160 3940 se
2191 3885 2446 3955 ejusdem
2509 3884 2762 3954 epistola
2807 3884 3235 3950 limitationem,
3302 3899 3415 3952 qua
3458 3899 3559 3935 an-

1861 3975 2080 4047 gustior
2107 3974 2206 4029 ﬁat
2233 3973 2540 4042 Augustini
2570 3973 2898 4038 auctoritas,
2934 3989 2962 4025 e
2992 3971 3243 4026 tenebris
3271 3971 3330 4023 in
3352 3970 3559 4023 scholas

1863 4064 2054 4117 oculos
2084 4076 2399 4115 revocasse.
2453 4060 2727 4116 Audiatur
2781 4059 3058 4113 Moraines
3115 4059 3174 4112 in
3222 4058 3560 4129 praefatione

1863 4153 1933 4206 ad
1959 4149 2345 4204 orthodoxos:
2383 4169 2406 4198 ι
2449 4149 2630 4212 Quam
2670 4147 2838 4201 multi
2897 4148 3016 4201 sine
3069 4148 3186 4201 ullo
3234 4145 3560 4201 discrimine

1861 4238 2166 4310 Augustini
2197 4237 2591 4292 auctoritatem
2623 4235 3020 4301 admittebant,
3056 4235 3156 4305 qui
3185 4251 3337 4289 nunc
3366 4233 3563 4288 audita

42 4337 314 4394 trimenti
371 4353 438 4390 ex
503 4333 786 4406 lgnatiani
837 4334 1017 4389 libelli
1053 4314 1414 4403 vexpressiori
1452 4347 1515 4384 ac
1569 4329 1751 4400 magis
1789 4314 1834 4369 Ῑ)
1864 4327 2207 4384 limitatione
2230 4342 2403 4397 quam
2443 4327 2565 4396 ejus
2591 4323 2997 4396 approbationi
3030 4324 3363 4379 Coelestinus
3389 4339 3563 4393 appo-

41 4427 333 4497 explicita,
403 4431 467 4480 ut
523 4425 738 4496 inquis,
789 4423 1201 4495 approbatione
1255 4421 1553 4485 inferatur,
1613 4435 1754 4473 neve

44 4517 228 4573 tantis
259 4518 646 4570 Romanorum
685 4515 997 4585 presulum
1053 4528 1116 4565 ac
1156 4513 1386 4565 Patrum
1420 4508 1617 4580 elogiis
1646 4511 1755 4562 Au-

45 4605 369 4679 gustiuiani
397 4605 689 4658 volumina
710 4599 1365 4670 nobilitantibuslgnatii
1392 4598 1612 4652 libellus
1643 4597 1756 4650 suf-

45 4694 294 4757 focetur,
327 4693 422 4747 sed
448 4709 578 4746 cum
609 4691 811 4746 eadem
841 4690 1110 4760 dogmata
1140 4692 1197 4742 et
1239 4702 1478 4758 parvum
1526 4685 1752 4756 Ignatii,

44 4786 109 4834 et
149 4781 372 4850 prolixa
401 4779 705 4851 Augustini
736 4778 1028 4833 volumina
1064 4778 1132 4832 de
1171 4777 1378 4831 divina
1423 4775 1620 4844 gratiae
1657 4791 1758 4827 au-

43 4869 205 4923 xiliis
237 4869 483 4931 tradant,
513 4870 710 4923 eadem
731 4882 966 4938 prorsus
996 4865 1403 4936 approbatione
1435 4862 1654 4918 munita
1679 4862 1758 4916 di-

45 4963 278 5019 cantur,
315 4958 636 5028 Augustino
655 4962 712 5011 et
727 4956 1046 5012 doctrinam
1066 4960 1121 5008 et
1141 4954 1394 5025 ejusdem
1410 4953 1578 5007 etiam
1602 4967 1756 5005 com-

45 5046 485 5100 mendationem
518 5046 575 5098 in
627 5045 988 5116 Ignatianum
1024 5043 1274 5096 codicem
1306 5041 1753 5104 transfundente,

47 5139 110 5188 et
153 5134 373 5204 lgnatio
403 5149 548 5187 nova
599 5150 632 5186 a
680 5133 854 5186 Paulo
911 5132 982 5185 ΙΙΙ
1037 5129 1448 5200 approbatione
1506 5128 1755 5192 obtenta,

49 5223 222 5292 tiqua
252 5222 590 5292 pontiﬁcum
621 5222 690 5276 de
745 5219 1053 5291 Augustini
1109 5217 1267 5272 libris
1319 5218 1542 5271 decreta
1573 5231 1761 5268 recen-

54 5311 194 5365 tiori
244 5311 455 5364 iterum
534 5310 791 5380 ejusdem
845 5307 1168 5379 apostolica:
1207 5305 1355 5360 sedis
1433 5303 1758 5357 testimonio

58 5400 460 5453 conﬁrmante.
493 5400 599 5452 Vos
629 5399 865 5470 quidem
898 5412 1122 5467 magna:
1152 5395 1358 5448 animas
1388 5393 1567 5446 beata:
1610 5391 1761 5445 illius

59 5488 316 5558 regionis
352 5487 520 5554 cives,
563 5488 648 5542 uti
701 5488 761 5542 in
807 5487 990 5552 libris,
1021 5486 1101 5540 ita
1147 5483 1288 5538 etin
1319 5482 1532 5538 caelesti
1577 5481 1763 5551 patria

61 5577 370 5632 concordes
398 5582 678 5631 aeternum
729 5576 904 5638 eritis,
937 5579 993 5629 et
1037 5573 1308 5644 angelicis
1359 5570 1615 5626 cantibus
1645 5585 1763 5622 ves-

1862 4419 1996 4487 suit,
2037 4417 2174 4471 dum
2235 4415 2475 4470 audiunt
2531 4414 2745 4486 aliquid
2799 4430 2866 4467 ex
2919 4413 3235 4482 Augustino
3288 4411 3558 4482 proponi,

1863 4506 2203 4578 quaeritant:
2239 4505 2403 4559 Estne
2432 4505 2540 4558 hoc
2559 4503 2628 4557 de
2661 4503 2772 4557 illis
2805 4501 3270 4572 profundioribus
3292 4499 3561 4572 quaestio-

1863 4596 2028 4650 nibus
2067 4608 2208 4665 quas
2255 4609 2370 4646 non
2428 4608 2654 4646 necesse
2689 4591 2966 4662 judicavit
3010 4596 3284 4657 astruere,
3335 4605 3477 4660 quas
3501 4589 3561 4641 in

1861 4683 2096 4754 ancipiti
2130 4681 2407 4752 opinandi
2464 4681 2727 4736 libertate
2787 4679 3064 4750 reliquit?
3092 4701 3113 4727 ι
3150 4679 3448 4748 Tripudiat
3499 4677 3559 4730 in

1862 4772 1976 4825 illis
2007 4768 2294 4825 C(elestini
2321 4769 2509 4822 verbis
2538 4772 2795 4822 Annatus
2832 4769 2930 4822 lib.
2983 4785 3100 4834 Vlll,
3152 4784 3273 4836 cap.
3331 4771 3379 4829 1,
3426 4780 3556 4833 pag.

1863 4861 2003 4914 858:
2040 4859 2214 4912 «Nos
2240 4871 2394 4924 vero,
2453 4856 2664 4926 inquit,
2722 4863 2948 4910 auctore
3006 4855 3304 4911 Caelestino
3361 4852 3560 4906 distin-

1864 4947 2096 5019 guimus
2125 4947 2272 5000 inter
2316 4945 2664 4999 necessarias
2711 4951 2764 5000 et
2819 4947 3207 5001 indiﬁ‘erentes
3261 4939 3562 5010 Augustini

1865 5035 2197 5104 sententias,
2229 5048 2576 5104 omnemque
2605 5034 2736 5088 huic
2763 5034 2969 5088 lumini
3002 5030 3345 5086 contrariam
3375 5029 3561 5081 lucem

1866 5125 2130 5180 tenebras
2160 5129 2516 5195 reputemus.
2554 5142 2579 5172 ι)
2610 5124 2804 5193 Itaque
2861 5123 2970 5175 hoc
3016 5121 3135 5173 loco
3192 5132 3294 5187 pro
3337 5119 3556 5185 Augus-

1866 5215 2088 5270 tiniana
2117 5213 2378 5268 doctrina
2432 5228 2560 5266 cum
2611 5210 3020 5264 recentioribus
3073 5205 3332 5260 cominus
3385 5204 3561 5258 veluti

1868 5304 2070 5357 collato
2100 5303 2246 5372 pede
2275 5301 2648 5371 pugnandum
2682 5305 2782 5366 est,
2817 5299 2875 5350 in
2904 5313 3016 5368 quo
3076 5295 3310 5368 quidem
3359 5309 3559 5365 campo

1869 5392 2062 5446 minus
2090 5391 2330 5445 feliciter
2359 5390 2739 5445 recentiorum
2773 5387 3019 5456 impetus
3069 5385 3168 5439 alii
3215 5383 3558 5449 sustinuere,

1869 5480 2020 5535 unde
2049 5480 2131 5533 illi
2164 5479 2535 5534 animosiores
2564 5477 2695 5532 facti
2729 5475 2834 5530 sibi
2876 5491 2942 5529 ea
2971 5475 3031 5529 in
3061 5475 3158 5530 lite
3191 5475 3260 5530 de
3290 5472 3559 5544 Augusti-

1872 5585 1944 5622 no
1969 5568 2263 5622 victoriam
2289 5571 2348 5622 et
2382 5566 2740 5636 triumphum
2769 5563 3044 5629 cecinere.
