3908 6180
338 310 442 360 819

1353 299 1905 355 SUPPLEMENTUM
1946 301 2035 355 AD
2072 299 2304 357 OPERA
2343 301 2399 355 S.
2440 298 2836 354 AUGUSTINI.
3697 309 3770 360 820

409 428 474 481 In
505 424 709 498 primis
763 423 970 478 eximia
1023 420 1406 476 recentiorum
1457 422 1699 476 eruditio
1756 439 2044 478 commen-
2084 428 2126 480 A
2157 423 2536 492 demorantes,
2567 420 2838 492 piissimis
2868 419 3313 490 disputatoribus
3343 422 3556 478 obviare
3607 443 3777 496 praesu-

339 516 528 572 danda
550 514 814 579 occurrit,
848 512 947 584 qui
969 527 999 564 e
1037 527 1098 564 re
1129 526 1364 580 prorsus
1416 511 1632 564 incerta
1687 517 1908 566 certum
1952 512 2041 565 in-

340 605 669 673 victumque
697 605 892 655 contra
931 599 1314 668 Augustinum
1357 605 1763 669 argumentum
1811 616 2043 654 exerere

344 693 712 747 arbitrantur.
770 688 994 742 Etenim
1038 688 1172 740 viris
1204 688 1605 742 eruditissimis
1653 693 1710 742 et
1741 689 2042 758 sapientis-

345 781 500 835 simis
541 778 689 831 haud
733 777 1009 846 probatur
1037 776 1210 830 verba
1267 776 1527 846 superius
1587 783 1908 831 memorata
1953 795 2043 830 as-

344 868 484 922 cribi
562 865 886 929 Caelestino,
948 865 1046 918 sed
1110 865 1335 934 cuipam
1395 865 1558 919 alteri
1614 864 2046 934 Augustinianae

346 955 623 1010 doctrinae
654 954 909 1008 studioso
971 953 1297 1023 deputanda
1348 970 1470 1006 esse
1514 953 1888 1006 conteudunt.
1933 954 2049 1006 C03-

343 1045 535 1100 lestini
580 1044 821 1114 epistola
874 1043 984 1096 illis
1041 1043 1228 1096 verbis
1284 1042 1340 1095 iu
1373 1043 1484 1096 line
1516 1059 1638 1112 cap.
1689 1047 1722 1096 2
1754 1043 2045 1096 concludi-

347 1140 474 1188 tur:
529 1137 666 1187 Deus
715 1147 805 1185 cos
837 1133 1122 1185 incolumes
1162 1131 1447 1198 custodiat,
1479 1133 1685 1197 fratres
1714 1133 2044 1186 charissimi.

349 1225 547 1277 Postea
577 1222 774 1274 decem
799 1220 986 1289 capita
1011 1219 1394 1272 adnectuntur
1438 1219 1499 1271 in
1546 1219 1755 1289 quibus
1785 1219 2049 1289 Pelagia-

350 1326 561 1366 norum
590 1326 654 1362 ac
673 1307 1298 1377 Sami-Pelagianorum
1341 1323 1560 1361 errores
1603 1324 1669 1361 ex
1709 1307 2049 1376 Innocentii,

352 1398 556 1453 Zosimi
585 1414 646 1450 ac
677 1396 878 1465 synodi
917 1395 1378 1466 Carthaginensis
1409 1395 1650 1450 decretis
1705 1397 2047 1449 refutantur.

356 1489 534 1540 Porro
588 1485 695 1538 ista
749 1486 943 1538 decem
974 1485 1159 1554 capita
1209 1500 1327 1537 non
1367 1501 1488 1537 esse
1537 1485 1825 1539 leestini
1880 1484 2055 1538 tradit

356 1573 747 1628 ecclesiasticae
796 1571 1046 1626 historiae
1105 1588 1312 1641 parens
1375 1572 1558 1625 Caesar
1635 1571 1910 1626 Baronius
1983 1572 2053 1626 ad

357 1677 578 1715 annum
606 1663 730 1723 431,
761 1675 894 1730 pag.
929 1663 1052 1726 603,
1085 1661 1183 1714 ubi
1238 1661 1315 1714 ait
1343 1661 1412 1714 de
1452 1661 1694 1730 epistola
1749 1661 1848 1714 illa
1877 1661 2054 1715 Caele-

359 1751 531 1804 stini:
569 1770 596 1798 «
626 1751 956 1820 Junguntur
988 1749 1241 1819 epistola:
1299 1749 1484 1818 capita
1529 1749 1795 1820 quaedam
1854 1750 2054 1803 adver-

360 1855 455 1892 sus
486 1838 820 1908 Pelagianos
851 1853 1070 1891 errores
1098 1838 1168 1891 ab
1199 1838 1512 1908 apostolica
1537 1839 1670 1892 sede
1719 1838 1856 1892 olim
1905 1844 1962 1892 et
1989 1839 2058 1894 ab

359 1926 638 1980 Africanis
668 1926 895 1980 decreta
924 1925 1199 1991 conciliis,
1233 1926 1443 1996 quibus
1473 1927 1748 1980 deberent
1800 1927 2060 1982 insistere

361 2015 460 2086 qui
490 2015 593 2068 sub
626 2014 902 2068 catholico
950 2014 1184 2068 nomine
1229 2013 1363 2068 licet
1412 2014 1707 2085 Pelagium
1738 2019 1909 2085 atque
1941 2015 2060 2068 Ca3-

361 2103 592 2157 lestium
649 2103 1010 2156 anathemate
1085 2103 1555 2170 condemnarent,
1615 2119 1816 2156 eorum
1868 2108 2064 2156 tamen

365 2191 667 2246 defendere
707 2197 1055 2244 conarentur
1086 2207 1327 2245 errores.
1397 2194 1676 2244 Putantur
1730 2192 1830 2244 illa
1881 2191 2066 2261 capita

365 2295 487 2334 esse
514 2279 796 2348 Prosperi,
831 2279 950 2350 qui,
987 2285 1048 2332 ut
1076 2279 1331 2348 profiteri
1361 2279 1603 2345 videtur,
1635 2297 1701 2334 ea
1731 2280 1962 2350 collegit
1999 2298 2065 2334 ex

365 2367 606 2422 decretis
635 2368 1022 2421 Romanorum
1063 2367 1424 2436 pontificum,
1485 2368 1770 2438 simulque
1816 2367 2068 2421 conciliis

369 2456 669 2522 Africanis,
705 2455 804 2509 ubi
835 2455 986 2508 idem
1018 2457 1225 2509 Auctor
1255 2457 1373 2509 haec
1419 2456 1609 2524 habet,
1639 2456 1697 2508 in
1753 2456 1903 2510 line:
1936 2459 2066 2510 Pro-

365 2545 648 2612 fundiores
718 2559 841 2597 vero
925 2543 1371 2612 difﬁcilioresque
1429 2550 1615 2612 partes
1682 2547 2069 2598 incurrentium

368 2635 741 2701 quaestionum,
767 2647 903 2701 quas
935 2633 1121 2696 latius,
1159 2637 1288 2698 etc.,
1319 2639 1381 2686 ut
1406 2648 1597 2702 supra.
1636 2653 1661 2683 »
1693 2636 1835 2688 Ante
1895 2635 2069 2686 Baro-

368 2720 531 2774 nium
567 2719 901 2773 Laurentius
943 2719 1161 2785 Surius,
1195 2720 1253 2773 in
1303 2737 1461 2774 sacra
1497 2720 1735 2774 historia
1775 2721 1906 2774 satis
1934 2737 2070 2790 per-

369 2809 628 2875 celebris,
660 2808 872 2877 aliique
912 2813 1042 2878 post
1071 2809 1260 2879 ipsum
1309 2811 1639 2863 collectores
1697 2811 2071 2864 conciliorum

337 2897 479 2950 .hoc
509 2895 698 2966 ipsum
729 2901 1154 2965 prmnotarant;
1185 2914 1319 2952 nam
1361 2898 1420 2951 in
1452 2898 1702 2953 editione
1747 2899 2072 2954 Coloniensi

2154 517 2338 577 munt,
2373 516 2585 565 etcum
2644 509 2940 579 Pelagium
2995 513 3165 578 atque
3220 511 3531 566 Coelestium
3583 517 3782 571 anathe-

2155 600 2423 654 matizare
2455 615 2569 652 non
2598 598 2882 663 dubitent,
2918 597 3202 666 magistris
3231 603 3414 652 tamen
3443 602 3652 669 nostris,
3684 609 3785 658 tan-

2154 705 2326 760 quam
2383 688 2766 742 necessarium
2822 687 3061 740 modum
3112 688 3460 756 excesserint,
3516 689 3788 760 obloquun-

2154 784 2268 843 tur,
2301 793 2479 847 eaque
2535 776 2933 830 tantummodo
2977 774 3139 844 sequi
3196 780 3252 828 et
3290 776 3519 845 probare
3568 779 3791 847 profiten-

2156 871 2266 932 tur,
2301 882 2430 936 quae
2461 865 2835 918 sacratissima
2869 865 2929 917 Β.
2963 863 3205 934 apostoli
3242 865 3392 917 Petri
3444 865 3594 918 sedes
3633 873 3792 921 contra

2154 955 2416 1009 inimicos
2447 954 2644 1024 gratia:
2675 953 2773 1006 Dei
2807 969 2910 1022 per
2939 951 3326 1006 ministerium
3377 953 3665 1022 praesulum
3691 972 3794 1008 suo-

2156 1060 2285 1098 rum
2317 1043 2502 1097 sanxit
2540 1047 2596 1096 et
2621 1041 2831 1096 docuit.
2869 1040 3261 1094 Necessarium
3293 1040 3396 1093 fuit
3423 1041 3701 1110 diligenter
3728 1043 3793 1095 in-

2155 1132 2383 1203 quirere
2414 1131 2551 1202 quid
2581 1135 2828 1184 rectores
2900 1131 3173 1183 Romanas
3224 1127 3476 1182 Ecclesiae
3530 1129 3594 1181 de
3635 1129 3796 1184 haeresi

2159 1235 2286 1288 quae
2341 1235 2542 1273 eorum
2595 1217 2952 1288 temporibus
3009 1222 3200 1270 exorta
3253 1217 3437 1270 fuerat
3499 1218 3794 1286 judicarint:

2161 1325 2187 1356 ‹‹
2233 1308 2359 1360 Haec
2389 1307 2542 1360 enim
2572 1323 2689 1360 non
2719 1306 2983 1360 videntur
3038 1305 3210 1359 verba
3263 1305 3501 1359 Romani
3546 1306 3797 1359 antistitis:

2161 1409 2277 1446 non
2324 1394 2478 1448 enim
2533 1395 2602 1448 de
2661 1396 2919 1448 Romana
2975 1393 3106 1447 sede
3162 1398 3441 1464 tanquam
3493 1394 3700 1463 propria
3737 1394 3801 1446 lo-

2161 1483 2377 1553 quitur,
2431 1499 2534 1537 nec
2589 1484 2876 1537 Romanos
2907 1486 3153 1536 rectores
3215 1486 3376 1535 vocat
3414 1481 3802 1553 prazdecessores

2163 1588 2317 1637 suos,
2378 1575 2553 1640 prout
2609 1571 2906 1642 pontifices
2933 1575 3374 1637 consueverunt,
3423 1575 3603 1624 tamen
3634 1571 3805 1625 habens

2165 1661 2232 1714 ad
2278 1660 2671 1714 deﬁniendum
2721 1659 3118 1714 auctoritatem
3173 1660 3450 1730 loquitur.
3504 1661 3806 1730 Quapropter

2165 1748 2345 1820 aliqui
2376 1753 2608 1803 censent
2652 1748 2751 1802 illa
2782 1748 2968 1819 capita
2999 1748 3171 1802 fuisse
3228 1765 3261 1802 a
3314 1751 3584 1819 Prospero
3620 1750 3807 1803 collecta

2166 1842 2225 1890 et
2251 1837 2336 1890 illi
2356 1838 2611 1908 epistolae
2643 1837 2928 1907 adjuncta,
2959 1853 2992 1889 a
3044 1852 3154 1906 qua
3213 1838 3495 1891 sententia
3531 1853 3634 1890 non
3678 1838 3807 1906 longe

2167 1924 2327 1980 abest
2357 1927 2632 1979 Baronius
2689 1941 2842 1979 anno
2895 1927 3020 1992 431,
3082 1941 3246 1980 num.
3312 1929 3431 1992 l85,
3486 1931 3538 1978 et
3584 1931 3660 1980 est
3695 1933 3807 1978 certe

2168 2015 2513 2078 verisimilis,
2575 2014 2972 2085 indicaturque
3021 2014 3081 2068 in
3135 2015 3251 2068 illis
3310 2015 3536 2068 verbis:
3583 2017 3808 2080 Magistris

2169 2107 2371 2158 nostris
2407 2109 2667 2173 tanquam
2694 2106 3052 2158 necessarium
3081 2103 3303 2158 modum
3351 2105 3670 2171 eri-cesserint,
3695 2102 3809 2156 oblo-

2172 2196 2414 2259 quuntur
2433 2213 2454 2259 ;
2485 2193 2606 2246 haec
2636 2191 2791 2245 enim
2816 2191 2988 2246 verba
3019 2192 3075 2245 in
3104 2192 3356 2262 gratiam
3388 2191 3675 2262 Augustini
3701 2190 3810 2243 dicta

2173 2285 2328 2349 sunt,
2359 2282 2655 2350 magisque
2686 2281 2945 2335 redolent
2996 2283 3349 2352 Prosperum
3401 2296 3568 2352 quam
3611 2278 3806 2334 Caelesti-

2176 2384 2335 2423 num.
2361 2388 2389 2420 »
2419 2372 2546 2423 Haec
2576 2369 2690 2423 ille.

2247 2457 2397 2511 Vidit
2427 2457 2533 2511 ista
2572 2457 2632 2510 in
2662 2456 2827 2511 Snrio
2860 2456 3084 2511 Gabriel
3115 2458 3397 2528 Vasquez,
3429 2460 3571 2527 part.
3625 2473 3657 2522 ι,
3704 2455 3809 2524 disp.

2178 2547 2453 2610 9l,num.
2515 2544 2916 2615 85,'dixitque
2964 2545 3032 2599 ab
3093 2561 3158 2599 eo
3216 2550 3450 2600 auctore
3500 2545 3612 2599 sine
3657 2544 3811 2598 funda-

2178 2638 2371 2688 mento
2397 2634 2600 2705 negari
2634 2633 2822 2704 capita
2849 2634 2947 2688 illa
2970 2650 3090 2688 esse
3123 2634 3438 2699 Caelestini,
3471 2650 3594 2687 cum
3627 2632 3700 2687 uti
3725 2633 3812 2686 Co:-

2179 2722 2371 2776 lestini
2392 2723 2710 2776 sanctiones
2757 2723 3061 2792 protulerit
3080 2724 3288 2776 Petrus
3319 2723 3610 2777 Diaconus.
3640 2721 3811 2776 Addere

2179 2815 2404 2881 poterat
2432 2817 2490 2866 et
2538 2812 2905 2866 Cresconium
2953 2813 3013 2864 in
3063 2811 3413 2866 Collectione
3443 2823 3816 2873 canonum;ve-

2179 2916 2311 2954 rum
2353 2901 2458 2954 iste
2483 2901 2622 2955 vixit
2645 2917 2795 2954 anno
2826 2903 2950 2966 698,
2987 2902 3182 2954 Petrus
3213 2917 3354 2954 vero
3395 2900 3660 2954 Diaconus
3704 2898 3816 2950 inte-

372 2984 779 3050 Conciliorum,
836 3000 985 3038 anno
1065 2989 1220 3048 1551,
1283 3003 1314 3040 a
1365 2987 1540 3041 latere
1599 2989 1721 3041 haec
1768 2989 2068 3058 leguntur:
2100 3006 2138 3062 (ς
2179 3005 2280 3059 gro
2310 2996 2442 3060 post
2480 2989 2847 3043 Caelestinum
2878 2990 3084 3042 saeculo
3117 2989 3343 3055 ﬂoruit,
3404 2995 3468 3043 ut
3521 3005 3580 3042 ex
3629 2985 3818 3041 Historia

378 3095 400 3122 ι
436 3071 742 3143 Sequentia
771 3073 1040 3127 undecim
1070 3075 1317 3144 capitula
1345 3075 1615 3129 videntur
1643 3075 1830 3146 potius
1856 3077 1926 3130 ab
1957 3075 2069 3128 alio

373 3160 648 3230 quopiam
702 3160 1041 3230 interposita
1112 3177 1285 3230 quam
1343 3178 1462 3214 esse
1536 3162 1714 3232 ipsius
1775 3161 2069 3216 Coelestini

375 3264 560 3319 papm.
596 3267 623 3298 »
654 3249 718 3301 In
748 3247 1000 3302 editione
1031 3248 1134 3302 sub
1170 3248 1324 3303 Sixto
1375 3251 1439 3318 V,
1494 3250 1600 3302 hoc
1655 3249 1912 3302 scholion
1941 3253 2071 3318 post

375 3335 689 3390 secundum
718 3336 1034 3405 capitulum
1058 3336 1366 3390 inseritur:
1402 3359 1429 3385 ‹ι
1453 3338 1577 3390 Non
1625 3337 1851 3390 videtur
1911 3337 2071 3391 dubi-

374 3425 612 3478 tandum
635 3424 777 3494 quin
807 3424 1105 3493 sequentia
1125 3424 1238 3478 sint
1277 3426 1556 3496 Prosperi,
1599 3429 1716 3479 tam
1751 3429 1882 3479 sunt
1911 3426 2069 3478 simi—

375 3513 453 3566 lia
482 3518 538 3566 et
567 3517 906 3582 argumento
939 3517 996 3566 et
1050 3514 1195 3582 stylo
1251 3513 1374 3582 ejus
1431 3513 1670 3584 scriptis.
1733 3537 1752 3562 ο
1789 3514 2071 3568 Gerardus

375 3601 625 3667 Vossius,
653 3601 739 3653 vir
764 3617 935 3670 quem
968 3599 1246 3654 librorum
1278 3601 1606 3655 helluonem
1639 3602 1869 3668 dixeris,
1923 3603 2019 3659 lib.
2053 3619 2071 3656 ι

376 3689 512 3743 Hist.
558 3690 772 3760 Pelag,
822 3705 944 3758 cap.
995 3691 1084 3755 30,
1141 3690 1404 3744 eamdem
1471 3691 1816 3743 sententiam
1865 3691 2072 3761 probat

379 3777 592 3848 duplici
630 3782 1003 3846 argumento:
1074 3794 1208 3843 uno,
1274 3779 1425 3848 quod
1483 3778 1822 3832 C(elestinus
1880 3779 1942 3832 in
1974 3780 2072 3832 illa

377 3866 613 3937 epistola
665 3881 781 3919 non
811 3865 1074 3918 meminit
1130 3865 1338 3919 horum
1387 3865 1638 3936 capitum
1677 3883 1805 3938 qua:
1854 3883 2073 3921 annexa

377 3955 562 4008 eidem
618 3958 777 4020 sunt;
832 3952 982 4007 aliud
1027 3954 1115 4007 his
1155 3955 1339 4007 verbis
1394 3955 1694 4026 proponit:
1761 3956 2072 4010 «Alterum

378 4050 783 4115 argumentum
812 4061 912 4098 cur
945 4044 1228 4098 Coelestini
1258 4061 1379 4099 esse
1409 4062 1526 4099 non
1581 4045 1777 4117 possit,
1835 4045 1942 4100 hoc
1988 4052 2073 4100 est

377 4134 531 4204 quod
579 4133 896 4187 Innocentii
951 4138 1006 4186 et
1063 4133 1268 4187 Zosimi
1327 4135 1596 4205 epistolas
1651 4135 1783 4190 citet
1840 4135 2068 4205 saepius,

377 4238 484 4276 nec
511 4238 754 4292 usquam
784 4223 871 4276 vel
898 4223 1048 4276 hunc
1086 4221 1440 4277 decessorem
1496 4226 1584 4278 vel
1631 4225 1796 4278 illum
1850 4223 2070 4294 prmde-

379 4325 658 4364 cessorem
740 4326 908 4364 suum
985 4312 1252 4380 appellet,
1314 4319 1512 4364 contra
1578 4327 1752 4382 quam
1803 4297 2142 4366 RomanisD

380 4396 658 4466 episcopis
689 4413 810 4450 mos
837 4401 939 4462 est,
967 4403 1022 4451 et
1051 4398 1388 4452 Goelestinus
1416 4398 1536 4467 ipse
1568 4399 1626 4450 in
1657 4399 1900 4468 epistola
1941 4399 2076 4453 facit

377 4485 467 4538 his
497 4485 709 4538 verbis:
767 4489 1105 4555 Augustinus
1149 4488 1290 4538 inter
1337 4488 1625 4553 magistros
1655 4488 1880 4555 optimos
1911 4489 2073 4542 etiam

380 4577 504 4626 ante
531 4588 569 4625 a
597 4576 728 4627 meis
758 4575 1120 4629 decessoribus
1160 4575 1476 4628 habebatur.
1533 4575 1678 4629 Sane
1721 4574 1843 4628 haec
1893 4590 2070 4645 argu-

377 4664 574 4716 menta
627 4663 772 4715 tanti
838 4663 990 4733 apud
1063 4679 1154 4717 me
1241 4668 1393 4730 sunt,
1451 4669 1516 4718 ut
1575 4665 1874 4720 Crelestino
1907 4664 2071 4719 ἁπλῶς

377 4747 631 4804 tribuere
663 4763 779 4803 non
798 4750 1020 4817 ausim;
1054 4757 1111 4805 at
1124 4753 1284 4822 cujus
1307 4752 1379 4806 sit
1398 4752 1548 4807 ultra
1578 4753 2064 4825 disquirendum.»

377 4839 486 4894 Sed
507 4854 695 4910 neque
725 4854 793 4893 ex
845 4837 1126 4909 theologis
1174 4857 1238 4894 ex
1290 4841 1674 4896 recentiorum
1725 4844 1914 4898 schola
1973 4845 2070 4898 de-

376 4929 537 4983 fuere
567 4929 668 5001 qui
697 4933 972 5000 negarent
1001 4929 1098 4982 illa
1127 4930 1313 5001 capita
1365 4947 1484 4985 esse
1538 4931 1824 4986 Coelestini
1853 4947 1866 5001 ;
1925 4949 2072 4987 unus

376 5035 482 5089 pro
513 5019 671 5073 mille
700 5020 942 5074 sufﬁciat
977 5021 1304 5075 Franciscus
1358 5021 1612 5088 Suarius,
1670 5023 1891 5093 proleg.
1925 5025 1956 5076 6
2001 5023 2070 5077 de

378 5105 587 5171 Gratia,
637 5123 758 5177 cap.
830 5112 880 5174 1,
947 5123 1106 5162 num.
1177 5112 1264 5177 11,
1327 5109 1425 5163 ubi
1492 5110 1615 5163 haec
1671 5110 1899 5164 scribit:
1936 5112 2073 5165 «Ex

378 5195 545 5248 modo
574 5195 847 5266 loquendi
893 5196 1269 5267 intelligimus
1307 5197 1640 5267 scriptorem
1691 5197 1843 5252 illius
1894 5199 2071 5269 partis

379 5296 497 5334 non
525 5281 694 5335 fuisse
724 5285 1133 5352 Coelestimum,
1165 5301 1268 5338 nec
1293 5285 1544 5355 aliquem
1571 5287 1894 5340 Romanum
1917 5303 2070 5358 pon-

377 5367 612 5435 tiﬁcem,
638 5375 705 5433 ut
731 5379 887 5441 patet
915 5390 983 5428 ex
1005 5374 1132 5429 ‘illis
1161 5372 1368 5428 verbis.
1409 5393 1437 5424 »
1479 5373 1624 5438 Quia
1663 5375 1925 5429 nonnulli
1971 5377 2072 5446 qui

380 5455 658 5510 catholico
710 5460 942 5515 nomine
997 5463 1334 5531 gloriantur,
1402 5461 1462 5515 in
1535 5463 1819 5518 damnatis
1877 5468 2069 5518 autem

379 5543 783 5600 haereticorum
825 5548 1084 5604 sensibus
1132 5567 1233 5607 seu
1282 5552 1559 5622 pravitate
1618 5551 1735 5605 sive
1781 5551 2070 5623 imperitia

2179 3081 2373 3132 nostra
2397 3077 2703 3147 Pelagiana
2732 3077 3108 3148 intelligitur;
3145 3093 3330 3148 quare
3364 3077 3545 3149 potuit
3571 3093 3632 3132 ea
3680 3074 3818 3145 capita

2181 3165 2335 3219 edita
2386 3183 2416 3219 a
2471 3168 2744 3236 Prospero
2801 3181 2902 3235 per
2939 3181 3192 3219 errorem
3259 3166 3512 3220 tribuere
3555 3163 3816 3219 Caelestino.

2181 3253 2323 3306 Hinc
2351 3254 2606 3318 Photius,
2648 3256 2904 3308 veterum
2956 3259 3473 3309 monumentorum
3527 3253 3740 3323 diligens
3761 3250 3821 3302 in-

2181 3341 2416 3412 dagator
2445 3346 2500 3395 et
2520 3355 2738 3408 censor,
2775 3343 2898 3396 cod.
2932 3346 3020 3410 53,
3061 3343 3130 3396 de
3161 3343 3372 3397 eodem
3429 3342 3706 3398 Caelestino
3732 3341 3819 3391 hac

2179 3431 2389 3486 habet:
2442 3431 2736 3502 «Scripsit
2790 3431 2941 3486 idem
2997 3436 3054 3486 et
3096 3432 3166 3486 ad
3233 3433 3540 3487 Galliarum
3585 3429 3821 3501 episcopos

2181 3520 2249 3573 de
2271 3520 2381 3574 ﬁde
2405 3521 2463 3576 Β.
2493 3520 2818 3590 Augustini,
2853 3525 2910 3574 et
2940 3525 3136 3576 contra
3167 3536 3270 3574 eos
3300 3521 3402 3592 qui
3445 3519 3662 3574 haeresis
3687 3517 3821 3570 licea-

2179 3607 2259 3662 tia
2298 3608 2470 3661 nimis
2495 3607 2624 3661 elati
2657 3607 3082 3662 insolescerent.
3117 3627 3144 3659 »
3186 3609 3334 3672 Quae
3385 3609 3609 3680 quidem
3635 3607 3687 3659 in
3715 3604 3821 3656 duo-

2179 3695 2283 3748 bus
2303 3695 2588 3765 prioribus
2617 3695 2899 3766 capitibus
2929 3695 3327 3766 continentur,
3363 3713 3547 3768 neque
3577 3696 3732 3748 ullam
3773 3706 3821 3742 ea

2179 3782 2239 3835 in
2287 3783 2522 3853 epistola
2570 3787 2911 3837 statutorum
2950 3784 3291 3854 dogmatum
3316 3785 3658 3839 mentionem
3705 3779 3818 3834 fecit.

2178 3870 2416 3924 Iacobus
2469 3871 2643 3925 etiam
2689 3871 3046 3939 Sirmondus,
3097 3876 3262 3927 tomo
3321 3875 3344 3926 Ι
3403 3872 3607 3928 Concil.
3654 3867 3820 3927 Galliae,

2180 3957 2365 4028 capita
2394 3958 2492 4012 illa
2521 3959 2775 4029 epistolae
2806 3964 3136 4014 memoratas
3167 3977 3396 4016 annexa
3415 3961 3484 4014 ab
3501 3960 3684 4014 eadem
3701 3967 3821 4025 pror-

2181 4061 2274 4099 sus
2317 4047 2602 4115 separavit
2630 4046 2794 4101 lineis
2818 4048 3191 4118 interpositis,
3252 4067 3369 4121 quo
3429 4049 3608 4103 alieno
3653 4039 3824 4099 auctori

2179 4133 2279 4188 illa
2327 4151 2557 4208 prorsus
2609 4135 2938 4206 deputanda
3002 4153 3123 4191 esse
3188 4143 3537 4192 monstraret
3584 4135 3681 4190 Sed
3726 4145 3823 4198 age.

2180 4212 2486 4294 probemus
2515 4239 2582 4278 ea
2628 4225 2812 4296 capita
2858 4242 2974 4280 non
3013 4226 3186 4281 fuisse
3235 4244 3269 4281 a
3299 4227 3594 4282 Caelestino
3639 4222 3826 4290 scripta,

2182 4312 2334 4382 quod
2363 4327 2498 4366 sane
2537 4313 2822 4382 praestabo
2862 4318 3201 4384 argumento
3261 4331 3376 4386 quo
3432 4316 3548 4386 ipse
3589 4309 3826 4366 convictus

2181 4415 2333 4454 sum.
2374 4400 2538 4454 Prius
2564 4407 2759 4456 tamen
2785 4403 3067 4456 nonnulla
3095 4405 3352 4458 notanda
3380 4403 3615 4458 veniunt
3662 4396 3828 4470 quibus

2183 4493 2473 4542 tantorum
2516 4491 2858 4561 scriptorum
2911 4493 3193 4545 sententia
3243 4493 3601 4555 illustratur;
3662 4497 3827 4551 nempe

2182 4578 2527 4646 Prosperum
2553 4582 2609 4632 et
2641 4577 2916 4632 Hilarium
2944 4594 3047 4649 pro
3075 4579 3508 4650 Augustinianis
3548 4575 3694 4631 libris
3719 4585 3829 4643 quos

2182 4674 2575 4730 Massillienses
2612 4675 2937 4747 carpebant,
2999 4692 3061 4730 ac
3103 4693 3162 4730 se
3219 4676 3362 4747 ipsis
3393 4690 3618 4747 quoque
3657 4670 3743 4740 qui
3768 4666 3830 4720 uti

2179 4770 2434 4825 haeretici
2459 4772 2672 4842 passim
2711 4772 3168 4835 traducebantur,
3217 4774 3466 4827 Romam
3513 4772 3581 4827 ad
3614 4761 3828 4826 Caelesti-

2179 4885 2321 4922 num
2351 4868 2628 4938 profectos
2665 4867 2860 4937 fuisse,
2911 4886 3039 4941 qua?
3088 4875 3243 4941 patet
3303 4888 3374 4926 ex
3431 4873 3695 4940 Prospero
3731 4876 3827 4929 cap-

2179 4964 2249 5018 40
2278 4967 2473 5017 contra
2525 4965 2886 5035 Collatorem,
2937 4973 2994 5021 et
3034 4983 3158 5038 cap.
3211 4971 3231 5020 1
3292 4967 3552 5038 epistolas
3589 4952 3829 5020 Caelestini

2179 5061 2249 5116 ad
2280 5061 2576 5132 episcopos
2597 5063 2808 5118 Galliaa.
2841 5063 3176 5119 Caelestinus
3207 5080 3342 5119 vero
3395 5065 3610 5119 litteras
3637 5058 3699 5112 ad
3723 5052 3829 5109 Gal-

2179 5162 2266 5216 los
2294 5161 2570 5216 antistites
2593 5162 2911 5231 destinavit,
2945 5163 3150 5234 quibus
3179 5168 3442 5218 sanctnm
3492 5156 3828 5230 Augustinum

2181 5259 2386 5314 eximie
2443 5260 2884 5329 commendavit,
2950 5266 3146 5316 vetans
3209 5262 3471 5331 ejusdem
3535 5252 3826 5312 memoriam

2179 5357 2342 5411 novis
2386 5357 2821 5414 Massiliensium
2887 5359 3184 5415 conatibus
3234 5357 3489 5430 percelli,
3543 5371 3603 5410 ac
3625 5354 3826 5418 Prospe-

2181 5471 2309 5510 rum
2339 5461 2397 5511 et
2427 5455 2704 5510 Hilarium
2732 5457 2966 5512 haeresis
3003 5456 3273 5519 accusari,
3300 5456 3441 5510 nihil
3471 5451 3687 5507 interim
3713 5440 3824 5498 scri-

2177 5553 2264 5624 pti
2292 5553 2562 5608 adversus
2591 5555 2821 5610 eosdem
2851 5555 3172 5625 publicans,
3201 5569 3315 5626 quo
3367 5553 3592 5607 illorum
3636 5551 3821 5599 ermres
