3914 6186
58 306 176 359 Sil

1376 309 1703 367 VINDICIJE
1741 311 1875 367 AUG
1886 311 2286 368 USTINIAN/E.

3482 315 3587 369 822

61 429 509 493 damnarentur,
559 429 693 483 hinc
748 428 987 500 epistola
1021 430 1351 485 inscribitur
1375 448 1475 501 pro
1510 435 1767 503 Prospero
1805 438 1849 489 A
1878 400 2038 489 num.
2060 436 2126 490 83
2153 452 2165 489 :
2192 450 2223 490 α
2246 433 2478 501 Quibus,
2502 433 2711 506 inquit,
2732 433 2871 488 locis
2891 449 3022 487 cum
3040 433 3581 491 Coelestinusomnia

65 524 132 571 et
157 519 385 572 Hilario.
420 517 530 571 Sed
559 518 664 571 hoc
684 518 851 571 nobis
882 522 965 571 est
1000 519 1529 574 demonstrandum.

153 606 382 659 Sanctus
450 607 709 676 Prosper,
777 610 972 660 contra
1035 607 1375 661 Collatorcm
1423 609 1770 678 probaturus

71 694 337 747 bonarum
385 696 727 748 voluntatum
772 696 934 749 initia
972 697 1068 749 Dei
1107 698 1464 764 inspiratione
1500 700 1765 765 generari,

68 782 310 836 adducit
340 799 461 852 cap.
500 785 564 837 10
593 783 918 837 testimonia
950 784 1285 851 Innocentii,
1312 785 1518 838 Zosimi
1539 791 1595 839 et
1625 786 1769 840 Con-

60 870 189 923 cilii
261 871 722 942 Carthaginensis
770 872 967 926 eadem
1014 873 1249 926 omnino
1303 889 1431 943 quae
1484 874 1769 928 Ccelestini

59 959 281 1012 litteris
350 960 616 1029 adjuncta
662 961 951 1031 leguntur,
1007 965 1061 1014 et
1109 962 1428 1015 concludit:
1459 980 1486 1013 «
1529 962 1768 1016 Videsne

60 1049 299 1117 regulas
368 1053 493 1101 tuas
553 1049 894 1102 invictarum
961 1049 1436 1103 constitutionum
1485 1050 1768 1104 soliditate

56 1137 403 1207 confractas,
436 1142 493 1191 et
522 1137 583 1191 in
640 1137 775 1191 ﬁdei
826 1142 1107 1192 structura
1152 1154 1353 1208 pravas
1392 1139 1767 1209 ruinosasque

46 1225 383 1295 juncturas,
416 1226 571 1281 velut
604 1226 1063 1282 Hierichontinos
1106 1243 1300 1281 muros
1331 1228 1401 1281 ad
1448 1228 1765 1282 sacerdota-

52 1314 211 1367 lium
234 1315 503 1369 tubarum
528 1314 708 1369 ruisse
739 1320 1079 1370 concentum
1100 1317 1129 1369 ?
1156 1316 1296 1371 Cum
1323 1316 1476 1371 enim
1506 1318 1574 1370 de
1606 1333 1764 1370 sanc-

50 1407 255 1456 tarum
323 1404 544 1474 origine
616 1406 997 1471 voluntatum,
1078 1408 1135 1459 et
1180 1405 1313 1459 ﬁdei
1358 1404 1765 1475 charitatisque

46 1494 368 1564 principiis
397 1495 548 1549 inter
578 1500 801 1549 nostros
837 1501 894 1549 et
934 1495 1269 1566 Pelagianos
1300 1496 1539 1567 quzestio
1578 1512 1763 1552 versa-

46 1590 246 1648 retur,
281 1600 401 1638 non
426 1583 663 1655 ancipiti
693 1583 927 1638 victoria
950 1600 1053 1637 nec
1084 1584 1257 1639 dubio
1291 1585 1640 1655 diremptum
1683 1588 1766 1639 est

48 1672 179 1725 ﬁne
206 1678 517 1741 certamen,
547 1677 612 1727 ut
640 1673 824 1727 adhuc
855 1672 1019 1727 nobis
1051 1673 1119 1727 de
1176 1673 1538 1744 iniquissima
1592 1674 1763 1751 hujus

44 1759 296 1814 foederis
338 1760 421 1815 tui
469 1777 606 1830 pace
656 1762 1014 1816 tractandum
1065 1761 1156 1816 sit.
1194 1782 1216 1810 »
1250 1765 1319 1816 At
1349 1762 1395 1815 si
1424 1763 1523 1816 illa
1566 1763 1761 1817 decem

46 1849 254 1917 capita
313 1849 601 1903 leestini
664 1850 924 1915 fuissent,
982 1866 1081 1903 cur
1123 1866 1237 1904 non
1289 1851 1385 1903 illa
1433 1850 1765 1919 protulisset

43 1938 307 2006 Prosper
337 1937 507 1991 veluti
538 1938 797 2004 clariora,
861 1937 1178 1992 efﬁcaciora
1225 1942 1280 1992 et
1330 1954 1397 1991 ex
1441 1942 1563 1992 toto
1604 1939 1762 1993 litem

47 2024 398 2079 dirimentia
425 2028 453 2080 ?
485 2027 675 2096 Longe
705 2028 860 2080 enim
890 2027 1208 2096 expressius
1254 2026 1587 2081 Coelestinus
1634 2042 1761 2081 eam

46 2114 317 2168 Cassiani
369 2114 698 2185 opinionem
746 2116 997 2181 damnat,
1047 2131 1219 2186 quam
1268 2116 1634 2170 Innocentius
1672 2117 1762 2170 vel

42 2202 333 2256 Zosimus.
390 2202 644 2257 Profecto
711 2204 1085 2258 Massilienses
1148 2200 1475 2258 testimonia
1549 2205 1758 2259 horum

40 2290 401 2360 pontiﬁcum
433 2295 489 2345 et
518 2307 690 2346 sacra:
719 2291 946 2363 pagina:
994 2292 1371 2362 explicabant,
1416 2292 1496 2347 ita
1542 2298 1607 2347 ut
1644 2309 1759 2347 non

48 2379 129 2433 de
163 2379 330 2433 initio
375 2379 532 2449 ﬁdei,
580 2380 679 2435 sed
729 2381 797 2435 de
846 2381 1102 2451 ejusdem
1146 2381 1498 2435 incremento
1543 2381 1757 2436 intelli-

44 2468 249 2537 genda
278 2472 466 2522 essent
488 2484 556 2522 ex
586 2469 649 2522 D.
684 2467 1001 2539 Augustino
1030 2484 1153 2538 cap.
1190 2472 1223 2521 2
1271 2468 1341 2522 de
1390 2468 1760 2523 Przedestina-

44 2557 215 2610 tione
271 2560 615 2611 sanctorum.
654 2578 681 2607 ‹‹
712 2557 820 2613 Sed
851 2573 1003 2610 nunc
1034 2557 1113 2610 eis
1143 2557 1606 2627 respondendum
1638 2575 1756 2612 esse

44 2646 250 2714 video,
281 2646 380 2716 qui
411 2645 603 2700 divina
632 2646 979 2712 testimonia,
1014 2662 1142 2716 quas
1174 2646 1242 2699 de
1273 2646 1377 2699 hac
1406 2662 1466 2700 re
1498 2646 1756 2700 adhibui-

43 2751 224 2802 mus,
278 2735 347 2788 ad
378 2735 484 2789 hoc
515 2735 712 2789 dicunt
740 2736 946 2801 valere,
989 2740 1053 2788 ut
1095 2735 1417 2788 noverimus
1474 2751 1539 2789 ex
1586 2734 1755 2789 nobis

46 2823 297 2893 quidem
333 2839 437 2876 nos
473 2824 683 2877 habere
712 2823 906 2890 ﬁdem,
940 2824 1036 2878 sed
1066 2824 1483 2877 incrementum
1523 2824 1645 2894 ejus
1687 2841 1754 2878 ex

46 2913 194 2965 Deo.
231 2932 257 2960 »
303 2911 438 2976 Quae
491 2912 921 2966 Massiliensium
966 2912 1246 2966 sententia
1279 2913 1425 2966 clare
1451 2912 1756 2966 damnatur

43 3016 181 3068 cap.
222 3003 284 3053 l2
312 2999 462 3053 illius
489 3000 763 3070 epistolm,
798 3000 892 3053 ubi
931 3000 1054 3054 haec
1077 3001 1346 3071 leguntur
1380 3017 1392 3054 :
1426 3018 1455 3054 (ι
1488 3001 1584 3054 His
1615 3016 1750 3071 ergo
1783 3016 1821 3071 ρ

42 3088 450 3142 ecclesiasticis
480 3088 712 3158 regulis,
750 3092 806 3142 et
829 3105 893 3143 ex
925 3088 1115 3143 divina
1144 3088 1381 3159 sumptis
1420 3090 1754 3144 auctoritate

46 3177 438 3243 documentis,
468 3176 548 3231 ita
578 3177 881 3248 adjuvante
912 3177 1156 3231 Domino
1196 3177 1495 3232 confortati
1534 3195 1749 3248 sumus,

48 3270 125 3319 nt
175 3265 431 3320 omnium
469 3266 755 3320 bonorum
805 3266 1131 3334 affectuum,
1183 3271 1354 3337 atque
1405 3283 1644 3339 operum
1698 3272 1755 3323 et

49 3354 323 3409 omnium
344 3355 663 3409 studiorum
693 3356 1070 3426 omniumque
1095 3356 1390 3423 virtutum,
1442 3356 1649 3427 quibus
1681 3359 1751 3411 ab

45 3443 228 3497 initio
250 3443 385 3497 ﬁdei
412 3444 748 3511 attenditur,
800 3447 981 3499 Deum
1016 3445 1391 3515 proﬁteamur
1436 3450 1748 3512 auctorem,

47 3537 119 3587 et
146 3547 263 3585 non
317 3532 640 3586 dubitemus
690 3533 759 3587 ab
812 3533 990 3603 ipsius
1031 3533 1215 3604 gratia
1260 3533 1454 3587 omnia
1501 3535 1752 3589 hominis

45 3620 269 3675 merita
288 3622 611 3691 praaveniri,
634 3637 738 3691 per
758 3637 931 3692 quem
957 3621 1021 3675 ﬁt
1041 3626 1105 3676 ut
1128 3621 1345 3694 aliquid
1368 3622 1505 3676 boni
1535 3627 1591 3677 et
1610 3624 1752 3679 velle

47 3709 404 3779 incipiamus
433 3714 488 3763 et
511 3711 715 3765 facere.
751 3730 777 3763 »
812 3712 1092 3765 Praeterea
1120 3710 1242 3765 haec
1264 3711 1588 3766 scribuntur
1625 3728 1748 3783 cap.

54 3802 119 3853 ll
164 3815 178 3852 :
215 3817 241 3850 α
281 3800 493 3853 Praeter
520 3799 861 3853 beatissima:
890 3803 946 3853 et
995 3799 1318 3869 apostolicae
1376 3798 1522 3853 sedis
1562 3800 1750 3855 invio-

45 3886 261 3941 labiles
291 3888 628 3955 sanctiones,
663 3888 869 3959 quibus
896 3904 1013 3942 non
1054 3887 1298 3959 piissimi
1350 3891 1542 3943 Patres
1588 3889 1755 3959 pesti-

45 3976 182 4030 fera
225 3976 493 4031 novitatis
547 3977 791 4031 elatione
842 3978 1074 4047 dejecta,
1132 3982 1187 4032 et
1230 3978 1399 4032 bonae
1448 3977 1753 4032 voluntatis

51 4063 317 4131 exordia,
346 4068 400 4119 et
428 4065 779 4119 incrementa
805 4064 1187 4135 probabilium
1235 4064 1574 4130 studiorum,
1609 4069 1664 4119 et
1691 4064 1753 4118 in

49 4153 140 4207 eis
172 4169 349 4223 usque
381 4153 441 4207 in
472 4154 647 4208 ﬁnem
673 4154 1156 4224 perseverantiam
1184 4155 1251 4209 ad
1275 4153 1482 4209 Christi
1511 4153 1753 4223 gratiam

48 4241 275 4296 referre
310 4242 644 4311 docuerunt,
696 4262 725 4294 »
781 4247 885 4298 etc.
930 4244 1086 4298 Idem
1132 4244 1304 4298 habet
1350 4260 1470 4314 cap.
1507 4246 1537 4298 9
1573 4259 1634 4297 ει
1688 4243 1756 4298 Ut

50 4333 258 4383 sancta
297 4331 581 4400 cogitatio,
630 4331 792 4402 pium
839 4331 1161 4400 consilium,
1215 4332 1513 4402 omnisque
1564 4335 1753 4386 motus
1783 4306 1832 4363 Β

52 4418 230 4471 bonae
259 4420 567 4473 voluntatis
598 4434 666 4474 ex
713 4421 829 4474 Deo
858 4420 949 4487 sit,
1000 4420 1135 4492 quia
1182 4437 1285 4491 per
1327 4421 1492 4476 illum
1542 4421 1756 4492 aliquid

50 4506 203 4561 boni
223 4523 543 4577 possumus,
576 4508 698 4563 sine
725 4526 837 4579 quo
864 4509 1007 4565 nihil
1048 4526 1371 4581 possumus.
1396 4530 1424 4563 »
1447 4512 1606 4565 Itane
1635 4511 1758 4565 haec

54 4595 349 4650 Ccelestini
386 4598 633 4665 oracula,
675 4600 956 4668 Prospero
985 4603 1227 4669 rogante
1265 4599 1411 4665 data,
1447 4615 1512 4652 ac
1556 4598 1759 4653 litteris

50 4700 168 4754 pro
202 4684 401 4738 eodem
429 4685 499 4739 ad
532 4686 827 4756 episcopos
858 4686 1047 4740 missis
1070 4687 1299 4754 inserta,
1344 4687 1485 4741 adeo
1540 4702 1758 4741 memo-

50 4772 147 4827 ria
179 4772 432 4841 ejusdem
465 4774 733 4829 cxcidisse
760 4776 1041 4830 credenda
1070 4780 1220 4845 sunt,
1253 4781 1315 4829 ut
1342 4776 1454 4841 illa,
1491 4792 1621 4830 cum
1672 4777 1761 4830 vel

50 4860 309 4916 maxime
353 4863 423 4917 ad
470 4863 903 4937 Massiliensium
951 4866 1325 4935 petulantiam
1372 4864 1758 4937 comprimen-

54 4952 202 5005 dam
234 4952 549 5006 necessaria
576 4957 763 5007 essent
804 4953 1133 5008 omitteret?
1183 4953 1299 5009 Sibi
1350 4970 1483 5007 cusa
1525 4955 1637 5007 tela
1682 4959 1761 5007 at-

54 5054 179 5109 que
202 5039 488 5094 elaborata
520 5057 680 5095 arma
712 5046 831 5095 tam
858 5042 1020 5113 parvi
1049 5041 1203 5108 fecit,
1235 5046 1301 5095 ut
1330 5058 1460 5096 cum
1488 5042 1559 5095 iis
1588 5041 1761 5097 Semi-

58 5127 360 5197 Pelagiani
407 5130 637 5199 penitus
678 5131 1019 5185 conﬁciendi
1062 5131 1269 5197 forent,
1323 5131 1538 5184 eisdem
1588 5130 1761 5184 veluti

56 5217 290 5271 obtusis
323 5218 403 5270 uti
434 5219 706 5289 noluerit,
737 5219 834 5290 qui
866 5224 1063 5274 contra
1091 5218 1465 5274 Massilienses
1501 5218 1758 5272 omnium

58 5303 411 5359 fortissimus
444 5323 506 5361 ac
547 5308 953 5362 solertissimus
994 5312 1123 5379 post
1150 5308 1537 5378 Augustinum
1586 5308 1693 5361 dux
1729 5324 1762 5361 a

58 5394 509 5463 recentioribus,
542 5402 598 5451 et
622 5398 826 5452 merito
851 5397 1083 5469 quidem
1110 5396 1474 5467 praedicatur.

138 5484 421 5539 Laudatas
437 5485 652 5540 litteras
677 5504 707 5540 a
738 5486 1039 5541 Caelestino
1056 5487 1290 5541 emissas
1316 5487 1383 5540 ad
1405 5484 1761 5539 damnandos

61 5572 502 5630 Massiliensium
521 5590 743 5629 errores
762 5574 960 5631 scribit
978 5576 1252 5646 Vasquez,
1271 5578 1419 5645 part.
1446 5591 1479 5639 ι,
1505 5572 1647 5644 disp.
1671 5574 1758 5640 91,

1877 524 2031 577 bona
2042 540 2235 593 opera,
2256 523 2444 578 studia
2457 529 2512 578 et
2528 523 2803 577 meritain
2823 522 3318 593 quovistempore,
3334 539 3505 577 causa
3523 529 3580 577 et

1879 611 2114 682 negotio
2145 612 2216 666 ad
2242 613 2422 666 Deum
2453 618 2745 666 auctorem
2775 611 2977 682 gratiae
3003 612 3231 677 referat,
3276 612 3575 666 manifeste

1879 699 2309 753 Massiliensium
2352 716 2605 753 errorem
2634 700 2906 754 confutet.
2940 720 2964 750 ›)
3003 702 3067 753 Et
3111 700 3233 753 hth
3265 701 3406 753 adeo
3439 717 3573 755 con-

1876 788 2093 839 stanter
2130 787 2335 841 docent
2376 788 2740 857 recentiores,
2788 793 2852 841 ut
2899 800 3098 842 eorum
3151 788 3573 842 eruditissimus

1876 890 1941 927 ac
1971 874 2425 945 sapientissimus
2468 878 2725 929 Annatus
2791 877 3077 931 Coelestini
3124 893 3431 947 personam
3476 877 3573 929 in-

1878 963 2079 1029 duens,
2131 964 2284 1033 quod
2333 964 2467 1017 satis
2510 964 2814 1018 ridiculum
2861 969 2961 1031 est,
3002 966 3191 1019 altiori
3245 982 3308 1020 ac
3348 965 3573 1019 clariori

1873 1069 2009 1106 voce
2062 1052 2121 1105 in
2169 1052 2549 1107 Massilienses
2592 1053 2672 1106 ita
2718 1058 2925 1107 tonet:
2971 1072 2998 1104 «
3050 1056 3191 1109 Cum
3234 1072 3300 1109 eo
3350 1059 3572 1109 tantum

1875 1144 2091 1210 spectet
2123 1142 2393 1194 Romanae
2432 1141 2577 1194 sedis
2610 1141 2930 1194 consilium
2980 1146 3035 1195 et
3079 1143 3457 1212 providentia,
3511 1147 3573 1196 ut

1875 1230 2257 1284 MASSILIENSES
2305 1228 2419 1295 isti,
2473 1244 2701 1289 QUORUM
2754 1246 2921 1283 causa
2963 1246 3078 1282 meo
3107 1246 3385 1296 sANcmus,
3427 1230 3572 1283 nihil

1874 1317 2100 1386 penitus
2131 1318 2469 1371 subtrahant
2499 1317 2705 1371 divinae
2750 1318 2965 1388 gratim,
3012 1335 3081 1371 ne
3122 1318 3287 1371 illum
3339 1318 3570 1387 quidem

1872 1406 2058 1459 morbi
2086 1422 2341 1474 sensum,
2390 1410 2445 1460 et
2494 1407 2843 1460 desiderium
2883 1406 3205 1474 medicinae,
3242 1406 3394 1475 quod
3442 1422 3571 1476 gra-

1871 1496 2021 1549 tuito
2052 1500 2109 1550 et
2146 1496 2567 1567 supernaturali
2605 1496 2818 1550 auxilio
2857 1496 3237 1567 praemittunt,
3280 1496 3571 1566 praedictae

1872 1585 2089 1656 regulae
2120 1602 2217 1639 seu
2247 1585 2499 1656 praeﬁxae
2529 1585 2828 1639 sententiae
2858 1585 2940 1639 ita
2980 1585 3288 1651 sufﬁciunt,
3322 1589 3385 1638 ut
3428 1584 3573 1638 sicut

1876 1688 1994 1726 non
2026 1674 2195 1728 debet
2232 1673 2411 1728 videri
2450 1673 2787 1727 catholicum
2827 1676 2981 1744 quod
3026 1674 3106 1727 eis
3151 1678 3453 1745 repugnat,
3491 1672 3573 1727 ita

1876 1777 2060 1833 neque
2101 1762 2255 1832 quod
2293 1778 2409 1816 non
2458 1767 2738 1833 repugnat
2777 1762 2954 1816 videri
2985 1762 3187 1817 debeat
3240 1777 3568 1828 erroneum,

1870 1853 1967 1904 aut
2022 1866 2056 1903 a
2106 1867 2276 1904 sensu
2331 1850 2608 1904 catholico
2656 1850 2983 1903 alienum.»
3043 1851 3171 1903 Herc
3216 1849 3569 1919 elegantissi-

1870 1953 1996 1991 mus
2029 1940 2452 2009 Paraphrastes.
2494 1939 2588 1993 Hic
2614 1942 2805 1992 tamen
2826 1938 3011 1993 obiter
3042 1942 3173 1991 noto
3200 1939 3353 1991 hunc
3383 1938 3568 1992 homi-

1868 2043 2001 2081 nem
2035 2027 2150 2081 sive
2201 2032 2399 2082 contra
2428 2045 2560 2082 suos
2606 2027 2845 2081 Baianos
2888 2027 3002 2081 sive
3040 2032 3235 2081 contra
3266 2027 3569 2081 Massilien-

1868 2131 1955 2168 ses
1986 2116 2143 2186 loqui
2174 2116 2428 2187 incipiat,
2462 2133 2786 2170 sermonem
2828 2116 3060 2170 tandem
3105 2121 3301 2169 contra
3338 2118 3567 2186 Augus-

1866 2203 2053 2257 tinum
2084 2219 2310 2274 semper
2348 2204 2534 2258 ﬁnire.
2570 2206 2645 2258 De
2698 2204 2925 2258 Baianis
2975 2204 3033 2258 id
3080 2203 3327 2258 vidimus
3383 2206 3567 2274 capite

1872 2292 2179 2363 superiori;
2222 2292 2315 2346 hic
2360 2309 2493 2346 vero
2540 2309 2670 2346 cum
2712 2292 2999 2347 Coelestini
3041 2308 3343 2361 personam
3392 2308 3568 2362 agens

1864 2381 1965 2434 illa
1992 2381 2244 2447 dixisset,
2278 2381 2470 2435 statim
2505 2381 2663 2435 addit
2691 2399 2703 2436 :
2734 2400 2762 2433 ‹‹
2806 2382 2961 2435 Unde
3003 2383 3285 2451 sequitur,
3338 2382 3382 2434 si
3428 2381 3567 2452 quid

1864 2470 1953 2523 vel
1993 2470 2062 2523 ab
2102 2470 2444 2539 Augustino,
2489 2471 2577 2524 vel
2624 2471 2693 2523 ab
2740 2470 2849 2523 alio
2892 2470 3145 2540 quodam
3189 2470 3565 2523 ecclesiastico

1863 2562 2164 2613 tractatore
2199 2565 2476 2612 assertum
2506 2563 2605 2611 aut
2636 2563 2911 2629 negatum
2937 2558 3027 2624 sit,
3062 2558 3211 2628 quod
3242 2575 3356 2611 non
3393 2574 3563 2627 repu-

1864 2651 2002 2717 gnet
2061 2648 2274 2717 regulis
2316 2648 2432 2700 illis
2474 2652 2646 2718 atque
2700 2646 3020 2711 sententiis,
3083 2662 3201 2698 esse
3260 2647 3366 2698 hoc
3409 2646 3559 2699 inter

1862 2743 2102 2806 ἀδιάφοραι
2151 2735 2592 2800 numerandum,
2642 2740 2697 2788 et
2745 2751 2875 2805 quae
2923 2734 3104 2788 libero
3153 2734 3561 2788 catholicorum

1863 2824 2167 2879 consensui
2193 2828 2364 2893 atque
2394 2823 2676 2877 dissensui
2705 2822 2983 2893 permissa
3024 2827 3176 2875 sunt.
3209 2844 3231 2871 υ
3269 2823 3382 2891 Ego
3432 2823 3560 2892 qui-

1861 2914 1991 2966 dem
2047 2912 2430 2965 certissimum
2479 2915 2621 2981 puto
2670 2910 2732 2964 in
2785 2910 3067 2980 adjunctis
3110 2910 3222 2963 illis
3281 2910 3561 2980 capitibus

1864 3002 2295 3057 Massiliensium
2324 3016 2546 3055 errores
2586 3001 2874 3071 capitales,
2920 3016 3168 3070 quorum
3210 2999 3417 3070 reliqui
3467 3017 3559 3053 ve-

1863 3090 1971 3143 luti
2022 3090 2364 3161 appendices
2395 3094 2577 3155 erant,
2605 3093 2799 3159 aperte
2831 3088 3112 3154 damnari,
3144 3105 3329 3158 neque
3363 3089 3470 3141 hoc
3501 3089 3559 3142 in

1866 3179 2105 3233 dubium
2132 3178 2321 3232 vocari
2348 3194 2514 3248 posse
2545 3177 2805 3244 arbitror,
2840 3176 2991 3248 quod
3022 3181 3171 3229 recte
3204 3194 3236 3230 a
3289 3177 3556 3247 Vasquio,

1863 3268 2083 3321 Annato
2136 3266 2376 3337 aliisque
2436 3266 2815 3320 communiter
2853 3272 2936 3319 est
2984 3266 3363 3320 observatum.
3433 3268 3552 3319 Duo

1863 3359 2026 3409 erant
2084 3355 2346 3426 capitalia
2393 3354 3008 3424 Sami-Pelagianorum
3050 3355 3339 3424 dogmata,
3382 3353 3553 3409 ﬁdem

1861 3446 2113 3516 incipere
2145 3463 2178 3500 a
2208 3444 2391 3511 nobis,
2424 3444 2677 3515 itemque
2708 3460 2741 3497 a
2761 3443 2927 3498 nobis
2955 3460 3075 3496 esse
3095 3458 3273 3513 usque
3295 3443 3353 3496 in
3380 3443 3555 3498 ﬁnem

1861 3534 1921 3589 in
1949 3535 2101 3589 bono
2132 3534 2632 3605 perseverantiam,
2658 3538 2720 3588 ut
2749 3534 2912 3587 docet
2950 3536 3175 3587 sanctus
3210 3534 3557 3602 Augustinus

1862 3623 2045 3693 capite
2092 3623 2296 3677 ultimo
2348 3622 2416 3676 de
2460 3624 2619 3676 Dono
2670 3622 3145 3692 perseverantiae:
3183 3620 3406 3688 «Satis,
3462 3623 3554 3674 in-

1863 3713 2008 3783 quit,
2039 3712 2295 3765 docuisse
2323 3727 2415 3764 me
2446 3710 2725 3775 existimo,
2755 3711 2842 3763 vel
2875 3710 3067 3780 potius
3096 3711 3225 3779 plus
3262 3726 3436 3779 quam
3475 3727 3557 3764 sa-

1861 3800 1955 3867 tis,
1984 3801 2134 3855 dona
2168 3800 2267 3854 Dei
2298 3816 2437 3865 esse,
2471 3803 2527 3852 et
2551 3799 2801 3869 incipere
2838 3798 2896 3851 in
2955 3799 3260 3851 Dominum
3301 3799 3554 3866 credere,

1863 3894 1920 3944 et
1948 3906 2131 3960 usque
2156 3889 2216 3942 in
2236 3890 2412 3942 ﬁnem
2442 3888 2501 3943 in
2533 3888 2776 3942 Domino
2806 3903 3164 3957 permanere.
3204 3908 3224 3933 ι
3269 3888 3385 3939 Hoc
3421 3902 3555 3940 vero

1866 3983 2175 4047 utrumque
2201 3977 2467 4031 statuitur
2494 3977 2557 4030 in
2586 3977 2791 4030 litteris
2818 3975 2931 4028 illis
2956 3992 3085 4046 quae
3116 3974 3419 4030 Caelestino
3462 3991 3557 4028 as-

1864 4066 2203 4134 cribuntur;
2246 4081 2379 4118 nam
2436 4081 2559 4134 cap.
2624 4069 2679 4118 ll
2740 4064 3087 4129 decernitur,
3145 4067 3209 4115 ut
3256 4062 3553 4116 dicebam:

1868 4176 1895 4205 «
1920 4156 2085 4209 Bonas
2108 4152 2419 4207 voluntatis
2441 4150 2696 4215 exordia,
2725 4156 2780 4206 et
2799 4151 3151 4205 incrementa
3169 4151 3558 4221 probabilium

1867 4243 2209 4309 studiorum,
2242 4245 2298 4295 et
2327 4240 2387 4294 in
2413 4241 2493 4295 eis
2520 4246 2699 4311 usque
2746 4241 2806 4293 in
2851 4239 3026 4294 ﬁnem
3074 4239 3557 4311 perseverantiam

1867 4334 1939 4387 ad
1987 4330 2192 4387 Christi
2250 4329 2495 4401 gratiam
2543 4327 2821 4383 referri.»
2874 4328 3072 4399 Ibique
3120 4328 3242 4381 fuse
3284 4328 3560 4398 probatur

1865 4422 2038 4478 fidem
2068 4437 2187 4475 non
2213 4435 2333 4473 esse
2365 4436 2397 4473 a
2425 4419 2613 4487 nobis,
2644 4419 2739 4473 sed
2770 4417 2972 4473 donari
3005 4435 3036 4471 a
3068 4419 3203 4483 Deo,
3233 4422 3285 4471 et
3318 4433 3441 4488 cap.
3496 4420 3560 4471 12

1866 4507 2191 4579 injungitur
2230 4511 2291 4560 ut
2326 4525 2354 4556 (ι
2401 4505 2661 4559 omnium
2705 4506 2986 4558 bonorum
3035 4504 3346 4557 affectuum
3387 4508 3560 4573 atque

1866 4612 2131 4668 operum,
2167 4600 2222 4649 et
2250 4593 2514 4649 omnium
2535 4594 2854 4648 studiorum
2882 4592 3256 4663 omniumque
3286 4591 3558 4647 virtutum

1868 4684 2074 4755 quibus
2109 4683 2180 4737 ab
2212 4682 2376 4736 initio
2403 4680 2538 4736 ﬁdei
2588 4680 2924 4747 attenditur,
2975 4682 3156 4734 Deum
3185 4679 3562 4749 proﬁteamur

1870 4777 2183 4827 auctorem.
2222 4790 2249 4823 »
2276 4772 2405 4824 Haec
2426 4769 2528 4823 ibi.

1940 4863 2017 4915 Ex
2060 4860 2148 4914 bis
2194 4863 2459 4913 nostrum
2498 4863 2907 4929 argumentum
2959 4857 3365 4911 instauramus.
3418 4854 3561 4908 Cum

1868 4952 2109 5020 Prosper
2155 4952 2354 5002 contra
2396 4946 2921 5018 Semi-Pelagianos
2974 4944 3261 5001 Coelestini
3312 4941 3561 5011 elogium

1868 5040 2159 5093 recitasset
2189 5041 2360 5107 caput
2385 5040 2452 5091 42
2484 5042 2685 5090 contra
2726 5037 3085 5101 Collatorem,
3137 5033 3367 5085 illorum
3414 5029 3560 5083 invi-

1870 5127 2096 5182 diosum
2127 5125 2705 5195 interpretamentum
2760 5122 3016 5194 apponit,
3066 5136 3179 5191 quo
3228 5118 3564 5173 dictitabant

1868 5216 2132 5270 laudatos
2163 5232 2196 5268 a
2218 5214 2520 5270 Caelestino
2549 5214 2768 5283 priores
2808 5210 2988 5265 sancti
3018 5206 3321 5278 Augustini
3364 5206 3559 5273 libros,

1867 5321 1986 5359 non
2014 5304 2381 5374 posteriores,
2435 5320 2641 5375 nempe
2698 5302 2767 5356 de
2838 5298 3205 5368 Correptione
3255 5300 3312 5351 et
3357 5296 3560 5367 gratia,

1869 5394 2127 5463 duosque
2156 5393 2224 5447 ad
2256 5394 2598 5463 Prosperum
2629 5396 2685 5445 et
2712 5388 2989 5444 Hilarium
3024 5387 3182 5440 datos
3211 5386 3280 5441 de
3315 5386 3564 5441 Praedes-

1870 5482 2151 5537 tinatione
2181 5488 2505 5537 sanctorum
2535 5486 2591 5533 et
2623 5481 2691 5534 de
2735 5481 2891 5532 Dono
2942 5476 3395 5547 perseverantiae.
3450 5478 3564 5530 Hoc

1869 5576 2257 5627 commentum
2296 5571 2486 5626 statim
2526 5568 2752 5634 refellit,
2794 5573 2915 5622 tum
2961 5565 3097 5639 quia
3134 5564 3287 5620 idem
3339 5580 3565 5635 semper
