3908 6180
329 281 433 332 823

1339 273 1895 330 SUPPLEMENTUM
1935 275 2024 329 AD
2063 272 2294 328 OPERA
2332 273 2386 327 S.
2430 270 2822 328 AUGUSTINI.
3697 275 3775 330 824

328 398 390 452 in
439 395 707 452 omnibus
748 393 910 450 libris
947 394 1301 464 Augustinus
1338 394 1580 466 scripsit,
1613 395 1882 466 idemque
1914 387 2025 449 ﬁiit
2062 399 2108 452 A
2145 391 2451 447 voluntatis
2468 392 2739 445 asseritur
2767 405 2887 444 esse
2909 405 2942 443 a
2967 389 3098 453 Deo,
3125 389 3258 461 quia
3284 404 3385 461 per
3413 389 3566 445 illum
3593 390 3775 463 aliquid

327 503 556 556 semper
585 486 645 540 in
675 486 776 539 illo
805 482 1036 554 spiritus
1067 487 1124 536 et
1152 483 1430 549 doctrina,
1462 491 1585 538 tum
1619 485 1754 555 quia
1798 502 1825 535 (ι
1849 487 2027 555 Apos-

329 577 502 630 tolica
532 575 710 639 sedes,
745 573 845 640 ait,
877 572 1028 642 quod
1073 589 1106 624 a
1135 573 1498 642 pracognitis
1525 574 1632 627 sibi
1665 589 1782 626 non
1819 573 2028 628 discre-

329 669 450 734 pat,
487 678 615 716 cum
647 660 1010 732 pracognitis
1043 661 1268 730 probat,
1303 668 1359 714 et
1389 663 1538 732 quod
1564 662 1780 734 judicio
1813 661 2028 732 jungit,

332 752 499 805 laude
535 766 650 803 non
679 749 894 803 dividit.
927 768 955 801 ››
989 752 1060 801 At
1104 765 1380 819 quorsum
1413 750 1608 803 isthac
1641 766 1670 803 e
1715 735 2053 820 longinquo

330 841 610 894 librorum
637 836 817 891 sancti
858 837 1160 907 Augustini
1200 838 1268 891 de
1322 838 1825 892 Pradestinatione
1869 854 2029 891 sanc-

329 934 541 997 torum,
601 927 670 980 de
702 929 858 980 Dono
899 928 1338 997 perseverantia
1369 928 1548 998 petita
1605 928 1674 981 ab
1721 927 2033 998 apostolica

333 1017 464 1071 sede
487 1015 864 1086 approbatio?
886 1015 998 1069 Cur
1029 1016 1320 1070 Calestini
1344 1017 1560 1070 litteras
1582 1017 1652 1070 ab
1675 1033 1732 1070 se
1766 1017 2033 1086 impetra-

334 1112 438 1166 tas,
476 1105 536 1158 in
568 1105 776 1175 quibus
818 1104 1079 1158 doctrina
1124 1104 1406 1159 librorum
1455 1106 1633 1158 sancti
1678 1105 1924 1159 doctoris
1963 1105 2033 1161 de

335 1194 499 1248 Initio
543 1194 675 1247 ﬁdei
732 1197 786 1246 et
835 1193 905 1246 de
952 1193 1376 1263 perseverantia
1421 1195 1629 1264 apertis
1677 1193 2033 1248 deﬁnitioni-

336 1284 444 1337 bus
469 1281 761 1346 statuitur,
794 1296 915 1334 non
945 1280 1204 1351 protulit,
1247 1285 1304 1334 et
1339 1297 1432 1334 eas
1483 1283 1740 1351 inquam,
1790 1281 2031 1347 litteras,

335 1387 477 1442 quas
501 1371 559 1422 in
592 1369 926 1423 eorumdem
956 1368 1259 1439 Augustini
1310 1370 1789 1424 calumniatorum
1829 1369 2034 1424 faciem

335 1459 536 1514 eodem
568 1458 690 1529 ipso
723 1459 843 1511 loco
871 1457 1149 1511 illiserat‘?
1193 1460 1452 1511 Annatus
1483 1458 1718 1528 quidem
1757 1459 1825 1512 de
1853 1463 2036 1529 poste-

336 1549 585 1602 rioribus
619 1545 780 1600 libris
817 1546 995 1600 sancti
1030 1547 1336 1616 Augustini
1376 1548 1570 1600 scribit
1603 1547 1703 1600 lib.
1737 1563 1855 1612 vm,
1905 1563 2031 1617 cap.

339 1640 414 1692 9:
451 1655 478 1685 (ι
519 1635 874 1689 Manifestum
924 1634 1101 1704 igitur
1144 1640 1229 1688 est
1269 1635 1575 1706 Augustini
1619 1636 1798 1689 menti
1844 1636 1933 1689 his
1976 1635 2034 1689 in

336 1725 498 1779 libris
532 1724 883 1777 satisfactum
914 1724 984 1778 ab
1015 1739 1081 1776 eo
1120 1723 1219 1793 qui
1262 1723 1508 1777 fateatur
1532 1729 1587 1778 et
1630 1725 1872 1795 gratiam
1917 1741 2035 1778 esse

338 1811 717 1866 necessariam
748 1810 820 1864 ad
841 1810 1074 1864 initium
1101 1809 1254 1874 ﬁdei,
1278 1827 1383 1864 nec
1415 1812 1535 1881 ejus
1560 1812 1829 1866 meritum
1853 1813 2036 1883 sequi,

338 1902 431 1954 sed
487 1900 712 1970 praeire,
769 1904 826 1953 et
889 1899 1103 1953 donum
1160 1898 1260 1953 Dei
1319 1916 1438 1954 esse
1473 1901 2035 1970 perseverantiam.»

343 1990 643 2053 Quodnam
675 1987 854 2058 igitur
878 1987 1162 2042 efﬁcacius
1188 1995 1594 2058 argumentum
1628 1989 1831 2044 adduci
1878 1995 2041 2058 pote-

338 2083 428 2130 rat
488 2078 556 2130 ad
615 2076 1129 2129 demonstrandum
1176 2078 1519 2146 posteriores
1565 2094 1662 2132 eos
1699 2078 1874 2132 libros
1919 2095 2040 2134 esse

338 2167 409 2218 ab
438 2165 750 2234 apostolica
779 2164 910 2217 sede
957 2165 1248 2234 probatos,
1294 2181 1469 2234 quam
1514 2165 1717 2220 littera
1758 2167 1872 2220 illa
1919 2167 2038 2221 (Ζω-
2095 2212 2097 2214 .

340 2253 548 2318 lestini,
609 2251 669 2305 in
716 2252 923 2322 quibus
976 2253 1236 2306 doctrina
1289 2253 1568 2307 librorum
1617 2259 2042 2324 postremorum

341 2341 519 2395 sancti
565 2340 746 2395 Patris
786 2340 927 2394 adeo
973 2341 1204 2406 diserte,
1239 2341 1380 2394 adeo
1419 2342 1740 2413 perspicue,
1779 2344 1921 2398 adeo
1953 2361 2042 2398 so-

342 2431 454 2492 lide
508 2431 910 2484 asserebatur?
951 2429 1496 2499 Semi-Pelagianos,
1557 2449 1688 2486 cum
1736 2433 2041 2503 Augustini

345 2519 742 2572 auctoritatem
775 2519 1082 2583 elevarent,
1117 2521 1358 2590 Prosper
1388 2536 1455 2573 ex
1487 2521 1775 2575 Calestini
1817 2521 2042 2589 litteris,

341 2607 404 2660 in
433 2609 639 2678 quibus
666 2607 868 2660 eximie
912 2607 1008 2661 ille
1051 2608 1410 2672 laudabatur,
1463 2608 1799 2664 confutavit.
1859 2609 2045 2674 Quare

345 2711 475 2748 cum
509 2695 684 2748 iidem
735 2695 915 2749 sancti
962 2695 1265 2765 Augustini
1313 2697 1634 2751 doctrinam
1677 2699 2041 2766 lacesserent,

349 2799 415 2837 ex
487 2783 691 2836 iisdem
753 2782 990 2836 omnino
1049 2783 1252 2837 litteris
1295 2784 1584 2839 Calestini
1631 2787 1942 2856 compressi
1983 2803 2045 2840 ac

347 2871 587 2925 convicti
622 2887 733 2924 non
765 2869 943 2923 sunt?
965 2871 1198 2940 Scripsit
1230 2888 1364 2925 sane
1404 2874 1647 2944 Prosper
1675 2878 1806 2944 post
1836 2874 2044 2929 Cales-

345 2959 532 3012 tinum
582 2959 851 3012 adversus
897 2958 1246 3022 Cassianum,
1291 2965 1346 3012 et
1399 2959 1616 3014 litteras
1666 2960 1950 3015 Caelestini
1981 2977 2047 3014 ea
2076 2989 2116 3044 ρ

347 3045 408 3099 in
439 3046 823 3116 disputatione
854 3046 912 3099 in
953 3047 1144 3116 digitis
1191 3047 1452 3102 habebat.
1509 3051 1622 3102 Hoc
1663 3049 1899 3120 quidem
1948 3066 2043 3103 ar-

345 3139 620 3205 gumento
651 3135 838 3206 capita
865 3134 964 3189 illa
1009 3135 1218 3190 infarta
1254 3137 1570 3207 probantur
1595 3137 1810 3208 {litteris
1837 3138 2042 3193 Cales-

352 3222 480 3276 tini.

422 3312 639 3366 Rursus
681 3312 866 3366 dicam
923 3312 1160 3384 aliquid,
1215 3313 1371 3385 quod
1421 3315 1641 3369 cateris
1690 3315 2043 3386 argumentis

349 3417 577 3471 semper
619 3401 869 3470 pratuli.
901 3401 959 3456 Si
1006 3404 1192 3473 capita
1227 3402 1324 3456 illa
1356 3403 1640 3458 Calestini
1679 3409 1887 3471 essent,
1930 3409 1985 3459 et
2013 3423 2046 3460 a

351 3490 480 3544 sede
517 3489 825 3561 apostolica
865 3496 1248 3559 emanassent,
1294 3505 1410 3545 non
1461 3491 1623 3546 video
1671 3508 1786 3563 qua
1827 3492 2045 3548 ratione

353 3581 584 3633 Faustus
635 3579 927 3650 Rejorum,
987 3579 1321 3634 Vincentius
1382 3581 1732 3648 Lerinensis,
1797 3582 2046 3637 Hilarius

346 3667 689 3722 Arelatensis
741 3667 1038 3739 episcopus
1081 3668 1150 3738 (si
1192 3669 1254 3722 in
1303 3668 1586 3724 sententia
1625 3669 1949 3743 perstitere)
1982 3688 2046 3726 ac

348 3753 447 3808 alii
499 3753 807 3829 Galliarum
853 3755 1107 3825 episcopi
1151 3755 1220 3809 ab
1268 3754 1477 3809 haresi
1521 3756 1780 3810 excusari
1825 3757 2048 3827 possint

351 3847 520 3914 atque
551 3841 699 3897 inter
728 3842 886 3898 divos
919 3845 1122 3898 erectis
1176 3843 1289 3897 aris
1332 3844 1755 3900 connumerari.
1810 3847 2046 3901 Faustus

349 3933 520 3986 ﬁdem
552 3948 672 3986 esse
701 3933 869 3986 nobis
901 3947 969 3986 ex
997 3937 1217 3999 natura
1249 3932 1463 3986 viribus
1493 3933 1656 3988 docet
1685 3933 1785 3988 lib.
1819 3950 1878 4002 ιι,
1919 3952 2043 4007 cap.

351 4025 402 4087 6,
423 4024 452 4073 7
476 4025 533 4074 et
556 4023 619 4089 8;
639 4021 793 4075 unde
823 4021 921 4075 lib.
944 4038 982 4089 ι,
1015 4037 1137 4091 cap.
1157 4025 1212 4089 7,
1230 4021 1310 4076 ait
1335 4038 1348 4076 :
1377 4042 1404 4074 «
1429 4023 1676 4092 Tempus
1702 4023 1900 4094 gratia
1932 4039 2046 4095 quo

348 4109 630 4180 redempti
673 4125 891 4178 sumus,
940 4109 1145 4163 merita
1182 4110 1482 4165 hominum
1521 4127 1637 4166 non
1679 4111 2042 4182 exspectavit,

351 4215 526 4269 opera
556 4197 787 4268 penitus
816 4214 934 4252 non
973 4198 1253 4268 quasivit,
1299 4201 1419 4253 sola
1463 4201 1610 4254 Deus
1656 4199 1789 4253 ﬁdei
1837 4205 2048 4254 nostra

2136 482 2272 536 boni
2293 497 2615 551 possumus,
2639 479 2760 534 sine
2781 495 2895 550 quo
2919 469 3064 532 nihil
3086 495 3400 549 possumus.
3424 480 3581 544 Sane,
3601 481 3646 533 si
3677 483 3781 551 quis

2139 571 2308 625 modo
2341 570 2777 625 Massiliensium
2807 567 3120 624 sententias
3141 572 3430 628 assereret,
3462 583 3572 620 non
3599 573 3784 622 exstan-

2136 660 2289 714 tibus
2337 659 2698 714 Arausicanis
2758 657 2955 712 aliisve
3005 656 3326 728 apostolica
3372 655 3515 709 sedis
3551 655 3781 722 decretis,

2136 764 2328 802 nonne
2351 749 2443 800 ille
2471 765 2537 802 ex
2566 748 2769 802 litteris
2815 745 3103 801 Calestini
3145 761 3275 798 reus
3321 745 3544 798 haresis
3584 745 3782 798 convin-

2137 842 2361 890 ceretur
2378 838 2406 890 ‘2
2431 839 2735 891 Damnasse
2763 837 2974 906 quippe
3003 834 3273 905 inquiunt
3301 832 3648 887 Caelestinum
3674 833 3783 885 Mas-

2138 925 2452 979 siliensium
2485 925 2790 995 dogmata;
2819 941 2991 995 quam
3023 923 3202 994 igitur
3235 921 3646 975 excusationem
3670 936 3783 974 con-

2139 1014 2497 1068 cinnabimus
2527 1031 2631 1084 pro
2681 1013 2914 1082 Hilario,
2962 1029 3065 1083 pro
3114 1011 3339 1076 Fausto,
3372 1027 3473 1081 pro
3512 1009 3780 1076 Vincentio,

2138 1119 2244 1174 pro
2276 1103 2511 1173 reliquis
2560 1103 2753 1157 Gallia
2799 1100 3161 1172 prasulibus,
3204 1099 3307 1170 qui
3360 1103 3485 1152 ante
3527 1097 3782 1152 Arausica-

2139 1208 2272 1246 nam
2325 1192 2606 1262 synodum
2657 1189 3109 1262 {Massiliensium
3173 1188 3471 1259 Opiniones
3545 1186 3784 1240 mordicus

2141 1280 2542 1334 sustinebant?
2571 1283 2658 1334 An
2686 1279 2780 1333 isti
2827 1279 2972 1332 forte
3025 1277 3314 1333 Calestini
3345 1276 3552 1329 litteras
3592 1291 3787 1344 prorsus

2140 1369 2434 1439 ignorasse
2509 1368 2812 1422 dicentur?
2893 1371 2965 1420 At
3046 1367 3251 1421 littera
3319 1365 3464 1418 data
3529 1368 3674 1417 erant
3733 1364 3787 1417 ad

2143 1457 2436 1528 episcopos
2503 1473 2619 1510 non
2690 1455 3050 1521 Macedonia,
3120 1459 3218 1509 aut
3268 1453 3561 1523 Bithyniae,
3615 1452 3698 1505 sed
3734 1451 3790 1505 ad

2143 1547 2435 1617 episcopos
2475 1545 2689 1612 Gallia,
2744 1561 2810 1598 eo
2858 1549 3116 1614 tempore
3167 1560 3281 1614 quo
3329 1544 3556 1612 Faustus
3598 1540 3652 1593 in
3705 1540 3790 1593 Le-

2147 1635 2362 1688 rinensi
2393 1634 2650 1689 coenobio
2675 1633 2929 1701 ﬂorebat,
2961 1633 3053 1686 cui
3083 1636 3212 1702 post
3235 1647 3450 1686 annum
3478 1630 3636 1683 abbas
3675 1644 3789 1698 pra-

2147 1723 2324 1777 fectus
2375 1722 2498 1777 fuit.
2558 1723 2703 1788 Quid
2755 1722 2906 1793 quod
2948 1722 3105 1776 Idem
3165 1721 3490 1774 Vincentius
3525 1717 3790 1772 Lerinensis

2149 1811 2375 1865 easdem
2406 1811 2670 1881 producit
2698 1811 2757 1864 in
2791 1809 3245 1864 Commonitorio
3277 1809 3542 1863 adversus
3570 1806 3791 1876 profanas

2149 1914 2351 1952 vocum
2434 1897 2732 1964 novitates,
2798 1914 3004 1969 easque
3051 1897 3373 1967 plurimum
3429 1891 3789 1949 commendat?

2151 1987 2272 2052 Qua
2299 2001 2431 2040 vero
2464 1986 2650 2041 fronte
2673 1987 3003 2041 Vincentius
3033 2003 3128 2040 eas
3159 1986 3268 2040 sibi
3289 1986 3474 2040 favere
3495 1984 3686 2037 litteras
3698 1983 3792 2052 jac-

2148 2079 2339 2138 tasset,
2375 2075 2583 2146 quibus
2615 2075 2914 2146 ipsiusmet
2943 2074 3241 2146 opiniones
3271 2072 3790 2127 condemnabautur?

2151 2165 2281 2218 Hac
2299 2163 2395 2217 ille
2417 2164 2640 2217 scribit:
2667 2183 2694 2215 (ι
2723 2164 2827 2218 Sed
2857 2169 2914 2218 et
2938 2167 3165 2217 sanctus
3190 2178 3345 2234 papa
3365 2161 3676 2217 Calestinus
3695 2157 3792 2227 pari

2151 2252 2318 2306 modo
2352 2252 2666 2323 eademque
2693 2251 2974 2306 sententia
3001 2268 3015 2318 ;
3048 2251 3127 2306 ait
3156 2251 3313 2305 enim
3335 2251 3395 2304 in
3418 2249 3641 2320 epistola
3656 2261 3790 2316 quam

2151 2340 2439 2395 Gallorum
2469 2341 2851 2395 sacerdotibus
2881 2340 3055 2407 misit,
3091 2359 3118 2392 ι
3152 2345 3263 2395 etc.
3295 2341 3435 2394 Tota
3464 2339 3626 2408 igitur
3651 2335 3792 2390 Gallia

2152 2434 2420 2483 sonantes
2470 2429 2755 2485 Calestini
2807 2446 2992 2497 voces,
3042 2445 3106 2483 ac
3153 2428 3436 2482 Vincentii
3482 2433 3536 2480 et
3579 2423 3793 2494 Prosperi

2153 2533 2250 2570 ore
2281 2517 2452 2570 etiam
2492 2518 2740 2572 redditas
2783 2518 2910 2588 quis
2957 2517 3320 2572 eruditorum
3366 2515 3665 2570 antistitum
3705 2527 3793 2565 non

2153 2606 2498 2660 inaudivisse
2549 2607 2864 2662 credendus
2895 2611 2980 2660 est
3004 2609 3031 2660 7
3074 2606 3278 2677 Itaque
3322 2605 3507 2676 capita
3534 2604 3624 2657 illa
3648 2619 3674 2655 a
3696 2601 3792 2655 Coe-

2153 2693 2360 2750 lestino
2410 2694 2616 2749 emissa
2663 2711 2778 2749 non
2808 2694 2988 2762 fuere,
3021 2711 3094 2748 ne
3144 2693 3446 2749 hareticos
3497 2689 3790 2763 pronuntie-

2153 2798 2280 2836 mus
2302 2798 2396 2836 eos
2427 2797 2571 2853 quos
2602 2786 2657 2838 et
2686 2782 2951 2837 sanctitas
2981 2787 3038 2838 et
3078 2782 3326 2837 eruditio
3366 2781 3603 2836 celebres
3643 2775 3792 2832 reddi-

2153 2871 2308 2924 dere.

2229 2959 2434 3012 Verum
2491 2955 2733 3012 dubium
2789 2956 2881 3011 hic
2949 2957 3371 3027 expediendum
3447 2958 3672 3011 alterum
3715 2955 3794 3008 est.

2153 3047 2381 3100 cuinam
2407 3046 2593 3118 capita
2619 3046 2718 3100 illa
2746 3046 3034 3101 Calestini
3064 3047 3268 3101 litteris
3299 3063 3515 3101 annexa
3546 3041 3797 3100 tribuenda

2153 3135 2320 3190 sint?
2346 3136 2408 3190 In
2437 3135 2584 3189 libro
2615 3135 3123 3190 ecclesiasticorum
3152 3137 3516 3206 Dogmatum,
3561 3133 3652 3204 qui
3680 3131 3798 3184 inter

2153 3240 2326 3295 opera
2350 3223 2529 3277 sancti
2555 3224 2862 3294 Augustini
2890 3229 3045 3278 tomo
3077 3225 3152 3279 III
3185 3231 3532 3290 recensetur,
3563 3239 3595 3277 a
3615 3237 3721 3292 cap.
3745 3219 3798 3271 22

2153 3311 2420 3365 undecim
2460 3311 2646 3381 capita
2683 3312 2953 3382 leguntur
2982 3313 3053 3366 ad
3097 3313 3340 3368 verbum
3371 3329 3439 3367 ex
3482 3309 3668 3366 litteris
3704 3309 3796 3364 C(2-

2153 3399 2346 3454 lestini
2377 3399 2674 3471 exscripta.
2707 3400 2816 3454 Sed
2844 3400 2998 3454 illius
3027 3403 3339 3456 voluminis
3367 3418 3482 3456 non
3528 3404 3606 3454 est
3643 3401 3797 3452 auctor

2156 3492 2382 3543 sanctus
2435 3489 2810 3559 Augustinus,
2865 3506 2996 3544 cum
3042 3491 3215 3544 etiam
3261 3491 3476 3546 ibidem
3525 3489 3800 3542 inserantur

2155 3577 2340 3648 capita
2370 3577 2592 3632 concilii
2620 3578 2971 3646 Arausicani,
3002 3579 3157 3651 quod
3191 3596 3345 3634 anno
3371 3582 3472 3634 529
3500 3576 3798 3632 celebratum

2156 3671 2240 3730 est
2269 3684 2283 3734 ;
2317 3682 2492 3738 quare
2523 3682 2628 3721 nec
2653 3667 2751 3722 illa
2781 3669 3025 3723 scribere
3048 3671 3250 3740 potuit.
3280 3668 3596 3725 Gennadius
3642 3665 3704 3720 ob
3729 3679 3799 3715 ra-

2154 3755 2337 3810 tiones
2365 3755 2635 3811 adductas
2665 3756 2812 3812 libro
2842 3773 2880 3812 Il
2911 3759 3050 3813 Hist.
3082 3759 3434 3830 Pelagiana,
3477 3773 3595 3827 cap.
3628 3757 3702 3819 t6,
3725 3749 3799 3822 qui

2157 3860 2285 3898 cum
2317 3844 2572 3900 Cassiani
2600 3845 2870 3917 dogmata
2901 3847 2982 3901 uti
3004 3847 3282 3902 catholica
3303 3861 3597 3919 perperam
3625 3860 3653 3897 a
3671 3843 3801 3898 Pros-

2155 3950 2293 4003 pero
2327 3933 2665 4006 impugnata
2693 3935 2865 3990 fuisse
2905 3935 3075 4005 dicat,
3106 3952 3226 3990 non
3267 3954 3362 3991 eas
3393 3932 3682 3990 sententias
3721 3928 3801 3983 do-

2157 4037 2284 4076 cere
2303 4023 2510 4093 potuit,
2535 4039 2664 4095 qua
2687 4024 2937 4079 Cassiani
2949 4025 3323 4095 opinionibus
3335 4040 3560 4097 prorsus
3571 4031 3802 4092 repugna'

2157 4115 2303 4165 rent.
2336 4111 2507 4166 Sutor
2537 4113 2709 4167 etiam
2740 4114 2859 4181 ille,
2893 4114 3224 4185 quicunque
3251 4115 3444 4180 fuerit,
3475 4114 3681 4181 ineptus
3717 4110 3799 4169 est,

2159 4215 2292 4253 nam
2340 4215 2463 4271 cap.
2517 4203 2585 4255 25
2632 4201 2758 4256 ait:
2794 4219 2816 4254 ι
2870 4203 3026 4257 Idem
3079 4203 3356 4273 magister
3391 4203 3450 4256 in
3496 4197 3715 4272 epistola
3750 4191 3802 4246 ad

350 4287 652 4342 devotione
683 4292 984 4341 contentus
1016 4287 1141 4341 fuit.
1177 4307 1205 4339 ι)
1233 4288 1500 4342 Addens:
1539 4308 1560 4339 ι
1597 4287 1792 4342 Fidem
1818 4304 2049 4358 exspec-
2083 4281 2125 4336 Ι)
2156 4289 2542 4344 Milevitanum
2572 4290 2878 4346 concilium
2907 4292 3037 4346 data
3070 4293 3345 4364 pradicet
3374 4293 3582 4355 dicens,
3639 4307 3662 4337 ι)
3692 4289 3800 4347 ειειὶ

349 4379 432 4430 tat
461 4391 494 4429 a
524 4375 794 4447 parvulis,
826 4392 1001 4445 opera
1031 4374 1207 4429 etiam
1239 4391 1368 4429 cum
1400 4374 1510 4429 ﬁde
1542 4393 1573 4430 a
1592 4376 1943 4431 conﬁrmatis
1963 4393 2052 4432 re-

353 4464 550 4534 quirit,
584 4465 664 4519 ita
698 4469 889 4520 tamen
941 4468 1004 4518 ut
1038 4463 1388 4519 credulitatis
1433 4463 1700 4518 affectum
1743 4465 2048 4537 proﬁcien-

350 4553 505 4606 tibus
551 4557 774 4624 augeat.
807 4573 834 4606 ι)
878 4555 1116 4624 Legatus
1163 4552 1386 4606 Vossius
1418 4551 1518 4607 lib.
1551 4569 1603 4606 ιν
1657 4553 1793 4608 Hist.
1831 4555 2044 4626 Pelag.,

352 4645 499 4712 part.
535 4655 572 4706 1,
607 4642 845 4708 thesi2;
879 4643 1032 4696 idem
1061 4642 1161 4696 lib.
1193 4657 1251 4702 ιι,
1297 4657 1418 4712 cap.
1461 4645 1545 4708 10,
1583 4648 1640 4697 et
1682 4647 1815 4697 ante
1857 4643 2048 4714 ipsum

349 4729 679 4783 Vincentius
740 4729 1062 4783 Lerinensis
1132 4729 1192 4784 in
1249 4731 1720 4795 Commonitorio,
1775 4749 1897 4802 cap.
1957 4737 2046 4801 37,

351 4818 611 4873 scribunt
647 4834 752 4872 nos
801 4833 968 4887 posse
1010 4819 1219 4873 nostris
1271 4819 1486 4875 viribus
1533 4825 1748 4892 petere,
1797 4823 2045 4892 pulsare,

352 4923 636 4980 quarere,
664 4911 723 4961 ut
751 4906 854 4961 Dei
879 4906 1124 4978 gratiam
1155 4907 1532 4971 obtineamus,
1565 4926 1693 4982 qua
1718 4916 1841 4965 erat
1868 4911 2049 4965 Semi-

349 4996 788 5068 Pelagianorum
819 4995 1014 5066 opinio
1043 5012 1112 5050 ex
1161 4997 1367 5052 litteris
1388 4999 1652 5069 Prosperi
1681 4998 1750 5053 ad
1775 4999 2047 5068 Augusti-

348 5101 508 5140 num.
545 5087 688 5140 ltem
719 5085 939 5157 aliquot
974 5084 1427 5156 etiam‘episcopi
1459 5087 1786 5154 Galliarum,
1821 5093 2048 5142 mortuo

352 5175 578 5241 Fausto,
612 5174 784 5228 ﬁdem
815 5174 982 5228 nobis
1005 5191 1070 5228 ex
1099 5175 1263 5229 nobis
1291 5175 1447 5228 nasci
1468 5175 1752 5241 dicebant,
1775 5180 1838 5229 ut
1865 5191 1930 5230 ex
1955 5175 2046 5230 lit-

351 5259 489 5313 teris
518 5261 794 5315 Bonifacii
823 5263 871 5316 II
901 5261 972 5316 ad
1003 5260 1313 5316 Casarium
1340 5261 1716 5331 intelligitur:
1750 5278 1879 5333 qua
1920 5262 2046 5333 qui-

354 5345 487 5401 dem
516 5348 814 5404 sententia
841 5355 1036 5420 aperte
1067 5351 1415 5406 damnantur
1444 5349 1504 5402 in
1533 5350 1647 5403 illis
1676 5351 1955 5422 capitibus
1984 5349 2047 5405 in

353 5433 564 5506 quibus
591 5434 763 5491 ﬁdem
793 5443 850 5492 et
878 5439 1049 5510 hujus
1073 5439 1325 5505 initium,
1349 5442 1542 5492 sancta
1565 5439 1854 5508 cogitatio,
1882 5439 2046 5509 pium

353 5523 680 5592 consilium,
700 5525 887 5580 omnis
896 5528 1080 5582 bonus
1092 5527 1323 5583 affectus
1345 5525 1645 5598 omnisque
1661 5527 1845 5582 bonus
1856 5533 2044 5582 motus

2155 4393 2287 4432 cum
2316 4381 2511 4432 tamen
2544 4379 2704 4449 prius
2733 4396 2852 4434 non
2897 4381 3122 4435 citasset
3169 4380 3582 4444 Innocentium,
3611 4391 3671 4430 ex
3712 4384 3801 4442 quo

2154 4465 2253 4520 illa
2280 4467 2452 4521 verba
2471 4467 2796 4523 referuntur
2823 4467 2884 4522 in
2913 4469 3147 4523 annexis
3167 4469 3470 4540 capitibus,
3500 4466 3604 4520 illis
3632 4472 3801 4527 nempe

2155 4569 2280 4624 cap.
2302 4559 2358 4608 7.
2407 4557 2692 4610 Praterea
2742 4556 2853 4611 duo
2883 4563 3174 4627 postrema
3202 4558 3413 4628 capita,
3443 4554 3646 4610 scilicet
3686 4552 3732 4603 lt
3760 4549 3803 4599 et

2155 4645 2245 4710 22,
2296 4643 2367 4698 ad
2415 4645 2656 4698 verbum
2708 4643 2994 4700 habentur
3038 4646 3098 4701 in
3127 4646 3367 4700 homilia
3408 4642 3581 4699 sancti
3607 4633 3803 4695 Joannis

2157 4731 2546 4802 Chrysostomi
2573 4733 2643 4787 de
2676 4734 2856 4787 Adam
2903 4739 2960 4789 et
3002 4735 3113 4789 Eva
3153 4739 3290 4789 tom.
3326 4735 3376 4788 Il
3415 4732 3549 4788 edit.
3590 4725 3800 4786 Basileze,

2157 4821 2257 4875 ubi
2288 4821 2460 4875 etiam
2488 4822 2590 4876 illa
2614 4823 2785 4877 verba
2810 4823 2874 4877 in
2901 4824 3014 4878 ﬁne
3039 4829 3354 4896 ponuntur,
3401 4834 3634 4893 quarum
3673 4826 3800 4868 occa-

2159 4908 2318 4962 sione
2361 4909 2470 4963 ista
2516 4910 2928 4982 perquirimus,
2977 4927 3222 4982 nempe:
3270 4908 3644 4978 Profundiores
3684 4911 3799 4958 vero,

2155 4981 2600 5068 difﬁcilioresque
2620 4981 2827 5069 partes,
2873 5004 2975 5055 etc.
3013 5042 3028 5066 ,
3060 4981 3132 5054 in,
3168 5016 3281 5072 qua
3310 4999 3479 5054 etiam
3526 4981 3797 5072 homilia,§

2155 5085 2285 5141 Cum
2314 5101 2438 5154 ergo
2483 5068 2686 5140 dicitur
2716 5087 2868 5142 homo
2910 5087 3061 5142 tradi
3107 5068 3390 5143 desideriis
3430 5085 3557 5149 suis,
3597 5083 3717 5141 etc.,

2153 5173 2393 5228 verbum
2412 5173 2743 5230 inseruntur
2763 5175 3144 5248 quadraginta
3163 5191 3352 5230 versus
3369 5190 3434 5228 ex
3452 5173 3586 5226 libro
3604 5183 3632 5219 ν
3651 5161 3794 5218 δειλαί

2117 5322 2124 5326 ,
2154 5262 2459 5334 Augustini
2500 5268 2699 5319 contra
2725 5251 2818 5319 Jul
2853 5281 3017 5335 .,cap.
3053 5268 3105 5320 3.
3142 5264 3296 5320 Unde
3325 5266 3516 5316 auctor
3553 5254 3688 5310 illius
3713 5249 3793 5302 ho-

2155 5352 2329 5406 milia
2360 5368 2477 5406 non
2507 5357 2591 5407 est
2629 5353 3084 5424 Chrysostomus,
3146 5353 3240 5408 sed
3285 5351 3507 5406 Latinus
3550 5337 3790 5415 quispiam

2153 5438 2355 5494 debilis
2386 5441 2624 5512 gingenii
2654 5443 2910 5513 scriptor,
2969 5443 3068 5514 qui
3113 5459 3218 5497 nec
3256 5457 3358 5496 suo
3391 5453 3483 5494 ore
3531 5428 3674 5501 loqui
3705 5437 3788 5494 P°'

2153 5529 2278 5593 tuit,
2314 5529 2413 5583 sed
2439 5530 2685 5586 aliorum
2714 5536 2938 5588 tantum
2968 5531 3273 5587 sententias
3306 5529 3367 5583 in
3403 5529 3645 5582 centones
3677 5525 3784 5567 608-
