3914 6186
62 312 162 364 825

1374 312 1693 368 νΙΝΒΙΟῙᾸΞ
1733 309 2271 367 ΑΗΕΗὸΤΙΝΙΑΝίΕ.

3462 319 3564 371 826

64 432 162 502 git.
199 431 474 485 Baronius
512 447 574 486 ac
604 431 840 486 Suarius
865 432 1174 487 verisimile
1203 437 1426 503 putant,
1456 435 1607 506 quod
1640 434 1760 505 qui-
1791 434 1839 490 A
1949 435 2028 488 Ex
2073 434 2161 488 his
2207 438 2362 506 patet
2407 434 2804 507 imprudenter
2849 437 3195 493 recentiores
3247 454 3314 493 ex
3361 438 3565 494 litteris

65 521 193 574 dam
230 520 522 587 scribunt,
557 536 623 573 ea
653 520 841 590 capita
890 520 1062 575 fuisse
1108 538 1142 574 a
1197 524 1475 593 Prospero
1532 524 1758 578 concin-

66 613 229 673 nata;
268 609 495 662 Vossius
531 625 646 662 non
676 608 846 663 audet
897 610 1181 680 spondere
1231 627 1265 664 a
1302 612 1423 665 solo
1482 614 1756 683 Prospero

66 696 344 752 elaborata
373 712 515 761 esse,
564 696 844 751 Hilarium
899 697 1156 769 aliosque
1207 698 1510 769 Augustini
1558 699 1755 754 defen-

66 801 211 839 sores
250 784 429 838 socios
487 787 765 855 Prospero
803 785 1023 852 tribuit,
1080 802 1213 840 nam
1261 788 1469 858 plurali
1514 804 1755 842 numero

61 874 387 943 loquuntur.
453 873 600 937 Quid
680 874 785 928 hac
851 874 910 927 in
965 890 1028 929 re
1095 875 1340 930 divinari
1405 878 1758 947 possumus?

60 961 322 1015 Dicamus
347 962 527 1032 igitur
558 962 805 1016 conﬂata
845 977 967 1017 esse
1014 980 1045 1017 a
1100 965 1379 1035 Prospero
1424 966 1520 1019 illa
1549 966 1755 1037 capita,

60 1051 372 1121 demusque
402 1067 577 1105 unam
609 1057 709 1105 aut
736 1052 972 1106 alteram
997 1053 1408 1123 conjecturam.
1453 1056 1644 1109 Prima
1664 1056 1756 1122 sit,

58 1139 205 1209 quod
233 1155 354 1209 cap.
388 1142 419 1193 8
460 1140 733 1210 leguntur
760 1140 933 1194 verba
960 1140 1287 1196 litterarum
1333 1143 1545 1197 Zosimi
1575 1148 1631 1197 et
1661 1145 1759 1197 Pa-

56 1233 209 1281 trum
240 1227 661 1297 Africanorum,
723 1245 853 1299 quae
898 1229 1098 1284 eadem
1159 1231 1395 1286 omnino
1443 1232 1758 1303 eodemque

53 1317 226 1370 modo
290 1317 488 1370 recitat
552 1319 796 1386 Prosper
843 1322 1042 1372 contra
1093 1319 1459 1386 Collatorem,
1509 1336 1633 1390 cap.
1673 1323 1755 1384 l0,

54 1422 167 1476 quo
196 1406 321 1459 loco
352 1406 549 1459 eadem
608 1407 925 1460 Innocentii
957 1408 1287 1461 testimonia
1323 1409 1505 1479 ponit,
1539 1426 1668 1479 quae
1700 1409 1759 1462 in

52 1494 337 1564 capitibus
383 1495 550 1565 vulgo
597 1495 1007 1549 leestinianis
1046 1497 1335 1567 leguntur.
1390 1498 1611 1553 Litteras
1646 1498 1759 1552 illae

50 1583 262 1637 Zosimi
295 1583 538 1652 periere,
570 1600 884 1655 earumque
937 1584 1168 1639 initium
1200 1586 1353 1656 apud
1391 1588 1757 1657 Prosperum,

52 1674 105 1723 et
136 1672 197 1724 in
222 1670 487 1742 capitulis
506 1671 619 1724 illis
649 1675 872 1725 tantum
905 1672 1168 1727 habetur.
1220 1674 1411 1727 Altera
1466 1690 1601 1729 vero
1652 1680 1755 1738 est,

51 1762 420 1831 Prosperum,
454 1776 576 1830 cap.
625 1764 655 1815 9
713 1764 910 1815 contra
959 1761 1325 1830 Collatorem,
1379 1764 1647 1818 eumdem
1676 1780 1759 1818 ar-

49 1864 251 1918 guere,
303 1848 451 1919 quod
505 1848 744 1915 dixerat,
807 1850 1193 1919 Augustinum
1243 1852 1509 1922 quaedam
1564 1858 1763 1908 contra

49 1936 393 2007 Pelagianos
412 1940 565 2006 justo
614 1939 851 2007 amplius
902 1943 1231 2005 asseruissc;
1289 1941 1485 2012 ibique
1540 1943 1765 1997 vellicat

50 2026 401 2079 sobrietatem
444 2026 773 2082 adversarii.
805 2030 879 2081 At
931 2027 990 2081 in
1020 2044 1144 2099 cap.
1180 2032 1210 2083 3
1244 2030 1644 2085 Ccelestiniano
1675 2048 1764 2086 re-

49 2113 496 2182 prehenduntur
546 2114 945 2184 Massilienses,
1004 2116 1161 2187 quod
1214 2118 1339 2172 ausi
1388 2118 1501 2172 sint
1532 2119 1766 2190 obloqui

49 2201 400 2271 Augustino,
430 2206 707 2273 tanquam
738 2204 1121 2258 necessarium
1150 2206 1386 2260 modum
1440 2209 1763 2263 excesserit.

52 2290 197 2353 Qum
229 2291 276 2343 si
331 2307 460 2344 vere
519 2308 550 2344 a
604 2291 906 2347 Caelestino
940 2293 1091 2347 dicta
1145 2294 1408 2362 fuissent,
1457 2298 1767 2367 repetenda

53 2396 195 2433 sane
250 2380 476 2434 fuerant
519 2382 795 2450 Prospero
829 2398 896 2435 ea
924 2382 993 2437 de
1040 2399 1101 2436 re
1145 2400 1251 2453 pro
1282 2385 1597 2455 Augustino
1628 2402 1764 2440 con-

52 2474 148 2523 tra
190 2469 535 2523 Collatorem
580 2468 879 2540 litigante;
931 2472 1070 2542 quid
1103 2472 1256 2526 enim
1288 2473 1532 2528 validius
1564 2474 1768 2529 adduci

52 2562 290 2628 poterat
322 2558 392 2612 ad
421 2574 483 2611 os
509 2558 915 2613 calumniatori
949 2561 1365 2616 obstruendum
1405 2567 1521 2616 tam
1559 2564 1770 2618 celebri

53 2645 390 2716 apostolicae
420 2646 568 2700 sedis
604 2646 936 2702 testimonio
956 2650 985 2702 ?
1016 2650 1173 2704 Unde
1204 2651 1393 2704 minus
1438 2651 1611 2706 etiam
1641 2668 1769 2723 pro-

50 2736 232 2789 batur
260 2735 647 2789 recentiorum
678 2736 965 2790 sententia
1006 2753 1071 2790 ea
1110 2738 1355 2808 capitula
1386 2740 1601 2811 absque
1651 2742 1769 2795 ulla

48 2824 418 2878 dubitatione
455 2824 763 2878 Caelestino
818 2824 1093 2879 tribuens.
1125 2827 1266 2881 Cum
1311 2830 1554 2899 Prosper
1582 2846 1615 2883 a
1645 2830 1767 2884 Coe-

50 2912 267 2966 lestino
316 2913 583 2983 pontiﬁce
627 2913 687 2966 in
732 2915 1291 2969 commendationem
1350 2916 1654 2984 Augustini
1706 2934 1770 2973 ac

1865 523 2154 577 C(elestini
2182 525 2613 595 Angustinianas
2658 527 2978 581 auctoritati
3036 528 3177 582 adeo
3234 544 3429 582 secure
3472 529 3562 582 in-

1864 613 2095 675 sultare,
2130 620 2400 667 conantes
2429 616 2811 685 Augustinum
2843 616 2959 669 fere
3005 615 3063 668 in
3106 614 3366 669 ordinem
3416 614 3565 669 redi-

1865 716 2020 771 gere.
2064 703 2257 773 Neque
2289 703 2444 757 enim
2475 710 2693 757 certum
2741 708 2825 757 est
2866 709 3214 773 postremam
3274 705 3430 758 illam
3463 720 3563 770 ap-

1864 790 2162 861 pendicem
2189 808 2201 845 :
2233 792 2617 857 Profundiores
2659 809 2800 859 vero,
2853 793 3300 862 difﬁcilioresque
3357 797 3559 861 partes,

1865 886 1996 945 etc.,
2027 881 2097 934 ab
2130 880 2439 950 apostolica
2494 880 2625 934 sede
2673 896 2989 947 emanasse,
3052 882 3203 952 quod
3254 880 3567 951 preclaris-

1865 969 1997 1022 simi
2020 969 2324 1039 scriptores
2373 973 2605 1039 negant.
2633 970 2812 1033 Quem
2830 986 2962 1022 vero
3011 986 3077 1023 ex
3122 970 3403 1038 theologis
3433 985 3564 1024 cum

1865 1058 2068 1113 Suario
2100 1074 2296 1129 parem
2327 1074 2391 1111 ex
2426 1058 2543 1110 suis
2574 1057 2802 1124 faciant,
2859 1073 3101 1128 quemve
3160 1074 3223 1111 ex
3281 1058 3565 1112 historicis

1864 1147 1953 1200 vel
1986 1146 2227 1201 Baronio
2253 1148 2339 1200 vel
2370 1146 2672 1201 Sirmondo
2713 1162 2816 1200 suo
2844 1145 3184 1216 opponent?
3214 1144 3566 1199 Solidissima

1866 1235 2040 1289 etiam
2101 1240 2441 1305 argumenta
2498 1235 2757 1289 eamdem
2814 1234 3158 1289 sententiam
3200 1235 3563 1300 conﬁrmant,

1866 1322 2075 1393 quibus
2105 1324 2295 1393 plures
2327 1323 2385 1375 in
2415 1327 2711 1392 posterum
2728 1337 2932 1375 manus
2953 1321 3305 1391 herbamque
3333 1322 3565 1374 daturos

1867 1426 2054 1480 spero,
2090 1410 2202 1464 nisi
2256 1417 2583 1465 nostrorum
2641 1410 2893 1464 adulatio
2954 1410 3117 1463 nobis
3170 1410 3393 1463 illudat.
3429 1408 3565 1472 Quae

1868 1515 1999 1553 vero
2031 1500 2239 1554 dicturi
2284 1500 2520 1571 insuper
2548 1515 2745 1553 sumus
2772 1498 2833 1552 in
2885 1498 3128 1569 gratiam
3184 1497 3567 1551 recentiorum

1869 1594 2083 1643 asserta
2114 1589 2244 1655 sint,
2280 1594 2342 1642 ut
2368 1604 2601 1641 omnem
2629 1587 2743 1641 illis
2788 1588 2858 1641 ad
2900 1587 3333 1657 Augustinianaa
3374 1588 3568 1639 aucto-

1870 1677 2054 1731 ritatis
2112 1678 2441 1731 truncandze
2490 1676 2711 1730 aditum
2766 1676 3205 1746 prazcludamus.
3269 1677 3569 1744 Hucusque

1873 1766 1933 1820 in
1958 1766 2255 1820 remotiori
2308 1782 2481 1837 quam
2536 1769 2805 1836 putarant
2831 1781 3035 1835 campo
3086 1769 3406 1835 pugnatum
3465 1766 3569 1832 est,

1874 1871 2026 1908 nunc
2085 1855 2152 1909 ad
2207 1870 2406 1908 eorum
2452 1857 2634 1907 castra
2674 1853 3015 1919 accedimus,
3058 1853 3259 1907 eadem
3307 1852 3478 1905 etiam
3508 1850 3569 1904 in

1874 1960 2047 1997 arena
2088 1944 2146 1997 in
2191 1960 2363 2014 quam
2406 1960 2506 1996 nos
2544 1945 2987 2013 provocaverant
3034 1939 3377 1995 dimicaturi.
3416 1939 3568 1993 Dabo

1874 2034 2051 2105 igitur
2081 2034 2256 2103 gratis
2287 2034 2481 2086 decem
2504 2033 2599 2086 illa
2631 2032 2815 2102 capita
2843 2046 2964 2085 esse
3004 2048 3037 2084 a
3092 2029 3398 2085 Caelestino
3429 2044 3566 2082 con-

1875 2122 2123 2188 cinnata,
2157 2122 2226 2175 ab
2266 2121 2464 2175 eodem
2521 2120 2694 2174 etiam
2741 2119 3119 2191 appendicem
3162 2119 3322 2172 illam
3364 2117 3569 2187 adjun-

1873 2215 2021 2264 ctam
2050 2211 2389 2279 concedam;
2415 2209 2547 2263 inde
2576 2215 2769 2263 tamen
2794 2208 2937 2263 nihil
2985 2206 3422 2277 Augustinianaa
3463 2206 3567 2259 do-

1875 2298 2094 2364 ctrinae,
2154 2298 2293 2351 nihil
2351 2299 2605 2367 ejusdem
2676 2296 2962 2367 dignitati,
3041 2294 3189 2350 nihil
3251 2293 3574 2348 auctoritati

1877 2387 2193 2441 detractum
2226 2386 2395 2441 fuisse
2426 2387 2661 2440 docebo.
2692 2388 3016 2457 Antequam
3041 2388 3236 2439 tamen
3256 2383 3365 2437 hoc
3384 2382 3575 2453 ipsum

1876 2492 2174 2546 exsequar,
2206 2491 2366 2529 mens
2416 2476 2759 2546 animusque
2802 2474 3183 2529 recentiorum
3213 2471 3572 2543 indagandus

1877 2569 1981 2631 est,
2014 2564 2244 2635 suisque
2274 2564 2448 2617 veluti
2474 2564 2759 2617 coloribus
2786 2563 3180 2618 delineandus.

1948 2655 2175 2706 Veteres
2229 2652 2709 2721 Semi-Pelagiani
2766 2650 3157 2717 Massilienses,
3213 2665 3327 2720 quo
3368 2662 3571 2702 conce-

1878 2746 2040 2814 ptum
2117 2742 2291 2795 semel
2378 2745 2575 2795 contra
2642 2740 2822 2793 sancti
2900 2738 3205 2809 Augustini
3254 2736 3575 2792 doctrinam

1878 2830 2075 2885 odium
2106 2830 2357 2899 specioso
2388 2828 2640 2899 quodam
2663 2832 2943 2899 praetextu
2972 2828 3244 2892 velarent,
3280 2824 3575 2895 Pelagium

1878 2936 1943 2973 ac
1995 2918 2318 2973 leestium
2375 2916 2744 2981 damnabant,
2800 2916 3134 2986 proﬁtentes
3191 2913 3459 2983 amplecti
3513 2928 3571 2965 se

50 3019 181 3055 suae
244 3002 377 3056 ﬁdei
448 3002 919 3073 approbationem
978 3004 1232 3074 diploma
1275 3006 1654 3076 impetrasset,
1708 3006 1768 3061 in
1805 3028 1845 3084 ο
1878 3023 2231 3079 quascunque
2261 3010 2455 3060 contra
2480 3006 2708 3060 eosdem
2740 3005 2809 3058 ab
2840 3002 3153 3075 apostolica
3195 3002 3327 3057 sede
3359 2999 3576 3055 sancita

51 3090 303 3147 Galliam
357 3091 578 3145 rediens
616 3090 824 3145 iisdem
872 3092 1368 3163 Semi-Pelagianis
1416 3094 1764 3162 insultabat;

50 3186 122 3235 at
153 3180 236 3233 illi
262 3196 355 3234 eas
380 3180 574 3235 laudes
604 3179 896 3251 prioribus
935 3181 1096 3235 libris
1154 3182 1335 3236 sancti
1394 3184 1648 3238 Doctoris
1676 3186 1771 3239 da-

48 3276 149 3325 tas
194 3269 363 3324 fuisse
411 3270 982 3338 commentabantur;
1030 3287 1145 3342 quo
1192 3288 1326 3325 vero
1380 3288 1611 3326 omnem
1669 3274 1769 3328 abs

49 3359 265 3429 seipsis
295 3359 504 3413 erroris
536 3358 925 3431 suspicionem
958 3362 1384 3430 propulsarent,
1416 3362 1767 3431 proﬁteban-

53 3455 166 3504 tur
206 3464 269 3502 ea
326 3465 384 3502 se
426 3454 650 3502 tantum
682 3448 951 3518 dogmata
998 3449 1302 3504 defendere
1344 3452 1485 3504 velle
1535 3468 1663 3521 qua:
1711 3451 1770 3505 in

51 3537 544 3607 disputationibus
572 3537 641 3591 de
671 3538 855 3605 gratia
884 3543 1082 3592 contra
1118 3540 1451 3610 Pelagianos
1480 3540 1550 3595 ab
1604 3556 1771 3610 apos-

48 3628 235 3683 tolica
262 3627 391 3681 sede
422 3626 638 3681 sancita
667 3626 927 3681 fuissent.
976 3627 1114 3681 Inde
1150 3644 1294 3681 onus
1340 3628 1773 3699 Augustinianis

50 3716 322 3770 incubuit
359 3714 791 3770 demonstrandi
820 3731 888 3769 ex
927 3716 1280 3777 Innocentio.
1304 3718 1527 3771 Zosimo
1549 3723 1604 3770 et
1623 3717 1771 3771 Afri-

52 3821 207 3859 cano
240 3804 487 3859 Concilio
531 3821 564 3858 a
612 3806 872 3859 Romana
919 3804 1053 3858 sede
1099 3805 1413 3874 approbato
1465 3805 1773 3859 Massilien-

50 3895 216 3948 sium
260 3892 558 3965 opiniones
612 3908 732 3947 esse
778 3892 1146 3963 proscriptas.
1202 3892 1387 3956 Quare
1429 3893 1623 3947 decem
1672 3894 1772 3948 illa

52 3982 251 4053 capita
296 3984 681 4050 contexentes,
732 3998 845 4053 quo
897 3980 1163 4036 validiori
1213 3981 1548 4035 auctoritate
1599 3982 1772 4037 dona-

48 4076 285 4139 rentur,
316 4071 531 4125 eisdem
561 4070 852 4125 C(elestini
882 4070 1178 4142 epistolam
1206 4070 1275 4124 ad
1306 4070 1601 4141 episcopos
1647 4070 1768 4125 Gal-

54 4161 155 4215 liae
184 4161 496 4231 preﬁxere.
522 4162 593 4213 At
622 4175 752 4213 cum
773 4159 833 4213 in
855 4159 1240 4231 quorumdam
1261 4176 1461 4214 manus
1479 4176 1543 4213 ea
1562 4160 1772 4231 scripta

51 4249 442 4314 devenissent,
471 4249 529 4303 in
560 4249 716 4303 illam
749 4248 1093 4303 sententiam
1132 4249 1343 4312 abiere,
1392 4253 1458 4303 ut
1504 4253 1772 4319 putarent

1877 3100 2155 3163 fuissent;
2204 3099 2473 3149 caeterum
2529 3094 2588 3148 in
2637 3095 2783 3159 aliis,
2815 3093 2884 3147 de
2918 3092 3124 3164 quibus
3153 3092 3311 3145 nulla
3343 3105 3574 3143 emana-

1877 3191 2007 3241 rant
2035 3202 2068 3239 a
2096 3184 2463 3256 pontiﬁcibus
2494 3184 2737 3249 decreta,
2776 3200 2890 3237 non
2923 3188 3070 3235 stare
3123 3197 3181 3234 se
3214 3195 3342 3234 cum
3379 3181 3575 3249 Augu-

1879 3275 2028 3329 stino
2050 3273 2332 3341 dicebant,
2362 3272 2517 3343 quod
2540 3272 2636 3326 ille
2660 3272 2719 3325 in
2746 3271 3008 3326 doctrina
3030 3273 3225 3323 contra
3242 3266 3576 3338 Pelagianos

1877 3363 2084 3417 tradita
2139 3360 2520 3415 necessarium
2583 3360 2819 3414 modum
2879 3361 3208 3413 excesserat.
3271 3357 3352 3410 Do
3408 3355 3579 3409 verba

1881 3450 2187 3518 leestini,
2221 3466 2349 3520 cap.
2391 3453 2421 3505 3
2449 3467 2461 3504 :
2499 3450 2691 3514 «Quia
2721 3448 2983 3502 nonnulli
3016 3447 3115 3518 qui
3165 3445 3440 3499 catholico
3472 3461 3578 3498 no-

1879 3542 2034 3595 mine
2089 3539 2427 3611 gloriantur,
2488 3538 2547 3592 in
2593 3538 2875 3592 damnatis
2928 3544 3120 3590 autem
3177 3534 3579 3589 haereticorum

1881 3629 2162 3695 sensibus,
2193 3644 2292 3682 seu
2340 3627 2638 3699 pravitate,
2697 3626 2813 3680 sive
2858 3625 3145 3695 imperitia
3195 3624 3577 3689 demorantes,

1880 3715 2155 3787 piissimis
2184 3714 2638 3785 disputatoribus
2655 3713 2884 3767 obviare
2911 3716 3271 3783 praesumunt
3300 3729 3312 3767 :
3363 3716 3419 3766 et
3447 3727 3578 3765 cum

1882 3805 2177 3876 Pelagium
2225 3808 2397 3873 atque
2442 3802 2767 3857 Coelestium
2813 3800 3297 3855 anathematizare
3333 3815 3448 3854 non
3481 3799 3583 3854 du-

1881 3894 2085 3959 bitent,
2116 3892 2406 3961 magistris
2434 3895 2627 3945 tamen
2652 3889 2859 3942 nostris
2890 3894 3163 3959 tanquam
3194 3887 3580 3942 necessarium

1881 3982 2119 4036 modum
2162 3978 2531 4045 excesserint,
2610 3978 3021 4048 obloquuntur,
3089 3991 3270 4046 eaque
3334 3979 3580 4029 tantum-

1880 4071 2050 4124 modo
2081 4068 2243 4140 sequi
2272 4072 2329 4122 et
2352 4067 2597 4138 probare
2629 4067 2996 4136 proﬁtentur,
3030 4081 3159 4135 quin
3199 4063 3580 4118 sacratissima

1881 4159 2036 4215 beati
2063 4156 2305 4229 apostoli
2352 4156 2512 4209 sedes
2568 4160 2765 4208 contra
2804 4153 3065 4207 inimicos
3094 4152 3292 4224 gratias
3349 4152 3448 4206 Dei
3477 4168 3582 4222 per

1882 4246 2270 4303 ministerium
2304 4245 2613 4316 praesulum
2647 4258 2877 4297 suorum
2906 4241 3092 4295 sanxit
3120 4247 3175 4295 et
3205 4240 3416 4295 docuit.
3451 4259 3479 4292 »
3509 4242 3583 4295 At

55 4339 397 4393 universum
428 4338 688 4393 libellum
717 4338 892 4392 fuisse
936 4354 971 4391 a
1000 4338 1302 4393 Caelestino
1347 4338 1618 4409 pontiﬁce
1665 4356 1770 4409 pu-
1810 4322 1854 4378 Ῑ)
1883 4356 1990 4394 nos
2039 4334 2419 4408 proponimus
2476 4332 2887 4388 recentioribus
2945 4330 3122 4385 sancti
3164 4328 3469 4401 Augustini
3509 4328 3581 4383 de

52 4427 338 4481 blicatum
370 4427 426 4479 in
461 4442 573 4497 qua
602 4426 875 4495 opinione
903 4426 1069 4480 video
1103 4441 1221 4479 esse
1251 4441 1317 4479 ex
1348 4426 1770 4497 antiquioribus

56 4518 300 4571 Petrum
333 4516 664 4582 Diaconum,
698 4515 832 4570 dein
862 4515 1251 4582 Cresconium,
1297 4532 1443 4586 quos
1492 4516 1682 4581 citavi,
1716 4521 1773 4571 et

56 4608 197 4677 post
250 4604 700 4676 quadringentos
752 4620 930 4659 annos
966 4603 1272 4659 Ecclesiam
1315 4606 1487 4659 etiam
1538 4606 1768 4675 Lugdu-

54 4710 303 4748 nensem
332 4694 390 4747 in
422 4694 567 4748 libro
602 4694 671 4747 de
700 4694 903 4748 Tribus
930 4693 1215 4764 Epistolis,
1266 4698 1435 4765 atque
1484 4693 1612 4747 aliis
1640 4710 1769 4764 pas-

54 4784 174 4838 sim
233 4783 403 4837 editis
455 4783 515 4837 in
563 4799 733 4837 causa
770 4782 1160 4838 Gotteschalci.
1194 4783 1519 4837 Notandum
1572 4787 1771 4837 tamen

53 4877 149 4927 est
215 4874 447 4927 Petrum
514 4872 826 4927 Diaconum
880 4888 945 4925 ac
1004 4872 1183 4926 socios
1240 4872 1474 4938 Scythas
1527 4888 1765 4938 errasse,

54 4962 205 5016 dum
235 4961 296 5015 in
326 4962 471 5015 libro
498 4961 567 5015 de
619 4960 1013 5015 Incarnatione
1044 4965 1100 5015 et
1128 4960 1328 5031 gratia,
1372 4977 1496 5032 cap.
1554 4965 1607 5027 8,
1642 4963 1768 5016 lau-

50 5050 204 5105 dant
228 5049 402 5103 verba
430 5066 559 5121 quae
590 5049 875 5104 habentur
912 5048 1077 5103 initio
1126 5065 1247 5119 cap.
1301 5052 1332 5103 8
1381 5050 1769 5105 Ccelestiniani

51 5145 344 5209 tanquam
375 5138 692 5193 Innocentii
722 5138 791 5192 ad
842 5138 1119 5210 synodum
1160 5138 1578 5202 Milevitanam;
1614 5138 1769 5193 unde

48 5231 220 5298 patet
252 5243 350 5280 eos
382 5242 497 5280 non
532 5226 734 5297 legisse
768 5224 1084 5280 Innocentii
1123 5224 1361 5292 litteras,
1415 5225 1513 5279 sed
1558 5225 1619 5280 in
1649 5226 1771 5280 haec

51 5318 371 5374 Caelestino
393 5319 662 5373 attributa
678 5316 1227 5390 capitulaincidisse,
1242 5317 1395 5372 haud
1418 5317 1771 5390 distinguen-

48 5414 138 5463 tes
176 5408 385 5463 ultima
414 5408 586 5462 verba
613 5423 736 5479 cap.
792 5411 848 5473 7,
882 5422 1012 5477 quas
1064 5405 1245 5460 sancti
1288 5407 1609 5461 Innocentii
1638 5412 1771 5462 sunt

48 5498 125 5551 ad
160 5496 521 5551 Milevitanos
553 5513 585 5551 a
620 5496 824 5567 primis
853 5494 1038 5551 octavi
1084 5495 1305 5568 capitis,
1355 5512 1485 5568 qua:
1532 5496 1769 5553 alterius

50 5586 312 5641 auctoris
342 5590 497 5641 sunt.

1879 4428 2129 4499 gratuita
2158 4424 2227 4479 ad
2267 4424 2512 4495 gloriam
2572 4419 3079 4492 praedestinatione
3126 4417 3489 4484 sententiam,
3521 4417 3581 4471 in

1878 4519 2025 4577 hanc
2053 4518 2347 4570 transeant
2372 4514 2443 4567 ob
2473 4511 2776 4566 asserentis
2826 4508 3231 4563 auctoritatem
3285 4524 3576 4579 rogamus.

1878 4604 2205 4676 Respondet
2235 4602 2532 4668 Moraines,
2567 4602 2713 4671 disp.
2748 4603 2779 4655 9
2804 4599 3148 4666 Anti-Jans,,
3200 4613 3361 4653 num.
3412 4600 3501 4664 50,
3533 4596 3582 4651 si

1877 4710 2004 4748 eam
2066 4692 2407 4747 sententiam
2481 4690 2678 4745 docuit
2733 4687 3112 4759 Augustinus,
3186 4703 3293 4743 non
3356 4691 3581 4741 statutae

1876 4788 2072 4838 contra
2118 4781 2449 4852 Pelagianos
2478 4780 2736 4834 doctrinae
2785 4780 3133 4847 afﬁnitatem,
3166 4783 3261 4832 aut
3289 4776 3581 4830 connexio—

1874 4890 2014 4938 nem,
2045 4888 2163 4942 qua:
2185 4872 2341 4925 nulla
2389 4874 2485 4937 est,
2547 4868 2641 4923 sed
2689 4874 2880 4922 aestum
2933 4866 3327 4935 disputationis
3363 4862 3438 4916 ad
3483 4862 3579 4915 hoc

1875 4964 2029 5018 illum
2059 4962 2363 5030 impulisse.
2398 4958 2631 5013 Addunt
2661 4973 2720 5011 se
2768 4962 2992 5011 tantum
3041 4954 3223 5009 teneri
3276 4952 3348 5005 ad
3385 4949 3580 5004 defen-

1878 5050 2092 5107 dendas
2148 5047 2460 5104 sententias
2539 5064 2572 5101 a
2646 5048 2905 5101 Romana
2985 5044 3115 5098 sede
3196 5039 3577 5112 approbatas:

1878 5159 1907 5192 ι(
1935 5138 2200 5204 Quamvis
2219 5137 2394 5204 enim,
2429 5135 2719 5208 inquiunt,
2750 5132 3111 5205 prmferenda
3142 5131 3213 5184 sit
3241 5146 3311 5184 ea
3341 5132 3573 5183 senten-

1877 5227 1955 5282 tia
2009 5242 2139 5298 que
2193 5226 2367 5280 talem
2422 5226 2659 5280 modum
2716 5219 3231 5296 prtedestinationis
3257 5233 3323 5273 ex
3358 5218 3580 5273 meritis

1877 5315 2114 5372 omnino
2143 5319 2335 5384 negat,
2358 5319 2551 5369 tamen
2585 5319 2645 5368 ut
2664 5314 2931 5368 damnata
2961 5309 3133 5365 etiam
3161 5311 3457 5363 censeatur
3482 5308 3580 5363 illa

1877 5421 2008 5477 qua
2074 5404 2341 5470 afﬁrmat,
2394 5404 2706 5458 videndum
2758 5401 2866 5455 erit
2917 5416 3093 5471 quam
3147 5400 3220 5454 sit
3262 5397 3579 5453 necessario

1876 5509 2132 5548 connexa
2159 5507 2289 5547 cum
2328 5490 2581 5545 articulis
2607 5508 2637 5543 a
2667 5487 2969 5544 Caelestino
3020 5486 3303 5543 deﬁnitis:
3335 5485 3383 5540 si
3422 5485 3579 5540 enim

1877 5600 1995 5638 non
2022 5582 2117 5653 sit,
2150 5580 2410 5655 quamvis
2441 5578 2794 5649 Augustinus
2843 5577 2901 5631 in
2932 5577 3283 5632 contrarium
3330 5591 3579 5648 propen-
