3908 6180
329 311 431 364 827

1342 302 1903 360 SUPPLEMENTUM
1944 303 2035 357 AD
2073 303 2303 359 OPERA
2342 303 2396 357 S.
2436 301 2825 358 AUGUSTINI.
3681 316 3757 369 828

329 430 480 497 deat,
513 429 901 502 permittenda
927 432 1119 482 tamen
1177 426 1284 480 erit
1337 425 1508 496 hujus
1563 427 1896 497 quaastionis
1927 428 2023 481 de-
2062 426 2107 480 A
2138 427 2347 482 nobilis
2403 428 2709 482 exclamat:
2761 427 2913 482 «Ita
2969 430 3072 489 est,
3143 427 3318 481 multa
3370 428 3621 488 habemus
3662 452 3765 493 cum

329 519 662 574 terminatio
713 519 906 573 libera:
962 515 1378 585 disputantium
1436 517 1721 572 electioni.
1771 538 1798 567 »
1851 518 2034 571 Verba

330 614 465 662 sunt
493 607 701 662 Annati
739 607 839 660 lib.
873 622 987 670 vm,
1037 621 1161 674 cap.
1210 609 1258 671 l,
1308 621 1441 677 pag.
1478 609 1608 662 856.
1647 607 1831 677 Igitur
1874 607 2032 660 nullo

337 697 518 768 gradu
551 697 722 750 distat
752 696 860 748 hoc
900 694 1283 748 recentiorum
1314 695 1383 750 de
1406 697 1728 767 Augustino
1751 695 2032 766 judicium

331 803 362 840 a
389 785 566 840 veteri
598 783 1225 853 Semi-Pelagianorum
1258 785 1566 855 opinione;
1619 786 1847 856 utrique
1877 786 2033 840 enim

334 873 646 928 admittunt
675 872 1067 927 necessitatem
1098 874 1368 928 credendi
1395 891 1461 929 ea
1499 892 1628 946 qua:
1661 880 1858 929 contra
1908 875 2031 929 hae-

331 961 535 1015 reticos
590 961 660 1015 de
704 960 897 1015 divina
924 962 1108 1031 gratia
1162 962 1232 1016 ab
1283 963 1593 1033 apostolica
1647 964 1777 1018 sede
1825 967 2032 1017 statuta

329 1053 483 1110 sunt,
518 1052 576 1103 at
613 1065 728 1102 non
787 1048 885 1102 illa
921 1065 1049 1120 quae
1081 1065 1186 1119 per
1225 1066 1517 1105 excessum
1565 1057 1764 1106 contra
1801 1052 2030 1106 eosdem

329 1143 558 1193 sanctus
587 1138 942 1208 Augustinus
973 1139 1228 1192 asseruit.
1257 1139 1448 1193 Dicam
1471 1144 1664 1194 tamen
1695 1140 1847 1211 quod
1881 1140 2032 1194 inter

331 1233 608 1297 utrosque
654 1227 1000 1281 discriminis
1038 1227 1279 1282 intersit.
1314 1229 1453 1282 Cum
1509 1234 1734 1282 sanctus
1787 1231 2032 1300 Prosper

332 1315 618 1370 Ccelestini
703 1315 1176 1386 approbationem
1255 1318 1688 1387 Augustinianze
1758 1319 2029 1372 doctrina:

333 1402 774 1458 Massiliensibus
805 1403 1095 1473 objiceret,
1126 1404 1209 1458 illi
1255 1422 1348 1458 eas
1399 1407 1594 1461 laudes
1651 1407 2029 1462 anterioribus

330 1491 492 1545 libris
520 1492 824 1563 Augustini
847 1493 1059 1546 delatas
1089 1493 1372 1563 dicebant,
1423 1512 1541 1550 non
1599 1497 2027 1567 posterioribus,

333 1580 395 1633 in
424 1580 631 1651 quibus
671 1585 728 1635 et
777 1581 1202 1651 praedestinatio
1235 1583 1355 1637 sine
1384 1583 1620 1651 meritis,
1673 1591 1730 1639 et
1758 1586 1897 1640 ﬁdes
1929 1585 2030 1640 Dei

329 1668 547 1723 donum
577 1669 868 1723 astruitur.
901 1672 972 1723 At
998 1671 1342 1726 recentiores
1381 1673 1557 1727 libros
1603 1675 1778 1728 etiam
1835 1680 2024 1746 poste-

327 1757 508 1810 riores
542 1757 843 1827 recipiunt,
885 1758 1162 1830 aiuntque
1193 1762 1558 1833 approbatos,
1589 1779 1704 1835 qua
1759 1767 1917 1834 parte
1957 1763 2023 1817 ti-

328 1845 460 1899 dem
514 1861 580 1898 ex
642 1845 741 1899 Dei
789 1861 1028 1901 munere
1084 1863 1206 1902 esse
1247 1849 1464 1918 dicunt,
1510 1868 1628 1906 non
1687 1868 1801 1923 qua
1856 1852 2028 1907 etiam

329 1933 894 2003 praedestinationem
925 1940 1057 1990 ante
1088 1937 1331 2007 praevisa
1380 1940 1588 1994 merita
1615 1946 1854 2011 ponunt.
1915 1943 2027 1995 Ita-

330 2039 443 2093 que
476 2022 850 2078 Massilienses
877 2040 944 2077 ex
973 2029 1092 2079 toto
1120 2030 1442 2096 postremos
1485 2028 1792 2098 Augustini
1855 2028 2029 2082 libros

329 2112 586 2166 laudatos
634 2129 668 2166 a
723 2113 994 2167 Romanis
1045 2115 1411 2185 pontificibus
1471 2117 1780 2187 negabant,
1837 2133 2030 2172 recen-

332 2199 506 2254 tiores
529 2216 594 2254 ex
625 2207 786 2271 parte
816 2207 1038 2256 tantum
1067 2205 1409 2275 approbatos
1441 2207 1779 2261 concedunt.

404 2289 637 2343 Certum
701 2295 785 2343 est
853 2290 1124 2346 Jacobum
1189 2294 1512 2349 Arminium
1560 2297 1714 2366 apud
1789 2297 2028 2351 Batavos

333 2377 995 2448 Semi-Pelagianismum
1053 2381 1122 2435 ab
1162 2381 1304 2436 Orco
1353 2398 1664 2451 revocasse,
1715 2385 1803 2438 vel
1835 2384 1880 2438 si
1930 2385 2028 2439 ali-

330 2466 463 2520 cubi
517 2467 700 2521 adhuc
757 2474 1042 2538 superstes
1122 2476 1262 2539 erat,
1343 2473 1816 2528 communivisse:
1873 2474 2026 2528 unde

331 2559 498 2611 Pater
527 2557 754 2612 Macedo
813 2558 1009 2613 scribit
1055 2560 1113 2614 in
1171 2561 1406 2632 prologo
1462 2562 1693 2617 Scrinii:
1746 2583 1774 2614 «
1827 2563 2026 2618 Sintne

329 2645 504 2700 hodie
533 2646 722 2700 hostes
752 2649 950 2717 gratiae
980 2650 1009 2702 ?
1037 2648 1177 2703 scire
1229 2649 1328 2719 qui
1357 2650 1510 2714 velit,
1567 2651 1832 2721 inspiciat
1879 2653 1924 2705 is
1954 2668 2027 2705 an

331 2734 447 2788 sint
476 2735 647 2789 hodie
675 2736 982 2806 Augustini
1019 2737 1209 2791 hostes
1227 2738 1257 2791 ?
1281 2737 1537 2810 Cumque
1571 2739 1674 2794 hos
1719 2740 2021 2806 invenerit,

329 2828 386 2877 et
415 2823 543 2877 illos
563 2823 844 2878 invenisse
874 2841 932 2878 se
978 2830 1160 2896 putet.
1194 2829 1262 2880 At
1291 2826 1354 2881 in
1401 2828 1594 2899 Belgio
1649 2832 1783 2882 sunt
1833 2829 2026 2882 hostes

324 2912 653 2983 Augustini,
697 2918 831 2968 sunt
856 2919 912 2968 et
943 2915 1003 2968 in
1031 2915 1258 2985 Anglia,
1309 2916 1441 2971 licet
1472 2918 1653 2972 multo
1701 2917 2022 2986 pauciores,

325 2999 386 3054 id
412 3005 496 3054 est
519 3001 843 3055 Arminiani
872 3006 925 3056 et
972 3004 1453 3060 Remonstrantes.
1492 3027 1514 3055 ι
1549 3006 1745 3076 Itaque
1791 3005 1883 3058 hic
1928 3007 2026 3059 Ba-
2054 3009 2092 3064 C

324 3093 588 3149 tavorum
663 3090 1288 3162 Semi-Pelagianorum
1359 3109 1538 3148 novus
1614 3093 1879 3165 princeps
1925 3095 2024 3150 illa

330 3177 619 3232 Caelestini
671 3179 923 3232 clausula
949 3185 1147 3234 contra
1174 3181 1479 3250 Augustini
1508 3183 1901 3236 auctoritatem
1932 3199 2021 3236 ar-

328 3266 478 3320 mari
523 3282 582 3319 se
622 3266 872 3337 satisque
925 3267 1130 3322 instrui
1186 3269 1461 3340 putabat:
1521 3270 1621 3324 dat
1674 3272 1796 3341 ejus
1852 3273 2024 3327 verba

328 3354 548 3408 amicus
602 3356 863 3409 laudatus
924 3356 983 3409 in
1037 3357 1322 3411 Antithesi
1376 3358 1711 3412 Arminiana
1763 3360 2018 3416 ibidem:

334 3463 355 3491 «
389 3443 634 3496 Tantum
677 3458 810 3497 vero
843 3443 1020 3512 abset,
1077 3445 1267 3515 inquit
1313 3446 1628 3516 Arminius,
1676 3452 1742 3502 ut
1771 3448 2026 3504 doctrina

328 3529 507 3601 ipsius
560 3529 734 3584 etiam
788 3532 1093 3601 Augustini
1142 3533 1210 3587 de
1262 3534 1764 3604 praedestinatione
1813 3537 1874 3591 in
1903 3538 2026 3606 illis

330 3619 584 3674 conciliis
611 3623 840 3690 recepta
879 3620 971 3690 sit,
1001 3627 1068 3676 ut
1097 3622 1450 3691 Caelestinus,
1488 3625 1786 3697 cpiscopus
1815 3628 2024 3682 Roma-

328 3722 458 3773 nus,
488 3706 588 3778 qui
640 3707 739 3762 illo
790 3713 1048 3779 tempore
1093 3710 1334 3778 vivebat,
1371 3712 1440 3768 ad
1485 3713 1786 3784 episcopos
1833 3715 2026 3770 Galliae

328 3795 602 3862 scribens,
663 3801 718 3849 et
773 3797 1209 3869 Pelagianorum
1276 3800 1558 3855 doctrinas
1615 3803 2022 3870 condemnans,

323 3883 385 3937 in
406 3883 522 3938 ﬁne
553 3901 787 3940 suarum
822 3886 1145 3942 litterarum
1185 3888 1245 3943 in
1299 3890 1423 3944 haec
1470 3891 1644 3945 verba
1677 3892 1978 3947 concludat
2009 3909 2023 3947 :

327 3975 716 4041 Profundiores
743 3991 867 4031 vero
913 3978 1356 4048 difﬁcilioresque
1404 3984 1592 4049 partes
1635 3984 2026 4036 occurrentium

327 4066 705 4134 quaestionum,
735 4080 871 4134 quas
910 4066 1095 4130 latius,
1139 4071 1242 4120 etc.
1279 4089 1305 4116 ιι
1333 4067 1549 4131 Quibus
1581 4068 1869 4123 Caelestini
1895 4085 2027 4123 ver-

329 4152 416 4206 bis
444 4153 737 4207 Arminius
767 4158 954 4207 erecto
979 4155 1153 4209 veluti
1176 4171 1382 4227 aggere
1413 4161 1613 4212 contra
1639 4157 2028 4228 Augustinum

329 4240 500 4294 stetit.
538 4239 680 4295 Hinc
730 4242 968 4297 ridenda
1026 4249 1158 4298 sunt
1187 4245 1444 4299 Morainii
1487 4246 1656 4300 verba
1710 4246 1770 4300 in
1822 4247 2026 4317 praefa-
2067 4251 2085 4317 ξ

331 4328 489 4382 tione
513 4329 919 4384 Anti-Jansenii
949 4347 962 4384 :
999 4353 1020 4379 ι
1051 4331 1231 4394 Quam
1261 4333 1448 4399 multi,
1483 4333 1690 4404 inquit,
1741 4334 1864 4388 sine
1910 4336 2027 4390 ullo

329 4414 663 4470 discrimine
699 4419 1005 4489 Augustini
1049 4420 1445 4474 auctoritatem
1491 4421 1887 4489 admittebant,
1928 4423 2028 4494 qui

332 4517 487 4556 nunc
535 4505 733 4560 audita
795 4507 1137 4561 limitatione
1196 4524 1369 4579 quam
1444 4509 1566 4580 ejus
1632 4511 2030 4581 approbationi

333 4591 669 4647 Coelestinus
699 4596 983 4665 apposuit,
1037 4597 1172 4650 dum
1234 4597 1478 4652 audiunt
1521 4598 1736 4669 aliquid
1791 4615 1857 4654 ex
1912 4603 2028 4655 Au-

329 4681 560 4751 gustino
586 4684 852 4753 proponi,
885 4685 1226 4755 quaeritant:
1283 4688 1450 4740 Estne
1504 4687 1612 4742 hoc
1659 4688 1728 4743 de
1758 4687 1870 4742 illis
1900 4705 2031 4760 pro-

325 4769 696 4826 fundioribus
726 4771 1138 4841 quaestionibus
1165 4791 1305 4845 quas
1343 4791 1461 4829 non
1490 4792 1718 4831 necesse
1755 4777 2031 4849 judicavit

329 4864 606 4927 astruere,
663 4875 806 4929 quas
863 4860 924 4914 in
973 4861 1208 4933 ancipiti
1259 4863 1537 4935 opinandi
1593 4866 1856 4921 libertate
1902 4867 2031 4921 reli-

329 4946 499 5018 quit?
532 4970 554 4998 ι
612 4947 783 5012 Quasi
834 4947 946 5019 ipsi
999 4951 1345 5007 recentiores
1397 4953 1459 5007 in
1505 4971 1726 5025 nupera
1778 4955 2030 5010 Jansenii

326 5051 498 5091 causa
525 5036 626 5090 illa
651 5036 942 5092 Caelestini
971 5039 1143 5094 verba
1171 5041 1516 5108 adnotarint,
1549 5060 1678 5098 cum
1707 5059 1826 5098 non
1854 5044 2028 5098 modo

326 5125 642 5192 Arminius,
677 5141 879 5181 verum
908 5127 1080 5181 etiam
1114 5133 1243 5183 ante
1282 5133 1350 5184 80
1398 5147 1579 5187 annos
1627 5133 1826 5187 eadem
1883 5132 2027 5187 reci-

325 5217 445 5267 tata
471 5214 688 5269 fuerint
716 5215 786 5270 ab
839 5217 1083 5270 Ecclesia
1114 5218 1494 5289 Lugdunensi,
1550 5237 1672 5291 cap.
1732 5225 1814 5288 1‘2,
1845 5222 1914 5276 de
1943 5225 2028 5276 te-

330 5300 519 5354 nenda
570 5318 745 5358 sacrm
785 5304 1090 5376 Scriptura;
1140 5307 1401 5364 veritate.
1456 5309 1764 5376 Arminius,
1823 5309 2030 5386 veteris

327 5389 919 5462 Semi-Pelagianismi
961 5399 1231 5460 recoctor,
1284 5411 1412 5450 eam
1469 5398 1753 5452 leestini
1804 5399 2029 5454 clausu-

329 5479 447 5533 lam
501 5481 762 5549 versavit,
843 5483 1266 5555 reversavitque
1337 5484 1749 5556 discipulorum
1800 5489 2027 5557 chorus,

330 5583 464 5622 cum
489 5567 698 5640 quibus
744 5572 1091 5628 recentiores
1129 5573 1458 5642 concinunt,
1505 5590 1752 5646 quorum
1777 5592 1927 5632 unus
1974 5584 2033 5633 et

2141 516 2504 571 Armenianis
2552 515 2882 570 communia
2921 515 3064 585 (Lib.
3089 531 3107 568 1
3147 517 3339 570 Haeres.
3394 520 3534 574 Jans.
3579 537 3684 593 cap.
3725 528 3766 593 3,

2137 606 2362 675 n.1l3).
2398 625 2426 658 )›

2210 695 2420 750 Verum
2451 694 2607 749 enim
2638 710 2772 749 vero
2795 692 2992 748 audire
3024 692 3166 746 mihi
3198 693 3388 748 videor
3436 699 3768 756 recentiorum

2139 783 2424 852 querelas,
2465 797 2523 835 se
2583 780 2806 851 gravari
2850 779 3144 834 invidiosis
3194 782 3413 834 tantum
3464 785 3770 857 nominibus,

2139 886 2256 924 non
2310 873 2503 924 autem
2557 871 2816 940 ipsorum
2861 868 3203 923 sententiam
3233 869 3482 925 falsitatis
3535 875 3770 929 errorisve

2138 958 2416 1014 convinci.
2497 959 2660 1028 Agite
2719 958 2875 1024 dum,
2950 958 3343 1028 relinquamus
3424 959 3542 1024 ista,
3608 966 3771 1032 utpote

2138 1047 2355 1113 odiosa,
2391 1047 2462 1101 ad
2488 1062 2674 1101 arcem
2702 1062 2883 1101 causae
2923 1046 3277 1100 accedamus.
3334 1049 3531 1101 Auctor
3581 1048 3771 1106 illorum

2138 1136 2392 1208 capitum
2448 1135 2696 1190 intendit
2748 1136 2970 1190 tradere
3023 1140 3220 1189 contra
3269 1135 3618 1190 Massilienses
3653 1155 3773 1209 quae-

2138 1241 2271 1279 nam
2301 1225 2417 1279 sint
2439 1225 2606 1280 liberi
2659 1224 2879 1279 arbitrii
2909 1225 3058 1279 vires
3109 1227 3182 1278 ad
3209 1225 3444 1292 bonum,
3500 1242 3559 1278 ac
3600 1233 3774 1297 quanto

2137 1315 2335 1386 gratiae
2366 1314 2690 1370 necessitas.
2724 1315 2838 1368 Hoc
2867 1317 3023 1384 patet
3061 1329 3129 1366 ex
3176 1312 3290 1366 ﬁne
3349 1312 3664 1382 litterarum,
3698 1318 3776 1371 ubi

2137 1405 2416 1474 legimus:
2451 1424 2478 1453 «
2507 1402 2652 1467 Quia
2679 1402 2751 1456 ad
2797 1401 3179 1455 confitendam
3219 1401 3457 1472 gratiam
3497 1402 3604 1464 Dei,
3649 1405 3777 1475 cujus

2138 1492 2299 1562 operi
2329 1507 2391 1545 ac
2435 1491 2750 1561 dignationi
2781 1490 2922 1544 nihil
2954 1491 3185 1561 penitus
3236 1490 3665 1545 subtrahendum
3696 1498 3776 1560 est,

2139 1583 2272 1636 satis
2302 1581 2560 1636 sufﬁcere
2589 1580 2877 1634 credimus
2925 1579 3209 1650 quidquid
3257 1579 3562 1633 secundum
3605 1581 3778 1651 praedi-

2138 1676 2253 1726 ctas
2284 1671 2507 1741 regulas
2539 1669 2865 1741 apostolica:
2893 1668 3042 1723 sedis
3071 1685 3176 1722 nos
3213 1668 3544 1723 docuerunt.
3581 1689 3600 1717 ι
3631 1670 3779 1734 Quare

2140 1777 2206 1815 ea
2237 1777 2364 1832 quae
2387 1759 2455 1814 de
2477 1763 2709 1829 peccato
2741 1757 3008 1829 originali
3039 1774 3104 1811 ac
3132 1757 3307 1811 modo
3339 1773 3450 1828 quo
3503 1758 3636 1812 idem
3681 1775 3781 1829 pro-

2138 1853 2404 1921 pagatur,
2437 1848 2507 1902 de
2545 1846 3003 1917 concupiscentia
3029 1862 3092 1899 ac
3121 1845 3368 1898 miseriis
3415 1845 3653 1915 reliquis,
3679 1863 3780 1916 qua

2140 1945 2274 1993 sunt
2302 1954 2486 2010 poenae
2512 1936 2726 2006 peccati
2757 1935 3071 2006 originalis,
3105 1933 3290 1988 fusius
3323 1940 3515 1988 contra
3539 1935 3781 1989 lulianum

2139 2033 2363 2082 sanctus
2389 2026 2738 2097 Augustinus
2772 2025 2988 2094 docuit,
3021 2025 3080 2078 in
3127 2024 3242 2078 illis
3296 2023 3574 2078 leestini
3618 2024 3782 2078 litteris

2138 2133 2252 2171 non
2285 2115 2656 2180 deﬁniuntur,
2691 2114 2828 2184 quia
2854 2114 2922 2168 de
2951 2113 3065 2166 illis
3090 2113 3253 2166 nulla
3281 2117 3402 2165 erat
3451 2112 3784 2182 Augustinum

2137 2205 2288 2259 inter
2325 2209 2383 2258 et
2437 2202 2808 2258 Massilienses
2864 2202 3268 2268 controversia,
3327 2217 3431 2254 nec
3487 2201 3644 2255 ullam
3681 2201 3783 2254 inde

2139 2290 2618 2362 Semi-Pelagiani
2680 2290 3004 2361 Augustino
3087 2289 3466 2360 quaestionem
3533 2287 3782 2342 faciebant.

2137 2383 2321 2446 Quare
2405 2380 2740 2435 Coelestinus
2827 2378 3007 2432 dixit:
3093 2380 3209 2435 Non
3288 2392 3492 2432 necesse
3579 2378 3784 2430 habemus

2137 2471 2399 2532 astruere,
2430 2464 2584 2536 quod
2623 2467 2707 2516 est
2763 2462 2914 2516 nolle
2955 2477 3014 2516 se
3069 2462 3137 2516 de
3191 2461 3312 2515 illis
3368 2475 3605 2514 canones
3653 2458 3783 2513 edere

2137 2554 2289 2626 quod
2318 2553 2388 2607 ad
2423 2555 2768 2623 praesentem
2828 2565 2959 2604 cum
3016 2548 3463 2604 Massiliensibus
3517 2551 3788 2602 controver-

2137 2644 2279 2697 siam
2313 2657 2429 2696 non
2477 2639 2888 2706 conducebant,
2933 2655 3051 2693 non
3091 2639 3250 2710 quod
3309 2639 3490 2692 libero
3538 2637 3786 2707 disputan-

2136 2732 2283 2786 tium
2306 2731 2562 2786 assensui
2590 2729 2679 2784 vel
2709 2728 2991 2784 dissensui
3020 2728 3118 2782 illa
3149 2727 3442 2782 dimittere
3489 2726 3659 2792 vellet,
3689 2739 3788 2790 quae

2136 2826 2223 2875 est
2273 2821 2488 2874 insulsa
2547 2820 2931 2874 recentiorum
2993 2817 3415 2887 interpretatio.
3488 2816 3618 2870 Hinc
3664 2816 3790 2884 patet

2135 2908 2368 2963 inanem
2396 2909 2652 2963 laborem
2711 2907 2900 2962 subire
2927 2921 3022 2960 eos
3053 2905 3153 2977 qui
3193 2906 3435 2960 nomine
3461 2904 3786 2958 intercurren~

2133 2998 2280 3052 tium
2311 2997 2693 3069 quaestionum
2723 2996 2998 3066 quasdam
3042 2995 3382 3066 intelligunt
3419 3011 3486 3048 ex
3529 2989 3789 3062 Augustini

2132 3087 2293 3142 libris
2325 3087 2673 3157 desumptas,
2720 3101 2860 3156 quas
2906 3085 2976 3139 ad
3006 3100 3127 3138 rem
3161 3100 3277 3137 non
3309 3084 3493 3137 facere
3521 3082 3646 3136 satis
3671 3094 3789 3133 com-

2133 3179 2305 3232 mode
2333 3181 2389 3231 et
2407 3176 2595 3246 lepide
2617 3174 2865 3229 ostendit
2893 3177 3153 3228 Annatus
3183 3172 3288 3228 lib.
3341 3189 3455 3237 VIII,
3501 3187 3616 3241 cap.
3664 3172 3706 3222 t.
3734 3169 3788 3220 At

2133 3266 2312 3322 dices:
2364 3265 2421 3320 Si
2466 3280 2581 3318 non
2619 3268 2752 3317 sunt
2794 3261 3107 3332 approbata
3145 3277 3178 3314 a
3238 3260 3539 3316 Caelestino
3587 3273 3648 3312 ea
3689 3270 3791 3328 qua:

2133 3359 2362 3408 sanctus
2421 3353 2619 3408 doctor
2665 3351 2735 3406 de
2788 3349 3266 3421 Concupiscentia
3328 3349 3597 3403 latissime
3654 3344 3793 3400 tradit

2134 3448 2332 3498 contra
2358 3442 2672 3508 Iulianum,
2714 3440 2894 3495 libero
2947 3439 3207 3493 substant
3255 3439 3533 3494 lectorum
3582 3431 3795 3490 assensui

2133 3533 2222 3587 vel
2247 3532 2549 3586 dissensui.
2599 3530 2685 3584 Ad
2715 3530 2823 3583 hoc
2851 3528 3083 3600 quidem
3140 3544 3246 3582 suo
3308 3526 3546 3581 inferius
3588 3525 3695 3578 loco
3727 3536 3796 3574 re-

2135 3621 2596 3693 spondebimus;
2661 3619 2896 3675 interim
2947 3617 3246 3672 sciendum
3292 3621 3380 3672 est
3432 3613 3796 3686 Augustinum,

2133 3711 2234 3766 lib.
2263 3727 2295 3764 ν
2317 3715 2517 3764 contra
2541 3710 2674 3775 Jul.,
2707 3723 2832 3779 cap.
2869 3711 2954 3775 12,
3010 3707 3273 3779 quinque
3329 3707 3400 3761 de
3440 3702 3798 3774 concupiscen-

2134 3801 2215 3855 tia
2242 3799 2587 3871 quaestiones
2614 3797 2980 3869 proposuisse
3010 3797 3094 3864 (in
3126 3812 3385 3866 quarum
3429 3793 3596 3850 tertia
3636 3803 3797 3844 recen-

2133 3889 2306 3944 tiores
2338 3892 2490 3942 stant
2535 3891 2733 3941 contra
2776 3884 3183 3956 Augustinum,
3240 3884 3450 3939 iisdem
3489 3875 3801 3953 argumentis

2136 3978 2344 4049 quibus
2372 3977 2630 4031 Julianus
2663 3991 2800 4029 usus
2829 3978 2912 4028 est
2941 3974 3324 4043 decertantes)
3371 3978 3541 4043 atque
3583 3970 3691 4023 haec
3715 3963 3799 4019 ibi-

2138 4067 2269 4122 dem
2301 4067 2505 4122 dixisse
2531 4082 2543 4119 :
2581 4087 2604 4114 ι
2635 4067 2701 4118 In
2730 4064 2820 4119 his
2851 4063 3267 4135 quaestionibus
3297 4062 3577 4118 catholica
3603 4057 3804 4113 veritate

2137 4156 2454 4227 antiquitus
2484 4155 2692 4210 tradita
2735 4157 2919 4208 vestra
2946 4152 3126 4224 impia
3182 4153 3416 4207 novitas
3455 4149 3750 4204 suﬂocatur.
3778 4162 3799 4190 υ

2140 4246 2415 4315 Repetere
2446 4249 2640 4298 autem
2686 4242 2779 4297 hic
2803 4257 3107 4314 possumus
3138 4257 3272 4312 qua:
3320 4242 3381 4294 in
3413 4239 3526 4294 alia
3554 4251 3708 4292 causa
3733 4230 3804 4286 di-

2143 4333 2306 4388 cebat
2325 4331 2702 4387 Bellarminus
2732 4329 3058 4396 cardinalis,
3093 4329 3192 4384 lib.
3226 4347 3267 4384 ιι
3312 4330 3384 4384 de
3430 4327 3614 4383 Gratia
3653 4328 3700 4378 et
3724 4319 3801 4374 lib.

2137 4423 2285 4488 arb.,
2337 4437 2460 4492 cap.
2517 4425 2678 4492 11:}
2715 4421 2857 4474 Nam
2901 4419 2948 4472 si
2975 4418 3294 4489 Augustini
3347 4418 3421 4472 de
3471 4411 3805 4488 praedestina-

2136 4511 2292 4565 tione
2345 4509 2524 4580 (dicas
2586 4507 3067 4579 concupiscentia)
3124 4506 3414 4561 sententia
3483 4504 3619 4558 falsa
3667 4502 3803 4558 esset,

2139 4615 2256 4653 non
2300 4603 2490 4668 posset
2536 4597 2692 4652 idem
2740 4596 3099 4668 Augustinus
3141 4596 3209 4650 ab
3253 4593 3482 4666 ingenti
3527 4587 3808 4647 temeritate

2137 4687 2386 4754 defendi,
2423 4685 2636 4758 quippe
2668 4685 2768 4758 qui
2794 4701 2911 4740 non
2943 4688 3130 4740 solum
3168 4688 3288 4738 tam
3319 4683 3533 4738 acriter
3558 4695 3658 4752 pro
3685 4673 3808 4730 falsi-

2135 4780 2251 4831 tate
2278 4780 2567 4844 certasset,
2596 4775 2696 4830 sed
2718 4775 2892 4829 etiam
2922 4790 3050 4830 eam
3084 4791 3188 4846 pro
3237 4773 3356 4827 ﬁde
3388 4770 3659 4826 catholica
3699 4778 3807 4817 ven-

2135 4865 2316 4920 ditare
2347 4880 2518 4918 ausus
2551 4869 2716 4920 esset.
2754 4881 2782 4914 α
2816 4865 3123 4934 Nunquam
3179 4867 3414 4917 sanctus
3471 4861 3664 4915 doctor
3698 4868 3808 4925 pro-

2135 4954 2327 5026 priore
2353 4953 2583 5008 cerebro
2613 4957 2777 5007 natas
2809 4953 3110 5024 opiniones
3153 4969 3258 5024 pro
3297 4948 3592 5006 catholicis
3619 4947 3808 4999 senten-

2135 5043 2230 5098 tiis
2271 5043 2632 5115 publicasset.
2703 5043 2780 5096 De
2837 5057 2952 5113 qua
3017 5057 3081 5097 re
3141 5044 3340 5112 repete
3399 5039 3550 5095 dicta
3606 5050 3716 5104 cap.
3763 5031 3805 5092 3,

2207 5221 2410 5276 Scribit
2455 5225 2650 5276 auctor
2704 5220 2765 5274 in
2809 5219 2925 5274 ﬁne
2979 5235 3104 5290 cap.
3182 5221 3253 5274 3:
3317 5240 3341 5269 ε
3403 5210 3808 5299 Constitutiones

2138 5316 2467 5365 sanctorum
2520 5311 2752 5364 Patrum
2781 5308 3186 5380 compendioso
3234 5293 3808 5360 manifestamusindi-

2138 5401 2288 5468 culo,
2352 5415 2466 5470 quo
2527 5399 2572 5452 si
2649 5399 2777 5470 quis
2833 5414 2950 5452 non
2990 5398 3234 5452 nimium
3303 5399 3390 5449 est
3436 5385 3803 5447 contentiosus.

2139 5491 2409 5560 agnoscat
2438 5487 2699 5542 omnium
2721 5486 3175 5558 disputationum
3193 5483 3606 5539 connexionem
3633 5490 3692 5529 ex
3721 5473 3804 5566 ll‘lfc

2140 5559 2502 5633 subditarum
2550 5577 2954 5653 auctoritatum
3004 5575 3280 5632 brevitate
3335 5571 3603 5644 pendere.
3660 5583 3685 5616 ι
3722 5559 3803 5615 Hic
