3914 6186
55 342 169 395 8‘29

1380 341 1710 397 VINDICUE
1751 342 2303 398 ΑΙΠΞΗΞΤΙΝΙΑΝᾸΞ.

3473 353 3577 405 830

54 474 293 529 magnae
327 456 687 511 difficultates
711 463 1040 529 emergunt:
1084 459 1375 515 undenam
1429 461 1570 515 scire
1605 464 1762 531 pote-
1801 470 1845 522 Α
1875 465 2055 518 sancti
2112 466 2415 536 Augustini
2462 468 2530 522 de
2591 468 3092 537 praedestinatione
3140 488 3298 527 mere
3344 474 3571 529 liberali

60 548 249 601 rimus
280 546 426 600 hanc
457 545 792 615 dogmatum
823 548 1287 603 connexionem?
1318 550 1680 604 Recentiores
1712 565 1769 603 se

60 636 241 705 hujus
296 633 553 704 mysterii
610 634 913 703 magistros
972 636 1338 704 proﬁtentur,
1411 638 1768 707 irridentque

62 724 451 796 Augustinum
484 739 549 775 ea
580 723 648 776 de
687 723 1040 778 connexione
1089 726 1452 781 scribentem.
1503 727 1769 797 Legimus

64 830 193 883 cap.
256 816 320 867 l2
370 812 634 866 homines
683 828 799 865 non
871 813 1030 883 prius
1087 813 1437 884 baptismum
1481 815 1767 885 suscipere

64 918 305 973 «quam
370 900 698 955 exorcismis
769 905 824 954 et
888 902 1375 957 exsufﬂationibus
1430 904 1768 958 clericorum

61 991 307 1060 spiritus
337 990 407 1043 ab
439 990 519 1043 eis
560 989 892 1043 immundus
936 990 1220 1061 abigatur,
1253 996 1315 1045 ut
1357 998 1488 1046 tunc
1515 1008 1644 1046 vere
1674 1009 1771 1062 ap-

60 1084 269 1149 pareat
301 1078 592 1150 quomodo
622 1078 889 1148 princeps
919 1080 1117 1133 mundi
1157 1081 1326 1149 hujus
1380 1081 1641 1135 mittatur
1680 1081 1769 1135 fo-

65 1184 185 1234 ras,
236 1172 340 1221 etc.
385 1188 411 1215 »
457 1166 802 1220 Inferimus:
856 1169 997 1236 Ergo
1044 1170 1270 1221 dmmon
1306 1169 1560 1222 sensibili
1601 1185 1771 1238 paena

61 1272 275 1310 nocere
294 1256 503 1326 poterit
525 1256 719 1325 pueris
740 1255 966 1310 infectis
993 1257 1260 1327 originali
1276 1262 1532 1326 peccato,
1571 1262 1769 1327 utpote

60 1344 188 1397 suis
212 1344 536 1413 mancipiis,
559 1360 803 1411 quorum
828 1345 950 1414 ipse
981 1350 1066 1398 est
1094 1345 1383 1415 princeps.
1410 1346 1630 1399 Clamat
1656 1348 1769 1400 An-

61 1437 263 1500 natus,
287 1448 419 1502 pag.
475 1434 613 1485 858:
654 1453 674 1480 α
728 1433 1014 1503 Negamus
1065 1433 1357 1487 crudelem
1415 1450 1769 1506 consequen-

59 1520 242 1574 tiam.
286 1542 308 1569 ι
342 1523 409 1572 At
439 1519 851 1573 connexionem
881 1521 1040 1574 illam
1072 1522 1411 1575 asseveravit
1451 1524 1586 1576 satis
1633 1540 1767 1578 con-

60 1613 291 1662 stanter
320 1613 545 1662 sanctus
563 1608 939 1679 Augustinus,
958 1611 1056 1665 lib.
1086 1626 1138 1663 1v
1154 1611 1352 1680 Operis
1374 1610 1599 1683 imperf.
1620 1629 1766 1683 ,cap.

58 1698 208 1752 200:
248 1718 271 1746 ι
314 1696 370 1751 Si
412 1700 603 1750 autem
645 1714 763 1751 non
803 1698 1041 1762 eruitur,
1083 1698 1291 1769 inquit,
1346 1699 1415 1753 de
1488 1704 1767 1769 potestate

59 1786 467 1851 tenebrarum,
499 1790 554 1838 et
600 1785 718 1838 illic
756 1790 1014 1839 remanet
1043 1788 1332 1857 parvulus,
1366 1788 1509 1859 quid
1542 1789 1769 1842 miraris

61 1873 135 1926 in
185 1873 321 1943 igne
365 1878 583 1927 aeterno
636 1888 766 1927 cum
810 1873 1037 1928 diabolo
1084 1875 1364 1943 futurum,
1422 1876 1521 1946 qui
1562 1876 1623 1930 in
1673 1877 1773 1931 Dei

58 1977 318 2031 regnum
346 1961 561 2014 intrare
611 1977 730 2014 non
775 1961 1082 2015 sinitur?»
1129 1964 1454 2034 Respondet
1495 1965 1773 2019 Moraines

64 2050 221 2119 disp.
251 2052 320 2103 40
349 2050 785 2117 Anti-Jansenii,
814 2066 975 2104 num.
1018 2054 1105 2118 60,
1161 2052 1221 2105 id
1259 2052 1466 2106 dixisse
1510 2055 1770 2123 Augusti-

61 2155 218 2193 num
254 2143 386 2193 xstu
421 2139 811 2208 disputationis
858 2141 1158 2208 abreptum.
1214 2141 1293 2193 En
1337 2141 1769 2214 Serui-Pelagia-

61 2244 283 2283 norum
328 2245 515 2295 voces,
569 2228 956 2300 Augustinum
1001 2233 1363 2284 necessarium
1412 2232 1627 2285 modum
1670 2249 1772 2286 em—

62 2321 310 2385 cessisse,
345 2335 375 2371 a
398 2318 699 2372 Caelestino
729 2319 1047 2387 damnatas,
1076 2320 1236 2389 cujus
1266 2319 1501 2390 quidem
1530 2321 1768 2388 litteras,

63 2411 249 2477 prout
277 2408 413 2461 utile
443 2412 527 2461 est
568 2408 824 2479 ipsorum
863 2424 1067 2474 causae,
1117 2408 1421 2479 recipiunt,
1463 2410 1557 2463 sed
1602 2415 1773 2480 prout

68 2497 137 2549 in
162 2512 283 2549 rem
312 2496 613 2567 Augustini
642 2496 878 2562 faciunt,
922 2496 1161 2550 minime
1196 2497 1516 2551 imitantur.
1572 2499 1770 2569 Itaque

68 2587 287 2639 erravit
314 2586 665 2656 Augustinus
710 2585 903 2639 furore
958 2586 1227 2657 abreptus
1278 2603 1403 2640 eam
1460 2589 1769 2642 connexio-

69 2690 212 2728 nem
242 2675 566 2741 astruendo,
595 2690 770 2744 quam
818 2674 1033 2727 nullam
1072 2692 1191 2729 esse
1236 2676 1580 2729 recentiores
1629 2693 1768 2730 con-

66 2764 338 2820 tendunt.
416 2764 772 2834 Opponimus
845 2780 968 2833 cap.
1046 2767 1131 2830 lt,
1177 2783 1205 2815 ‹(
1282 2765 1766 2834 perseverantiam

65 2869 259 2924 usque
297 2854 354 2906 in
391 2852 565 2906 linem
614 2852 684 2905 ad
734 2851 941 2906 Christi
987 2853 1228 2921 gratiam
1278 2854 1493 2919 referri,
1530 2874 1559 2907 »
1604 2854 1770 2908 datur

66 2943 229 2995 enim
255 2941 451 3012 gratis,
482 2946 549 2995 ut
573 2957 639 2994 ex
670 2941 932 3011 precibus
977 2942 1099 2995 fuse
1143 2943 1351 3012 probat
1395 2944 1763 3013 Augustinus,

1880 553 2304 610 examinanda:
2366 556 2638 627 inquiunt
2693 558 2847 611 enim
2898 560 3130 613 honoris
3187 562 3369 631 gratia
3442 580 3572 618 cum

1882 642 2108 705 Molina,
2186 660 2304 697 esse
2382 645 2577 699 duram
2639 651 2688 700 et
2738 648 3021 714 indignam
3068 650 3257 703 divina
3318 652 3572 717 bonitate,

1879 733 2100 800 ejusque
2130 734 2401 787 occasione
2418 735 2778 802 plurimarum
2806 739 3032 791 salutem
3071 741 3242 805 fuisse
3286 743 3569 808 periclita-

1882 824 1991 872 tam
2020 840 2039 883 ;
2070 836 2199 873 cum
2233 821 2501 892 Mariana,
2552 840 2671 877 esse
2718 841 2930 893 novam,
2986 833 3041 880 et
3084 829 3462 898 Augustinum
3511 831 3572 883 in

1878 906 1972 959 illa
2010 908 2163 962 haud
2217 914 2573 964 constantem
2622 914 2874 968 inducere
2923 916 3385 984 desperationem;
3439 932 3569 969 cum

1882 994 2091 1059 Lessio,
2170 996 2444 1067 brevique
2493 1014 2528 1051 α
2578 1003 2855 1053 contraria
2902 1004 3145 1069 opinione
3202 1002 3572 1056 abducendum

1881 1099 2011 1136 cum
2040 1085 2289 1139 Petavio.
2336 1087 2536 1141 Nonne
2582 1088 2688 1142 hoc
2732 1088 2922 1159 ipsum
2971 1096 3052 1143 est
3098 1091 3396 1161 Augustini
3444 1106 3573 1143 sen-

1880 1174 2119 1228 tentiam
2151 1178 2519 1233 contemnere?
2551 1183 2605 1231 et
2630 1184 2825 1232 tamen
2874 1179 2940 1233 de
2965 1179 3064 1233 illa
3094 1180 3307 1233 dictum
3339 1180 3511 1233 fuisse
3541 1197 3571 1233 a

1881 1262 2184 1317 Caelestino
2219 1265 2486 1333 asseritis,
2513 1282 2571 1319 se
2614 1266 2771 1320 illam
2821 1284 2935 1320 non
2990 1268 3187 1321 audere
3225 1273 3569 1322 contemnere.

1882 1354 2179 1407 Peccatum
2223 1355 2501 1424 originale
2560 1371 2679 1408 esse
2731 1356 3089 1426 potissimam
3133 1373 3194 1408 ac
3249 1356 3572 1425 proximam

1882 1458 2109 1494 causam
2139 1443 2552 1513 reprobationis
2583 1448 2665 1497 est
2712 1445 2890 1499 sancti
2917 1444 3217 1514 Augustini
3270 1446 3570 1510 sententia,

1882 1528 2055 1598 idque
2100 1531 2361 1585 concedit
2411 1532 2679 1597 Adamus,
2725 1550 2854 1603 pag.
2915 1536 3017 1587 614
3048 1532 3136 1586 sui
3191 1533 3407 1587 Calvini
3454 1533 3578 1586 des-

1882 1618 2072 1678 tracti,
2104 1619 2171 1671 de
2220 1636 2333 1689 qua
2363 1637 2493 1691 pag.
2528 1624 2651 1687 667,
2704 1637 2827 1692 cap.
2881 1624 2966 1689 l0,
3015 1628 3162 1692 part.
3207 1640 3286 1688 ιιι,
3340 1621 3574 1693 scribit:

1884 1727 1908 1753 α
1941 1706 2120 1760 Credo
2162 1708 2305 1761 mihi
2352 1708 2521 1763 licere
2569 1710 2690 1779 jam
2745 1711 3162 1779 exhorrescere,
3216 1711 3350 1781 quia
3397 1714 3579 1763 mater

1882 1799 1966 1848 est
2007 1796 2319 1850 Calviniani
2367 1799 2668 1868 dogmatis.
2710 1822 2730 1847 ι)
2782 1799 3049 1853 Potuitne
3094 1799 3398 1869 Augustini
3446 1815 3575 1852 sen-

1880 1885 2063 1937 tentia
2083 1885 2250 1937 vilius
2283 1886 2513 1955 excipi?
2548 1888 2713 1941 Ridet
2762 1890 3017 1941 Annatus
3060 1887 3159 1940 lib.
3203 1903 3321 1951 vm,
3371 1902 3491 1955 cap.
3530 1890 3575 1948 l,

1881 1972 2163 2042 quosdam
2198 1974 2317 2044 qui,
2350 1975 2683 2045 explicaturi
2718 1976 2891 2029 verba
2928 1976 3026 2030 illa
3067 1975 3391 2030 Caelestini:
3437 1978 3575 2030 Pra-

1879 2062 2184 2128 fundiares,
2228 2079 2351 2117 vero
2394 2064 2837 2132 difﬁciliaresque
2874 2070 3062 2134 partes
3098 2067 3575 2119 intercurrentium

1881 2154 2254 2219 quaestionum,
2308 2169 2443 2221 quas
2501 2156 2666 2208 latius
2710 2158 3119 2223 pert-metarum
3164 2156 3261 2223 qui
3310 2154 3575 2207 hareticis

1879 2240 2211 2307 restiterunt,
2237 2241 2616 2309 quarumdam
2648 2241 3035 2311 quaestionum
3076 2241 3323 2294 indicem
3355 2243 3575 2308 texunt,

1880 2342 2021 2397 quas
2052 2327 2119 2381 ad
2145 2328 2506 2397 propositum
2536 2345 2653 2383 non
2700 2330 2883 2383 facere
2913 2345 3027 2383 non
3060 2345 3230 2400 prave
3284 2329 3435 2383 idem
3484 2343 3575 2381 os-

1880 2416 2095 2482 tendit;
2129 2422 2186 2469 at
2207 2417 2454 2486 petimus
2500 2418 2738 2472 ubinam
2782 2422 2979 2472 contra
3018 2418 3357 2489 Pelagianos
3406 2417 3575 2471 latius

1879 2503 2106 2574 agitarit
2138 2505 2490 2573 Augustinus
2540 2504 2920 2575 quaestionem
2959 2505 3116 2559 illam
3162 2506 3230 2559 de
3278 2503 3577 2575 praedesti-

1877 2592 2329 2658 natione;certe
2379 2594 2439 2645 in
2498 2594 2751 2663 epistolis
2795 2594 2864 2648 ad
2892 2594 3197 2648 Paulinum
3252 2599 3309 2647 et
3351 2593 3573 2647 Sixtum

1879 2681 1948 2735 de
1980 2681 2076 2734 illa
2108 2682 2437 2753 nonimulta
2463 2682 2737 2752 loquitur,
2771 2687 2835 2736 ut
2862 2682 2955 2736 vix
2984 2682 3258 2736 dicendus
3291 2682 3363 2735 sit
3392 2681 3574 2735 fusius

1876 2769 2021 2823 inibi
2052 2786 2174 2823 eam
2208 2775 2617 2839 pertractasse:
2665 2787 2860 2824 verum
2910 2772 2967 2824 in
3018 2770 3175 2823 libris
3216 2770 3282 2823 ad
3338 2773 3575 2840 Prospe-

1876 2873 2006 2912 rum
2046 2864 2102 2912 et
2148 2859 2420 2911 Hilarium
2462 2858 2633 2912 latius
2679 2859 2749 2912 de
2796 2858 2895 2911 illa
2933 2858 3237 2924 disseruit;
3294 2864 3353 2912 at
3401 2858 3463 2911 in
3507 2873 3573 2911 eo

1877 2962 2049 3016 opere
2078 2953 2301 3001 sanctus
2332 2949 2528 3001 doctor
2556 2947 2836 3001 hareticis
2874 2963 2990 3001 non
3042 2947 3377 3001 resistebat:
3412 2950 3577 3001 erant

67 3036 133 3085 et
170 3030 468 3085 deﬁnitum
500 3035 584 3084 est
637 3030 697 3083 in
742 3030 1084 3085 Arausicana
1122 3032 1362 3101 synodo,
1412 3048 1628 3087 canone
1680 3037 1762 3088 lO.
1804 3045 1845 3102 c
1878 3036 2030 3089 enim
2085 3036 2556 3107 Sami-Pelagiani
2606 3036 2873 3091 catholici
2902 3037 2942 3105 ,ξ
2970 3040 3204 3107 eratque
3257 3036 3314 3091 id
3361 3051 3573 3089 nomen

68 3120 219 3174 Inde
281 3120 579 3174 inferimus
625 3119 1185 3190 praadestinationem
1252 3121 1321 3174 ad
1359 3122 1602 3191 gloriam
1649 3138 1768 3177 esse

68 3208 291 3279 pariter
332 3223 489 3261 mere
548 3207 899 3277 gratuitam;
952 3224 1084 3261 nam
1143 3208 1591 3279 praedestinatio,
1639 3227 1768 3281 quae

70 3301 340 3367 segregat
395 3297 703 3367 reprobum
751 3313 784 3349 a
846 3297 1269 3366 prasdestinato,
1334 3298 1606 3352 fundatur
1670 3316 1769 3353 seu

70 3385 433 3439 connectitur
495 3400 626 3438 cum
679 3385 833 3439 dono
894 3384 1334 3455 perseverantiae
1383 3386 1571 3439 ﬁnalis
1614 3403 1768 3442 mere

70 3474 386 3541 liberaliter
414 3474 634 3528 meritis
667 3474 1035 3544 superaddita
1065 3491 1078 3540 ;
1110 3491 1245 3545 ergo
1280 3492 1313 3529 a
1356 3491 1515 3530 mera
1559 3475 1766 3531 libera-

66 3565 235 3618 litate
282 3564 382 3617 Dei
419 3563 846 3634 prasdestinatio
895 3563 1195 3633 dependet.
1244 3565 1397 3618 Hanc
1460 3566 1767 3619 connexio-

64 3668 209 3706 nem
262 3652 404 3706 vidit
458 3668 521 3706 ac
578 3650 961 3722 propugnavit
1038 3652 1427 3722 Augustinus;
1503 3655 1765 3708 eamdem

64 3740 255 3795 sancti
318 3742 513 3794 Patres
590 3738 1016 3809 Augustiniani,
1086 3742 1347 3809 Prosper,
1412 3742 1764 3812 Fulgentius,

66 3829 439 3898 Prudentius,
468 3827 806 3897 Rhemigius
846 3828 1058 3898 aliique
1107 3844 1438 3896 asseruere;
1471 3836 1529 3883 at
1570 3847 1764 3884 recen-

64 3919 248 3972 tiores
320 3933 446 3970 eam
522 3916 936 3971 connexionem
1015 3920 1248 3985 negant,
1314 3918 1412 3986 qui
1464 3918 1767 3987 Augustini

66 4006 390 4061 doctrinam
430 4007 593 4076 juxta
622 4005 1036 4060 connexionem
1065 4020 1193 4057 cum
1238 4005 1522 4059 Caelestini
1560 4005 1765 4059 litteris

64 4095 375 4164 recipiunt,
411 4111 583 4166 quam
612 4098 807 4148 tamen
852 4093 1264 4147 connexionem
1305 4094 1467 4163 juxta
1504 4095 1765 4164 proprias

66 4184 372 4254 opiniones
401 4184 653 4255 recipere
679 4185 766 4236 vel
798 4198 1066 4253 respuere
1100 4198 1203 4236 nec
1232 4182 1390 4253 piget
1418 4200 1522 4237 nec
1560 4184 1762 4253 pudet.

70 4275 202 4327 Uno
255 4273 445 4339 verbo,
492 4272 798 4343 Augustini
840 4271 971 4325 libri
1012 4272 1096 4325 ad
1132 4287 1395 4325 normam
1442 4272 1761 4327 litterarum

66 4361 362 4416 Coelestini
415 4359 778 4415 examinandi
831 4364 983 4425 sunt,
1026 4358 1309 4413 Caelestini
1360 4376 1493 4413 vero
1560 4360 1761 4415 litterae

55 4451 229 4521 juxta
269 4466 430 4503 suam
475 4450 733 4520 ipsorum
780 4447 1252 4518 imaginationem
1296 4448 1761 4518 interpretanda.

66 4538 164 4592 Illi
192 4537 443 4608 quidem,
502 4543 567 4592 ut
602 4536 849 4607 probent
893 4536 1019 4590 haec
1075 4537 1280 4607 capita,
1332 4553 1461 4607 qum
1510 4538 1763 4609 epistolas

67 4626 486 4681 Ccelestiniance
519 4643 771 4681 connexa
801 4628 951 4691 sunt,
999 4640 1119 4678 esse
1167 4641 1366 4695 reapse
1414 4626 1485 4679 ab
1533 4631 1763 4696 aposto-

67 4716 184 4771 lica
234 4716 363 4770 sede
426 4715 652 4782 emissa,
702 4714 1029 4785 producunt
1076 4715 1309 4767 Petrum
1366 4713 1679 4768 Diaconum
1710 4720 1765 4769 et

68 4804 376 4859 Ecclesiam
444 4805 903 4875 Lugdunensem,
970 4820 1002 4857 a
1049 4802 1257 4873 quibus
1301 4802 1411 4856 illae
1468 4804 1765 4858 sententiae

65 4893 304 4948 landato
361 4893 619 4964 pontiﬁci
662 4892 1043 4947 ascribuntur.
1092 4894 1163 4945 At
1210 4891 1620 4961 respondemus
1671 4908 1765 4946 eos

66 4986 268 5038 Patres
318 4983 474 5036 illam
509 4982 767 5052 epistola:
815 4980 1187 5052 appendicem
1215 4979 1443 5050 legisse,
1478 4984 1533 5033 et
1572 4984 1763 5034 tamen

60 5073 153 5127 uti
217 5072 425 5141 dogma
492 5070 837 5125 catholicum
905 5067 1472 5141 prtedestinationem
1548 5069 1761 5139 absque

61 5162 408 5217 meritorum
446 5159 895 5232 praecognitione
944 5157 1240 5223 statuisse;
1274 5157 1372 5210 sed
1411 5157 1600 5211 dicent
1652 5157 1760 5211 mi-

58 5252 197 5306 tiori
244 5268 302 5305 se
340 5251 573 5305 illorum
620 5250 689 5304 de
736 5247 1037 5318 Augustini
1087 5245 1346 5300 doctrina
1387 5246 1603 5316 judicio
1648 5263 1762 5301 non

55 5348 251 5408 stare;
308 5341 476 5408 bene,
528 5355 630 5393 nec
670 5338 900 5392 illorum
938 5352 1042 5391 nos
1090 5334 1481 5390 convincimur
1513 5335 1761 5389 testimo-

52 5433 179 5496 nio,
218 5436 283 5484 ut
311 5430 616 5484 Caelestino
648 5428 773 5481 illas
804 5427 989 5481 theses
1019 5427 1385 5497 deputemus.

130 5519 301 5575 Subit
350 5518 442 5573 hic
488 5521 760 5584 mentem,
812 5515 1087 5587 quoniam
1136 5515 1206 5569 de
1254 5513 1759 5588 praedestinatione

50 5624 248 5663 sermo
294 5607 513 5675 incidit,
576 5605 963 5661 recentiorum
1018 5602 1296 5659 modestia
1342 5602 1405 5657 in
1472 5602 1756 5658 sententia

1880 3125 2157 3189 factionis,
2192 3142 2306 3178 non
2354 3125 2603 3179 haeresis.
2641 3126 2976 3180 C(elestinus
3019 3141 3153 3179 vero
3203 3124 3331 3179 illas
3382 3140 3571 3196 quaes-

1879 3213 2063 3268 tiones
2119 3216 2386 3285 appellat,
2437 3231 2577 3285 quas
2626 3214 2712 3268 illi
2759 3214 2858 3285 qui
2904 3214 3186 3268 haereticis
3232 3214 3567 3268 restiterunt

1877 3307 2319 3374 pertractarunt.
2353 3303 2477 3357 Scio
2500 3303 2635 3374 quid
2673 3302 3008 3373 responsuri
3030 3302 3173 3368 sitis,
3199 3302 3572 3372 intelligenda

1878 3408 1998 3446 esse
2054 3391 2342 3447 Caelestini
2373 3392 2471 3445 illa
2524 3392 2716 3459 verba,
2761 3391 2861 3462 qui
2906 3391 3192 3446 haereticis
3240 3392 3575 3446 resisterunt

1876 3484 2232 3550 speciﬁcati‘ve
2286 3497 2403 3534 non
2458 3482 2868 3549 reduplicative.
2940 3481 3160 3536 Scholae
3232 3480 3570 3551 interpreta-

1877 3575 2136 3623 mentum
2168 3576 2286 3637 est;
2312 3585 2384 3623 ne
2415 3570 2523 3623 sim
2544 3569 2869 3641 litigiosior,
2892 3570 3030 3624 cedo
3052 3570 3309 3637 herbam,
3346 3586 3451 3623 nec
3482 3586 3572 3623 me

1875 3659 1984 3713 hoc
2013 3664 2368 3729 postremum
2399 3660 2647 3713 multum
2677 3664 2890 3725 movet,
2921 3660 2992 3713 ad
3032 3658 3143 3712 alia
3192 3663 3567 3712 transeamus.

1947 3747 2056 3801 Sed
2087 3747 2389 3801 mitissime
2422 3751 2591 3817 atque
2629 3747 3042 3800 humanissime
3090 3746 3383 3800 vobiscum
3430 3763 3571 3817 aga-

1876 3852 2003 3889 mus
2031 3853 2043 3902 ;
2077 3836 2271 3889 scitote
2298 3836 2439 3889 adeo
2468 3836 2528 3888 in
2556 3838 2679 3889 tuto
2710 3852 2831 3889 esse
2872 3834 3051 3888 sancti
3092 3834 3393 3904 Augustini
3436 3851 3571 3888 auc-

1874 3923 2183 3990 toritatem,
2225 3928 2286 3977 ut
2321 3939 2552 3977 causam
2594 3924 2663 3977 de
2715 3940 2829 3993 qua
2874 3923 3169 3993 hucusque
3216 3922 3567 3992 litigavimus

1876 4029 1940 4066 ex
1970 4012 2193 4082 integro
2224 4010 2383 4065 vobis
2424 4012 2575 4066 ultro
2624 4012 2823 4065 cedere
2868 4010 3174 4081 possimus,
3219 4011 3360 4081 quin
3403 4011 3569 4081 quid-

1875 4115 2049 4171 quam
2129 4098 2458 4153 detrimenti
2511 4099 2921 4168 Augustnianae
2980 4098 3253 4153 doctrinae
3318 4098 3568 4168 dignitas

1875 4189 2090 4243 subeat.
2165 4187 2480 4241 Habuerint
2536 4187 2731 4241 decem
2786 4187 2885 4240 illa
2940 4187 3128 4256 capita
3196 4186 3567 4241 Caelestinum

1876 4281 2186 4343 auctorem,
2237 4276 2461 4330 nullum
2508 4275 2813 4347 Augustini
2855 4276 3063 4346 dogma
3080 4278 3230 4343 Teum
3273 4275 3386 4329 illis
3433 4292 3568 4330 con-

1873 4366 2177 4421 nexionem
2215 4365 2443 4433 habeat,
2474 4365 2675 4420 damus
2717 4364 2928 4430 omnia,
2969 4370 3034 4419 ut
3079 4364 3238 4431 libet,
3283 4369 3347 4418 ut
3388 4364 3565 4419 lubet.

1872 4454 2013 4509 Hinc
2057 4460 2251 4509 tamen
2298 4470 2411 4508 non
2468 4454 2534 4509 ﬁt
2588 4458 2655 4507 ut
2706 4453 2971 4524 capitalia
3029 4453 3207 4507 sancti
3254 4453 3565 4523 Augustini

1872 4544 2139 4615 dogmata
2192 4543 2342 4597 inter
2389 4543 2703 4614 adiaphora
2752 4547 3152 4608 numerentur,
3215 4558 3343 4612 quae
3383 4542 3565 4595 libero

1872 4632 2287 4703 disputantium
2330 4631 2563 4685 arbitrio
2592 4631 2870 4701 permissa
2898 4636 3049 4685 sunt.
3098 4631 3162 4683 In
3204 4631 3316 4684 illis
3358 4629 3568 4701 capiti—

1870 4720 1976 4774 bus
1998 4721 2230 4775 initium
2261 4719 2416 4785 ﬁdei,
2444 4720 2607 4790 pium
2625 4719 3265 4790 consiliumrprobabile
3288 4720 3566 4786 studium,

1871 4813 2121 4863 sanctam
2186 4807 2609 4878 cogitationem,
2648 4809 3132 4878 perseverantiam
3181 4808 3412 4862 ﬁnalem
3444 4822 3565 4860 esse

1873 4897 1973 4951 Dei
2004 4900 2155 4951 dona
2183 4897 2473 4951 decretum
2509 4901 2613 4965 est,
2661 4898 2982 4967 Augustino
3029 4898 3084 4951 id
3136 4897 3332 4967 gloriae
3377 4896 3561 4959 detur,

1871 5003 2000 5040 suas
2029 4986 2210 5056 ipsius
2254 4985 2439 5040 theses
2488 4986 2754 5040 adversus
2786 4986 3158 5041 Massilienses
3198 4984 3455 5038 defensas
3502 4983 3566 5036 in

1870 5074 2004 5130 ﬁdei
2033 5076 2301 5146 dogmata
2342 5090 2375 5129 a
2414 5075 2716 5130 Caelestino
2766 5076 2970 5129 relatas
3010 5073 3201 5127 fuisse.
3242 5073 3566 5142 Interroga-

1869 5168 1958 5217 tos
1990 5165 2161 5218 velim
2194 5164 2363 5217 modo
2392 5164 2755 5227 recentiores,
2790 5180 2862 5217 an
2892 5166 3017 5231 post
3038 5159 3324 5215 leestini
3347 5159 3565 5213 obitum

1870 5253 1987 5306 ulla
2014 5253 2125 5307 alia
2154 5254 2458 5323 Augustini
2487 5258 2700 5308 asserta
2723 5253 2793 5307 ab
2836 5249 3143 5321 apostolica
3189 5250 3321 5303 sede
3366 5254 3567 5303 contra

1869 5339 2167 5393 haereticos
2211 5340 2419 5394 aliosve
2475 5344 2683 5394 statuta
2713 5338 2827 5391 sint
2847 5338 2874 5392 ?
2902 5335 3287 5390 Afﬁrmabant
3314 5336 3565 5407 profecto

1870 5428 1969 5498 qui
2022 5429 2207 5482 sciunt
2262 5428 2464 5499 viginti
2517 5430 2772 5499 quinque
2819 5442 3066 5479 canones
3118 5424 3494 5482 Arausicanos
3534 5442 3568 5480 a

1868 5517 2046 5570 Felice
2076 5518 2144 5571 IV
2169 5533 2235 5570 ex
2267 5518 2447 5572 sancti
2476 5515 2776 5587 Augustini
2807 5514 2965 5570 libris
2992 5515 3324 5587 desumptos
3364 5514 3559 5569 fuisse.

1867 5603 2202 5659 Caelestinus
2269 5621 2336 5659 ex
2403 5604 2583 5658 sancti
2632 5602 2938 5674 Augustini
2984 5602 3242 5657 doctrina
3284 5601 3563 5673 quidquid
