3908 6180
338 286 441 339 831

1360 279 1913 336 SUPPLEMENTUM
1954 280 2043 334 AD
2082 278 2314 334 ornas
2353 279 2409 333 s.
2451 278 2843 335 AUGUSTINI.
3702 262 3778 353 επ

341 408 721 465 Massilienses
763 406 825 462 in
869 406 1107 461 dubium
1146 404 1443 471 vocabant,
1473 404 1750 470 deﬁnivit,
1794 420 1859 458 ex
1890 404 2038 475 ejus-
2079 405 2123 459 A
2155 407 2417 458 auctores
2447 402 2672 458 silentio
2708 402 3026 474 praeterire.
3074 403 3288 459 Etenim
3320 421 3442 462 cum
3485 411 3783 483 Augustinus

347 498 479 553 dem
542 498 716 552 etiam
774 494 1068 550 sententiis
1114 497 1313 547 contra
1370 509 1547 547 novos
1602 494 2043 563 Pelagianorum

341 592 583 641 conatus
612 604 645 639 a
674 584 1085 639 successoribus
1133 582 1286 637 idem
1325 584 1647 653 praestitum
1694 584 1818 637 fuit.
1871 583 2041 637 Sauc-

344 681 437 729 tus
459 675 711 731 Gelasius
740 689 889 742 papa
924 674 993 727 D.
1024 672 1327 742 Augustini
1359 672 1699 725 sententiam
1746 672 1811 726 de
1858 678 2040 725 trans-

341 763 566 817 fusione
604 762 820 832 peccati
850 761 1145 831 originalis
1195 760 1255 814 in
1298 763 1523 832 prolem
1572 760 1789 814 ratione
1832 777 2039 814 concu-

344 851 659 922 piscentiat,
692 850 760 903 de
793 850 1117 903 exclusione
1150 866 1182 903 a
1211 866 1389 919 regno
1421 850 1719 915 caelorum,
1753 849 1821 903 de
1866 849 2039 902 mise-

348 938 447 993 riis
487 954 555 992 ex
596 943 826 1009 peccato
876 938 1141 1009 originali
1185 938 1567 1004 venientibus,
1619 938 1687 992 de
1735 937 2041 991 infantium

344 1027 737 1095 damnatione,
784 1027 853 1081 de
908 1028 1166 1081 libertate
1218 1028 1289 1081 ad
1333 1027 1548 1081 bonum
1593 1042 1696 1098 per
1744 1031 2040 1097 peccatum

343 1116 577 1185 amissa,
637 1116 815 1169 aliave
855 1117 1037 1170 multa
1086 1116 1145 1170 in
1202 1116 1443 1186 epistola
1493 1115 1565 1169 ad
1616 1115 1909 1186 episcopos
1939 1132 2043 1186 per

344 1203 617 1260 Picenum
650 1204 1003 1275 approbavit.
1040 1206 1147 1259 Leo
1176 1205 1410 1275 Magnus
1438 1203 1661 1275 integra
1703 1204 1815 1258 duo
1855 1205 2041 1273 capita

348 1293 781 1365 Augustinianaa
814 1294 1088 1347 doctrina:
1127 1294 1243 1347 suis
1273 1293 1476 1347 litteris
1522 1292 1786 1359 inseruit,
1819 1292 1878 1346 in
1907 1292 2038 1363 qui-

342 1382 450 1436 bus
482 1381 682 1435 asserit
719 1381 1088 1451 Augustinus,
1123 1396 1237 1435 non
1271 1381 1731 1452 improbabiliter
1777 1380 1909 1445 dici,
1938 1396 2037 1449 pa-

343 1474 572 1524 rentum
606 1486 836 1540 quoque
867 1470 1109 1540 peccatis
1127 1471 1394 1539 parvulos
1415 1469 1679 1540 obligari,
1706 1485 1824 1522 non
1853 1470 2039 1523 solum

344 1559 664 1631 primorum
720 1559 1043 1624 hominum,
1094 1560 1191 1612 sed
1246 1557 1419 1612 etiam
1476 1574 1734 1623 suorum,
1785 1574 1909 1628 cap.
1970 1560 2037 1611 46

347 1647 634 1702 Enchirid.
674 1648 879 1712 Quare,
908 1646 952 1700 si
983 1646 1340 1701 sanctissimo
1366 1646 1668 1717 eidemque
1711 1646 2037 1701 doctissimo

345 1734 605 1806 pontiﬁci
630 1735 803 1788 Leoni
825 1734 920 1787 illa
946 1734 1248 1804 Augustini
1278 1734 1560 1788 sententia
1588 1735 1818 1806 placuit,
1864 1751 2039 1805 quam

344 1824 436 1878 hic
457 1827 682 1876 tantum
704 1839 816 1876 non
833 1823 1895 1895 improbabilemjudicabat,quantum
1916 1825 2040 1879 illas

346 1912 676 1983 apostolicae
708 1912 825 1966 sedi
851 1912 1129 1982 placuisse
1162 1913 1435 1979 dicemus,
1468 1928 1610 1983 quas
1631 1917 1901 1984 tanquam
1925 1929 2041 1967 cer-

344 2002 450 2067 tas,
485 2004 757 2071 tanquam
792 2001 962 2055 sacris
991 2001 1194 2055 litteris
1215 2001 1556 2069 conformes,
1580 2003 2038 2073 tauquam-deni-

346 2105 457 2160 que
484 2090 651 2160 plane
699 2091 1038 2145 oithodoxas
1063 2090 1199 2144 totis
1236 2090 1463 2145 lacertis
1506 2096 1705 2145 contra
1744 2092 2041 2146 hereticos

342 2179 728 2250 propuguavit
746 2179 773 2234 ?
804 2179 1076 2233 Statuerit
1105 2180 1297 2250 itaque
1325 2178 1657 2234 leestinus
1683 2179 1818 2250 quid
1844 2186 2041 2234 contra

347 2268 724 2322 Massilienses
780 2268 851 2321 ab
901 2268 1169 2322 omnibus
1224 2268 1537 2321 tenendum
1588 2268 1682 2335 sit,
1741 2284 1855 2322 non
1905 2268 2041 2322 inde

343 2354 498 2409 intra
527 2357 805 2410 cancellos
826 2355 1189 2409 brevissimus
1210 2355 1625 2425 Augustiuiana
1645 2355 1902 2410 doctrina
1922 2372 2039 2409 res-

347 2444 639 2516 tringitur,
684 2446 852 2499 latius
890 2444 1231 2514 expatiatur,
1274 2460 1338 2497 ac
1386 2460 1577 2498 secum
1608 2444 1867 2499 unanimi
1906 2461 2034 2499 con-

346 2550 516 2588 sensu
564 2533 810 2588 Romani
856 2534 1129 2605 praesules
1168 2534 1507 2603 procedunt,
1558 2535 1941 2605 Augustinum
1980 2534 2040 2588 in
2076 2580 2079 2585 .

343 2622 658 2676 statuendis
688 2624 757 2676 de
796 2623 1019 2677 auxiliis
1052 2622 1259 2677 divinae
1300 2623 1497 2693 gratiae
1531 2623 1770 2678 decretis
1816 2641 2042 2679 summa

348 2727 575 2782 semper
618 2711 893 2783 religione
944 2712 1143 2766 secuti.
1184 2711 1451 2767 Subsidat
1488 2728 1623 2783 ergo
1656 2713 1776 2783 jam
1806 2714 2041 2769 tandem

346 2804 537 2853 tantus
572 2816 637 2853 ex
675 2799 784 2870 his,
842 2804 904 2854 ut
940 2805 1167 2871 putant,
1222 2800 1508 2855 leestini
1546 2801 1809 2872 capitulis
1856 2802 2040 2873 pulvis

349 2903 383 2941 a
413 2887 823 2941 recentioribus
878 2892 1076 2943 contra
1131 2889 1571 2944 micantissimos
1633 2890 2041 2962 Augustiniani

347 2974 481 3028 solis
522 2974 711 3028 radios
766 2976 1056 3043 excitatus,
1118 2993 1183 3030 ac
1241 2978 1420 3031 sancti
1469 2977 1728 3048 praesulis
1784 2978 2041 3031 doctrina
2069 2996 2108 3052 ο

343 3079 685 3135 quacunque
732 3064 1003 3119 falsarum
1044 3063 1581 3134 interpretationum
1619 3065 1858 3137 depulsa
1902 3066 2037 3120 cali-

346 3151 477 3223 gine
492 3152 797 3207 Ecclesiam
814 3154 1138 3208 universam
1154 3154 1400 3208 illustret

818 3257 1040 3313 CAPUT
1071 3260 1136 3313 IX
1176 3274 1244 3314 ET
1288 3274 1551 3313 nmmum.

348 3354 593 3437 Centum
612 3369 683 3408 ac
699 3353 937 3434 triginta
952 3354 1201 3437 quinque
1215 3355 1593 3436 recentiorum
1610 3358 1811 3437 contrq
1826 3358 1901 3411 D.
1920 3359 2039 3437 {iu-

409 3426 708 3496 gusiinum
757 3426 1034 3490 convicia,
1066 3426 1309 3479 dic-levia
1350 3443 1420 3479 ac
1449 3443 1698 3481 censum
1742 3427 1815 3481 ab
1843 3428 2038 3483 eodem

410 3495 613 3550 sancto
640 3495 872 3551 doctore
900 3500 955 3550 et
982 3497 1203 3551 sanctis
1227 3497 1497 3551 Palribus
1534 3498 1795 3569 repulsae.

415 3593 606 3649 Mirari
662 3593 797 3647 satis
856 3609 1082 3664 nequeo
1128 3594 1515 3666 Augustinum
1568 3600 1686 3649 tam
1735 3609 1943 3667 magno
1975 3612 2038 3651 ac

342 3682 497 3737 felici
528 3682 762 3754 ingenio
803 3683 1150 3746 excelluisse.
1198 3689 1261 3737 ut
1308 3700 1420 3738 non
1469 3684 1640 3739 modo
1690 3701 1787 3739 eos
1825 3686 2036 3756 hostes,

344 3772 684 3844 quibuscum
716 3772 907 3827 vivens
935 3773 1208 3827 acerrime
1236 3772 1539 3827 dimicavit.
1583 3772 1739 3827 mille
1795 3772 2037 3827 volumi-

340 3861 513 3915 nibus
541 3860 884 3915 conculcarit
912 3861 1374 3933 protriveritque,
1401 3877 1597 3915 verum
1620 3861 1792 3915 etiam
1828 3871 2038 3916 asserta

341 3949 441 4003 abs
473 3966 531 4004 se
550 3949 819 4021 dogmata
849 3950 917 4003 iis
940 3956 1409 4021 argumentorum
1435 3951 1600 4003 armis
1624 3950 1951 4018 muniverit,
1975 3953 2039 4004 ut

344 4041 401 4091 et
430 4037 860 4092 subsecutorum
884 4038 1143 4093 omnium
1175 4039 1575 4093 hereticorum
1596 4044 1831 4094 conatus
1860 4038 2034 4094 infre-

343 4125 513 4195 gerit,
545 4142 609 4179 ac
640 4142 1137 4198 quorumcumque
1167 4128 1465 4182 hominum
1483 4144 1749 4183 censuras
1770 4128 2033 4183 eluserit:

340 4229 471 4268 cum
493 4216 679 4269 nullas
708 4215 823 4269 sive
852 4215 1085 4270 haeresis
1131 4216 1247 4269 sive
1284 4216 1499 4271 invidia
1529 4234 1689 4271 voces
1719 4216 1855 4270 dare
1901 4231 2034 4287 pos-

340 4303 416 4356 sit
444 4304 652 4374 quibus
695 4305 814 4359 suis
851 4304 912 4358 in
963 4304 1124 4360 libris
1162 4306 1513 4375 Augustinus
1554 4306 1881 4376 plenissime
1919 4321 2038 4360 non
2067 4291 2109 4345 D

343 4390 698 4446 satisfecerit.
750 4394 1019 4464 Exemplo
1058 4394 1174 4447 sint
1220 4394 1470 4447 recentia
1525 4394 1777 4448 convicia
1834 4395 2041 4465 quibus

343 4480 609 4533 nonnulli
644 4480 846 4535 novitii
894 4482 1198 4552 scriptores
1227 4481 1607 4535 venerandam
1635 4482 1831 4552 magni
1860 4483 2041 4537 Patris

343 4567 615 4623 canitiem
665 4570 972 4624 temerario
1048 4585 1193 4624 ausu
1245 4570 1565 4641 discerpere
1631 4571 1819 4625 conati
1867 4576 2036 4627 sunt:

350 4656 819 4728 quandoquidem
869 4659 1043 4713 etiam
1090 4658 1280 4712 nullus
1325 4675 1429 4729 pro
1479 4660 1793 4731 Augustino
1838 4660 2040 4716 defen-

344 4743 526 4799 sando
558 4745 769 4815 stylum
799 4745 1063 4817 stringat,
1098 4762 1164 4800 ex
1199 4746 1371 4801 unius
1403 4748 1555 4801 illius
1586 4748 1748 4803 dictis
1778 4749 2042 4804 omnium

340 4834 817 4890 calumniantium
842 4849 941 4888 ora
959 4834 1191 4905 penitus
1213 4836 1604 4893 obstruuntur.
1628 4838 1737 4891 Hoc
1760 4839 1931 4892 modo
1949 4838 2041 4892 de-

347 4927 669 4979 monstrare
690 4924 1014 4994 aggredior,
1037 4925 1328 4996 productis
1348 4925 1482 4980 hinc
1500 4940 1782 4981 novorum
1803 4925 2039 4996 scripto-

341 5028 474 5068 rum
504 5012 778 5082 censuris,
802 5012 960 5067 illinc
984 5028 1117 5068 vero
1142 5014 1285 5068 datis
1309 5031 1375 5069 ex
1397 5015 1715 5086 Augustino
1730 5014 2039 5087 responsis.

345 5101 482 5164 Qum
511 5117 647 5155 sane
688 5100 1020 5173 quicunque
1082 5103 1285 5173 procul
1332 5104 1543 5157 amoris
1592 5108 1649 5157 et
1679 5103 1797 5157 odii
1844 5119 2041 5157 causas

343 5188 581 5256 habens,
630 5195 844 5245 attente
888 5191 1174 5262 perleget,
1218 5191 1266 5245 is
1320 5191 1575 5263 profecto
1606 5192 1875 5246 fatebitur
1918 5195 2042 5247 Au-

348 5278 645 5347 gustinum
684 5279 762 5334 ita
810 5296 933 5335 esse
977 5282 1253 5346 locutum,
1298 5296 1362 5334 ac
1399 5280 1445 5335 si
1476 5296 1607 5335 cum
1636 5281 2042 5336 recentissimis

349 5364 504 5420 hisce
532 5366 882 5436 hominibus,
916 5369 1013 5440 qui
1044 5376 1175 5441 post
1198 5369 1495 5426 duodecim
1538 5371 1742 5426 saecula
1776 5386 2039 5441 erupere.

350 5469 549 5523 reapse
580 5454 873 5524 litigasset.
900 5458 1000 5512 Hic
1029 5462 1222 5514 tamen
1266 5458 1410 5514 mihi
1453 5459 1743 5515 decretum
1782 5466 1888 5529 est,
1916 5460 2042 5515 illa-

350 5544 435 5593 tas
483 5542 801 5612 Augustino
829 5592 833 5597 .
860 5547 1240 5602 contumelias
1283 5549 1580 5619 repellere,
1631 5548 1861 5604 illarum
1905 5565 2041 5604 vero

2152 494 2485 563 Pelagianos
2534 492 2804 563 primitus
2862 492 3285 563 impugnandos
3351 500 3678 571 suscepisset,
3726 505 3785 560 ita

2152 582 2483 636 eorumdem
2517 598 2737 636 errores
2768 582 3056 636 insecutus
3088 588 3191 647 est,
3216 588 3278 636 ut
3304 586 3561 640 Auctores
3588 590 3786 647 minime

2150 671 2489 743 publicaret.
2516 671 2688 742 Cujus
2737 670 2869 725 facti
2919 672 3065 725 hanc
3107 671 3227 741 ipse
3273 673 3539 728 rationem
3577 678 3786 749 assignat

2152 760 2251 814 lib.
2286 778 2323 813 ιι
2356 762 2609 815 Retract.
2644 776 2765 831 cap.
2802 762 2974 815 33.1n
2999 762 3084 813 his
3115 760 3531 832 autem,inquit,
3559 765 3696 819 libris
3721 774 3784 821 ta-

2152 849 2321 903 cenda
2362 840 2539 903 adhuc
2583 850 2861 904 arbiratus
2906 864 3024 903 sum
3063 850 3243 902 omnia
3264 864 3436 902 eorum
3474 853 3545 904 sic
3575 868 3650 907 eos
3676 856 3786 919 faci-

2151 940 2257 992 lius
2283 952 2435 1009 posse
2460 939 2662 1005 corrigi
2682 952 2928 1007 sperans.
2963 938 3027 991 Et
3044 938 3277 1008 quidem
3298 939 3478 1007 magni
3508 941 3671 994 Patris
3685 958 3783 996 ves-

2150 1026 2306 1096 tigiis
2326 1026 2674 1080 inhaerentes
2694 1025 2871 1079 nostri
2892 1025 3134 1079 instituti
3162 1025 3415 1078 homines
3438 1026 3653 1081 Basilius
3669 1030 3779 1084 Pon~

2150 1115 2268 1169 cius
2284 1115 2586 1185 Hispanus,
2610 1131 2674 1169 ac
2695 1115 2927 1170 Carolus
2950 1114 3378 1169 MoreauGallus
3395 1115 3470 1168 ita
3498 1117 3780 1186 importatas

2150 1204 2462 1274 Augustino
2491 1204 2731 1275 injurias
2758 1204 3143 1266 confutarunt,
3170 1208 3232 1256 ut
3254 1203 3679 1259 adversariorum
3702 1222 3780 1261 no-

2154 1294 2417 1348 minibus
2436 1292 2815 1364 pepercerint.
2845 1292 3143 1347 Familiare
3170 1291 3345 1362 igitur
3366 1293 3655 1362 majoribus
3680 1311 3780 1349 nos-

2148 1383 2250 1437 tris
2274 1382 2600 1451 exemplum
2617 1386 2864 1449 secutus,
2887 1380 3198 1434 Censorum
3227 1381 3546 1434 nominibus
3566 1397 3786 1450 suppres-

2149 1470 2245 1538 sis,
2263 1470 2455 1523 miuus
2477 1469 2790 1524 honoriﬁca
2806 1469 3142 1524 earumdem
3164 1470 3231 1523 de
3254 1470 3563 1540 Augustino
3592 1469 3718 1523 dicta
3732 1486 3784 1523 ex

2147 1558 2463 1629 Augustino
2493 1557 2614 1629 ipso
2642 1557 2917 1612 refellam.
2955 1557 3179 1628 Optime
3209 1556 3363 1610 enim
3386 1557 3451 1611 de
3470 1558 3696 1611 humano
3716 1572 3788 1627 ge-

2146 1662 2283 1700 nere
2356 1650 2671 1711 merentur,
2743 1644 2842 1716 qui
2894 1645 3149 1699 antidota
3218 1649 3550 1714 suggerunt,
3604 1644 3787 1697 etiamsi

2149 1750 2504 1789 venenorum
2533 1733 2777 1789 artiﬁces
2807 1733 3044 1787 minime
3067 1734 3327 1804 prodant.
3382 1732 3636 1786 Dabimus
3683 1749 3789 1801 pro-

2147 1823 2292 1877 fecto
2356 1823 2572 1893 grande
2630 1822 2924 1893 patientiae
2956 1862 2971 1889 ,
3024 1822 3301 1892 grandius
3344 1820 3627 1874 modestiae
3656 1820 3789 1873 docu-

2148 1916 2431 1979 mentum,
2462 1915 2523 1965 ut
2563 1910 2651 1964 vel
2673 1910 2806 1965 hinc
2837 1909 3065 1963 mitiora
3094 1911 3213 1979 jam
3257 1909 3485 1962 tandem
3532 1924 3655 1978 erga
3687 1906 3789 1960 iusi-

2148 2016 2319 2070 gnem
2355 1998 2613 2053 Ecclesia;
2650 1998 2941 2052 doctorem
2978 1998 3215 2051 consilia
3266 1998 3495 2051 eosdem
3545 1995 3600 2049 in
3640 2001 3788 2065 poste-

2148 2104 2279 2143 rum
2334 2088 2575 2142 inituros
2626 2103 2743 2140 non
2800 2086 3144 2141 dubitemus.
3196 2087 3407 2139 Verum
3452 2101 3519 2138 ne
3564 2084 3787 2139 Censores

2149 2178 2229 2232 ita
2258 2194 2389 2232 cum
2437 2176 2756 2247 Augustino
2804 2176 3180 2244 committam,
3240 2181 3306 2229 ut
3364 2175 3465 2228 sub
3522 2173 3611 2227 lite
3653 2172 3788 2225 etiam

2148 2267 2455 2333 dimittam,
2513 2265 2741 2320 Iudices
2804 2264 3163 2318 advocandos
3233 2263 3477 2325 decrevi,
3544 2278 3575 2314 a
3622 2258 3787 2329 quibus

2149 2356 2481 2428 gravissima
2528 2356 2669 2421 haec,
2712 2354 2759 2408 si
2809 2370 2938 2425 quae
2973 2370 3233 2425 unquam
3294 2353 3453 2418 alias,
3502 2366 3655 2405 causa
3689 2364 3787 2418 cog-

2150 2450 2435 2500 noscatur.
2477 2445 2608 2509 Vos,
2656 2459 2774 2509 vos,
2832 2459 3055 2514 precor,
3106 2442 3303 2496 adeste
3360 2436 3667 2494 vetustioris
3715 2434 3786 2487 Ec-

2150 2534 2336 2589 clesiae
2367 2535 2579 2599 Patres,
2621 2532 2771 2586 bello
2812 2531 3021 2586 invicta
3066 2547 3296 2597 manus,
3328 2546 3393 2584 ac
3430 2532 3512 2583 tot
3559 2527 3621 2582 de
3657 2525 3789 2578 Hete-

2148 2623 2379 2678 rodoxis
2410 2621 2714 2692 reportatis
2745 2619 3055 2691 triumphis
3084 2620 3461 2691 percelebres.
3500 2617 3602 2669 Vos
3637 2614 3789 2667 caeles-

2150 2713 2223 2769 tis
2242 2713 2480 2767 Senatus
2529 2709 2766 2776 lumina,
2822 2725 2887 2763 ac
2933 2709 3277 2764 Christianas
3316 2706 3633 2779 reipublicae
3670 2702 3789 2755 colu-

2150 2801 2327 2865 mina,
2351 2815 2595 2871 quorum
2624 2798 3016 2853 auctoritatem
3033 2798 3365 2853 Catholicus
3382 2795 3540 2852 Orbis
3560 2791 3790 2862 sequitur,

2150 2889 2485 2963 sapientiam
2502 2888 2754 2943 universi
2781 2888 3043 2955 adorant,
3069 2888 3221 2942 dicta
3243 2893 3519 2959 tanquam
3541 2880 3794 2937 secretiora

2150 2978 2414 3035 Numinis
2440 2978 2670 3032 oracula
2700 2976 2915 3047 singuli
2963 2980 3334 3031 venerantur.
3377 2974 3571 3030 Sedete
3611 2972 3791 3038 Augus-

2148 3068 2385 3124 tinianas
2425 3083 2608 3121 causa:
2650 3065 2877 3121 Iudices
2929 3065 3245 3133 honorarii,
3282 3064 3417 3121 hinc
3466 3056 3793 3133 quorumdam

2149 3156 2553 3212 Recentiorum
2599 3153 3009 3222 accusationes,
3061 3155 3275 3209 isthinc
3316 3149 3610 3225 Augustini
3639 3146 3793 3202 defen-

2149 3244 2372 3299 sionem
2398 3241 2666 3297 audituri.
2698 3241 2956 3297 Vestram
2986 3242 3159 3297 tidem
3197 3242 3527 3313 quicunque
3559 3239 3613 3292 iu
3654 3230 3794 3303 suspi-

2148 3334 2371 3388 cionem
2420 3331 2721 3397 vocaverit,
2756 3330 2801 3384 is
2850 3330 2919 3385 ab
2968 3331 3301 3387 Orthodoxa
3352 3330 3460 3384 ﬁde
3507 3343 3562 3380 se
3610 3323 3795 3395 penitus

2148 3424 2397 3477 alienum
2430 3420 2759 3475 ostenderit.
2792 3421 2875 3475 Tu
2926 3434 3081 3487 vero,
3134 3421 3340 3491 Magne
3386 3421 3567 3484 Pater,
3607 3408 3794 3485 quando

2148 3514 2383 3583 dignam
2414 3511 2840 3565 advocationem
2867 3510 3061 3565 nullus
3090 3509 3195 3564 tibi
3228 3508 3557 3564 mortalium
3594 3514 3800 3557 commo-

2148 3602 2283 3657 dare
2324 3604 2531 3671 potest,
2585 3603 2699 3653 tuaa
2752 3598 2931 3669 ipsius
2987 3614 3172 3652 causae
3228 3597 3572 3667 suffragator
3615 3587 3794 3643 accede.

2148 3692 2214 3746 Et
2247 3688 2293 3742 si
2317 3689 2454 3742 olim
2490 3687 2816 3758 apostolicae
2863 3686 3013 3741 sedis
3056 3687 3289 3741 decreto
3342 3687 3404 3740 in
3452 3673 3798 3737 controversiis

2149 3780 2217 3835 de
2240 3778 2446 3833 divina:
2476 3776 2676 3847 gratias
2717 3775 2944 3830 auxiliis
2982 3775 3328 3830 sententiam
3378 3773 3622 3829 dicturus
3657 3764 3796 3836 judel

2148 3867 2462 3923 destinatus
2506 3864 2683 3931 fuisti,
2735 3870 2931 3935 patere
2976 3880 3314 3935 parumper,
3362 3863 3421 3917 id
3468 3853 3799 3932 quorumdam

2150 3954 2237 4023 (ut
2308 3953 2605 4007 mitissime
2664 3953 2884 4024 loquar)
2944 3952 3384 4024 importunitate
3448 3949 3708 4019 exigente,
3747 3936 3799 3991 ad

2148 4044 2379 4097 Patrum
2410 4041 2660 4096 tribunal
2709 4041 2829 4095 sisti
2862 4058 2929 4095 ex
2963 4041 3158 4112 judice
3210 4057 3401 4096 reum.
3452 4039 3636 4107 Neque
3679 4027 3800 4121 enim

2146 4130 2394 4185 arbitror
2414 4136 2467 4185 te
2508 4131 2563 4185 id
2617 4146 2769 4201 aegre
2824 4146 2943 4185 esse
2988 4131 3267 4197 laturum,
3310 4129 3411 4200 qui
3453 4127 3584 4181 olim
3638 4115 3801 4175 novitii

2147 4206 2430 4291 dogmatis
2455 4236 2488 4274 a
2513 4219 2738 4273 Juliano
2770 4223 3083 4287 accusatus,
3128 4220 3366 4273 Patrum
3397 4215 3667 4287 judicium
3709 4217 3801 4259 non

2148 4308 2320 4364 modo
2341 4325 2457 4363 non
2479 4307 2794 4373 declinasti,
2822 4307 2963 4378 quin
2992 4307 3110 4361 imo
3138 4306 3210 4361 ad
3236 4306 3382 4361 illud
3412 4306 3497 4358 vel
3518 4309 3798 4372 repugnau-

2148 4402 2265 4452 tem
2296 4395 2683 4450 adversarium
2716 4394 2946 4449 obtorto
2976 4394 3120 4449 collo
3150 4394 3397 4448 traxisti.
3435 4392 3549 4446 Erit
3576 4401 3698 4441 sane
3729 4382 3799 4451 ju-

2148 4484 2400 4542 cundum
2432 4483 2775 4553 intelligere,
2808 4484 2922 4537 imo
2952 4483 3041 4537 vel
3082 4483 3263 4537 oculis
3314 4481 3453 4553 ipsis
3496 4474 3692 4534 intueri
3739 4470 3801 4523 in-

2149 4588 2417 4627 numeros
2490 4570 2749 4625 Ecclesia:
2830 4571 3090 4625 doctores
3142 4571 3299 4625 albos
3341 4568 3579 4623 calculos
3632 4564 3801 4633 (neque

2149 4662 2305 4717 enim
2326 4666 2412 4715 est
2450 4659 2669 4714 incerta
2709 4659 2963 4729 victoria)
3012 4659 3334 4731 Augustino
3379 4657 3634 4728 adjicere,
3677 4650 3802 4717 ejus-

2150 4751 2281 4805 dem
2348 4748 2659 4803 seutentias
2722 4748 3140 4814 commendare,
3197 4746 3593 4802 auctoritatem
3640 4736 3800 4793 defen-

2149 4837 2305 4901 dere,
2375 4836 2945 4906 adversariorumque
3010 4836 3395 4890 temeritatem
3446 4830 3596 4905 gravi
3620 4820 3803 4899 judicio

2146 4926 2475 4998 percellere.
2510 4930 2580 4980 At
2625 4925 2735 4980 cito
2782 4924 2947 4978 citius
2991 4924 3147 4980 adest
3180 4940 3339 4980 sacer
3380 4924 3629 4977 divorum
3671 4924 3802 4966 sena-

2147 5020 2259 5083 tus,
2318 5019 2375 5069 et
2446 5015 2679 5086 quidem
2742 5013 3259 5085 frequentissimus,
3333 5004 3803 5082 Augustiauianam

2148 5117 2378 5160 causam
2430 5103 2783 5174 cogniturus.
2832 5103 3277 5158 Tumultuantur
3325 5098 3568 5156 rotundo
3610 5088 3802 5162 agmine

2148 5192 2458 5249 adversarii
2500 5193 2883 5263 Augustinum
2930 5193 3273 5248 accusaturi.
3332 5188 3565 5246 Interim
3614 5183 3802 5237 sancms

2148 5285 2415 5354 Prosper,
2442 5281 2542 5353 qui
2574 5281 2724 5335 inter
2763 5281 2935 5351 primi
2967 5281 3218 5336 subsellii
3267 5280 3491 5349 judices
3520 5274 3680 5336 sedet,
3727 5279 3801 5317 aC-

2150 5370 2501 5426 cusatoribus
2560 5369 2837 5440 loquendi
2919 5369 3243 5424 facultatem
3304 5366 3533 5421 faciens.
3590 5379 3614 5410 α
3669 5355 3797 5414 Ecce.

2149 5459 2339 5531 inquit
2377 5460 2529 5514 salva
2578 5457 2871 5513 catholicae
2914 5472 3051 5529 pace
3088 5455 3360 5519 victorias,
3407 5453 3552 5506 salva
3588 5442 3796 5499 indisso-

2151 5549 2421 5604 lubilium
2452 5548 2772 5604 reverentia
2804 5548 3160 5602 decretorum
3195 5543 3379 5616 parati
3408 5552 3594 5594 sumus
3622 5541 3792 5587 PATRO'
