  <div class='ocr_page' id='page_1' title='image "/cluster/home/n/w/nwhite01/storage/ocr_20150623/47/hvd.32044096580683/422.png"; bbox 0 0 3914 6186; ppageno 0'>
   <div class='ocr_carea' id='block_1_1' title="bbox 60 267 172 319">
    <p class='ocr_par' dir='ltr' id='par_1_1' title="bbox 60 267 172 319">
     <span class='ocr_line' id='line_1_1' title="bbox 60 267 172 319; baseline 0.009 -1"><span class='ocrx_word' id='word_1_1' title='bbox 60 267 172 319; x_wconf 84' lang='lat'><strong>833</strong></span> 
     </span>
    </p>
   </div>
   <div class='ocr_carea' id='block_1_2' title="bbox 60 388 1847 471">
    <p class='ocr_par' dir='ltr' id='par_1_2' title="bbox 60 388 1847 471">
     <span class='ocr_line' id='line_1_2' title="bbox 60 388 1847 471; baseline -0.001 -11"><span class='ocrx_word' id='word_1_2' title='bbox 60 422 170 461; x_wconf 69' lang='lat' dir='ltr'><strong>nos</strong></span> <span class='ocrx_word' id='word_1_3' title='bbox 232 420 509 460; x_wconf 65' lang='lat' dir='ltr'><strong>DOCTRINE</strong></span> <span class='ocrx_word' id='word_1_4' title='bbox 562 420 969 460; x_wconf 65' lang='lat' dir='ltr'><strong>EXENDATIORIS</strong></span> <span class='ocrx_word' id='word_1_5' title='bbox 1021 403 1242 471; x_wconf 89' lang='lat' dir='ltr'><strong>audire,</strong></span> <span class='ocrx_word' id='word_1_6' title='bbox 1299 407 1355 458; x_wconf 89' lang='lat' dir='ltr'><strong>et</strong></span> <span class='ocrx_word' id='word_1_7' title='bbox 1410 388 1847 459; x_wconf 80' lang='lat' dir='ltr'><strong>circumcisasA</strong></span> 
     </span>
    </p>
   </div>
   <div class='ocr_carea' id='block_1_3' title="bbox 62 490 1770 561">
    <p class='ocr_par' dir='ltr' id='par_1_3' title="bbox 62 490 1770 561">
     <span class='ocr_line' id='line_1_3' title="bbox 62 490 1770 561; baseline -0.002 -14"><span class='ocrx_word' id='word_1_8' title='bbox 62 494 136 547; x_wconf 89' lang='lat' dir='ltr'><strong>ab</strong></span> <span class='ocrx_word' id='word_1_9' title='bbox 158 493 322 547; x_wconf 91' lang='lat' dir='ltr'><strong>omni</strong></span> <span class='ocrx_word' id='word_1_10' title='bbox 350 509 541 547; x_wconf 88' lang='lat' dir='ltr'><strong>errore</strong></span> <span class='ocrx_word' id='word_1_11' title='bbox 588 493 767 547; x_wconf 86' lang='lat' dir='ltr'><strong>lineas</strong></span> <span class='ocrx_word' id='word_1_12' title='bbox 786 492 1169 546; x_wconf 66' lang='lat' dir='ltr'><strong>subtilissima:</strong></span> <span class='ocrx_word' id='word_1_13' title='bbox 1205 490 1564 546; x_wconf 73' lang='lat' dir='ltr'><strong>discretionis</strong></span> <span class='ocrx_word' id='word_1_14' title='bbox 1593 507 1770 561; x_wconf 85' lang='lat' dir='ltr'><strong>agno-</strong></span> 
     </span>
    </p>
   </div>
   <div class='ocr_carea' id='block_1_4' title="bbox 63 580 1773 650">
    <p class='ocr_par' dir='ltr' id='par_1_4' title="bbox 63 580 1773 650">
     <span class='ocr_line' id='line_1_4' title="bbox 63 580 1773 650; baseline -0.001 -15"><span class='ocrx_word' id='word_1_15' title='bbox 63 598 241 636; x_wconf 85' lang='lat' dir='ltr'><strong>scere.</strong></span> <span class='ocrx_word' id='word_1_16' title='bbox 277 581 665 635; x_wconf 74' lang='lat' dir='ltr'><strong>Uonstituatur</strong></span> <span class='ocrx_word' id='word_1_17' title='bbox 714 581 773 633; x_wconf 90' lang='lat' dir='ltr'><strong>in</strong></span> <span class='ocrx_word' id='word_1_18' title='bbox 802 580 993 635; x_wconf 90' lang='lat' dir='ltr'><strong>medio</strong></span> <span class='ocrx_word' id='word_1_19' title='bbox 1046 580 1197 650; x_wconf 91' lang='lat' dir='ltr'><strong>quod</strong></span> <span class='ocrx_word' id='word_1_20' title='bbox 1246 596 1312 633; x_wconf 77' lang='lat' dir='ltr'><strong>ne</strong></span> <span class='ocrx_word' id='word_1_21' title='bbox 1349 595 1506 633; x_wconf 79' lang='lat' dir='ltr'><strong>NOVIS</strong></span> <span class='ocrx_word' id='word_1_22' title='bbox 1548 596 1773 633; x_wconf 75' lang='lat' dir='ltr'><strong>suansn‘</strong></span> 
     </span>
    </p>
   </div>
   <div class='ocr_carea' id='block_1_5' title="bbox 63 668 1772 740">
    <p class='ocr_par' dir='ltr' id='par_1_5' title="bbox 63 668 1772 740">
     <span class='ocr_line' id='line_1_5' title="bbox 63 668 1772 740; baseline -0.002 -15"><span class='ocrx_word' id='word_1_23' title='bbox 63 688 307 726; x_wconf 73' lang='lat' dir='ltr'><strong>INGENHS</strong></span> <span class='ocrx_word' id='word_1_24' title='bbox 365 671 536 739; x_wconf 85' lang='lat' dir='ltr'><strong>(Cant.</strong></span> <span class='ocrx_word' id='word_1_25' title='bbox 564 670 754 725; x_wconf 87' lang='lat' dir='ltr'><strong>Collat.</strong></span> <span class='ocrx_word' id='word_1_26' title='bbox 784 671 990 740; x_wconf 86' lang='lat' dir='ltr'><strong>initio).</strong></span> <span class='ocrx_word' id='word_1_27' title='bbox 1021 688 1049 722; x_wconf 88' lang='grc'><strong>››</strong></span> <span class='ocrx_word' id='word_1_28' title='bbox 1095 690 1117 719; x_wconf 76' lang='grc' dir='ltr'>α</span> <span class='ocrx_word' id='word_1_29' title='bbox 1147 670 1216 724; x_wconf 88' lang='lat' dir='ltr'><strong>Ut</strong></span> <span class='ocrx_word' id='word_1_30' title='bbox 1255 669 1417 724; x_wconf 84' lang='lat' dir='ltr'><strong>facile</strong></span> <span class='ocrx_word' id='word_1_31' title='bbox 1458 671 1546 723; x_wconf 91' lang='lat' dir='ltr'><strong>vel</strong></span> <span class='ocrx_word' id='word_1_32' title='bbox 1584 668 1772 724; x_wconf 88' lang='lat' dir='ltr'><strong>tenuis</strong></span> 
     </span>
    </p>
   </div>
   <div class='ocr_carea' id='block_1_6' title="bbox 62 748 1769 832">
    <p class='ocr_par' dir='ltr' id='par_1_6' title="bbox 62 748 1769 832">
     <span class='ocr_line' id='line_1_6' title="bbox 62 748 1769 832; baseline -0.001 -17"><span class='ocrx_word' id='word_1_33' title='bbox 62 760 380 832; x_wconf 65' lang='lat' dir='ltr'><strong>diligentia:</strong></span> <span class='ocrx_word' id='word_1_34' title='bbox 421 758 677 813; x_wconf 83' lang='lat' dir='ltr'><strong>advertat</strong></span> <span class='ocrx_word' id='word_1_35' title='bbox 706 748 1014 830; x_wconf 85' lang='lat' dir='ltr'><strong>inspector,</strong></span> <span class='ocrx_word' id='word_1_36' title='bbox 1044 775 1217 830; x_wconf 90' lang='lat' dir='ltr'><strong>quam</strong></span> <span class='ocrx_word' id='word_1_37' title='bbox 1279 759 1509 829; x_wconf 87' lang='lat' dir='ltr'><strong>injustis</strong></span> <span class='ocrx_word' id='word_1_38' title='bbox 1558 775 1769 830; x_wconf 88' lang='lat' dir='ltr'><strong>oppro-</strong></span> 
     </span>
    </p>
   </div>
   <div class='ocr_carea' id='block_1_7' title="bbox 53 847 1771 918">
    <p class='ocr_par' dir='ltr' id='par_1_7' title="bbox 53 847 1771 918">
     <span class='ocr_line' id='line_1_7' title="bbox 53 847 1771 918; baseline -0.001 -16"><span class='ocrx_word' id='word_1_39' title='bbox 53 849 202 903; x_wconf 88' lang='lat' dir='ltr'><strong>briis</strong></span> <span class='ocrx_word' id='word_1_40' title='bbox 255 864 529 903; x_wconf 80' lang='lat' dir='ltr'><strong>CATHOLICI</strong></span> <span class='ocrx_word' id='word_1_41' title='bbox 583 864 974 904; x_wconf 63' lang='lat' dir='ltr'><strong>PREDICATORIS</strong></span> <span class='ocrx_word' id='word_1_42' title='bbox 1032 847 1314 902; x_wconf 86' lang='lat' dir='ltr'><strong>memoria</strong></span> <span class='ocrx_word' id='word_1_43' title='bbox 1379 852 1665 918; x_wconf 85' lang='lat' dir='ltr'><strong>carpatur,</strong></span> <span class='ocrx_word' id='word_1_44' title='bbox 1715 850 1771 901; x_wconf 88' lang='lat' dir='ltr'><strong>et</strong></span> 
     </span>
    </p>
   </div>
   <div class='ocr_carea' id='block_1_8' title="bbox 50 935 1770 1008">
    <p class='ocr_par' dir='ltr' id='par_1_8' title="bbox 50 935 1770 1008">
     <span class='ocr_line' id='line_1_8' title="bbox 50 935 1770 1008; baseline -0.001 -17"><span class='ocrx_word' id='word_1_45' title='bbox 50 937 116 991; x_wconf 92' lang='lat' dir='ltr'><strong>in</strong></span> <span class='ocrx_word' id='word_1_46' title='bbox 172 938 327 1008; x_wconf 90' lang='lat' dir='ltr'><strong>quod</strong></span> <span class='ocrx_word' id='word_1_47' title='bbox 370 942 666 1008; x_wconf 84' lang='lat' dir='ltr'><strong>peccatum</strong></span> <span class='ocrx_word' id='word_1_48' title='bbox 705 936 912 991; x_wconf 88' lang='lat' dir='ltr'><strong>cadant</strong></span> <span class='ocrx_word' id='word_1_49' title='bbox 969 936 1069 1006; x_wconf 87' lang='lat' dir='ltr'><strong>qui</strong></span> <span class='ocrx_word' id='word_1_50' title='bbox 1151 937 1336 991; x_wconf 87' lang='lat' dir='ltr'><strong>aliena</strong></span> <span class='ocrx_word' id='word_1_51' title='bbox 1408 935 1770 1005; x_wconf 90' lang='lat' dir='ltr'><strong>instigatione</strong></span> 
     </span>
    </p>
   </div>
   <div class='ocr_carea' id='block_1_9' title="bbox 50 1026 1770 1097">
    <p class='ocr_par' dir='ltr' id='par_1_9' title="bbox 50 1026 1770 1097">
     <span class='ocr_line' id='line_1_9' title="bbox 50 1026 1770 1097; baseline -0.001 -17"><span class='ocrx_word' id='word_1_52' title='bbox 50 1027 335 1081; x_wconf 81' lang='lat' dir='ltr'><strong>commoti</strong></span> <span class='ocrx_word' id='word_1_53' title='bbox 392 1043 713 1082; x_wconf 72' lang='lat' dir='ltr'><strong>scalpronnx</strong></span> <span class='ocrx_word' id='word_1_54' title='bbox 771 1042 1125 1081; x_wconf 71' lang='lat' dir='ltr'><strong>ceu-manum:</strong></span> <span class='ocrx_word' id='word_1_55' title='bbox 1175 1042 1397 1080; x_wconf 68' lang='lat' dir='ltr'><strong>nomms</strong></span> <span class='ocrx_word' id='word_1_56' title='bbox 1446 1026 1770 1097; x_wconf 82' lang='lat' dir='ltr'><strong>promptius</strong></span> 
     </span>
    </p>
   </div>
   <div class='ocr_carea' id='block_1_10' title="bbox 50 1112 1771 1186">
    <p class='ocr_par' dir='ltr' id='par_1_10' title="bbox 50 1112 1771 1186">
     <span class='ocr_line' id='line_1_10' title="bbox 50 1112 1771 1186; baseline -0.001 -17"><span class='ocrx_word' id='word_1_57' title='bbox 50 1116 308 1170; x_wconf 79' lang='lat' dir='ltr'><strong>habeant</strong></span> <span class='ocrx_word' id='word_1_58' title='bbox 364 1116 615 1185; x_wconf 87' lang='lat' dir='ltr'><strong>culpare,</strong></span> <span class='ocrx_word' id='word_1_59' title='bbox 683 1131 858 1186; x_wconf 88' lang='lat' dir='ltr'><strong>quam</strong></span> <span class='ocrx_word' id='word_1_60' title='bbox 916 1130 1081 1169; x_wconf 88' lang='lat' dir='ltr'><strong>nosse</strong></span> <span class='ocrx_word' id='word_1_61' title='bbox 1133 1115 1212 1185; x_wconf 93' lang='lat' dir='ltr'><strong>(ln</strong></span> <span class='ocrx_word' id='word_1_62' title='bbox 1258 1115 1423 1185; x_wconf 61' lang='lat' dir='ltr'><strong>praef.</strong></span> <span class='ocrx_word' id='word_1_63' title='bbox 1492 1116 1644 1183; x_wconf 86' lang='lat' dir='ltr'><strong>Resp.</strong></span> <span class='ocrx_word' id='word_1_64' title='bbox 1697 1112 1771 1167; x_wconf 87' lang='lat' dir='ltr'><strong>ad</strong></span> 
     </span>
    </p>
   </div>
   <div class='ocr_carea' id='block_1_11' title="bbox 51 1204 612 1275">
    <p class='ocr_par' dir='ltr' id='par_1_11' title="bbox 51 1204 612 1275">
     <span class='ocr_line' id='line_1_11' title="bbox 51 1204 612 1275; baseline -0.004 -16"><span class='ocrx_word' id='word_1_65' title='bbox 51 1220 182 1274; x_wconf 80' lang='lat' dir='ltr'><strong>cap.</strong></span> <span class='ocrx_word' id='word_1_66' title='bbox 222 1204 549 1275; x_wconf 84' lang='lat' dir='ltr'><strong>Gallorum.)</strong></span> <span class='ocrx_word' id='word_1_67' title='bbox 585 1225 612 1253; x_wconf 88' lang='lat'>»</span> 
     </span>
    </p>
   </div>
   <div class='ocr_carea' id='block_1_12' title="bbox 903 1391 946 1447">
    <p class='ocr_par' dir='ltr' id='par_1_12' title="bbox 903 1391 946 1447">
     <span class='ocr_line' id='line_1_12' title="bbox 903 1391 946 1447; baseline 0.047 -2"><span class='ocrx_word' id='word_1_68' title='bbox 903 1391 946 1447; x_wconf 94' lang='grc' dir='ltr'><strong>Ι.</strong></span> 
     </span>
    </p>
   </div>
   <div class='ocr_carea' id='block_1_13' title="bbox 1378 261 2285 321">
    <p class='ocr_par' dir='ltr' id='par_1_13' title="bbox 1378 261 2285 321">
     <span class='ocr_line' id='line_1_13' title="bbox 1378 261 2285 321; baseline -0.002 -2"><span class='ocrx_word' id='word_1_69' title='bbox 1378 263 1701 321; x_wconf 67' lang='grc' dir='ltr'><strong>νιΝῡῐΟῙλΕ</strong></span> <span class='ocrx_word' id='word_1_70' title='bbox 1739 261 2285 319; x_wconf 73' lang='grc' dir='ltr'><strong>ΑΗΟΗΞΤῙΝῘΑΝΑΞ.</strong></span> 
     </span>
    </p>
   </div>
   <div class='ocr_carea' id='block_1_14' title="bbox 350 1495 642 1534">
    <p class='ocr_par' dir='ltr' id='par_1_14' title="bbox 350 1495 642 1534">
     <span class='ocr_line' id='line_1_14' title="bbox 350 1495 642 1534; baseline 0.003 -2"><span class='ocrx_word' id='word_1_71' title='bbox 350 1495 642 1534; x_wconf 78' lang='lat' dir='ltr'><strong>CENSORES.</strong></span> 
     </span>
    </p>
   </div>
   <div class='ocr_carea' id='block_1_15' title="bbox 137 1570 879 1623">
    <p class='ocr_par' dir='ltr' id='par_1_15' title="bbox 137 1570 879 1623">
     <span class='ocr_line' id='line_1_15' title="bbox 137 1570 879 1623; baseline -0.001 -1"><span class='ocrx_word' id='word_1_72' title='bbox 137 1570 260 1622; x_wconf 72' lang='lat' dir='ltr'><strong>Haec</strong></span> <span class='ocrx_word' id='word_1_73' title='bbox 287 1574 475 1623; x_wconf 88' lang='lat' dir='ltr'><strong>nostra</strong></span> <span class='ocrx_word' id='word_1_74' title='bbox 525 1570 668 1622; x_wconf 87' lang='lat' dir='ltr'><strong>ratio</strong></span> <span class='ocrx_word' id='word_1_75' title='bbox 699 1571 879 1623; x_wconf 86' lang='lat' dir='ltr'><strong>conci-</strong></span> 
     </span>
    </p>
   </div>
   <div class='ocr_carea' id='block_1_16' title="bbox 53 1640 880 1694">
    <p class='ocr_par' dir='ltr' id='par_1_16' title="bbox 53 1640 880 1694">
     <span class='ocr_line' id='line_1_16' title="bbox 53 1640 880 1694; baseline -0.004 0"><span class='ocrx_word' id='word_1_76' title='bbox 53 1640 244 1694; x_wconf 84' lang='lat' dir='ltr'><strong>liandi</strong></span> <span class='ocrx_word' id='word_1_77' title='bbox 289 1641 589 1693; x_wconf 87' lang='lat' dir='ltr'><strong>libertatem</strong></span> <span class='ocrx_word' id='word_1_78' title='bbox 659 1641 880 1693; x_wconf 71' lang='lat' dir='ltr'><strong>arbitrii</strong></span> 
     </span>
    </p>
   </div>
   <div class='ocr_carea' id='block_1_17' title="bbox 1107 1492 1625 1531">
    <p class='ocr_par' dir='ltr' id='par_1_17' title="bbox 1107 1492 1625 1531">
     <span class='ocr_line' id='line_1_17' title="bbox 1107 1492 1625 1531; baseline 0 0"><span class='ocrx_word' id='word_1_79' title='bbox 1107 1494 1152 1531; x_wconf 87' lang='lat' dir='ltr'><strong>S.</strong></span> <span class='ocrx_word' id='word_1_80' title='bbox 1187 1493 1235 1531; x_wconf 84' lang='lat' dir='ltr'><strong>P.</strong></span> <span class='ocrx_word' id='word_1_81' title='bbox 1268 1492 1625 1531; x_wconf 74' lang='lat' dir='ltr'><strong>AUGUSTINUS.</strong></span> 
     </span>
    </p>
   </div>
   <div class='ocr_carea' id='block_1_18' title="bbox 1024 1564 1765 1636">
    <p class='ocr_par' dir='ltr' id='par_1_18' title="bbox 1024 1564 1765 1636">
     <span class='ocr_line' id='line_1_18' title="bbox 1024 1564 1765 1636; baseline -0.003 -16"><span class='ocrx_word' id='word_1_82' title='bbox 1024 1566 1161 1621; x_wconf 83' lang='lat' dir='ltr'><strong>Mira</strong></span> <span class='ocrx_word' id='word_1_83' title='bbox 1192 1571 1323 1620; x_wconf 92' lang='lat' dir='ltr'><strong>sunt</strong></span> <span class='ocrx_word' id='word_1_84' title='bbox 1378 1582 1505 1636; x_wconf 66' lang='lat' dir='ltr'><strong>qua:</strong></span> <span class='ocrx_word' id='word_1_85' title='bbox 1556 1564 1765 1635; x_wconf 90' lang='lat' dir='ltr'><strong>dicitis,</strong></span> 
     </span>
    </p>
   </div>
   <div class='ocr_carea' id='block_1_19' title="bbox 953 1636 1762 1707">
    <p class='ocr_par' dir='ltr' id='par_1_19' title="bbox 953 1636 1762 1707">
     <span class='ocr_line' id='line_1_19' title="bbox 953 1636 1762 1707; baseline 0 -17"><span class='ocrx_word' id='word_1_86' title='bbox 953 1653 1099 1690; x_wconf 89' lang='lat' dir='ltr'><strong>nova</strong></span> <span class='ocrx_word' id='word_1_87' title='bbox 1150 1644 1283 1691; x_wconf 91' lang='lat' dir='ltr'><strong>sunt</strong></span> <span class='ocrx_word' id='word_1_88' title='bbox 1360 1654 1491 1707; x_wconf 71' lang='lat' dir='ltr'><strong>qua:</strong></span> <span class='ocrx_word' id='word_1_89' title='bbox 1554 1636 1762 1701; x_wconf 87' lang='lat' dir='ltr'><strong>dicitis,</strong></span> 
     </span>
    </p>
   </div>
   <div class='ocr_carea' id='block_1_20' title="bbox 3476 271 3578 322">
    <p class='ocr_par' dir='ltr' id='par_1_20' title="bbox 3476 271 3578 322">
     <span class='ocr_line' id='line_1_20' title="bbox 3476 271 3578 322; baseline -0.02 0"><span class='ocrx_word' id='word_1_90' title='bbox 3476 271 3578 322; x_wconf 67' lang='grc'><strong>834</strong></span> 
     </span>
    </p>
   </div>
   <div class='ocr_carea' id='block_1_21' title="bbox 2166 490 2453 529">
    <p class='ocr_par' dir='ltr' id='par_1_21' title="bbox 2166 490 2453 529">
     <span class='ocr_line' id='line_1_21' title="bbox 2166 490 2453 529; baseline 0.007 -2"><span class='ocrx_word' id='word_1_91' title='bbox 2166 490 2453 529; x_wconf 78' lang='lat' dir='ltr'><strong>CENSOBBS.</strong></span> 
     </span>
    </p>
   </div>
   <div class='ocr_carea' id='block_1_22' title="bbox 1952 561 2690 632">
    <p class='ocr_par' dir='ltr' id='par_1_22' title="bbox 1952 561 2690 632">
     <span class='ocr_line' id='line_1_22' title="bbox 1952 561 2690 632; baseline 0.005 -18"><span class='ocrx_word' id='word_1_92' title='bbox 1952 561 2078 628; x_wconf 62' lang='lat' dir='ltr'><strong>Qum</strong></span> <span class='ocrx_word' id='word_1_93' title='bbox 2102 564 2152 615; x_wconf 88' lang='lat' dir='ltr'><strong>si</strong></span> <span class='ocrx_word' id='word_1_94' title='bbox 2192 563 2323 615; x_wconf 89' lang='lat' dir='ltr'><strong>data</strong></span> <span class='ocrx_word' id='word_1_95' title='bbox 2361 564 2690 632; x_wconf 68' lang='lat' dir='ltr'><strong>eri-planata-</strong></span> 
     </span>
    </p>
   </div>
   <div class='ocr_carea' id='block_1_23' title="bbox 1882 636 3577 707">
    <p class='ocr_par' dir='ltr' id='par_1_23' title="bbox 1882 636 3577 707">
     <span class='ocr_line' id='line_1_23' title="bbox 1882 636 3577 707; baseline 0.002 -20"><span class='ocrx_word' id='word_1_96' title='bbox 1882 648 1982 701; x_wconf 88' lang='lat' dir='ltr'><strong>que</strong></span> <span class='ocrx_word' id='word_1_97' title='bbox 2009 648 2214 707; x_wconf 80' lang='lat' dir='ltr'><strong>semper</strong></span> <span class='ocrx_word' id='word_1_98' title='bbox 2254 636 2512 701; x_wconf 80' lang='lat' dir='ltr'><strong>fuissent,</strong></span> <span class='ocrx_word' id='word_1_99' title='bbox 2553 638 2694 701; x_wconf 86' lang='lat' dir='ltr'><strong>forte</strong></span> <span class='ocrx_word' id='word_1_100' title='bbox 2767 650 2903 707; x_wconf 75' lang='lat' dir='ltr'><strong>ses,</strong></span> <span class='ocrx_word' id='word_1_101' title='bbox 2935 636 3224 707; x_wconf 79' lang='lat' dir='ltr'><strong>Pelagiani</strong></span> <span class='ocrx_word' id='word_1_102' title='bbox 3295 636 3577 707; x_wconf 83' lang='lat' dir='ltr'><strong>dogmatis</strong></span> 
     </span>
    </p>
   </div>
   <div class='ocr_carea' id='block_1_24' title="bbox 1878 706 3576 772">
    <p class='ocr_par' dir='ltr' id='par_1_24' title="bbox 1878 706 3576 772">
     <span class='ocr_line' id='line_1_24' title="bbox 1878 706 3576 772; baseline 0.003 -16"><span class='ocrx_word' id='word_1_103' title='bbox 1878 719 2048 772; x_wconf 88' lang='lat' dir='ltr'><strong>neque</strong></span> <span class='ocrx_word' id='word_1_104' title='bbox 2121 706 2422 772; x_wconf 80' lang='lat' dir='ltr'><strong>Pelagiana</strong></span> <span class='ocrx_word' id='word_1_105' title='bbox 2478 708 2692 762; x_wconf 53' lang='lat' dir='ltr'><strong>heresis</strong></span> <span class='ocrx_word' id='word_1_106' title='bbox 2766 706 3027 759; x_wconf 87' lang='lat' dir='ltr'><strong>machina</strong></span> <span class='ocrx_word' id='word_1_107' title='bbox 3093 707 3213 760; x_wconf 85' lang='lat' dir='ltr'><strong>sine</strong></span> <span class='ocrx_word' id='word_1_108' title='bbox 3273 706 3576 762; x_wconf 86' lang='lat' dir='ltr'><strong>architecto</strong></span> 
     </span>
    </p>
   </div>
   <div class='ocr_carea' id='block_1_25' title="bbox 1877 776 3573 842">
    <p class='ocr_par' dir='ltr' id='par_1_25' title="bbox 1877 776 3573 842">
     <span class='ocr_line' id='line_1_25' title="bbox 1877 776 3573 842; baseline 0.003 -14"><span class='ocrx_word' id='word_1_109' title='bbox 1877 776 2074 842; x_wconf 76' lang='lat' dir='ltr'><strong>fuisset</strong></span> <span class='ocrx_word' id='word_1_110' title='bbox 2093 780 2302 830; x_wconf 64' lang='lat' dir='ltr'><strong>exorta.</strong></span> <span class='ocrx_word' id='word_1_111' title='bbox 2764 777 3082 830; x_wconf 88' lang='lat' dir='ltr'><strong>necessario</strong></span> <span class='ocrx_word' id='word_1_112' title='bbox 3192 778 3573 833; x_wconf 88' lang='lat' dir='ltr'><strong>remansisset.</strong></span> 
     </span>
    </p>
   </div>
   <div class='ocr_carea' id='block_1_26' title="bbox 2763 848 3573 919">
    <p class='ocr_par' dir='ltr' id='par_1_26' title="bbox 2763 848 3573 919">
     <span class='ocr_line' id='line_1_26' title="bbox 2763 848 3573 919; baseline 0.006 -19"><span class='ocrx_word' id='word_1_113' title='bbox 2763 848 2881 901; x_wconf 90' lang='lat' dir='ltr'><strong>Lib.</strong></span> <span class='ocrx_word' id='word_1_114' title='bbox 2899 864 2952 900; x_wconf 79' lang='lat' dir='ltr'><strong>v1</strong></span> <span class='ocrx_word' id='word_1_115' title='bbox 2972 849 3314 917; x_wconf 88' lang='lat' dir='ltr'><strong>contraJul.,</strong></span> <span class='ocrx_word' id='word_1_116' title='bbox 3337 864 3458 919; x_wconf 85' lang='lat' dir='ltr'><strong>cap.</strong></span> <span class='ocrx_word' id='word_1_117' title='bbox 3487 853 3573 906; x_wconf 83' lang='lat' dir='ltr'><strong>tt.</strong></span> 
     </span>
    </p>
   </div>
   <div class='ocr_carea' id='block_1_27' title="bbox 2444 934 3002 991">
    <p class='ocr_par' dir='ltr' id='par_1_27' title="bbox 2444 934 3002 991">
     <span class='ocr_line' id='line_1_27' title="bbox 2444 934 3002 991; baseline 0.002 -2"><span class='ocrx_word' id='word_1_118' title='bbox 2444 935 2499 989; x_wconf 92' lang='lat' dir='ltr'><strong>S.</strong></span> <span class='ocrx_word' id='word_1_119' title='bbox 2532 934 3002 991; x_wconf 81' lang='lat' dir='ltr'><strong>HIERONYMUS.</strong></span> 
     </span>
    </p>
   </div>
   <div class='ocr_carea' id='block_1_28' title="bbox 1949 1021 3579 1097">
    <p class='ocr_par' dir='ltr' id='par_1_28' title="bbox 1949 1021 3579 1097">
     <span class='ocr_line' id='line_1_28' title="bbox 1949 1021 3579 1097; baseline 0.002 -20"><span class='ocrx_word' id='word_1_120' title='bbox 1949 1021 2182 1093; x_wconf 88' lang='lat' dir='ltr'><strong>Scripsit</strong></span> <span class='ocrx_word' id='word_1_121' title='bbox 2210 1022 2428 1077; x_wconf 89' lang='lat' dir='ltr'><strong>dudum</strong></span> <span class='ocrx_word' id='word_1_122' title='bbox 2457 1024 2543 1076; x_wconf 87' lang='lat' dir='ltr'><strong>vir</strong></span> <span class='ocrx_word' id='word_1_123' title='bbox 2572 1030 2799 1077; x_wconf 90' lang='lat' dir='ltr'><strong>sanctus</strong></span> <span class='ocrx_word' id='word_1_124' title='bbox 2852 1029 2909 1077; x_wconf 92' lang='lat' dir='ltr'><strong>et</strong></span> <span class='ocrx_word' id='word_1_125' title='bbox 2945 1026 3222 1095; x_wconf 88' lang='lat' dir='ltr'><strong>eloquens</strong></span> <span class='ocrx_word' id='word_1_126' title='bbox 3278 1024 3579 1097; x_wconf 89' lang='lat' dir='ltr'><strong>episcopus</strong></span> 
     </span>
    </p>
   </div>
   <div class='ocr_carea' id='block_1_29' title="bbox 1877 1111 3577 1183">
    <p class='ocr_par' dir='ltr' id='par_1_29' title="bbox 1877 1111 3577 1183">
     <span class='ocr_line' id='line_1_29' title="bbox 1877 1111 3577 1183; baseline 0.002 -18"><span class='ocrx_word' id='word_1_127' title='bbox 1877 1112 2231 1182; x_wconf 80' lang='lat' dir='ltr'><strong>Augustinus</strong></span> <span class='ocrx_word' id='word_1_128' title='bbox 2260 1113 2330 1166; x_wconf 90' lang='lat' dir='ltr'><strong>ad</strong></span> <span class='ocrx_word' id='word_1_129' title='bbox 2358 1112 2765 1178; x_wconf 85' lang='lat' dir='ltr'><strong>Marcellinum,</strong></span> <span class='ocrx_word' id='word_1_130' title='bbox 2798 1111 2898 1183; x_wconf 89' lang='lat' dir='ltr'><strong>qui</strong></span> <span class='ocrx_word' id='word_1_131' title='bbox 2954 1118 3153 1183; x_wconf 90' lang='lat' dir='ltr'><strong>postea</strong></span> <span class='ocrx_word' id='word_1_132' title='bbox 3199 1113 3304 1168; x_wconf 90' lang='lat' dir='ltr'><strong>sub</strong></span> <span class='ocrx_word' id='word_1_133' title='bbox 3363 1114 3577 1169; x_wconf 86' lang='lat' dir='ltr'><strong>invidia</strong></span> 
     </span>
    </p>
   </div>
   <div class='ocr_carea' id='block_1_30' title="bbox 1877 1199 3578 1271">
    <p class='ocr_par' dir='ltr' id='par_1_30' title="bbox 1877 1199 3578 1271">
     <span class='ocr_line' id='line_1_30' title="bbox 1877 1199 3578 1271; baseline 0.002 -18"><span class='ocrx_word' id='word_1_134' title='bbox 1877 1199 2194 1271; x_wconf 84' lang='lat' dir='ltr'><strong>tyrannidis</strong></span> <span class='ocrx_word' id='word_1_135' title='bbox 2235 1200 2580 1254; x_wconf 70' lang='lat' dir='ltr'><strong>Heracliana:</strong></span> <span class='ocrx_word' id='word_1_136' title='bbox 2627 1200 2696 1254; x_wconf 90' lang='lat' dir='ltr'><strong>ab</strong></span> <span class='ocrx_word' id='word_1_137' title='bbox 2738 1200 3020 1254; x_wconf 68' lang='lat' dir='ltr'><strong>hazreticis</strong></span> <span class='ocrx_word' id='word_1_138' title='bbox 3067 1201 3343 1255; x_wconf 90' lang='lat' dir='ltr'><strong>innocens</strong></span> <span class='ocrx_word' id='word_1_139' title='bbox 3400 1219 3578 1257; x_wconf 63' lang='lat' dir='ltr'><strong>cassus</strong></span> 
     </span>
    </p>
   </div>
   <div class='ocr_carea' id='block_1_31' title="bbox 1880 1287 3581 1359">
    <p class='ocr_par' dir='ltr' id='par_1_31' title="bbox 1880 1287 3581 1359">
     <span class='ocr_line' id='line_1_31' title="bbox 1880 1287 3581 1359; baseline 0.004 -20"><span class='ocrx_word' id='word_1_140' title='bbox 1880 1291 1981 1351; x_wconf 91' lang='lat' dir='ltr'><strong>est,</strong></span> <span class='ocrx_word' id='word_1_141' title='bbox 2042 1287 2184 1341; x_wconf 90' lang='lat' dir='ltr'><strong>duos</strong></span> <span class='ocrx_word' id='word_1_142' title='bbox 2239 1288 2416 1342; x_wconf 90' lang='lat' dir='ltr'><strong>libros</strong></span> <span class='ocrx_word' id='word_1_143' title='bbox 2483 1290 2552 1342; x_wconf 90' lang='lat' dir='ltr'><strong>de</strong></span> <span class='ocrx_word' id='word_1_144' title='bbox 2609 1288 2924 1343; x_wconf 87' lang='lat' dir='ltr'><strong>infantibus</strong></span> <span class='ocrx_word' id='word_1_145' title='bbox 2971 1289 3326 1359; x_wconf 89' lang='lat' dir='ltr'><strong>baptizandis</strong></span> <span class='ocrx_word' id='word_1_146' title='bbox 3382 1297 3581 1346; x_wconf 88' lang='lat' dir='ltr'><strong>contra</strong></span> 
     </span>
    </p>
   </div>
   <div class='ocr_carea' id='block_1_32' title="bbox 2931 491 3363 531">
    <p class='ocr_par' dir='ltr' id='par_1_32' title="bbox 2931 491 3363 531">
     <span class='ocr_line' id='line_1_32' title="bbox 2931 491 3363 531; baseline 0.005 -2"><span class='ocrx_word' id='word_1_147' title='bbox 2931 493 2976 529; x_wconf 87' lang='lat' dir='ltr'><strong>S.</strong></span> <span class='ocrx_word' id='word_1_148' title='bbox 3008 491 3363 531; x_wconf 81' lang='lat' dir='ltr'><strong>AUGUSTINUS.</strong></span> 
     </span>
    </p>
   </div>
   <div class='ocr_carea' id='block_1_33' title="bbox 2836 563 3576 628">
    <p class='ocr_par' dir='ltr' id='par_1_33' title="bbox 2836 563 3576 628">
     <span class='ocr_line' id='line_1_33' title="bbox 2836 563 3576 628; baseline 0.004 -12"><span class='ocrx_word' id='word_1_149' title='bbox 2836 563 2972 628; x_wconf 75' lang='lat' dir='ltr'><strong>Quae</strong></span> <span class='ocrx_word' id='word_1_150' title='bbox 2998 568 3063 618; x_wconf 92' lang='lat' dir='ltr'><strong>tu</strong></span> <span class='ocrx_word' id='word_1_151' title='bbox 3106 565 3151 617; x_wconf 92' lang='lat' dir='ltr'><strong>si</strong></span> <span class='ocrx_word' id='word_1_152' title='bbox 3193 581 3307 620; x_wconf 92' lang='lat' dir='ltr'><strong>non</strong></span> <span class='ocrx_word' id='word_1_153' title='bbox 3350 564 3576 619; x_wconf 86' lang='lat' dir='ltr'><strong>didicis-</strong></span> 
     </span>
    </p>
   </div>
   <div class='ocr_carea' id='block_1_34' title="bbox 1877 1375 3578 1447">
    <p class='ocr_par' dir='ltr' id='par_1_34' title="bbox 1877 1375 3578 1447">
     <span class='ocr_line' id='line_1_34' title="bbox 1877 1375 3578 1447; baseline 0.002 -18"><span class='ocrx_word' id='word_1_154' title='bbox 1877 1375 2140 1429; x_wconf 75' lang='lat' dir='ltr'><strong>haeresim</strong></span> <span class='ocrx_word' id='word_1_155' title='bbox 2169 1381 2435 1444; x_wconf 85' lang='lat' dir='ltr'><strong>vestram,</strong></span> <span class='ocrx_word' id='word_1_156' title='bbox 2481 1381 2585 1430; x_wconf 89' lang='lat' dir='ltr'><strong>etc.</strong></span> <span class='ocrx_word' id='word_1_157' title='bbox 2633 1376 2785 1430; x_wconf 88' lang='lat' dir='ltr'><strong>Alios</strong></span> <span class='ocrx_word' id='word_1_158' title='bbox 2834 1393 3064 1447; x_wconf 91' lang='lat' dir='ltr'><strong>quoque</strong></span> <span class='ocrx_word' id='word_1_159' title='bbox 3121 1376 3440 1447; x_wconf 89' lang='lat' dir='ltr'><strong>specialiter</strong></span> <span class='ocrx_word' id='word_1_160' title='bbox 3477 1383 3578 1433; x_wconf 92' lang='lat' dir='ltr'><strong>tuo</strong></span> 
     </span>
    </p>
   </div>
   <div class='ocr_carea' id='block_1_35' title="bbox 1877 1463 3576 1535">
    <p class='ocr_par' dir='ltr' id='par_1_35' title="bbox 1877 1463 3576 1535">
     <span class='ocr_line' id='line_1_35' title="bbox 1877 1463 3576 1535; baseline 0.002 -18"><span class='ocrx_word' id='word_1_161' title='bbox 1877 1463 2101 1517; x_wconf 90' lang='lat' dir='ltr'><strong>nomini</strong></span> <span class='ocrx_word' id='word_1_162' title='bbox 2128 1465 2334 1519; x_wconf 87' lang='lat' dir='ltr'><strong>cudere</strong></span> <span class='ocrx_word' id='word_1_163' title='bbox 2367 1464 2593 1532; x_wconf 90' lang='lat' dir='ltr'><strong>dicitur,</strong></span> <span class='ocrx_word' id='word_1_164' title='bbox 2627 1465 2728 1535; x_wconf 92' lang='lat' dir='ltr'><strong>qui</strong></span> <span class='ocrx_word' id='word_1_165' title='bbox 2760 1465 3004 1519; x_wconf 89' lang='lat' dir='ltr'><strong>necdum</strong></span> <span class='ocrx_word' id='word_1_166' title='bbox 3031 1465 3090 1519; x_wconf 91' lang='lat' dir='ltr'><strong>in</strong></span> <span class='ocrx_word' id='word_1_167' title='bbox 3122 1470 3344 1519; x_wconf 87' lang='lat' dir='ltr'><strong>nostras</strong></span> <span class='ocrx_word' id='word_1_168' title='bbox 3373 1483 3576 1521; x_wconf 88' lang='lat' dir='ltr'><strong>venere</strong></span> 
     </span>
    </p>
   </div>
   <div class='ocr_carea' id='block_1_36' title="bbox 1876 1554 3577 1625">
    <p class='ocr_par' dir='ltr' id='par_1_36' title="bbox 1876 1554 3577 1625">
     <span class='ocr_line' id='line_1_36' title="bbox 1876 1554 3577 1625; baseline 0.002 -19"><span class='ocrx_word' id='word_1_169' title='bbox 1876 1568 2099 1620; x_wconf 90' lang='lat' dir='ltr'><strong>manus,</strong></span> <span class='ocrx_word' id='word_1_170' title='bbox 2133 1555 2283 1607; x_wconf 92' lang='lat' dir='ltr'><strong>undc</strong></span> <span class='ocrx_word' id='word_1_171' title='bbox 2312 1554 2795 1625; x_wconf 85' lang='lat' dir='ltr'><strong>supersedendum</strong></span> <span class='ocrx_word' id='word_1_172' title='bbox 2826 1554 2958 1607; x_wconf 89' lang='lat' dir='ltr'><strong>huic</strong></span> <span class='ocrx_word' id='word_1_173' title='bbox 3004 1554 3184 1608; x_wconf 89' lang='lat' dir='ltr'><strong>labori</strong></span> <span class='ocrx_word' id='word_1_174' title='bbox 3222 1571 3445 1621; x_wconf 88' lang='lat' dir='ltr'><strong>censeo,</strong></span> <span class='ocrx_word' id='word_1_175' title='bbox 3505 1572 3577 1610; x_wconf 91' lang='lat' dir='ltr'><strong>ne</strong></span> 
     </span>
    </p>
   </div>
   <div class='ocr_carea' id='block_1_37' title="bbox 1876 1641 3575 1713">
    <p class='ocr_par' dir='ltr' id='par_1_37' title="bbox 1876 1641 3575 1713">
     <span class='ocr_line' id='line_1_37' title="bbox 1876 1641 3575 1713; baseline 0.002 -18"><span class='ocrx_word' id='word_1_176' title='bbox 1876 1641 2097 1696; x_wconf 88' lang='lat' dir='ltr'><strong>dicatur</strong></span> <span class='ocrx_word' id='word_1_177' title='bbox 2123 1642 2267 1695; x_wconf 85' lang='lat' dir='ltr'><strong>mihi</strong></span> <span class='ocrx_word' id='word_1_178' title='bbox 2300 1642 2440 1696; x_wconf 91' lang='lat' dir='ltr'><strong>illud</strong></span> <span class='ocrx_word' id='word_1_179' title='bbox 2475 1642 2706 1708; x_wconf 85' lang='lat' dir='ltr'><strong>Horatii,</strong></span> <span class='ocrx_word' id='word_1_180' title='bbox 2742 1645 2803 1696; x_wconf 90' lang='lat' dir='ltr'><strong>In</strong></span> <span class='ocrx_word' id='word_1_181' title='bbox 2832 1645 3044 1713; x_wconf 78' lang='lat' dir='ltr'><strong>sylvam</strong></span> <span class='ocrx_word' id='word_1_182' title='bbox 3072 1660 3137 1697; x_wconf 91' lang='lat' dir='ltr'><strong>ne</strong></span> <span class='ocrx_word' id='word_1_183' title='bbox 3186 1644 3335 1711; x_wconf 84' lang='lat' dir='ltr'><strong>ligna</strong></span> <span class='ocrx_word' id='word_1_184' title='bbox 3386 1647 3575 1711; x_wconf 88' lang='lat' dir='ltr'><strong>feras;</strong></span> 
     </span>
    </p>
   </div>
   <div class='ocr_carea' id='block_1_38' title="bbox 53 1711 877 1779">
    <p class='ocr_par' dir='ltr' id='par_1_38' title="bbox 53 1711 877 1779">
     <span class='ocr_line' id='line_1_38' title="bbox 53 1711 877 1779; baseline 0 -14"><span class='ocrx_word' id='word_1_185' title='bbox 53 1726 183 1765; x_wconf 86' lang='lat' dir='ltr'><strong>cum</strong></span> <span class='ocrx_word' id='word_1_186' title='bbox 200 1711 390 1764; x_wconf 85' lang='lat' dir='ltr'><strong>divina</strong></span> <span class='ocrx_word' id='word_1_187' title='bbox 399 1711 877 1779; x_wconf 63' lang='lat' dir='ltr'><strong>praedestinatione</strong></span> 
     </span>
    </p>
   </div>
   <div class='ocr_carea' id='block_1_39' title="bbox 51 1782 877 1849">
    <p class='ocr_par' dir='ltr' id='par_1_39' title="bbox 51 1782 877 1849">
     <span class='ocr_line' id='line_1_39' title="bbox 51 1782 877 1849; baseline 0.001 -14"><span class='ocrx_word' id='word_1_188' title='bbox 51 1799 91 1835; x_wconf 83' lang='grc' dir='ltr'><em>α</em></span> <span class='ocrx_word' id='word_1_189' title='bbox 149 1784 372 1841; x_wconf 82' lang='lat' dir='ltr'><strong>nemine,</strong></span> <span class='ocrx_word' id='word_1_190' title='bbox 442 1798 597 1849; x_wconf 87' lang='lat' dir='ltr'><strong>quem</strong></span> <span class='ocrx_word' id='word_1_191' title='bbox 646 1782 877 1836; x_wconf 77' lang='lat' dir='ltr'><strong>viderim</strong></span> 
     </span>
    </p>
   </div>
   <div class='ocr_carea' id='block_1_40' title="bbox 52 1853 874 1922">
    <p class='ocr_par' dir='ltr' id='par_1_40' title="bbox 52 1853 874 1922">
     <span class='ocr_line' id='line_1_40' title="bbox 52 1853 874 1922; baseline 0.001 -16"><span class='ocrx_word' id='word_1_192' title='bbox 52 1854 337 1922; x_wconf 85' lang='lat' dir='ltr'><strong>hucusque</strong></span> <span class='ocrx_word' id='word_1_193' title='bbox 366 1853 595 1920; x_wconf 86' lang='lat' dir='ltr'><strong>tradita,</strong></span> <span class='ocrx_word' id='word_1_194' title='bbox 640 1853 755 1907; x_wconf 82' lang='lat' dir='ltr'><strong>ideo</strong></span> <span class='ocrx_word' id='word_1_195' title='bbox 784 1868 874 1907; x_wconf 90' lang='lat' dir='ltr'><strong>sa-</strong></span> 
     </span>
    </p>
   </div>
   <div class='ocr_carea' id='block_1_41' title="bbox 51 1923 876 1994">
    <p class='ocr_par' dir='ltr' id='par_1_41' title="bbox 51 1923 876 1994">
     <span class='ocr_line' id='line_1_41' title="bbox 51 1923 876 1994; baseline 0 -17"><span class='ocrx_word' id='word_1_196' title='bbox 51 1928 170 1977; x_wconf 86' lang='lat' dir='ltr'><strong>tius</strong></span> <span class='ocrx_word' id='word_1_197' title='bbox 198 1926 306 1978; x_wconf 73' lang='lat' dir='ltr'><strong>haec</strong></span> <span class='ocrx_word' id='word_1_198' title='bbox 336 1923 476 1978; x_wconf 68' lang='lat' dir='ltr'><strong>duxi</strong></span> <span class='ocrx_word' id='word_1_199' title='bbox 497 1925 665 1994; x_wconf 83' lang='lat' dir='ltr'><strong>paulo</strong></span> <span class='ocrx_word' id='word_1_200' title='bbox 693 1927 876 1991; x_wconf 81' lang='lat' dir='ltr'><strong>fusius</strong></span> 
     </span>
    </p>
   </div>
   <div class='ocr_carea' id='block_1_42' title="bbox 50 1997 356 2065">
    <p class='ocr_par' dir='ltr' id='par_1_42' title="bbox 50 1997 356 2065">
     <span class='ocr_line' id='line_1_42' title="bbox 50 1997 356 2065; baseline 0.003 -17"><span class='ocrx_word' id='word_1_201' title='bbox 50 1997 356 2065; x_wconf 71' lang='lat' dir='ltr'><strong>explicare.</strong></span> 
     </span>
    </p>
   </div>
   <div class='ocr_carea' id='block_1_43' title="bbox 950 1781 1767 1850">
    <p class='ocr_par' dir='ltr' id='par_1_43' title="bbox 950 1781 1767 1850">
     <span class='ocr_line' id='line_1_43' title="bbox 950 1781 1767 1850; baseline 0 -18"><span class='ocrx_word' id='word_1_202' title='bbox 950 1781 1088 1833; x_wconf 86' lang='lat' dir='ltr'><strong>Mira</strong></span> <span class='ocrx_word' id='word_1_203' title='bbox 1117 1784 1433 1850; x_wconf 87' lang='lat' dir='ltr'><strong>stupemus,</strong></span> <span class='ocrx_word' id='word_1_204' title='bbox 1481 1795 1628 1833; x_wconf 91' lang='lat' dir='ltr'><strong>nova</strong></span> <span class='ocrx_word' id='word_1_205' title='bbox 1680 1795 1767 1832; x_wconf 89' lang='lat' dir='ltr'><strong>ca-</strong></span> 
     </span>
    </p>
   </div>
   <div class='ocr_carea' id='block_1_44' title="bbox 950 1850 1763 1916">
    <p class='ocr_par' dir='ltr' id='par_1_44' title="bbox 950 1850 1763 1916">
     <span class='ocr_line' id='line_1_44' title="bbox 950 1850 1763 1916; baseline -0.002 -12"><span class='ocrx_word' id='word_1_206' title='bbox 950 1866 1168 1916; x_wconf 90' lang='lat' dir='ltr'><strong>vemus,</strong></span> <span class='ocrx_word' id='word_1_207' title='bbox 1254 1850 1396 1903; x_wconf 87' lang='lat' dir='ltr'><strong>falsa</strong></span> <span class='ocrx_word' id='word_1_208' title='bbox 1475 1850 1763 1903; x_wconf 86' lang='lat' dir='ltr'><strong>convinci-</strong></span> 
     </span>
    </p>
   </div>
   <div class='ocr_carea' id='block_1_45' title="bbox 952 1921 1767 1976">
    <p class='ocr_par' dir='ltr' id='par_1_45' title="bbox 952 1921 1767 1976">
     <span class='ocr_line' id='line_1_45' title="bbox 952 1921 1767 1976; baseline 0.001 -1"><span class='ocrx_word' id='word_1_209' title='bbox 952 1937 1100 1976; x_wconf 92' lang='lat' dir='ltr'><strong>mus.</strong></span> <span class='ocrx_word' id='word_1_210' title='bbox 1159 1921 1279 1975; x_wconf 87' lang='lat' dir='ltr'><strong>Lib.</strong></span> <span class='ocrx_word' id='word_1_211' title='bbox 1332 1938 1394 1974; x_wconf 81' lang='grc' dir='ltr'>ιιι</span> <span class='ocrx_word' id='word_1_212' title='bbox 1440 1925 1627 1976; x_wconf 86' lang='lat' dir='ltr'><strong>contra</strong></span> <span class='ocrx_word' id='word_1_213' title='bbox 1673 1922 1767 1976; x_wconf 86' lang='lat' dir='ltr'><strong>Ju-</strong></span> 
     </span>
    </p>
   </div>
   <div class='ocr_carea' id='block_1_46' title="bbox 954 1994 1341 2061">
    <p class='ocr_par' dir='ltr' id='par_1_46' title="bbox 954 1994 1341 2061">
     <span class='ocr_line' id='line_1_46' title="bbox 954 1994 1341 2061; baseline -0.003 -15"><span class='ocrx_word' id='word_1_214' title='bbox 954 1994 1085 2047; x_wconf 88' lang='lat' dir='ltr'><strong>lian.</strong></span> <span class='ocrx_word' id='word_1_215' title='bbox 1099 2036 1112 2060; x_wconf 91' lang='lat'><strong>,</strong></span> <span class='ocrx_word' id='word_1_216' title='bbox 1132 2008 1251 2061; x_wconf 88' lang='lat' dir='ltr'><strong>cap.</strong></span> <span class='ocrx_word' id='word_1_217' title='bbox 1289 1994 1341 2046; x_wconf 90' lang='lat'><strong>3.</strong></span> 
     </span>
    </p>
   </div>
   <div class='ocr_carea' id='block_1_47' title="bbox 657 2080 1186 2137">
    <p class='ocr_par' dir='ltr' id='par_1_47' title="bbox 657 2080 1186 2137">
     <span class='ocr_line' id='line_1_47' title="bbox 657 2080 1186 2137; baseline -0.006 0"><span class='ocrx_word' id='word_1_218' title='bbox 657 2082 711 2137; x_wconf 92' lang='lat' dir='ltr'><strong>S.</strong></span> <span class='ocrx_word' id='word_1_219' title='bbox 748 2080 1186 2137; x_wconf 82' lang='lat' dir='ltr'><strong>BERNARDUS.</strong></span> 
     </span>
    </p>
   </div>
   <div class='ocr_carea' id='block_1_48' title="bbox 136 2170 1767 2227">
    <p class='ocr_par' dir='ltr' id='par_1_48' title="bbox 136 2170 1767 2227">
     <span class='ocr_line' id='line_1_48' title="bbox 136 2170 1767 2227; baseline -0.002 0"><span class='ocrx_word' id='word_1_220' title='bbox 136 2172 308 2227; x_wconf 85' lang='lat' dir='ltr'><strong>Miror</strong></span> <span class='ocrx_word' id='word_1_221' title='bbox 332 2171 639 2226; x_wconf 90' lang='lat' dir='ltr'><strong>admodum</strong></span> <span class='ocrx_word' id='word_1_222' title='bbox 695 2170 741 2224; x_wconf 91' lang='lat' dir='ltr'><strong>si</strong></span> <span class='ocrx_word' id='word_1_223' title='bbox 793 2187 975 2224; x_wconf 89' lang='lat' dir='ltr'><strong>novus</strong></span> <span class='ocrx_word' id='word_1_224' title='bbox 1035 2170 1141 2223; x_wconf 89' lang='lat' dir='ltr'><strong>iste</strong></span> <span class='ocrx_word' id='word_1_225' title='bbox 1183 2185 1462 2223; x_wconf 89' lang='lat' dir='ltr'><strong>novarum</strong></span> <span class='ocrx_word' id='word_1_226' title='bbox 1502 2170 1767 2224; x_wconf 84' lang='lat' dir='ltr'><strong>inventor</strong></span> 
     </span>
    </p>
   </div>
   <div class='ocr_carea' id='block_1_49' title="bbox 52 2259 1767 2315">
    <p class='ocr_par' dir='ltr' id='par_1_49' title="bbox 52 2259 1767 2315">
     <span class='ocr_line' id='line_1_49' title="bbox 52 2259 1767 2315; baseline -0.001 0"><span class='ocrx_word' id='word_1_227' title='bbox 52 2263 446 2315; x_wconf 87' lang='lat' dir='ltr'><strong>assertionum</strong></span> <span class='ocrx_word' id='word_1_228' title='bbox 476 2265 531 2313; x_wconf 90' lang='lat' dir='ltr'><strong>et</strong></span> <span class='ocrx_word' id='word_1_229' title='bbox 560 2266 809 2313; x_wconf 89' lang='lat' dir='ltr'><strong>assertor</strong></span> <span class='ocrx_word' id='word_1_230' title='bbox 837 2259 1233 2314; x_wconf 89' lang='lat' dir='ltr'><strong>inventionum</strong></span> <span class='ocrx_word' id='word_1_231' title='bbox 1274 2259 1530 2313; x_wconf 90' lang='lat' dir='ltr'><strong>invenire</strong></span> <span class='ocrx_word' id='word_1_232' title='bbox 1561 2259 1619 2312; x_wconf 92' lang='lat' dir='ltr'><strong>in</strong></span> <span class='ocrx_word' id='word_1_233' title='bbox 1658 2260 1767 2313; x_wconf 92' lang='lat' dir='ltr'><strong>hoc</strong></span> 
     </span>
    </p>
   </div>
   <div class='ocr_carea' id='block_1_50' title="bbox 52 2348 1763 2420">
    <p class='ocr_par' dir='ltr' id='par_1_50' title="bbox 52 2348 1763 2420">
     <span class='ocr_line' id='line_1_50' title="bbox 52 2348 1763 2420; baseline 0 -17"><span class='ocrx_word' id='word_1_234' title='bbox 52 2350 345 2403; x_wconf 89' lang='lat' dir='ltr'><strong>rationem</strong></span> <span class='ocrx_word' id='word_1_235' title='bbox 379 2350 647 2420; x_wconf 90' lang='lat' dir='ltr'><strong>potuerit,</strong></span> <span class='ocrx_word' id='word_1_236' title='bbox 678 2365 806 2420; x_wconf 67' lang='lat' dir='ltr'><strong>quas</strong></span> <span class='ocrx_word' id='word_1_237' title='bbox 838 2353 1060 2402; x_wconf 88' lang='lat' dir='ltr'><strong>sanctos</strong></span> <span class='ocrx_word' id='word_1_238' title='bbox 1097 2350 1287 2402; x_wconf 89' lang='lat' dir='ltr'><strong>Patres</strong></span> <span class='ocrx_word' id='word_1_239' title='bbox 1323 2348 1577 2418; x_wconf 87' lang='lat' dir='ltr'><strong>latuerit,</strong></span> <span class='ocrx_word' id='word_1_240' title='bbox 1628 2350 1763 2403; x_wconf 85' lang='lat' dir='ltr'><strong>Am-</strong></span> 
     </span>
    </p>
   </div>
   <div class='ocr_carea' id='block_1_51' title="bbox 52 2437 1549 2510">
    <p class='ocr_par' dir='ltr' id='par_1_51' title="bbox 52 2437 1549 2510">
     <span class='ocr_line' id='line_1_51' title="bbox 52 2437 1549 2510; baseline -0.001 -17"><span class='ocrx_word' id='word_1_241' title='bbox 52 2438 321 2493; x_wconf 87' lang='lat' dir='ltr'><strong>brosium</strong></span> <span class='ocrx_word' id='word_1_242' title='bbox 340 2444 396 2493; x_wconf 90' lang='lat' dir='ltr'><strong>et</strong></span> <span class='ocrx_word' id='word_1_243' title='bbox 422 2437 828 2510; x_wconf 83' lang='lat' dir='ltr'><strong>Augustinum.</strong></span> <span class='ocrx_word' id='word_1_244' title='bbox 859 2439 1037 2507; x_wconf 91' lang='lat' dir='ltr'><strong>Epist.</strong></span> <span class='ocrx_word' id='word_1_245' title='bbox 1064 2441 1132 2491; x_wconf 86' lang='lat'><strong>’77</strong></span> <span class='ocrx_word' id='word_1_246' title='bbox 1160 2438 1234 2492; x_wconf 89' lang='lat' dir='ltr'><strong>ad</strong></span> <span class='ocrx_word' id='word_1_247' title='bbox 1254 2439 1549 2504; x_wconf 85' lang='lat' dir='ltr'><strong>Hugonem.</strong></span> 
     </span>
    </p>
   </div>
   <div class='ocr_carea' id='block_1_52' title="bbox 885 2526 1549 2651">
    <p class='ocr_par' dir='ltr' id='par_1_52' title="bbox 1104 2612 1549 2651">
     <span class='ocr_line' id='line_1_52' title="bbox 1104 2612 1549 2651; baseline -0.007 0"><span class='ocrx_word' id='word_1_248' title='bbox 1104 2614 1130 2650; x_wconf 87' lang='lat' dir='ltr'><strong>S</strong></span> <span class='ocrx_word' id='word_1_249' title='bbox 1143 2638 1156 2651; x_wconf 88' lang='lat'><strong>.</strong></span> <span class='ocrx_word' id='word_1_250' title='bbox 1195 2612 1549 2651; x_wconf 83' lang='lat' dir='ltr'><strong>AUGUSTINUS.</strong></span> 
     </span>
    </p>
   </div>
   <div class='ocr_carea' id='block_1_53' title="bbox 1024 2683 1764 2757">
    <p class='ocr_par' dir='ltr' id='par_1_53' title="bbox 1024 2683 1764 2757">
     <span class='ocr_line' id='line_1_53' title="bbox 1024 2683 1764 2757; baseline -0.004 -16"><span class='ocrx_word' id='word_1_251' title='bbox 1024 2686 1067 2741; x_wconf 95' lang='grc' dir='ltr'><strong>Ο</strong></span> <span class='ocrx_word' id='word_1_252' title='bbox 1098 2686 1236 2757; x_wconf 88' lang='lat' dir='ltr'><strong>quid</strong></span> <span class='ocrx_word' id='word_1_253' title='bbox 1272 2685 1539 2757; x_wconf 81' lang='lat' dir='ltr'><strong>perdidit,</strong></span> <span class='ocrx_word' id='word_1_254' title='bbox 1580 2683 1679 2754; x_wconf 89' lang='lat' dir='ltr'><strong>qui</strong></span> <span class='ocrx_word' id='word_1_255' title='bbox 1709 2687 1764 2738; x_wconf 93' lang='lat' dir='ltr'><strong>te</strong></span> 
     </span>
    </p>
   </div>
   <div class='ocr_carea' id='block_1_54' title="bbox 952 2754 1764 2826">
    <p class='ocr_par' dir='ltr' id='par_1_54' title="bbox 952 2754 1764 2826">
     <span class='ocr_line' id='line_1_54' title="bbox 952 2754 1764 2826; baseline -0.004 -15"><span class='ocrx_word' id='word_1_256' title='bbox 952 2754 1148 2811; x_wconf 77' lang='lat' dir='ltr'><strong>audire</strong></span> <span class='ocrx_word' id='word_1_257' title='bbox 1180 2754 1299 2809; x_wconf 90' lang='lat' dir='ltr'><strong>non</strong></span> <span class='ocrx_word' id='word_1_258' title='bbox 1324 2754 1514 2826; x_wconf 91' lang='lat' dir='ltr'><strong>potuit</strong></span> <span class='ocrx_word' id='word_1_259' title='bbox 1540 2756 1690 2809; x_wconf 86' lang='lat' dir='ltr'><strong>!Lib.</strong></span> <span class='ocrx_word' id='word_1_260' title='bbox 1710 2772 1764 2808; x_wconf 88' lang='lat' dir='ltr'><strong>1v</strong></span> 
     </span>
    </p>
   </div>
   <div class='ocr_carea' id='block_1_55' title="bbox 952 2827 1753 2896">
    <p class='ocr_par' dir='ltr' id='par_1_55' title="bbox 952 2827 1753 2896">
     <span class='ocr_line' id='line_1_55' title="bbox 952 2827 1753 2896; baseline 0 -15"><span class='ocrx_word' id='word_1_261' title='bbox 952 2834 1141 2883; x_wconf 84' lang='lat' dir='ltr'><strong>contra</strong></span> <span class='ocrx_word' id='word_1_262' title='bbox 1168 2829 1300 2894; x_wconf 87' lang='lat' dir='ltr'><strong>Jul.,</strong></span> <span class='ocrx_word' id='word_1_263' title='bbox 1335 2827 1493 2896; x_wconf 84' lang='lat' dir='ltr'><strong>Oper.</strong></span> <span class='ocrx_word' id='word_1_264' title='bbox 1526 2828 1753 2894; x_wconf 86' lang='lat' dir='ltr'><strong>imperf.</strong></span> 
     </span>
    </p>
   </div>
   <div class='ocr_carea' id='block_1_56' title="bbox 951 2902 1228 2969">
    <p class='ocr_par' dir='ltr' id='par_1_56' title="bbox 951 2902 1228 2969">
     <span class='ocr_line' id='line_1_56' title="bbox 951 2902 1228 2969; baseline 0 -16"><span class='ocrx_word' id='word_1_265' title='bbox 951 2915 1071 2969; x_wconf 88' lang='lat' dir='ltr'><strong>cap.</strong></span> <span class='ocrx_word' id='word_1_266' title='bbox 1114 2902 1228 2953; x_wconf 82' lang='grc'><strong>119.</strong></span> 
     </span>
    </p>
   </div>
   <div class='ocr_carea' id='block_1_57' title="bbox 350 2613 636 2663">
    <p class='ocr_par' dir='ltr' id='par_1_57' title="bbox 350 2613 636 2663">
     <span class='ocr_line' id='line_1_57' title="bbox 350 2613 636 2663; baseline 0.003 -12"><span class='ocrx_word' id='word_1_267' title='bbox 350 2613 636 2663; x_wconf 64' lang='lat' dir='ltr'><strong>causoass,</strong></span> 
     </span>
    </p>
   </div>
   <div class='ocr_carea' id='block_1_58' title="bbox 138 2687 879 2756">
    <p class='ocr_par' dir='ltr' id='par_1_58' title="bbox 138 2687 879 2756">
     <span class='ocr_line' id='line_1_58' title="bbox 138 2687 879 2756; baseline -0.005 -13"><span class='ocrx_word' id='word_1_268' title='bbox 138 2688 316 2756; x_wconf 88' lang='lat' dir='ltr'><strong>Neque</strong></span> <span class='ocrx_word' id='word_1_269' title='bbox 342 2703 464 2740; x_wconf 83' lang='lat' dir='ltr'><strong>vero</strong></span> <span class='ocrx_word' id='word_1_270' title='bbox 502 2687 688 2741; x_wconf 83' lang='lat' dir='ltr'><strong>dubito</strong></span> <span class='ocrx_word' id='word_1_271' title='bbox 746 2689 879 2755; x_wconf 88' lang='lat' dir='ltr'><strong>quin</strong></span> 
     </span>
    </p>
   </div>
   <div class='ocr_carea' id='block_1_59' title="bbox 55 2758 879 2827">
    <p class='ocr_par' dir='ltr' id='par_1_59' title="bbox 55 2758 879 2827">
     <span class='ocr_line' id='line_1_59' title="bbox 55 2758 879 2827; baseline 0 -16"><span class='ocrx_word' id='word_1_272' title='bbox 55 2758 135 2811; x_wconf 88' lang='lat' dir='ltr'><strong>ab</strong></span> <span class='ocrx_word' id='word_1_273' title='bbox 192 2762 499 2827; x_wconf 83' lang='lat' dir='ltr'><strong>Augustino</strong></span> <span class='ocrx_word' id='word_1_274' title='bbox 569 2763 618 2811; x_wconf 88' lang='lat' dir='ltr'><strong>et</strong></span> <span class='ocrx_word' id='word_1_275' title='bbox 674 2761 879 2811; x_wconf 77' lang='lat' dir='ltr'><strong>caeteris</strong></span> 
     </span>
    </p>
   </div>
   <div class='ocr_carea' id='block_1_60' title="bbox 53 2831 879 2883">
    <p class='ocr_par' dir='ltr' id='par_1_60' title="bbox 53 2831 879 2883">
     <span class='ocr_line' id='line_1_60' title="bbox 53 2831 879 2883; baseline -0.001 0"><span class='ocrx_word' id='word_1_276' title='bbox 53 2831 319 2883; x_wconf 83' lang='lat' dir='ltr'><strong>Patribus</strong></span> <span class='ocrx_word' id='word_1_277' title='bbox 348 2831 598 2883; x_wconf 80' lang='lat' dir='ltr'><strong>unanimi</strong></span> <span class='ocrx_word' id='word_1_278' title='bbox 625 2844 879 2883; x_wconf 87' lang='lat' dir='ltr'><strong>consensu</strong></span> 
     </span>
    </p>
   </div>
   <div class='ocr_carea' id='block_1_61' title="bbox 53 2902 876 2969">
    <p class='ocr_par' dir='ltr' id='par_1_61' title="bbox 53 2902 876 2969">
     <span class='ocr_line' id='line_1_61' title="bbox 53 2902 876 2969; baseline -0.001 -15"><span class='ocrx_word' id='word_1_279' title='bbox 53 2902 410 2969; x_wconf 81' lang='lat' dir='ltr'><strong>comprobata</strong></span> <span class='ocrx_word' id='word_1_280' title='bbox 491 2902 686 2966; x_wconf 81' lang='lat' dir='ltr'><strong>fuisset</strong></span> <span class='ocrx_word' id='word_1_281' title='bbox 770 2902 876 2954; x_wconf 66' lang='lat' dir='ltr'><strong>haec</strong></span> 
     </span>
    </p>
   </div>
   <div class='ocr_carea' id='block_1_62' title="bbox 950 1708 3577 1802">
    <p class='ocr_par' dir='ltr' id='par_1_62' title="bbox 950 1708 3577 1802">
     <span class='ocr_line' id='line_1_62' title="bbox 950 1708 3577 1802; baseline 0.001 -18"><span class='ocrx_word' id='word_1_282' title='bbox 950 1709 1093 1802; x_wconf 43' lang='lat' dir='ltr'><strong>Si]?</strong></span> <span class='ocrx_word' id='word_1_283' title='bbox 1119 1708 1837 1802; x_wconf 47' lang='lat' dir='ltr'><strong>_§_9PEMQ9&amp;__§{°1tff-&#39;B</strong></span> <span class='ocrx_word' id='word_1_284' title='bbox 1875 1734 1974 1783; x_wconf 92' lang='lat' dir='ltr'><strong>aut</strong></span> <span class='ocrx_word' id='word_1_285' title='bbox 2006 1731 2159 1785; x_wconf 90' lang='lat' dir='ltr'><strong>enim</strong></span> <span class='ocrx_word' id='word_1_286' title='bbox 2202 1731 2399 1785; x_wconf 91' lang='lat' dir='ltr'><strong>eadem</strong></span> <span class='ocrx_word' id='word_1_287' title='bbox 2435 1731 2753 1785; x_wconf 90' lang='lat' dir='ltr'><strong>diceremus</strong></span> <span class='ocrx_word' id='word_1_288' title='bbox 2785 1748 2851 1785; x_wconf 87' lang='lat' dir='ltr'><strong>ex</strong></span> <span class='ocrx_word' id='word_1_289' title='bbox 2880 1731 3193 1802; x_wconf 87' lang='lat' dir='ltr'><strong>superﬂuo,</strong></span> <span class='ocrx_word' id='word_1_290' title='bbox 3227 1737 3325 1786; x_wconf 91' lang='lat' dir='ltr'><strong>aut</strong></span> <span class='ocrx_word' id='word_1_291' title='bbox 3353 1732 3399 1785; x_wconf 90' lang='lat' dir='ltr'><strong>si</strong></span> <span class='ocrx_word' id='word_1_292' title='bbox 3430 1749 3577 1787; x_wconf 87' lang='lat' dir='ltr'><strong>nova</strong></span> 
     </span>
    </p>
   </div>
   <div class='ocr_carea' id='block_1_63' title="bbox 1872 1818 3576 1891">
    <p class='ocr_par' dir='ltr' id='par_1_63' title="bbox 1872 1818 3576 1891">
     <span class='ocr_line' id='line_1_63' title="bbox 1872 1818 3576 1891; baseline 0.002 -20"><span class='ocrx_word' id='word_1_293' title='bbox 1872 1818 2222 1873; x_wconf 91' lang='lat' dir='ltr'><strong>voluerimus</strong></span> <span class='ocrx_word' id='word_1_294' title='bbox 2277 1819 2484 1885; x_wconf 89' lang='lat' dir='ltr'><strong>dicere,</strong></span> <span class='ocrx_word' id='word_1_295' title='bbox 2546 1836 2579 1872; x_wconf 90' lang='lat' dir='ltr'><strong>a</strong></span> <span class='ocrx_word' id='word_1_296' title='bbox 2632 1820 2945 1873; x_wconf 89' lang='lat' dir='ltr'><strong>clarissimo</strong></span> <span class='ocrx_word' id='word_1_297' title='bbox 2997 1820 3232 1891; x_wconf 91' lang='lat' dir='ltr'><strong>ingenio</strong></span> <span class='ocrx_word' id='word_1_298' title='bbox 3300 1827 3576 1891; x_wconf 88' lang='lat' dir='ltr'><strong>occupata.</strong></span> 
     </span>
    </p>
   </div>
   <div class='ocr_carea' id='block_1_64' title="bbox 1874 1906 3574 1976">
    <p class='ocr_par' dir='ltr' id='par_1_64' title="bbox 1874 1906 3574 1976">
     <span class='ocr_line' id='line_1_64' title="bbox 1874 1906 3574 1976; baseline 0.001 -15"><span class='ocrx_word' id='word_1_299' title='bbox 1874 1911 2006 1962; x_wconf 90' lang='lat' dir='ltr'><strong>sunt</strong></span> <span class='ocrx_word' id='word_1_300' title='bbox 2051 1907 2310 1963; x_wconf 89' lang='lat' dir='ltr'><strong>meliora.</strong></span> <span class='ocrx_word' id='word_1_301' title='bbox 2369 1909 2433 1962; x_wconf 89' lang='lat' dir='ltr'><strong>In</strong></span> <span class='ocrx_word' id='word_1_302' title='bbox 2486 1910 2591 1976; x_wconf 83' lang='lat' dir='ltr'><strong>ﬁne</strong></span> <span class='ocrx_word' id='word_1_303' title='bbox 2634 1906 2758 1962; x_wconf 86' lang='lat' dir='ltr'><strong>Lib.</strong></span> <span class='ocrx_word' id='word_1_304' title='bbox 2806 1925 2866 1962; x_wconf 78' lang='grc' dir='ltr'>ιιι</span> <span class='ocrx_word' id='word_1_305' title='bbox 2901 1910 3114 1976; x_wconf 90' lang='lat' dir='ltr'><strong>Dialog.</strong></span> <span class='ocrx_word' id='word_1_306' title='bbox 3178 1913 3366 1963; x_wconf 85' lang='lat' dir='ltr'><strong>contra</strong></span> <span class='ocrx_word' id='word_1_307' title='bbox 3411 1910 3574 1964; x_wconf 87' lang='lat' dir='ltr'><strong>Pela—</strong></span> 
     </span>
    </p>
   </div>
   <div class='ocr_carea' id='block_1_65' title="bbox 1872 1998 2081 2064">
    <p class='ocr_par' dir='ltr' id='par_1_65' title="bbox 1872 1998 2081 2064">
     <span class='ocr_line' id='line_1_65' title="bbox 1872 1998 2081 2064; baseline 0.01 -15"><span class='ocrx_word' id='word_1_308' title='bbox 1872 1998 2081 2064; x_wconf 87' lang='lat' dir='ltr'><strong>gianos.</strong></span> 
     </span>
    </p>
   </div>
   <div class='ocr_carea' id='block_1_66' title="bbox 2156 2152 2444 2191">
    <p class='ocr_par' dir='ltr' id='par_1_66' title="bbox 2156 2152 2444 2191">
     <span class='ocr_line' id='line_1_66' title="bbox 2156 2152 2444 2191; baseline 0.003 -1"><span class='ocrx_word' id='word_1_309' title='bbox 2156 2152 2444 2191; x_wconf 77' lang='lat' dir='ltr'><strong>CENSORES.</strong></span> 
     </span>
    </p>
   </div>
   <div class='ocr_carea' id='block_1_67' title="bbox 1942 2227 2687 2294">
    <p class='ocr_par' dir='ltr' id='par_1_67' title="bbox 1942 2227 2687 2294">
     <span class='ocr_line' id='line_1_67' title="bbox 1942 2227 2687 2294; baseline -0.001 -14"><span class='ocrx_word' id='word_1_310' title='bbox 1942 2227 2122 2294; x_wconf 89' lang='lat' dir='ltr'><strong>Neque</strong></span> <span class='ocrx_word' id='word_1_311' title='bbox 2228 2242 2296 2280; x_wconf 80' lang='lat' dir='ltr'><strong>ea:</strong></span> <span class='ocrx_word' id='word_1_312' title='bbox 2386 2228 2687 2293; x_wconf 84' lang='lat' dir='ltr'><strong>Augustini</strong></span> 
     </span>
    </p>
   </div>
   <div class='ocr_carea' id='block_1_68' title="bbox 1871 2296 2685 2367">
    <p class='ocr_par' dir='ltr' id='par_1_68' title="bbox 1871 2296 2685 2367">
     <span class='ocr_line' id='line_1_68' title="bbox 1871 2296 2685 2367; baseline 0.001 -17"><span class='ocrx_word' id='word_1_313' title='bbox 1871 2301 2119 2366; x_wconf 88' lang='lat' dir='ltr'><strong>opinione</strong></span> <span class='ocrx_word' id='word_1_314' title='bbox 2163 2301 2237 2350; x_wconf 86' lang='lat' dir='ltr'><strong>tot</strong></span> <span class='ocrx_word' id='word_1_315' title='bbox 2292 2296 2475 2367; x_wconf 79' lang='lat' dir='ltr'><strong>ﬁdeles</strong></span> <span class='ocrx_word' id='word_1_316' title='bbox 2533 2301 2685 2362; x_wconf 88' lang='lat' dir='ltr'><strong>fuis—</strong></span> 
     </span>
    </p>
   </div>
   <div class='ocr_carea' id='block_1_69' title="bbox 1870 2368 2686 2435">
    <p class='ocr_par' dir='ltr' id='par_1_69' title="bbox 1870 2368 2686 2435">
     <span class='ocr_line' id='line_1_69' title="bbox 1870 2368 2686 2435; baseline 0 -14"><span class='ocrx_word' id='word_1_317' title='bbox 1870 2374 1987 2422; x_wconf 86' lang='lat' dir='ltr'><strong>sent</strong></span> <span class='ocrx_word' id='word_1_318' title='bbox 2033 2368 2261 2435; x_wconf 88' lang='lat' dir='ltr'><strong>turbati,</strong></span> <span class='ocrx_word' id='word_1_319' title='bbox 2320 2368 2393 2422; x_wconf 85' lang='lat' dir='ltr'><strong>ad</strong></span> <span class='ocrx_word' id='word_1_320' title='bbox 2439 2370 2686 2435; x_wconf 87' lang='lat' dir='ltr'><strong>Pelagia-</strong></span> 
     </span>
    </p>
   </div>
   <div class='ocr_carea' id='block_1_70' title="bbox 1869 2439 2689 2507">
    <p class='ocr_par' dir='ltr' id='par_1_70' title="bbox 1869 2439 2689 2507">
     <span class='ocr_line' id='line_1_70' title="bbox 1869 2439 2689 2507; baseline 0.002 -16"><span class='ocrx_word' id='word_1_321' title='bbox 1869 2454 2072 2507; x_wconf 86' lang='lat' dir='ltr'><strong>nosque</strong></span> <span class='ocrx_word' id='word_1_322' title='bbox 2116 2439 2451 2506; x_wconf 85' lang='lat' dir='ltr'><strong>defecissent,</strong></span> <span class='ocrx_word' id='word_1_323' title='bbox 2502 2442 2689 2504; x_wconf 87' lang='lat' dir='ltr'><strong>facile-</strong></span> 
     </span>
    </p>
   </div>
   <div class='ocr_carea' id='block_1_71' title="bbox 1872 2510 2687 2578">
    <p class='ocr_par' dir='ltr' id='par_1_71' title="bbox 1872 2510 2687 2578">
     <span class='ocr_line' id='line_1_71' title="bbox 1872 2510 2687 2578; baseline 0 -15"><span class='ocrx_word' id='word_1_324' title='bbox 1872 2525 1974 2577; x_wconf 89' lang='lat' dir='ltr'><strong>que</strong></span> <span class='ocrx_word' id='word_1_325' title='bbox 2000 2510 2245 2578; x_wconf 79' lang='lat' dir='ltr'><strong>reliquiae</strong></span> <span class='ocrx_word' id='word_1_326' title='bbox 2269 2511 2376 2563; x_wconf 76' lang='lat' dir='ltr'><strong>illa:</strong></span> <span class='ocrx_word' id='word_1_327' title='bbox 2431 2512 2687 2577; x_wconf 81' lang='lat' dir='ltr'><strong>Pelagia-</strong></span> 
     </span>
    </p>
   </div>
   <div class='ocr_carea' id='block_1_72' title="bbox 1869 2581 2686 2648">
    <p class='ocr_par' dir='ltr' id='par_1_72' title="bbox 1869 2581 2686 2648">
     <span class='ocr_line' id='line_1_72' title="bbox 1869 2581 2686 2648; baseline 0 -15"><span class='ocrx_word' id='word_1_328' title='bbox 1869 2596 2063 2634; x_wconf 87' lang='lat' dir='ltr'><strong>norum</strong></span> <span class='ocrx_word' id='word_1_329' title='bbox 2109 2584 2166 2633; x_wconf 87' lang='lat' dir='ltr'><strong>in</strong></span> <span class='ocrx_word' id='word_1_330' title='bbox 2201 2581 2402 2646; x_wconf 87' lang='lat' dir='ltr'><strong>Gallia,</strong></span> <span class='ocrx_word' id='word_1_331' title='bbox 2454 2596 2686 2648; x_wconf 91' lang='lat' dir='ltr'><strong>quarum</strong></span> 
     </span>
    </p>
   </div>
   <div class='ocr_carea' id='block_1_73' title="bbox 1871 2654 2686 2720">
    <p class='ocr_par' dir='ltr' id='par_1_73' title="bbox 1871 2654 2686 2720">
     <span class='ocr_line' id='line_1_73' title="bbox 1871 2654 2686 2720; baseline -0.001 -16"><span class='ocrx_word' id='word_1_332' title='bbox 1871 2654 1929 2704; x_wconf 86' lang='lat' dir='ltr'><strong>in</strong></span> <span class='ocrx_word' id='word_1_333' title='bbox 1999 2654 2237 2720; x_wconf 86' lang='lat' dir='ltr'><strong>epistolis</strong></span> <span class='ocrx_word' id='word_1_334' title='bbox 2311 2654 2565 2720; x_wconf 80' lang='lat' dir='ltr'><strong>PrOSperi</strong></span> <span class='ocrx_word' id='word_1_335' title='bbox 2637 2657 2686 2703; x_wconf 85' lang='lat' dir='ltr'><strong>et</strong></span> 
     </span>
    </p>
   </div>
   <div class='ocr_carea' id='block_1_74' title="bbox 1870 2723 2685 2790">
    <p class='ocr_par' dir='ltr' id='par_1_74' title="bbox 1870 2723 2685 2790">
     <span class='ocr_line' id='line_1_74' title="bbox 1870 2723 2685 2790; baseline -0.001 -14"><span class='ocrx_word' id='word_1_336' title='bbox 1870 2723 2075 2776; x_wconf 85' lang='lat' dir='ltr'><strong>Hilarii</strong></span> <span class='ocrx_word' id='word_1_337' title='bbox 2101 2726 2164 2790; x_wconf 81' lang='lat' dir='ltr'><strong>ﬁt</strong></span> <span class='ocrx_word' id='word_1_338' title='bbox 2201 2725 2414 2785; x_wconf 86' lang='lat' dir='ltr'><strong>mentio,</strong></span> <span class='ocrx_word' id='word_1_339' title='bbox 2452 2724 2685 2787; x_wconf 83' lang='lat' dir='ltr'><strong>fuissent</strong></span> 
     </span>
    </p>
   </div>
   <div class='ocr_carea' id='block_1_75' title="bbox 1869 2795 2681 2855">
    <p class='ocr_par' dir='ltr' id='par_1_75' title="bbox 1869 2795 2681 2855">
     <span class='ocr_line' id='line_1_75' title="bbox 1869 2795 2681 2855; baseline -0.001 -9"><span class='ocrx_word' id='word_1_340' title='bbox 1869 2797 2166 2855; x_wconf 64' lang='lat' dir='ltr'><strong>erstinctw,</strong></span> <span class='ocrx_word' id='word_1_341' title='bbox 2267 2795 2681 2846; x_wconf 84' lang='lat' dir='ltr'><strong>concertationes</strong></span> 
     </span>
    </p>
   </div>
   <div class='ocr_carea' id='block_1_76' title="bbox 1869 2864 2681 2932">
    <p class='ocr_par' dir='ltr' id='par_1_76' title="bbox 1869 2864 2681 2932">
     <span class='ocr_line' id='line_1_76' title="bbox 1869 2864 2681 2932; baseline -0.002 -15"><span class='ocrx_word' id='word_1_342' title='bbox 1869 2864 2099 2932; x_wconf 87' lang='lat' dir='ltr'><strong>denique</strong></span> <span class='ocrx_word' id='word_1_343' title='bbox 2184 2866 2327 2916; x_wconf 88' lang='lat' dir='ltr'><strong>inter</strong></span> <span class='ocrx_word' id='word_1_344' title='bbox 2399 2864 2681 2917; x_wconf 88' lang='lat' dir='ltr'><strong>catholicos</strong></span> 
     </span>
    </p>
   </div>
   <div class='ocr_carea' id='block_1_77' title="bbox 1868 2936 2679 3003">
    <p class='ocr_par' dir='ltr' id='par_1_77' title="bbox 1868 2936 2679 3003">
     <span class='ocr_line' id='line_1_77' title="bbox 1868 2936 2679 3003; baseline -0.001 -15"><span class='ocrx_word' id='word_1_345' title='bbox 1868 2937 2033 2999; x_wconf 85' lang='lat' dir='ltr'><strong>facile</strong></span> <span class='ocrx_word' id='word_1_346' title='bbox 2074 2936 2309 3001; x_wconf 85' lang='lat' dir='ltr'><strong>fuissent</strong></span> <span class='ocrx_word' id='word_1_347' title='bbox 2361 2936 2679 3003; x_wconf 73' lang='lat' dir='ltr'><strong>compositae.</strong></span> 
     </span>
    </p>
   </div>
   <div class='ocr_carea' id='block_1_78' title="bbox 2728 2068 2791 2121">
    <p class='ocr_par' dir='ltr' id='par_1_78' title="bbox 2728 2068 2791 2121">
     <span class='ocr_line' id='line_1_78' title="bbox 2728 2068 2791 2121; baseline -0.016 0"><span class='ocrx_word' id='word_1_348' title='bbox 2728 2068 2791 2121; x_wconf 83' lang='lat' dir='ltr'><strong>V.</strong></span> 
     </span>
    </p>
   </div>
   <div class='ocr_carea' id='block_1_79' title="bbox 2958 2153 3395 2193">
    <p class='ocr_par' dir='ltr' id='par_1_79' title="bbox 2958 2153 3395 2193">
     <span class='ocr_line' id='line_1_79' title="bbox 2958 2153 3395 2193; baseline 0.007 -3"><span class='ocrx_word' id='word_1_349' title='bbox 2958 2154 3004 2191; x_wconf 81' lang='grc' dir='ltr'><strong>ε.</strong></span> <span class='ocrx_word' id='word_1_350' title='bbox 3036 2153 3369 2193; x_wconf 77' lang='lat' dir='ltr'><strong>AUGUSTINUS</strong></span> <span class='ocrx_word' id='word_1_351' title='bbox 3382 2181 3395 2193; x_wconf 91' lang='lat'><strong>.</strong></span> 
     </span>
    </p>
   </div>
   <div class='ocr_carea' id='block_1_80' title="bbox 2830 2225 3575 2281">
    <p class='ocr_par' dir='ltr' id='par_1_80' title="bbox 2830 2225 3575 2281">
     <span class='ocr_line' id='line_1_80' title="bbox 2830 2225 3575 2281; baseline 0.001 -1"><span class='ocrx_word' id='word_1_352' title='bbox 2830 2227 2872 2280; x_wconf 95' lang='grc' dir='ltr'>Ο</span> <span class='ocrx_word' id='word_1_353' title='bbox 2899 2225 3218 2280; x_wconf 89' lang='lat' dir='ltr'><strong>doctrinam</strong></span> <span class='ocrx_word' id='word_1_354' title='bbox 3264 2227 3356 2280; x_wconf 91' lang='lat' dir='ltr'><strong>cui</strong></span> <span class='ocrx_word' id='word_1_355' title='bbox 3386 2227 3575 2281; x_wconf 91' lang='lat' dir='ltr'><strong>omnis</strong></span> 
     </span>
    </p>
   </div>
   <div class='ocr_carea' id='block_1_81' title="bbox 2760 2298 3574 2369">
    <p class='ocr_par' dir='ltr' id='par_1_81' title="bbox 2760 2298 3574 2369">
     <span class='ocr_line' id='line_1_81' title="bbox 2760 2298 3574 2369; baseline 0.002 -19"><span class='ocrx_word' id='word_1_356' title='bbox 2760 2301 2894 2350; x_wconf 70' lang='lat' dir='ltr'><strong>retas</strong></span> <span class='ocrx_word' id='word_1_357' title='bbox 2924 2313 3088 2350; x_wconf 87' lang='lat' dir='ltr'><strong>aures</strong></span> <span class='ocrx_word' id='word_1_358' title='bbox 3135 2298 3401 2369; x_wconf 86' lang='lat' dir='ltr'><strong>surrigat,</strong></span> <span class='ocrx_word' id='word_1_359' title='bbox 3444 2315 3574 2369; x_wconf 60' lang='lat' dir='ltr'><strong>quae</strong></span> 
     </span>
    </p>
   </div>
   <div class='ocr_carea' id='block_1_82' title="bbox 2761 2368 3575 2439">
    <p class='ocr_par' dir='ltr' id='par_1_82' title="bbox 2761 2368 3575 2439">
     <span class='ocr_line' id='line_1_82' title="bbox 2761 2368 3575 2439; baseline 0.001 -17"><span class='ocrx_word' id='word_1_360' title='bbox 2761 2368 3023 2422; x_wconf 86' lang='lat' dir='ltr'><strong>homines</strong></span> <span class='ocrx_word' id='word_1_361' title='bbox 3092 2368 3357 2432; x_wconf 82' lang='lat' dir='ltr'><strong>annosas,</strong></span> <span class='ocrx_word' id='word_1_362' title='bbox 3446 2368 3575 2439; x_wconf 67' lang='lat' dir='ltr'><strong>qua:</strong></span> 
     </span>
    </p>
   </div>
   <div class='ocr_carea' id='block_1_83' title="bbox 2762 2439 3577 2510">
    <p class='ocr_par' dir='ltr' id='par_1_83' title="bbox 2762 2439 3577 2510">
     <span class='ocr_line' id='line_1_83' title="bbox 2762 2439 3577 2510; baseline 0.001 -17"><span class='ocrx_word' id='word_1_363' title='bbox 2762 2439 3011 2509; x_wconf 89' lang='lat' dir='ltr'><strong>denique</strong></span> <span class='ocrx_word' id='word_1_364' title='bbox 3065 2440 3426 2510; x_wconf 85' lang='lat' dir='ltr'><strong>presbyteros</strong></span> <span class='ocrx_word' id='word_1_365' title='bbox 3460 2456 3577 2494; x_wconf 88' lang='lat' dir='ltr'><strong>me-</strong></span> 
     </span>
    </p>
   </div>
   <div class='ocr_carea' id='block_1_84' title="bbox 2761 2510 3570 2581">
    <p class='ocr_par' dir='ltr' id='par_1_84' title="bbox 2761 2510 3570 2581">
     <span class='ocr_line' id='line_1_84' title="bbox 2761 2510 3570 2581; baseline 0.002 -19"><span class='ocrx_word' id='word_1_366' title='bbox 2761 2515 2955 2563; x_wconf 88' lang='lat' dir='ltr'><strong>reatur</strong></span> <span class='ocrx_word' id='word_1_367' title='bbox 2982 2510 3197 2581; x_wconf 88' lang='lat' dir='ltr'><strong>habere</strong></span> <span class='ocrx_word' id='word_1_368' title='bbox 3223 2511 3533 2581; x_wconf 89' lang='lat' dir='ltr'><strong>discipulos</strong></span> <span class='ocrx_word' id='word_1_369' title='bbox 3560 2517 3570 2565; x_wconf 90' lang='lat'>!</span> 
     </span>
    </p>
   </div>
   <div class='ocr_carea' id='block_1_85' title="bbox 2764 2580 3572 2649">
    <p class='ocr_par' dir='ltr' id='par_1_85' title="bbox 2764 2580 3572 2649">
     <span class='ocr_line' id='line_1_85' title="bbox 2764 2580 3572 2649; baseline 0 -15"><span class='ocrx_word' id='word_1_370' title='bbox 2764 2582 2958 2649; x_wconf 85' lang='lat' dir='ltr'><strong>Legat,</strong></span> <span class='ocrx_word' id='word_1_371' title='bbox 2994 2581 3147 2649; x_wconf 86' lang='lat' dir='ltr'><strong>legat</strong></span> <span class='ocrx_word' id='word_1_372' title='bbox 3186 2580 3245 2633; x_wconf 89' lang='lat' dir='ltr'><strong>in</strong></span> <span class='ocrx_word' id='word_1_373' title='bbox 3300 2580 3572 2635; x_wconf 88' lang='lat' dir='ltr'><strong>concione</strong></span> 
     </span>
    </p>
   </div>
   <div class='ocr_carea' id='block_1_86' title="bbox 2762 2651 3575 2731">
    <p class='ocr_par' dir='ltr' id='par_1_86' title="bbox 2762 2651 3575 2731">
     <span class='ocr_line' id='line_1_86' title="bbox 2762 2651 3575 2731; baseline 0.004 -29"><span class='ocrx_word' id='word_1_374' title='bbox 2762 2651 2918 2731; x_wconf 80' lang='lat' dir='ltr'><strong>quod</strong></span> <span class='ocrx_word' id='word_1_375' title='bbox 2933 2651 3192 2731; x_wconf 71' lang='lat' dir='ltr'><strong>scripsit;</strong></span> <span class='ocrx_word' id='word_1_376' title='bbox 3214 2657 3383 2731; x_wconf 82' lang='lat' dir='ltr'><strong>notos</strong></span> <span class='ocrx_word' id='word_1_377' title='bbox 3403 2658 3575 2731; x_wconf 85' lang='lat' dir='ltr'><strong>atque</strong></span> 
     </span>
    </p>
   </div>
   <div class='ocr_carea' id='block_1_87' title="bbox 2756 2723 3574 2792">
    <p class='ocr_par' dir='ltr' id='par_1_87' title="bbox 2756 2723 3574 2792">
     <span class='ocr_line' id='line_1_87' title="bbox 2756 2723 3574 2792; baseline 0.001 -17"><span class='ocrx_word' id='word_1_378' title='bbox 2756 2723 3002 2791; x_wconf 89' lang='lat' dir='ltr'><strong>ignotos,</strong></span> <span class='ocrx_word' id='word_1_379' title='bbox 3054 2723 3249 2775; x_wconf 91' lang='lat' dir='ltr'><strong>doctos</strong></span> <span class='ocrx_word' id='word_1_380' title='bbox 3282 2728 3453 2792; x_wconf 85' lang='lat' dir='ltr'><strong>atque</strong></span> <span class='ocrx_word' id='word_1_381' title='bbox 3485 2723 3574 2776; x_wconf 91' lang='lat' dir='ltr'><strong>in-</strong></span> 
     </span>
    </p>
   </div>
   <div class='ocr_carea' id='block_1_88' title="bbox 2758 2792 3566 2859">
    <p class='ocr_par' dir='ltr' id='par_1_88' title="bbox 2758 2792 3566 2859">
     <span class='ocr_line' id='line_1_88' title="bbox 2758 2792 3566 2859; baseline 0.002 -14"><span class='ocrx_word' id='word_1_382' title='bbox 2758 2794 2950 2845; x_wconf 87' lang='lat' dir='ltr'><strong>doctos</strong></span> <span class='ocrx_word' id='word_1_383' title='bbox 2971 2792 3310 2845; x_wconf 87' lang='lat' dir='ltr'><strong>recitaturus</strong></span> <span class='ocrx_word' id='word_1_384' title='bbox 3332 2793 3566 2859; x_wconf 89' lang='lat' dir='ltr'><strong>invitet;</strong></span> 
     </span>
    </p>
   </div>
   <div class='ocr_carea' id='block_1_89' title="bbox 2757 2862 3572 2933">
    <p class='ocr_par' dir='ltr' id='par_1_89' title="bbox 2757 2862 3572 2933">
     <span class='ocr_line' id='line_1_89' title="bbox 2757 2862 3572 2933; baseline 0.002 -18"><span class='ocrx_word' id='word_1_385' title='bbox 2757 2862 3009 2915; x_wconf 88' lang='lat' dir='ltr'><strong>seniores</strong></span> <span class='ocrx_word' id='word_1_386' title='bbox 3066 2879 3195 2917; x_wconf 91' lang='lat' dir='ltr'><strong>cum</strong></span> <span class='ocrx_word' id='word_1_387' title='bbox 3247 2864 3572 2933; x_wconf 90' lang='lat' dir='ltr'><strong>junioribus</strong></span> 
     </span>
    </p>
   </div>
   <div class='ocr_carea' id='block_1_90' title="bbox 2756 2932 3569 3013">
    <p class='ocr_par' dir='ltr' id='par_1_90' title="bbox 2756 2932 3569 3013">
     <span class='ocr_line' id='line_1_90' title="bbox 2756 2932 3569 3013; baseline 0.001 -26"><span class='ocrx_word' id='word_1_388' title='bbox 2756 2932 3091 3013; x_wconf 64' lang='lat' dir='ltr'><strong>convenite,</strong></span> <span class='ocrx_word' id='word_1_389' title='bbox 3144 2932 3298 3005; x_wconf 87' lang='lat' dir='ltr'><strong>quod</strong></span> <span class='ocrx_word' id='word_1_390' title='bbox 3346 2935 3569 3013; x_wconf 80' lang='lat' dir='ltr'><strong>nescie-</strong></span> 
     </span>
    </p>
   </div>
   <div class='ocr_carea' id='block_1_91' title="bbox 52 2972 878 3040">
    <p class='ocr_par' dir='ltr' id='par_1_91' title="bbox 52 2972 878 3040">
     <span class='ocr_line' id='line_1_91' title="bbox 52 2972 878 3040; baseline -0.001 -15"><span class='ocrx_word' id='word_1_391' title='bbox 52 2980 251 3025; x_wconf 81' lang='lat' dir='ltr'><strong>nostra</strong></span> <span class='ocrx_word' id='word_1_392' title='bbox 296 2973 360 3026; x_wconf 87' lang='lat' dir='ltr'><strong>de</strong></span> <span class='ocrx_word' id='word_1_393' title='bbox 403 2972 878 3040; x_wconf 66' lang='lat' dir='ltr'><strong>praadestinatione</strong></span> 
     </span>
    </p>
   </div>
   <div class='ocr_carea' id='block_1_92' title="bbox 52 3004 3569 3111">
    <p class='ocr_par' dir='ltr' id='par_1_92' title="bbox 52 3004 3569 3111">
     <span class='ocr_line' id='line_1_92' title="bbox 54 3004 3569 3059; baseline -0.001 1"><span class='ocrx_word' id='word_1_394' title='bbox 54 3004 251 3025; x_wconf 71' lang='lat'><strong>&quot;&quot;°”“</strong></span> <span class='ocrx_word' id='word_1_395' title='bbox 296 3004 357 3026; x_wconf 63' lang='grc' dir='ltr'><strong>π</strong></span> <span class='ocrx_word' id='word_1_396' title='bbox 403 3004 875 3040; x_wconf 55' lang='grc' dir='ltr'><strong>Ρ¹⁰⁶Ψ⁶⁰Η¹⁸ι⁴⁶¹υ¹⁶⁶</strong></span> <span class='ocrx_word' id='word_1_397' title='bbox 1590 3040 1599 3049; x_wconf 77' lang='grc' dir='ltr'>ι</span> <span class='ocrx_word' id='word_1_398' title='bbox 2755 3004 2902 3057; x_wconf 88' lang='lat' dir='ltr'><strong>batis</strong></span> <span class='ocrx_word' id='word_1_399' title='bbox 2936 3004 3132 3057; x_wconf 89' lang='lat' dir='ltr'><strong>discite</strong></span> <span class='ocrx_word' id='word_1_400' title='bbox 3174 3004 3177 3005; x_wconf 62' lang='grc'><strong><em>⁷</em></strong></span> <span class='ocrx_word' id='word_1_401' title='bbox 3253 3005 3365 3059; x_wconf 91' lang='lat' dir='ltr'><strong>uod</strong></span> <span class='ocrx_word' id='word_1_402' title='bbox 3420 3020 3569 3059; x_wconf 90' lang='lat' dir='ltr'><strong>nun-</strong></span> 
     </span>
     <span class='ocr_line' id='line_1_93' title="bbox 52 3022 3546 3111; baseline -0.001 -15"><span class='ocrx_word' id='word_1_403' title='bbox 52 3045 346 3102; x_wconf 84' lang='lat' dir='ltr'><strong>sententia,</strong></span> <span class='ocrx_word' id='word_1_404' title='bbox 378 3046 626 3111; x_wconf 85' lang='lat' dir='ltr'><strong>ratioque</strong></span> <span class='ocrx_word' id='word_1_405' title='bbox 656 3042 986 3096; x_wconf 87' lang='lat' dir='ltr'><strong>conciliandi</strong></span> <span class='ocrx_word' id='word_1_406' title='bbox 1030 3040 1329 3095; x_wconf 87' lang='lat' dir='ltr'><strong>libertatem</strong></span> <span class='ocrx_word' id='word_1_407' title='bbox 1376 3039 1597 3092; x_wconf 78' lang='lat' dir='ltr'><strong>arbitrii</strong></span> <span class='ocrx_word' id='word_1_408' title='bbox 1644 3054 1763 3092; x_wconf 91' lang='lat' dir='ltr'><strong>cum</strong></span> <span class='ocrx_word' id='word_1_409' title='bbox 1794 3041 1833 3096; x_wconf 90' lang='lat' dir='ltr'>C</span> <span class='ocrx_word' id='word_1_410' title='bbox 1874 3091 2043 3111; x_wconf 53' lang='lat' dir='ltr'><strong>mum</strong></span> <span class='ocrx_word' id='word_1_411' title='bbox 2112 3074 2415 3111; x_wconf 39' lang='lat' dir='ltr'><strong>numam,“</strong></span> <span class='ocrx_word' id='word_1_412' title='bbox 2471 3074 2665 3111; x_wconf 52' lang='lat' dir='ltr'><strong>nmmo</strong></span> <span class='ocrx_word' id='word_1_413' title='bbox 2754 3075 2848 3111; x_wconf 41' lang='grc' dir='ltr'><strong>ιη)</strong></span> <span class='ocrx_word' id='word_1_414' title='bbox 2946 3091 2984 3111; x_wconf 68' lang='grc' dir='ltr'><strong><em>η</em></strong></span> <span class='ocrx_word' id='word_1_415' title='bbox 3038 3074 3104 3111; x_wconf 57' lang='grc' dir='ltr'><strong>Α,</strong></span> <span class='ocrx_word' id='word_1_416' title='bbox 3140 3022 3277 3111; x_wconf 49' lang='lat'><strong>1,3,,</strong></span> <span class='ocrx_word' id='word_1_417' title='bbox 3349 3078 3546 3111; x_wconf 49' lang='lat' dir='ltr'><strong>Mm”</strong></span> 
     </span>
    </p>
   </div>
   <div class='ocr_carea' id='block_1_93' title="bbox 52 3110 1763 3182">
    <p class='ocr_par' dir='ltr' id='par_1_93' title="bbox 52 3110 1763 3182">
     <span class='ocr_line' id='line_1_94' title="bbox 52 3110 1763 3182; baseline -0.002 -16"><span class='ocrx_word' id='word_1_418' title='bbox 52 3113 257 3166; x_wconf 85' lang='lat' dir='ltr'><strong>divina</strong></span> <span class='ocrx_word' id='word_1_419' title='bbox 288 3117 491 3180; x_wconf 80' lang='lat' dir='ltr'><strong>gratia.</strong></span> <span class='ocrx_word' id='word_1_420' title='bbox 549 3116 893 3181; x_wconf 77' lang='lat' dir='ltr'><strong>praescientia</strong></span> <span class='ocrx_word' id='word_1_421' title='bbox 939 3117 989 3167; x_wconf 89' lang='lat' dir='ltr'><strong>et</strong></span> <span class='ocrx_word' id='word_1_422' title='bbox 1044 3110 1536 3182; x_wconf 71' lang='lat' dir='ltr'><strong>praedestinatione,</strong></span> <span class='ocrx_word' id='word_1_423' title='bbox 1588 3111 1639 3164; x_wconf 87' lang='lat' dir='ltr'><strong>si</strong></span> <span class='ocrx_word' id='word_1_424' title='bbox 1689 3112 1763 3164; x_wconf 86' lang='lat' dir='ltr'><strong>eis</strong></span> 
     </span>
    </p>
   </div>
   <div class='ocr_carea' id='block_1_94' title="bbox 48 3187 588 3253">
    <p class='ocr_par' dir='ltr' id='par_1_94' title="bbox 48 3187 588 3253">
     <span class='ocr_line' id='line_1_95' title="bbox 48 3187 588 3253; baseline -0.002 -16"><span class='ocrx_word' id='word_1_425' title='bbox 48 3187 342 3253; x_wconf 74' lang='lat' dir='ltr'><strong>proposita</strong></span> <span class='ocrx_word' id='word_1_426' title='bbox 362 3187 588 3251; x_wconf 88' lang='lat' dir='ltr'><strong>fuisset.</strong></span> 
     </span>
    </p>
   </div>
   <div class='ocr_carea' id='block_1_95' title="bbox 379 3273 1438 3338">
    <p class='ocr_par' dir='ltr' id='par_1_95' title="bbox 379 3273 1438 3338">
     <span class='ocr_line' id='line_1_96' title="bbox 379 3273 1438 3338; baseline -0.003 -11"><span class='ocrx_word' id='word_1_427' title='bbox 379 3273 610 3338; x_wconf 82' lang='lat' dir='ltr'><strong>JONAS,</strong></span> <span class='ocrx_word' id='word_1_428' title='bbox 658 3287 943 3327; x_wconf 73' lang='lat' dir='ltr'><strong>Episcopus</strong></span> <span class='ocrx_word' id='word_1_429' title='bbox 990 3287 1438 3327; x_wconf 78' lang='lat' dir='ltr'><strong>AURELIANENSIS.</strong></span> 
     </span>
    </p>
   </div>
   <div class='ocr_carea' id='block_1_96' title="bbox 138 3356 1762 3432">
    <p class='ocr_par' dir='ltr' id='par_1_96' title="bbox 138 3356 1762 3432">
     <span class='ocr_line' id='line_1_97' title="bbox 138 3356 1762 3432; baseline -0.003 -16"><span class='ocrx_word' id='word_1_430' title='bbox 138 3362 335 3432; x_wconf 83' lang='lat' dir='ltr'><strong>Igitur,</strong></span> <span class='ocrx_word' id='word_1_431' title='bbox 369 3362 503 3432; x_wconf 89' lang='lat' dir='ltr'><strong>quia</strong></span> <span class='ocrx_word' id='word_1_432' title='bbox 550 3378 665 3415; x_wconf 93' lang='lat' dir='ltr'><strong>non</strong></span> <span class='ocrx_word' id='word_1_433' title='bbox 717 3364 902 3416; x_wconf 91' lang='lat' dir='ltr'><strong>solum</strong></span> <span class='ocrx_word' id='word_1_434' title='bbox 939 3362 998 3414; x_wconf 90' lang='grc' dir='ltr'><strong>Β.</strong></span> <span class='ocrx_word' id='word_1_435' title='bbox 1058 3360 1402 3430; x_wconf 82' lang='lat' dir='ltr'><strong>Augustino,</strong></span> <span class='ocrx_word' id='word_1_436' title='bbox 1448 3358 1547 3413; x_wconf 90' lang='lat' dir='ltr'><strong>sed</strong></span> <span class='ocrx_word' id='word_1_437' title='bbox 1590 3356 1762 3412; x_wconf 90' lang='lat' dir='ltr'><strong>etiam</strong></span> 
     </span>
    </p>
   </div>
   <div class='ocr_carea' id='block_1_97' title="bbox 60 3446 1759 3520">
    <p class='ocr_par' dir='ltr' id='par_1_97' title="bbox 60 3446 1759 3520">
     <span class='ocr_line' id='line_1_98' title="bbox 60 3446 1759 3520; baseline -0.004 -15"><span class='ocrx_word' id='word_1_438' title='bbox 60 3451 197 3505; x_wconf 83' lang='lat' dir='ltr'><strong>aliis</strong></span> <span class='ocrx_word' id='word_1_439' title='bbox 247 3452 467 3505; x_wconf 81' lang='lat' dir='ltr'><strong>eximiis</strong></span> <span class='ocrx_word' id='word_1_440' title='bbox 522 3450 849 3505; x_wconf 87' lang='lat' dir='ltr'><strong>doctoribus</strong></span> <span class='ocrx_word' id='word_1_441' title='bbox 903 3455 959 3503; x_wconf 91' lang='lat' dir='ltr'><strong>te</strong></span> <span class='ocrx_word' id='word_1_442' title='bbox 1003 3448 1373 3520; x_wconf 90' lang='lat' dir='ltr'><strong>superciliose</strong></span> <span class='ocrx_word' id='word_1_443' title='bbox 1431 3446 1759 3518; x_wconf 64' lang='lat' dir='ltr'><strong>praetulisti,</strong></span> 
     </span>
    </p>
   </div>
   <div class='ocr_carea' id='block_1_98' title="bbox 56 3536 1761 3608">
    <p class='ocr_par' dir='ltr' id='par_1_98' title="bbox 56 3536 1761 3608">
     <span class='ocr_line' id='line_1_99' title="bbox 56 3536 1761 3608; baseline -0.003 -14"><span class='ocrx_word' id='word_1_444' title='bbox 56 3540 272 3594; x_wconf 87' lang='lat' dir='ltr'><strong>merito</strong></span> <span class='ocrx_word' id='word_1_445' title='bbox 311 3540 562 3594; x_wconf 91' lang='lat' dir='ltr'><strong>solitaria</strong></span> <span class='ocrx_word' id='word_1_446' title='bbox 619 3538 1018 3593; x_wconf 89' lang='lat' dir='ltr'><strong>destructionis</strong></span> <span class='ocrx_word' id='word_1_447' title='bbox 1076 3542 1190 3593; x_wconf 63' lang='lat' dir='ltr'><strong>tuae</strong></span> <span class='ocrx_word' id='word_1_448' title='bbox 1257 3537 1519 3608; x_wconf 90' lang='lat' dir='ltr'><strong>gloriatio</strong></span> <span class='ocrx_word' id='word_1_449' title='bbox 1554 3536 1613 3589; x_wconf 93' lang='lat' dir='ltr'><strong>in</strong></span> <span class='ocrx_word' id='word_1_450' title='bbox 1652 3536 1761 3589; x_wconf 91' lang='lat' dir='ltr'><strong>im-</strong></span> 
     </span>
    </p>
   </div>
   <div class='ocr_carea' id='block_1_99' title="bbox 56 3626 1763 3697">
    <p class='ocr_par' dir='ltr' id='par_1_99' title="bbox 56 3626 1763 3697">
     <span class='ocr_line' id='line_1_100' title="bbox 56 3626 1763 3697; baseline -0.004 -11"><span class='ocrx_word' id='word_1_451' title='bbox 56 3646 325 3686; x_wconf 88' lang='lat' dir='ltr'><strong>mensum</strong></span> <span class='ocrx_word' id='word_1_452' title='bbox 378 3647 498 3684; x_wconf 89' lang='lat' dir='ltr'><strong>sese</strong></span> <span class='ocrx_word' id='word_1_453' title='bbox 552 3630 883 3697; x_wconf 83' lang='lat' dir='ltr'><strong>extendens,</strong></span> <span class='ocrx_word' id='word_1_454' title='bbox 928 3628 989 3682; x_wconf 92' lang='lat' dir='ltr'><strong>in</strong></span> <span class='ocrx_word' id='word_1_455' title='bbox 1036 3628 1267 3682; x_wconf 89' lang='lat' dir='ltr'><strong>irritum</strong></span> <span class='ocrx_word' id='word_1_456' title='bbox 1318 3626 1637 3681; x_wconf 86' lang='lat' dir='ltr'><strong>deducitur.</strong></span> <span class='ocrx_word' id='word_1_457' title='bbox 1669 3627 1763 3679; x_wconf 86' lang='lat' dir='ltr'><strong>Vae</strong></span> 
     </span>
    </p>
   </div>
   <div class='ocr_carea' id='block_1_100' title="bbox 54 3715 1762 3789">
    <p class='ocr_par' dir='ltr' id='par_1_100' title="bbox 54 3715 1762 3789">
     <span class='ocr_line' id='line_1_101' title="bbox 54 3715 1762 3789; baseline -0.003 -15"><span class='ocrx_word' id='word_1_458' title='bbox 54 3735 313 3789; x_wconf 86' lang='lat' dir='ltr'><strong>namque</strong></span> <span class='ocrx_word' id='word_1_459' title='bbox 360 3719 544 3773; x_wconf 90' lang='lat' dir='ltr'><strong>eidem</strong></span> <span class='ocrx_word' id='word_1_460' title='bbox 605 3718 932 3789; x_wconf 87' lang='lat' dir='ltr'><strong>gloriationi</strong></span> <span class='ocrx_word' id='word_1_461' title='bbox 986 3723 1121 3783; x_wconf 71' lang='lat' dir='ltr'><strong>tuae,</strong></span> <span class='ocrx_word' id='word_1_462' title='bbox 1158 3717 1325 3787; x_wconf 82' lang='lat' dir='ltr'><strong>juxta</strong></span> <span class='ocrx_word' id='word_1_463' title='bbox 1375 3715 1517 3769; x_wconf 92' lang='lat' dir='ltr'><strong>illud</strong></span> <span class='ocrx_word' id='word_1_464' title='bbox 1577 3715 1762 3769; x_wconf 83' lang='lat' dir='ltr'><strong>Eccle-</strong></span> 
     </span>
    </p>
   </div>
   <div class='ocr_carea' id='block_1_101' title="bbox 56 3805 1760 3878">
    <p class='ocr_par' dir='ltr' id='par_1_101' title="bbox 56 3805 1760 3878">
     <span class='ocr_line' id='line_1_102' title="bbox 56 3805 1760 3878; baseline -0.003 -16"><span class='ocrx_word' id='word_1_465' title='bbox 56 3808 250 3862; x_wconf 88' lang='lat' dir='ltr'><strong>siastis</strong></span> <span class='ocrx_word' id='word_1_466' title='bbox 278 3808 559 3872; x_wconf 83' lang='lat' dir='ltr'><strong>imminet,</strong></span> <span class='ocrx_word' id='word_1_467' title='bbox 604 3808 741 3878; x_wconf 89' lang='lat' dir='ltr'><strong>quia</strong></span> <span class='ocrx_word' id='word_1_468' title='bbox 771 3824 885 3860; x_wconf 92' lang='lat' dir='ltr'><strong>non</strong></span> <span class='ocrx_word' id='word_1_469' title='bbox 934 3807 1152 3860; x_wconf 89' lang='lat' dir='ltr'><strong>habens</strong></span> <span class='ocrx_word' id='word_1_470' title='bbox 1203 3805 1389 3859; x_wconf 91' lang='lat' dir='ltr'><strong>fotum</strong></span> <span class='ocrx_word' id='word_1_471' title='bbox 1428 3820 1496 3857; x_wconf 88' lang='lat' dir='ltr'><strong>ex</strong></span> <span class='ocrx_word' id='word_1_472' title='bbox 1522 3819 1760 3858; x_wconf 88' lang='lat' dir='ltr'><strong>consor-</strong></span> 
     </span>
    </p>
   </div>
   <div class='ocr_carea' id='block_1_102' title="bbox 54 3892 1763 3967">
    <p class='ocr_par' dir='ltr' id='par_1_102' title="bbox 54 3892 1763 3967">
     <span class='ocr_line' id='line_1_103' title="bbox 54 3892 1763 3967; baseline -0.004 -16"><span class='ocrx_word' id='word_1_473' title='bbox 54 3898 146 3952; x_wconf 86' lang='lat' dir='ltr'><strong>tio</strong></span> <span class='ocrx_word' id='word_1_474' title='bbox 171 3897 432 3967; x_wconf 87' lang='lat' dir='ltr'><strong>aliorum,</strong></span> <span class='ocrx_word' id='word_1_475' title='bbox 472 3897 685 3967; x_wconf 87' lang='lat' dir='ltr'><strong>frigore</strong></span> <span class='ocrx_word' id='word_1_476' title='bbox 712 3895 968 3950; x_wconf 88' lang='lat' dir='ltr'><strong>solitario</strong></span> <span class='ocrx_word' id='word_1_477' title='bbox 998 3897 1207 3965; x_wconf 91' lang='lat' dir='ltr'><strong>torpet,</strong></span> <span class='ocrx_word' id='word_1_478' title='bbox 1250 3897 1306 3946; x_wconf 88' lang='lat' dir='ltr'><strong>et</strong></span> <span class='ocrx_word' id='word_1_479' title='bbox 1335 3908 1455 3946; x_wconf 89' lang='lat' dir='ltr'><strong>cum</strong></span> <span class='ocrx_word' id='word_1_480' title='bbox 1510 3892 1763 3946; x_wconf 85' lang='lat' dir='ltr'><strong>ceciderit</strong></span> 
     </span>
    </p>
   </div>
   <div class='ocr_carea' id='block_1_103' title="bbox 52 3980 1760 4053">
    <p class='ocr_par' dir='ltr' id='par_1_103' title="bbox 52 3980 1760 4053">
     <span class='ocr_line' id='line_1_104' title="bbox 52 3980 1760 4053; baseline -0.004 -13"><span class='ocrx_word' id='word_1_481' title='bbox 52 4002 168 4040; x_wconf 85' lang='lat' dir='ltr'><strong>non</strong></span> <span class='ocrx_word' id='word_1_482' title='bbox 234 3986 446 4039; x_wconf 83' lang='lat' dir='ltr'><strong>habebit</strong></span> <span class='ocrx_word' id='word_1_483' title='bbox 501 3986 862 4040; x_wconf 87' lang='lat' dir='ltr'><strong>sublevantem</strong></span> <span class='ocrx_word' id='word_1_484' title='bbox 920 3984 1079 4053; x_wconf 88' lang='lat' dir='ltr'><strong>(Eccl.</strong></span> <span class='ocrx_word' id='word_1_485' title='bbox 1150 3998 1224 4047; x_wconf 81' lang='lat' dir='ltr'><strong>Iv,</strong></span> <span class='ocrx_word' id='word_1_486' title='bbox 1293 3982 1393 4049; x_wconf 83' lang='lat' dir='ltr'><strong>tO).</strong></span> <span class='ocrx_word' id='word_1_487' title='bbox 1454 3980 1572 4035; x_wconf 91' lang='lat' dir='ltr'><strong>Lib.</strong></span> <span class='ocrx_word' id='word_1_488' title='bbox 1617 3997 1634 4033; x_wconf 83' lang='grc' dir='ltr'>ι</span> <span class='ocrx_word' id='word_1_489' title='bbox 1691 3980 1760 4034; x_wconf 91' lang='lat' dir='ltr'><strong>de</strong></span> 
     </span>
    </p>
   </div>
   <div class='ocr_carea' id='block_1_104' title="bbox 56 4066 1754 4144">
    <p class='ocr_par' dir='ltr' id='par_1_104' title="bbox 56 4066 1754 4144">
     <span class='ocr_line' id='line_1_105' title="bbox 56 4066 1754 4144; baseline -0.004 -16"><span class='ocrx_word' id='word_1_490' title='bbox 56 4074 230 4129; x_wconf 89' lang='lat' dir='ltr'><strong>Cultu</strong></span> <span class='ocrx_word' id='word_1_491' title='bbox 256 4074 464 4144; x_wconf 88' lang='lat' dir='ltr'><strong>imag.,</strong></span> <span class='ocrx_word' id='word_1_492' title='bbox 516 4079 656 4128; x_wconf 91' lang='lat' dir='ltr'><strong>tom.</strong></span> <span class='ocrx_word' id='word_1_493' title='bbox 704 4090 779 4141; x_wconf 81' lang='lat' dir='ltr'><strong>ix,</strong></span> <span class='ocrx_word' id='word_1_494' title='bbox 836 4076 983 4143; x_wconf 87' lang='lat' dir='ltr'><strong>part.</strong></span> <span class='ocrx_word' id='word_1_495' title='bbox 1046 4089 1086 4137; x_wconf 88' lang='lat'><strong>1,</strong></span> <span class='ocrx_word' id='word_1_496' title='bbox 1137 4069 1403 4124; x_wconf 89' lang='lat' dir='ltr'><strong>Biblioth.</strong></span> <span class='ocrx_word' id='word_1_497' title='bbox 1455 4068 1562 4123; x_wconf 94' lang='lat' dir='ltr'><strong>PP.</strong></span> <span class='ocrx_word' id='word_1_498' title='bbox 1619 4066 1754 4122; x_wconf 89' lang='lat' dir='ltr'><strong>edit.</strong></span> 
     </span>
    </p>
   </div>
   <div class='ocr_carea' id='block_1_105' title="bbox 55 4162 607 4217">
    <p class='ocr_par' dir='ltr' id='par_1_105' title="bbox 55 4162 607 4217">
     <span class='ocr_line' id='line_1_106' title="bbox 55 4162 607 4217; baseline -0.002 0"><span class='ocrx_word' id='word_1_499' title='bbox 55 4162 415 4217; x_wconf 86' lang='lat' dir='ltr'><strong>Coloniensis</strong></span> <span class='ocrx_word' id='word_1_500' title='bbox 450 4166 607 4217; x_wconf 77' lang='grc'><strong>1618.</strong></span> 
     </span>
    </p>
   </div>
   <div class='ocr_carea' id='block_1_106' title="bbox 867 4250 963 4303">
    <p class='ocr_par' dir='ltr' id='par_1_106' title="bbox 867 4250 963 4303">
     <span class='ocr_line' id='line_1_107' title="bbox 867 4250 963 4303; baseline 0 0"><span class='ocrx_word' id='word_1_501' title='bbox 867 4250 963 4303; x_wconf 89' lang='lat' dir='ltr'>III.</span> 
     </span>
    </p>
   </div>
   <div class='ocr_carea' id='block_1_107' title="bbox 344 4333 1536 4376">
    <p class='ocr_par' dir='ltr' id='par_1_107' title="bbox 344 4333 1536 4376">
     <span class='ocr_line' id='line_1_108' title="bbox 344 4333 1536 4376; baseline -0.003 -1"><span class='ocrx_word' id='word_1_502' title='bbox 344 4336 631 4376; x_wconf 77' lang='lat' dir='ltr'><strong>CENSORES.</strong></span> <span class='ocrx_word' id='word_1_503' title='bbox 1108 4336 1153 4373; x_wconf 90' lang='lat' dir='ltr'><strong>S.</strong></span> <span class='ocrx_word' id='word_1_504' title='bbox 1186 4333 1536 4373; x_wconf 74' lang='lat' dir='ltr'><strong>AUGUSTINUS.</strong></span> 
     </span>
    </p>
   </div>
   <div class='ocr_carea' id='block_1_108' title="bbox 134 4405 1759 4477">
    <p class='ocr_par' dir='ltr' id='par_1_108' title="bbox 134 4405 1759 4477">
     <span class='ocr_line' id='line_1_109' title="bbox 134 4405 1759 4477; baseline -0.004 -13"><span class='ocrx_word' id='word_1_505' title='bbox 134 4410 314 4475; x_wconf 85' lang='lat' dir='ltr'><strong>Quare</strong></span> <span class='ocrx_word' id='word_1_506' title='bbox 351 4410 711 4464; x_wconf 80' lang='lat' dir='ltr'><strong>dubitandum</strong></span> <span class='ocrx_word' id='word_1_507' title='bbox 765 4424 873 4463; x_wconf 88' lang='lat' dir='ltr'><strong>non</strong></span> <span class='ocrx_word' id='word_1_508' title='bbox 1015 4407 1151 4472; x_wconf 86' lang='lat' dir='ltr'><strong>Quis</strong></span> <span class='ocrx_word' id='word_1_509' title='bbox 1190 4407 1535 4477; x_wconf 89' lang='lat' dir='ltr'><strong>dedignetur</strong></span> <span class='ocrx_word' id='word_1_510' title='bbox 1586 4405 1759 4460; x_wconf 83' lang='lat' dir='ltr'><strong>talem</strong></span> 
     </span>
    </p>
   </div>
   <div class='ocr_carea' id='block_1_109' title="bbox 53 4476 1758 4548">
    <p class='ocr_par' dir='ltr' id='par_1_109' title="bbox 53 4476 1758 4548">
     <span class='ocr_line' id='line_1_110' title="bbox 53 4476 1758 4548; baseline -0.003 -13"><span class='ocrx_word' id='word_1_511' title='bbox 53 4486 160 4548; x_wconf 88' lang='lat' dir='ltr'><strong>est,</strong></span> <span class='ocrx_word' id='word_1_512' title='bbox 192 4483 239 4534; x_wconf 88' lang='lat' dir='ltr'><strong>si</strong></span> <span class='ocrx_word' id='word_1_513' title='bbox 284 4497 343 4535; x_wconf 90' lang='lat' dir='ltr'><strong>ea</strong></span> <span class='ocrx_word' id='word_1_514' title='bbox 392 4482 457 4535; x_wconf 87' lang='lat' dir='ltr'><strong>de</strong></span> <span class='ocrx_word' id='word_1_515' title='bbox 481 4498 538 4535; x_wconf 88' lang='lat' dir='ltr'><strong>re</strong></span> <span class='ocrx_word' id='word_1_516' title='bbox 574 4484 656 4534; x_wconf 80' lang='lat' dir='ltr'><strong>vel</strong></span> <span class='ocrx_word' id='word_1_517' title='bbox 686 4482 873 4548; x_wconf 85' lang='lat' dir='ltr'><strong>Augu-</strong></span> <span class='ocrx_word' id='word_1_518' title='bbox 945 4479 1156 4532; x_wconf 90' lang='lat' dir='ltr'><strong>habere</strong></span> <span class='ocrx_word' id='word_1_519' title='bbox 1205 4476 1547 4532; x_wconf 75' lang='lat' dir='ltr'><strong>doctorem?</strong></span> <span class='ocrx_word' id='word_1_520' title='bbox 1716 4478 1758 4530; x_wconf 94' lang='grc' dir='ltr'>Ο</span> 
     </span>
    </p>
   </div>
   <div class='ocr_carea' id='block_1_110' title="bbox 53 4548 1759 4619">
    <p class='ocr_par' dir='ltr' id='par_1_110' title="bbox 53 4548 1759 4619">
     <span class='ocr_line' id='line_1_111' title="bbox 53 4548 1759 4619; baseline -0.004 -13"><span class='ocrx_word' id='word_1_521' title='bbox 53 4556 237 4606; x_wconf 86' lang='lat' dir='ltr'><strong>stinus</strong></span> <span class='ocrx_word' id='word_1_522' title='bbox 266 4554 347 4606; x_wconf 77' lang='lat' dir='ltr'><strong>vel</strong></span> <span class='ocrx_word' id='word_1_523' title='bbox 380 4554 459 4607; x_wconf 92' lang='lat' dir='ltr'><strong>D.</strong></span> <span class='ocrx_word' id='word_1_524' title='bbox 510 4554 736 4606; x_wconf 87' lang='lat' dir='ltr'><strong>Thomas</strong></span> <span class='ocrx_word' id='word_1_525' title='bbox 759 4567 876 4605; x_wconf 89' lang='lat' dir='ltr'><strong>con-</strong></span> <span class='ocrx_word' id='word_1_526' title='bbox 951 4548 1285 4603; x_wconf 89' lang='lat' dir='ltr'><strong>admiranda</strong></span> <span class='ocrx_word' id='word_1_527' title='bbox 1323 4552 1494 4619; x_wconf 90' lang='lat' dir='ltr'><strong>atque</strong></span> <span class='ocrx_word' id='word_1_528' title='bbox 1532 4553 1759 4619; x_wconf 84' lang='lat' dir='ltr'><strong>sectan—</strong></span> 
     </span>
    </p>
   </div>
   <div class='ocr_carea' id='block_1_111' title="bbox 54 4618 1760 4692">
    <p class='ocr_par' dir='ltr' id='par_1_111' title="bbox 54 4618 1760 4692">
     <span class='ocr_line' id='line_1_112' title="bbox 54 4618 1760 4692; baseline -0.003 -15"><span class='ocrx_word' id='word_1_529' title='bbox 54 4625 399 4688; x_wconf 82' lang='lat' dir='ltr'><strong>sulerentur,</strong></span> <span class='ocrx_word' id='word_1_530' title='bbox 525 4636 874 4692; x_wconf 82' lang='lat' dir='ltr'><strong>responsuros</strong></span> <span class='ocrx_word' id='word_1_531' title='bbox 949 4621 1021 4675; x_wconf 89' lang='lat' dir='ltr'><strong>da</strong></span> <span class='ocrx_word' id='word_1_532' title='bbox 1051 4619 1346 4675; x_wconf 89' lang='lat' dir='ltr'><strong>doctrina!</strong></span> <span class='ocrx_word' id='word_1_533' title='bbox 1400 4618 1542 4692; x_wconf 31' lang='lat' dir='ltr'><strong>’Lib.</strong></span> <span class='ocrx_word' id='word_1_534' title='bbox 1586 4635 1624 4672; x_wconf 83' lang='grc' dir='ltr'><strong>ιι</strong></span> <span class='ocrx_word' id='word_1_535' title='bbox 1694 4618 1760 4672; x_wconf 88' lang='lat' dir='ltr'><strong>de</strong></span> 
     </span>
    </p>
   </div>
   <div class='ocr_carea' id='block_1_112' title="bbox 50 4691 1573 4762">
    <p class='ocr_par' dir='ltr' id='par_1_112' title="bbox 50 4691 1573 4762">
     <span class='ocr_line' id='line_1_113' title="bbox 50 4691 1573 4762; baseline -0.003 -15"><span class='ocrx_word' id='word_1_536' title='bbox 50 4696 235 4760; x_wconf 85' lang='lat' dir='ltr'><strong>fuisse</strong></span> <span class='ocrx_word' id='word_1_537' title='bbox 270 4691 625 4747; x_wconf 78' lang='lat' dir='ltr'><strong>nihilominus</strong></span> <span class='ocrx_word' id='word_1_538' title='bbox 664 4694 872 4762; x_wconf 68' lang='lat' dir='ltr'><strong>praede-</strong></span> <span class='ocrx_word' id='word_1_539' title='bbox 950 4694 1099 4759; x_wconf 86' lang='lat' dir='ltr'><strong>Orig.</strong></span> <span class='ocrx_word' id='word_1_540' title='bbox 1125 4693 1338 4758; x_wconf 72' lang='lat' dir='ltr'><strong>animae,</strong></span> <span class='ocrx_word' id='word_1_541' title='bbox 1372 4706 1491 4759; x_wconf 88' lang='lat' dir='ltr'><strong>cap.</strong></span> <span class='ocrx_word' id='word_1_542' title='bbox 1524 4691 1573 4742; x_wconf 90' lang='lat'><strong>9.</strong></span> 
     </span>
    </p>
   </div>
   <div class='ocr_carea' id='block_1_113' title="bbox 52 4766 867 4833">
    <p class='ocr_par' dir='ltr' id='par_1_113' title="bbox 52 4766 867 4833">
     <span class='ocr_line' id='line_1_114' title="bbox 52 4766 867 4833; baseline -0.001 -15"><span class='ocrx_word' id='word_1_543' title='bbox 52 4767 405 4818; x_wconf 88' lang='lat' dir='ltr'><strong>stinationem</strong></span> <span class='ocrx_word' id='word_1_544' title='bbox 436 4770 485 4818; x_wconf 90' lang='lat' dir='ltr'><strong>et</strong></span> <span class='ocrx_word' id='word_1_545' title='bbox 520 4766 867 4833; x_wconf 84' lang='lat' dir='ltr'><strong>reprobatio-</strong></span> 
     </span>
    </p>
   </div>
   <div class='ocr_carea' id='block_1_114' title="bbox 49 4830 1754 4905">
    <p class='ocr_par' dir='ltr' id='par_1_114' title="bbox 49 4830 1754 4905">
     <span class='ocr_line' id='line_1_115' title="bbox 49 4830 1754 4905; baseline -0.003 -16"><span class='ocrx_word' id='word_1_546' title='bbox 49 4851 178 4889; x_wconf 86' lang='lat' dir='ltr'><strong>nem</strong></span> <span class='ocrx_word' id='word_1_547' title='bbox 207 4851 311 4889; x_wconf 89' lang='lat' dir='ltr'><strong>non</strong></span> <span class='ocrx_word' id='word_1_548' title='bbox 355 4840 471 4889; x_wconf 87' lang='lat' dir='ltr'><strong>sine</strong></span> <span class='ocrx_word' id='word_1_549' title='bbox 516 4830 723 4905; x_wconf 62' lang='lat' dir='ltr'><strong>praevia</strong></span> <span class='ocrx_word' id='word_1_550' title='bbox 754 4837 852 4888; x_wconf 89' lang='lat' dir='ltr'><strong>illa</strong></span> <span class='ocrx_word' id='word_1_551' title='bbox 881 4835 1128 4899; x_wconf 88' lang='lat' dir='ltr'><strong>scientia,</strong></span> <span class='ocrx_word' id='word_1_552' title='bbox 1185 4832 1485 4901; x_wconf 80' lang='lat' dir='ltr'><strong>habituque</strong></span> <span class='ocrx_word' id='word_1_553' title='bbox 1515 4830 1754 4886; x_wconf 80' lang='lat' dir='ltr'><strong>conside-</strong></span> 
     </span>
    </p>
   </div>
   <div class='ocr_carea' id='block_1_115' title="bbox 46 4906 1203 4971">
    <p class='ocr_par' dir='ltr' id='par_1_115' title="bbox 46 4906 1203 4971">
     <span class='ocr_line' id='line_1_116' title="bbox 46 4906 1203 4971; baseline -0.003 -10"><span class='ocrx_word' id='word_1_554' title='bbox 46 4909 268 4961; x_wconf 82' lang='lat' dir='ltr'><strong>ratione</strong></span> <span class='ocrx_word' id='word_1_555' title='bbox 294 4922 423 4961; x_wconf 86' lang='lat' dir='ltr'><strong>usus</strong></span> <span class='ocrx_word' id='word_1_556' title='bbox 449 4906 608 4961; x_wconf 81' lang='lat' dir='ltr'><strong>liberi</strong></span> <span class='ocrx_word' id='word_1_557' title='bbox 627 4908 849 4959; x_wconf 87' lang='lat' dir='ltr'><strong>arbitrii</strong></span> <span class='ocrx_word' id='word_1_558' title='bbox 871 4907 1070 4971; x_wconf 87' lang='lat' dir='ltr'><strong>futuri,</strong></span> <span class='ocrx_word' id='word_1_559' title='bbox 1096 4908 1203 4958; x_wconf 91' lang='lat' dir='ltr'><strong>etc.</strong></span> 
     </span>
    </p>
   </div>
   <div class='ocr_carea' id='block_1_116' title="bbox 480 4992 1307 5050">
    <p class='ocr_par' dir='ltr' id='par_1_116' title="bbox 480 4992 1307 5050">
     <span class='ocr_line' id='line_1_117' title="bbox 480 4992 1307 5050; baseline -0.005 0"><span class='ocrx_word' id='word_1_560' title='bbox 480 4995 567 5050; x_wconf 64' lang='lat' dir='ltr'><strong>&#39;S.</strong></span> <span class='ocrx_word' id='word_1_561' title='bbox 604 4992 1060 5050; x_wconf 62' lang='lat' dir='ltr'><strong>C(I‘ILESTINUS</strong></span> <span class='ocrx_word' id='word_1_562' title='bbox 1102 4993 1307 5047; x_wconf 87' lang='lat' dir='ltr'><strong>PAPA.</strong></span> 
     </span>
    </p>
   </div>
   <div class='ocr_carea' id='block_1_117' title="bbox 128 5079 1755 5155">
    <p class='ocr_par' dir='ltr' id='par_1_117' title="bbox 128 5079 1755 5155">
     <span class='ocr_line' id='line_1_118' title="bbox 128 5079 1755 5155; baseline -0.003 -18"><span class='ocrx_word' id='word_1_563' title='bbox 128 5083 397 5154; x_wconf 87' lang='lat' dir='ltr'><strong>Legimus</strong></span> <span class='ocrx_word' id='word_1_564' title='bbox 426 5099 598 5155; x_wconf 87' lang='lat' dir='ltr'><strong>supra</strong></span> <span class='ocrx_word' id='word_1_565' title='bbox 653 5086 979 5150; x_wconf 87' lang='lat' dir='ltr'><strong>magistrum</strong></span> <span class='ocrx_word' id='word_1_566' title='bbox 1050 5097 1157 5136; x_wconf 88' lang='lat' dir='ltr'><strong>non</strong></span> <span class='ocrx_word' id='word_1_567' title='bbox 1236 5095 1347 5136; x_wconf 88' lang='lat' dir='ltr'><strong>esse</strong></span> <span class='ocrx_word' id='word_1_568' title='bbox 1405 5079 1755 5149; x_wconf 87' lang='lat' dir='ltr'><strong>discipulum,</strong></span> 
     </span>
    </p>
   </div>
   <div class='ocr_carea' id='block_1_118' title="bbox 1874 3074 3569 3201">
    <p class='ocr_par' dir='ltr' id='par_1_118' title="bbox 1874 3074 3569 3201">
     <span class='ocr_line' id='line_1_119' title="bbox 1874 3074 3569 3201; baseline 0.002 -73"><span class='ocrx_word' id='word_1_569' title='bbox 1874 3091 2060 3201; x_wconf 81' lang='lat' dir='ltr'><strong>quam5</strong></span> <span class='ocrx_word' id='word_1_570' title='bbox 2110 3074 2416 3130; x_wconf 88' lang='lat' dir='ltr'><strong>audieratis</strong></span> <span class='ocrx_word' id='word_1_571' title='bbox 2470 3074 2686 3130; x_wconf 86' lang='lat' dir='ltr'><strong>audite.</strong></span> <span class='ocrx_word' id='word_1_572' title='bbox 2749 3075 2868 3130; x_wconf 88' lang='lat' dir='ltr'><strong>Lib.</strong></span> <span class='ocrx_word' id='word_1_573' title='bbox 2946 3091 2985 3128; x_wconf 81' lang='grc' dir='ltr'><strong>ιι</strong></span> <span class='ocrx_word' id='word_1_574' title='bbox 3038 3074 3104 3129; x_wconf 90' lang='lat' dir='ltr'><strong>de</strong></span> <span class='ocrx_word' id='word_1_575' title='bbox 3146 3074 3297 3145; x_wconf 84' lang='lat' dir='ltr'><strong>Orig.</strong></span> <span class='ocrx_word' id='word_1_576' title='bbox 3349 3078 3569 3143; x_wconf 72' lang='lat' dir='ltr'><strong>anim,</strong></span> 
     </span>
     <span class='ocr_line' id='line_1_120' title="bbox 1874 3163 2082 3201; baseline 0.005 -1"><span class='ocrx_word' id='word_1_577' title='bbox 1874 3163 1994 3201; x_wconf 80' lang='lat' dir='ltr'><strong>can.</strong></span> <span class='ocrx_word' id='word_1_578' title='bbox 2070 3189 2082 3201; x_wconf 95' lang='lat'><strong>.</strong></span> 
     </span>
    </p>
   </div>
   <div class='ocr_carea' id='block_1_119' title="bbox 1873 3163 2082 3215">
    <p class='ocr_par' dir='ltr' id='par_1_119' title="bbox 1873 3163 2082 3215">
     <span class='ocr_line' id='line_1_121' title="bbox 1873 3163 2082 3215; baseline 0.005 -15"><span class='ocrx_word' id='word_1_579' title='bbox 1873 3163 1994 3215; x_wconf 89' lang='lat' dir='ltr'><strong>cap.</strong></span> <span class='ocrx_word' id='word_1_580' title='bbox 2030 3163 2082 3201; x_wconf 72' lang='grc' dir='ltr'><strong>ὃ.</strong></span> 
     </span>
    </p>
   </div>
   <div class='ocr_carea' id='block_1_120' title="bbox 2524 3234 2953 3290">
    <p class='ocr_par' dir='ltr' id='par_1_120' title="bbox 2524 3234 2953 3290">
     <span class='ocr_line' id='line_1_122' title="bbox 2524 3234 2953 3290; baseline 0.007 -3"><span class='ocrx_word' id='word_1_581' title='bbox 2524 3234 2578 3288; x_wconf 92' lang='lat' dir='ltr'><strong>S.</strong></span> <span class='ocrx_word' id='word_1_582' title='bbox 2612 3234 2953 3290; x_wconf 83' lang='lat' dir='ltr'><strong>PROSPER.</strong></span> 
     </span>
    </p>
   </div>
   <div class='ocr_carea' id='block_1_121' title="bbox 1941 3321 3565 3393">
    <p class='ocr_par' dir='ltr' id='par_1_121' title="bbox 1941 3321 3565 3393">
     <span class='ocr_line' id='line_1_123' title="bbox 1941 3321 3565 3393; baseline 0.001 -17"><span class='ocrx_word' id='word_1_583' title='bbox 1941 3324 2076 3377; x_wconf 90' lang='lat' dir='ltr'><strong>Ecce</strong></span> <span class='ocrx_word' id='word_1_584' title='bbox 2103 3323 2256 3377; x_wconf 88' lang='lat' dir='ltr'><strong>salva</strong></span> <span class='ocrx_word' id='word_1_585' title='bbox 2301 3322 2597 3377; x_wconf 87' lang='lat' dir='ltr'><strong>catholicae</strong></span> <span class='ocrx_word' id='word_1_586' title='bbox 2627 3339 2765 3393; x_wconf 89' lang='lat' dir='ltr'><strong>pace</strong></span> <span class='ocrx_word' id='word_1_587' title='bbox 2796 3321 3066 3389; x_wconf 68' lang='lat' dir='ltr'><strong>victoriae,</strong></span> <span class='ocrx_word' id='word_1_588' title='bbox 3099 3322 3253 3376; x_wconf 86' lang='lat' dir='ltr'><strong>salva</strong></span> <span class='ocrx_word' id='word_1_589' title='bbox 3307 3321 3565 3377; x_wconf 89' lang='lat' dir='ltr'><strong>indisso-</strong></span> 
     </span>
    </p>
   </div>
   <div class='ocr_carea' id='block_1_122' title="bbox 1872 3410 3575 3482">
    <p class='ocr_par' dir='ltr' id='par_1_122' title="bbox 1872 3410 3575 3482">
     <span class='ocr_line' id='line_1_124' title="bbox 1872 3410 3575 3482; baseline 0.001 -17"><span class='ocrx_word' id='word_1_590' title='bbox 1872 3412 2137 3466; x_wconf 89' lang='lat' dir='ltr'><strong>lubilium</strong></span> <span class='ocrx_word' id='word_1_591' title='bbox 2167 3411 2483 3466; x_wconf 88' lang='lat' dir='ltr'><strong>reverentia</strong></span> <span class='ocrx_word' id='word_1_592' title='bbox 2512 3411 2873 3465; x_wconf 89' lang='lat' dir='ltr'><strong>decretorum</strong></span> <span class='ocrx_word' id='word_1_593' title='bbox 2915 3410 3098 3481; x_wconf 88' lang='lat' dir='ltr'><strong>parati</strong></span> <span class='ocrx_word' id='word_1_594' title='bbox 3127 3428 3324 3465; x_wconf 89' lang='lat' dir='ltr'><strong>sumus</strong></span> <span class='ocrx_word' id='word_1_595' title='bbox 3372 3417 3575 3482; x_wconf 87' lang='lat' dir='ltr'><strong>patro-</strong></span> 
     </span>
    </p>
   </div>
   <div class='ocr_carea' id='block_1_123' title="bbox 1870 3499 3570 3566">
    <p class='ocr_par' dir='ltr' id='par_1_123' title="bbox 1870 3499 3570 3566">
     <span class='ocr_line' id='line_1_125' title="bbox 1870 3499 3570 3566; baseline 0 -12"><span class='ocrx_word' id='word_1_596' title='bbox 1870 3517 1976 3555; x_wconf 86' lang='lat' dir='ltr'><strong>nos</strong></span> <span class='ocrx_word' id='word_1_597' title='bbox 2002 3500 2275 3555; x_wconf 74' lang='lat' dir='ltr'><strong>doctrinse</strong></span> <span class='ocrx_word' id='word_1_598' title='bbox 2308 3499 2716 3554; x_wconf 89' lang='lat' dir='ltr'><strong>emendatioris</strong></span> <span class='ocrx_word' id='word_1_599' title='bbox 2754 3500 2974 3566; x_wconf 82' lang='lat' dir='ltr'><strong>audire,</strong></span> <span class='ocrx_word' id='word_1_600' title='bbox 3010 3505 3065 3554; x_wconf 89' lang='lat' dir='ltr'><strong>et</strong></span> <span class='ocrx_word' id='word_1_601' title='bbox 3094 3500 3458 3555; x_wconf 89' lang='lat' dir='ltr'><strong>circumcisas</strong></span> <span class='ocrx_word' id='word_1_602' title='bbox 3502 3501 3570 3554; x_wconf 90' lang='lat' dir='ltr'><strong>ab</strong></span> 
     </span>
    </p>
   </div>
   <div class='ocr_carea' id='block_1_124' title="bbox 1871 3588 3574 3660">
    <p class='ocr_par' dir='ltr' id='par_1_124' title="bbox 1871 3588 3574 3660">
     <span class='ocr_line' id='line_1_126' title="bbox 1871 3588 3574 3660; baseline -0.001 -17"><span class='ocrx_word' id='word_1_603' title='bbox 1871 3589 2030 3643; x_wconf 89' lang='lat' dir='ltr'><strong>omni</strong></span> <span class='ocrx_word' id='word_1_604' title='bbox 2056 3605 2247 3643; x_wconf 90' lang='lat' dir='ltr'><strong>errore</strong></span> <span class='ocrx_word' id='word_1_605' title='bbox 2278 3589 2457 3642; x_wconf 88' lang='lat' dir='ltr'><strong>lineas</strong></span> <span class='ocrx_word' id='word_1_606' title='bbox 2486 3588 2870 3643; x_wconf 63' lang='lat' dir='ltr'><strong>subtilissimae</strong></span> <span class='ocrx_word' id='word_1_607' title='bbox 2898 3588 3258 3642; x_wconf 89' lang='lat' dir='ltr'><strong>discretionis</strong></span> <span class='ocrx_word' id='word_1_608' title='bbox 3299 3605 3574 3660; x_wconf 88' lang='lat' dir='ltr'><strong>agnosce-</strong></span> 
     </span>
    </p>
   </div>
   <div class='ocr_carea' id='block_1_125' title="bbox 1870 3677 3577 3747">
    <p class='ocr_par' dir='ltr' id='par_1_125' title="bbox 1870 3677 3577 3747">
     <span class='ocr_line' id='line_1_127' title="bbox 1870 3677 3577 3747; baseline 0.001 -17"><span class='ocrx_word' id='word_1_609' title='bbox 1870 3693 1952 3731; x_wconf 91' lang='lat' dir='ltr'><strong>re.</strong></span> <span class='ocrx_word' id='word_1_610' title='bbox 2013 3678 2401 3733; x_wconf 90' lang='lat' dir='ltr'><strong>Constituatur</strong></span> <span class='ocrx_word' id='word_1_611' title='bbox 2429 3677 2489 3731; x_wconf 93' lang='lat' dir='ltr'><strong>in</strong></span> <span class='ocrx_word' id='word_1_612' title='bbox 2539 3677 2747 3741; x_wconf 89' lang='lat' dir='ltr'><strong>medio,</strong></span> <span class='ocrx_word' id='word_1_613' title='bbox 2808 3678 2961 3747; x_wconf 93' lang='lat' dir='ltr'><strong>quod</strong></span> <span class='ocrx_word' id='word_1_614' title='bbox 3020 3678 3088 3731; x_wconf 91' lang='lat' dir='ltr'><strong>de</strong></span> <span class='ocrx_word' id='word_1_615' title='bbox 3134 3677 3291 3731; x_wconf 86' lang='lat' dir='ltr'><strong>novis</strong></span> <span class='ocrx_word' id='word_1_616' title='bbox 3342 3678 3577 3732; x_wconf 89' lang='lat' dir='ltr'><strong>emersit</strong></span> 
     </span>
    </p>
   </div>
   <div class='ocr_carea' id='block_1_126' title="bbox 1870 3766 3601 3838">
    <p class='ocr_par' dir='ltr' id='par_1_126' title="bbox 1870 3766 3601 3838">
     <span class='ocr_line' id='line_1_128' title="bbox 1870 3766 3601 3838; baseline 0.001 -18"><span class='ocrx_word' id='word_1_617' title='bbox 1870 3767 2135 3838; x_wconf 87' lang='lat' dir='ltr'><strong>ingeniis.</strong></span> <span class='ocrx_word' id='word_1_618' title='bbox 2169 3769 2331 3821; x_wconf 84' lang='lat' dir='ltr'><strong>Initio</strong></span> <span class='ocrx_word' id='word_1_619' title='bbox 2361 3766 2492 3820; x_wconf 84' lang='lat' dir='ltr'><strong>libri</strong></span> <span class='ocrx_word' id='word_1_620' title='bbox 2519 3771 2707 3821; x_wconf 84' lang='lat' dir='ltr'><strong>contra</strong></span> <span class='ocrx_word' id='word_1_621' title='bbox 2762 3766 3078 3821; x_wconf 87' lang='lat' dir='ltr'><strong>Collatorem</strong></span> <span class='ocrx_word' id='word_1_622' title='bbox 3131 3768 3309 3821; x_wconf 89' lang='lat' dir='ltr'><strong>sancti</strong></span> <span class='ocrx_word' id='word_1_623' title='bbox 3364 3768 3601 3833; x_wconf 22' lang='lat' dir='ltr'><strong>Augu—A</strong></span> 
     </span>
    </p>
   </div>
   <div class='ocr_carea' id='block_1_127' title="bbox 1868 3856 2743 3978">
    <p class='ocr_par' dir='ltr' id='par_1_127' title="bbox 1868 3856 2743 3978">
     <span class='ocr_line' id='line_1_129' title="bbox 1868 3856 2743 3978; baseline -0.003 -68"><span class='ocrx_word' id='word_1_624' title='bbox 1868 3858 2005 3917; x_wconf 74' lang='lat' dir='ltr'><strong>stini</strong></span> <span class='ocrx_word' id='word_1_625' title='bbox 2022 3856 2479 3925; x_wconf 86' lang='lat' dir='ltr'><strong>reprehensorem.</strong></span> <span class='ocrx_word' id='word_1_626' title='bbox 2674 3924 2743 3978; x_wconf 71' lang='lat' dir='ltr'><strong>VI</strong></span> 
     </span>
    </p>
   </div>
   <div class='ocr_carea' id='block_1_128' title="bbox 2152 3988 3354 4049">
    <p class='ocr_par' dir='ltr' id='par_1_128' title="bbox 2152 3988 3354 4049">
     <span class='ocr_line' id='line_1_130' title="bbox 2152 3988 3354 4049; baseline -0.002 -1"><span class='ocrx_word' id='word_1_627' title='bbox 2152 3988 2457 4049; x_wconf 57' lang='lat' dir='ltr'><strong>censosas.’</strong></span> <span class='ocrx_word' id='word_1_628' title='bbox 2922 4010 2965 4049; x_wconf 93' lang='lat' dir='ltr'><strong>s.</strong></span> <span class='ocrx_word' id='word_1_629' title='bbox 2994 4009 3354 4048; x_wconf 81' lang='lat' dir='ltr'><strong>AUGUSTINUS.</strong></span> 
     </span>
    </p>
   </div>
   <div class='ocr_carea' id='block_1_129' title="bbox 1941 4080 3570 4154">
    <p class='ocr_par' dir='ltr' id='par_1_129' title="bbox 1941 4080 3570 4154">
     <span class='ocr_line' id='line_1_131' title="bbox 1941 4080 3570 4154; baseline -0.001 -17"><span class='ocrx_word' id='word_1_630' title='bbox 1941 4085 2047 4154; x_wconf 81' lang='lat' dir='ltr'><strong>Qui</strong></span> <span class='ocrx_word' id='word_1_631' title='bbox 2114 4099 2379 4137; x_wconf 85' lang='lat' dir='ltr'><strong>novarum</strong></span> <span class='ocrx_word' id='word_1_632' title='bbox 2464 4083 2677 4137; x_wconf 86' lang='lat' dir='ltr'><strong>solutio-</strong></span> <span class='ocrx_word' id='word_1_633' title='bbox 2821 4082 3018 4154; x_wconf 88' lang='lat' dir='ltr'><strong>Melius</strong></span> <span class='ocrx_word' id='word_1_634' title='bbox 3084 4085 3373 4151; x_wconf 85' lang='lat' dir='ltr'><strong>exponant</strong></span> <span class='ocrx_word' id='word_1_635' title='bbox 3462 4080 3570 4135; x_wconf 89' lang='lat' dir='ltr'><strong>ista</strong></span> 
     </span>
    </p>
   </div>
   <div class='ocr_carea' id='block_1_130' title="bbox 1865 4153 3569 4224">
    <p class='ocr_par' dir='ltr' id='par_1_130' title="bbox 1865 4153 3569 4224">
     <span class='ocr_line' id='line_1_132' title="bbox 1865 4153 3569 4224; baseline -0.001 -16"><span class='ocrx_word' id='word_1_636' title='bbox 1865 4153 1995 4208; x_wconf 87' lang='lat' dir='ltr'><strong>num</strong></span> <span class='ocrx_word' id='word_1_637' title='bbox 2048 4156 2405 4207; x_wconf 87' lang='lat' dir='ltr'><strong>inventionem</strong></span> <span class='ocrx_word' id='word_1_638' title='bbox 2478 4157 2678 4222; x_wconf 86' lang='lat' dir='ltr'><strong>putant</strong></span> <span class='ocrx_word' id='word_1_639' title='bbox 2750 4153 3038 4217; x_wconf 90' lang='lat' dir='ltr'><strong>meliores,</strong></span> <span class='ocrx_word' id='word_1_640' title='bbox 3068 4169 3180 4205; x_wconf 90' lang='lat' dir='ltr'><strong>non</strong></span> <span class='ocrx_word' id='word_1_641' title='bbox 3206 4153 3295 4206; x_wconf 88' lang='lat' dir='ltr'><strong>isti</strong></span> <span class='ocrx_word' id='word_1_642' title='bbox 3321 4168 3569 4224; x_wconf 88' lang='lat' dir='ltr'><strong>quorum</strong></span> 
     </span>
    </p>
   </div>
   <div class='ocr_carea' id='block_1_131' title="bbox 1866 4224 3567 4294">
    <p class='ocr_par' dir='ltr' id='par_1_131' title="bbox 1866 4224 3567 4294">
     <span class='ocr_line' id='line_1_133' title="bbox 1866 4224 3567 4294; baseline -0.001 -15"><span class='ocrx_word' id='word_1_643' title='bbox 1866 4228 2194 4294; x_wconf 84' lang='lat' dir='ltr'><strong>injuriosam</strong></span> <span class='ocrx_word' id='word_1_644' title='bbox 2218 4236 2329 4278; x_wconf 87' lang='lat' dir='ltr'><strong>esse</strong></span> <span class='ocrx_word' id='word_1_645' title='bbox 2348 4225 2673 4291; x_wconf 85' lang='lat' dir='ltr'><strong>Augustino,</strong></span> <span class='ocrx_word' id='word_1_646' title='bbox 2751 4224 2881 4277; x_wconf 88' lang='lat' dir='ltr'><strong>novi</strong></span> <span class='ocrx_word' id='word_1_647' title='bbox 2929 4224 3049 4292; x_wconf 87' lang='lat' dir='ltr'><strong>jam</strong></span> <span class='ocrx_word' id='word_1_648' title='bbox 3090 4224 3430 4277; x_wconf 88' lang='lat' dir='ltr'><strong>sententiam</strong></span> <span class='ocrx_word' id='word_1_649' title='bbox 3479 4239 3567 4277; x_wconf 90' lang='lat' dir='ltr'><strong>re-</strong></span> 
     </span>
    </p>
   </div>
   <div class='ocr_carea' id='block_1_132' title="bbox 1868 4294 3570 4365">
    <p class='ocr_par' dir='ltr' id='par_1_132' title="bbox 1868 4294 3570 4365">
     <span class='ocr_line' id='line_1_134' title="bbox 1868 4294 3570 4365; baseline -0.002 -15"><span class='ocrx_word' id='word_1_650' title='bbox 1868 4297 2010 4350; x_wconf 81' lang='lat' dir='ltr'><strong>idem</strong></span> <span class='ocrx_word' id='word_1_651' title='bbox 2039 4298 2177 4350; x_wconf 88' lang='lat' dir='ltr'><strong>mihi</strong></span> <span class='ocrx_word' id='word_1_652' title='bbox 2199 4298 2380 4362; x_wconf 87' lang='lat' dir='ltr'><strong>facere</strong></span> <span class='ocrx_word' id='word_1_653' title='bbox 2406 4294 2682 4363; x_wconf 82' lang='lat' dir='ltr'><strong>videntur,</strong></span> <span class='ocrx_word' id='word_1_654' title='bbox 2758 4294 3134 4365; x_wconf 88' lang='lat' dir='ltr'><strong>probandam,</strong></span> <span class='ocrx_word' id='word_1_655' title='bbox 3199 4295 3297 4348; x_wconf 92' lang='lat' dir='ltr'><strong>sed</strong></span> <span class='ocrx_word' id='word_1_656' title='bbox 3329 4295 3424 4348; x_wconf 89' lang='lat' dir='ltr'><strong>alii</strong></span> <span class='ocrx_word' id='word_1_657' title='bbox 3471 4294 3570 4364; x_wconf 90' lang='lat' dir='ltr'><strong>qui</strong></span> 
     </span>
    </p>
   </div>
   <div class='ocr_carea' id='block_1_133' title="bbox 1788 4364 3566 4435">
    <p class='ocr_par' dir='ltr' id='par_1_133' title="bbox 1788 4364 3566 4435">
     <span class='ocr_line' id='line_1_135' title="bbox 1788 4364 3566 4435; baseline -0.001 -14"><span class='ocrx_word' id='word_1_658' title='bbox 1788 4367 1831 4421; x_wconf 92' lang='lat' dir='ltr'><strong>D</strong></span> <span class='ocrx_word' id='word_1_659' title='bbox 1869 4368 2013 4435; x_wconf 89' lang='lat' dir='ltr'><strong>quod</strong></span> <span class='ocrx_word' id='word_1_660' title='bbox 2045 4369 2129 4421; x_wconf 88' lang='lat' dir='ltr'><strong>illi</strong></span> <span class='ocrx_word' id='word_1_661' title='bbox 2179 4369 2276 4434; x_wconf 88' lang='lat' dir='ltr'><strong>qui</strong></span> <span class='ocrx_word' id='word_1_662' title='bbox 2327 4368 2442 4420; x_wconf 88' lang='lat' dir='ltr'><strong>sine</strong></span> <span class='ocrx_word' id='word_1_663' title='bbox 2483 4364 2683 4434; x_wconf 85' lang='lat' dir='ltr'><strong>Scipio-</strong></span> <span class='ocrx_word' id='word_1_664' title='bbox 2757 4364 3030 4420; x_wconf 77' lang='lat' dir='ltr'><strong>veraciter</strong></span> <span class='ocrx_word' id='word_1_665' title='bbox 3084 4370 3337 4435; x_wconf 87' lang='lat' dir='ltr'><strong>possunt.</strong></span> <span class='ocrx_word' id='word_1_666' title='bbox 3388 4368 3566 4433; x_wconf 89' lang='lat' dir='ltr'><strong>Epist.</strong></span> 
     </span>
    </p>
   </div>
   <div class='ocr_carea' id='block_1_134' title="bbox 1867 4436 3571 4507">
    <p class='ocr_par' dir='ltr' id='par_1_134' title="bbox 1867 4436 3571 4507">
     <span class='ocr_line' id='line_1_136' title="bbox 1867 4436 3571 4507; baseline -0.001 -15"><span class='ocrx_word' id='word_1_667' title='bbox 1867 4455 1996 4492; x_wconf 87' lang='lat' dir='ltr'><strong>num</strong></span> <span class='ocrx_word' id='word_1_668' title='bbox 2051 4443 2101 4491; x_wconf 86' lang='lat' dir='ltr'><strong>et</strong></span> <span class='ocrx_word' id='word_1_669' title='bbox 2148 4439 2428 4491; x_wconf 65' lang='lat' dir='ltr'><strong>Cwsarum</strong></span> <span class='ocrx_word' id='word_1_670' title='bbox 2469 4438 2682 4507; x_wconf 82' lang='lat' dir='ltr'><strong>injuria</strong></span> <span class='ocrx_word' id='word_1_671' title='bbox 2754 4440 2821 4492; x_wconf 87' lang='lat'><strong>89</strong></span> <span class='ocrx_word' id='word_1_672' title='bbox 2902 4436 2975 4489; x_wconf 87' lang='lat' dir='ltr'><strong>ad</strong></span> <span class='ocrx_word' id='word_1_673' title='bbox 3051 4438 3327 4491; x_wconf 86' lang='lat' dir='ltr'><strong>Hilarium</strong></span> <span class='ocrx_word' id='word_1_674' title='bbox 3381 4442 3571 4491; x_wconf 86' lang='lat' dir='ltr'><strong>contra</strong></span> 
     </span>
    </p>
   </div>
   <div class='ocr_carea' id='block_1_135' title="bbox 1868 4508 3094 4579">
    <p class='ocr_par' dir='ltr' id='par_1_135' title="bbox 1868 4508 3094 4579">
     <span class='ocr_line' id='line_1_137' title="bbox 1868 4508 3094 4579; baseline 0.001 -17"><span class='ocrx_word' id='word_1_675' title='bbox 1868 4510 1985 4564; x_wconf 86' lang='lat' dir='ltr'><strong>dici</strong></span> <span class='ocrx_word' id='word_1_676' title='bbox 2018 4524 2174 4579; x_wconf 84' lang='lat' dir='ltr'><strong>posse</strong></span> <span class='ocrx_word' id='word_1_677' title='bbox 2235 4513 2515 4578; x_wconf 88' lang='lat' dir='ltr'><strong>negarent,</strong></span> <span class='ocrx_word' id='word_1_678' title='bbox 2573 4522 2682 4561; x_wconf 91' lang='lat' dir='ltr'><strong>esse</strong></span> <span class='ocrx_word' id='word_1_679' title='bbox 2753 4508 3094 4575; x_wconf 88' lang='lat' dir='ltr'><strong>Pelagianos.</strong></span> 
     </span>
    </p>
   </div>
   <div class='ocr_carea' id='block_1_136' title="bbox 1860 4579 2682 4649">
    <p class='ocr_par' dir='ltr' id='par_1_136' title="bbox 1860 4579 2682 4649">
     <span class='ocr_line' id='line_1_138' title="bbox 1860 4579 2682 4649; baseline -0.002 -15"><span class='ocrx_word' id='word_1_680' title='bbox 1860 4580 1982 4649; x_wconf 87' lang='lat' dir='ltr'><strong>jam</strong></span> <span class='ocrx_word' id='word_1_681' title='bbox 2083 4582 2252 4634; x_wconf 89' lang='lat' dir='ltr'><strong>aliam</strong></span> <span class='ocrx_word' id='word_1_682' title='bbox 2352 4579 2682 4633; x_wconf 79' lang='lat' dir='ltr'><strong>instruendae</strong></span> 
     </span>
    </p>
   </div>
   <div class='ocr_carea' id='block_1_137' title="bbox 1867 4649 3568 4776">
    <p class='ocr_par' dir='ltr' id='par_1_137' title="bbox 1867 4649 3568 4776">
     <span class='ocr_line' id='line_1_139' title="bbox 1867 4649 3568 4776; baseline -0.001 -72"><span class='ocrx_word' id='word_1_683' title='bbox 1867 4653 2004 4776; x_wconf 57' lang='lat' dir='ltr'><strong>pciei</strong></span> <span class='ocrx_word' id='word_1_684' title='bbox 2030 4655 2314 4717; x_wconf 84' lang='lat' dir='ltr'><strong>rationem,</strong></span> <span class='ocrx_word' id='word_1_685' title='bbox 2345 4666 2508 4719; x_wconf 89' lang='lat' dir='ltr'><strong>quam</strong></span> <span class='ocrx_word' id='word_1_686' title='bbox 2544 4652 2655 4717; x_wconf 87' lang='lat' dir='ltr'><strong>fuit</strong></span> <span class='ocrx_word' id='word_1_687' title='bbox 2686 4653 2917 4719; x_wconf 87' lang='lat' dir='ltr'><strong>tempore</strong></span> <span class='ocrx_word' id='word_1_688' title='bbox 2948 4649 3254 4716; x_wconf 87' lang='lat' dir='ltr'><strong>fundarum</strong></span> <span class='ocrx_word' id='word_1_689' title='bbox 3295 4654 3349 4706; x_wconf 87' lang='lat' dir='ltr'><strong>et</strong></span> <span class='ocrx_word' id='word_1_690' title='bbox 3393 4650 3568 4704; x_wconf 89' lang='lat' dir='ltr'><strong>balis—</strong></span> 
     </span>
     <span class='ocr_line' id='line_1_140' title="bbox 1891 4738 2068 4776; baseline 0 0"><span class='ocrx_word' id='word_1_691' title='bbox 1891 4738 2068 4776; x_wconf 90' lang='lat' dir='ltr'><strong>arum.</strong></span> 
     </span>
    </p>
   </div>
   <div class='ocr_carea' id='block_1_138' title="bbox 1891 4738 2068 4777">
    <p class='ocr_par' dir='ltr' id='par_1_138' title="bbox 1891 4738 2068 4777">
     <span class='ocr_line' id='line_1_141' title="bbox 1891 4738 2068 4777; baseline 0.006 -1"><span class='ocrx_word' id='word_1_692' title='bbox 1891 4738 2068 4777; x_wconf 89' lang='lat' dir='ltr'><strong>arum.</strong></span> 
     </span>
    </p>
   </div>
   <div class='ocr_carea' id='block_1_139' title="bbox 2433 4808 2979 4864">
    <p class='ocr_par' dir='ltr' id='par_1_139' title="bbox 2433 4808 2979 4864">
     <span class='ocr_line' id='line_1_142' title="bbox 2433 4808 2979 4864; baseline 0.002 -1"><span class='ocrx_word' id='word_1_693' title='bbox 2433 4809 2487 4863; x_wconf 91' lang='lat' dir='ltr'><strong>S.</strong></span> <span class='ocrx_word' id='word_1_694' title='bbox 2524 4808 2979 4864; x_wconf 84' lang='lat' dir='ltr'><strong>FULGENTIUS.</strong></span> 
     </span>
    </p>
   </div>
   <div class='ocr_carea' id='block_1_140' title="bbox 1938 4896 3569 4968">
    <p class='ocr_par' dir='ltr' id='par_1_140' title="bbox 1938 4896 3569 4968">
     <span class='ocr_line' id='line_1_143' title="bbox 1938 4896 3569 4968; baseline -0.004 -16"><span class='ocrx_word' id='word_1_695' title='bbox 1938 4897 2181 4952; x_wconf 90' lang='lat' dir='ltr'><strong>Proinde</strong></span> <span class='ocrx_word' id='word_1_696' title='bbox 2211 4902 2559 4952; x_wconf 87' lang='lat' dir='ltr'><strong>memoratus</strong></span> <span class='ocrx_word' id='word_1_697' title='bbox 2601 4898 2698 4951; x_wconf 87' lang='lat' dir='ltr'><strong>Dei</strong></span> <span class='ocrx_word' id='word_1_698' title='bbox 2732 4898 2983 4968; x_wconf 86' lang='lat' dir='ltr'><strong>pontifex</strong></span> <span class='ocrx_word' id='word_1_699' title='bbox 3032 4896 3383 4968; x_wconf 83' lang='lat' dir='ltr'><strong>Augustinus</strong></span> <span class='ocrx_word' id='word_1_700' title='bbox 3438 4898 3569 4947; x_wconf 86' lang='lat' dir='ltr'><strong>tur-</strong></span> 
     </span>
    </p>
   </div>
   <div class='ocr_carea' id='block_1_141' title="bbox 1875 4981 3572 5057">
    <p class='ocr_par' dir='ltr' id='par_1_141' title="bbox 1875 4981 3572 5057">
     <span class='ocr_line' id='line_1_144' title="bbox 1875 4981 3572 5057; baseline -0.004 -17"><span class='ocrx_word' id='word_1_701' title='bbox 1875 4986 1987 5042; x_wconf 87' lang='lat' dir='ltr'><strong>rim</strong></span> <span class='ocrx_word' id='word_1_702' title='bbox 2053 4986 2408 5040; x_wconf 86' lang='lat' dir='ltr'><strong>fortitudinis</strong></span> <span class='ocrx_word' id='word_1_703' title='bbox 2449 4985 2634 5057; x_wconf 89' lang='lat' dir='ltr'><strong>ipsam</strong></span> <span class='ocrx_word' id='word_1_704' title='bbox 2688 4986 2927 5056; x_wconf 88' lang='lat' dir='ltr'><strong>gratiam</strong></span> <span class='ocrx_word' id='word_1_705' title='bbox 2984 4990 3203 5049; x_wconf 88' lang='lat' dir='ltr'><strong>tenens,</strong></span> <span class='ocrx_word' id='word_1_706' title='bbox 3264 4988 3320 5036; x_wconf 92' lang='lat' dir='ltr'><strong>et</strong></span> <span class='ocrx_word' id='word_1_707' title='bbox 3370 4981 3572 5035; x_wconf 87' lang='lat' dir='ltr'><strong>exinde</strong></span> 
     </span>
    </p>
   </div>
   <div class='ocr_carea' id='block_1_142' title="bbox 1866 5068 3571 5129">
    <p class='ocr_par' dir='ltr' id='par_1_142' title="bbox 1866 5068 3571 5129">
     <span class='ocr_line' id='line_1_145' title="bbox 1866 5068 3571 5129; baseline -0.004 0"><span class='ocrx_word' id='word_1_708' title='bbox 1866 5080 2069 5129; x_wconf 88' lang='lat' dir='ltr'><strong>cuncta</strong></span> <span class='ocrx_word' id='word_1_709' title='bbox 2136 5074 2433 5128; x_wconf 88' lang='lat' dir='ltr'><strong>hostilium</strong></span> <span class='ocrx_word' id='word_1_710' title='bbox 2499 5074 2957 5128; x_wconf 87' lang='lat' dir='ltr'><strong>machinamenta</strong></span> <span class='ocrx_word' id='word_1_711' title='bbox 3031 5074 3278 5126; x_wconf 88' lang='lat' dir='ltr'><strong>telorum</strong></span> <span class='ocrx_word' id='word_1_712' title='bbox 3328 5068 3571 5123; x_wconf 72' lang='lat' dir='ltr'><strong>cmlestis</strong></span> 
     </span>
    </p>
   </div>
   <div class='ocr_carea' id='block_1_143' title="bbox 44 5158 3570 5243">
    <p class='ocr_par' dir='ltr' id='par_1_143' title="bbox 44 5158 3570 5243">
     <span class='ocr_line' id='line_1_146' title="bbox 44 5158 3570 5243; baseline -0.004 -15"><span class='ocrx_word' id='word_1_713' title='bbox 44 5174 163 5227; x_wconf 87' lang='lat' dir='ltr'><strong>hoc</strong></span> <span class='ocrx_word' id='word_1_714' title='bbox 189 5177 293 5236; x_wconf 88' lang='lat' dir='ltr'><strong>est,</strong></span> <span class='ocrx_word' id='word_1_715' title='bbox 327 5190 441 5227; x_wconf 90' lang='lat' dir='ltr'><strong>non</strong></span> <span class='ocrx_word' id='word_1_716' title='bbox 470 5173 579 5227; x_wconf 89' lang='lat' dir='ltr'><strong>sibi</strong></span> <span class='ocrx_word' id='word_1_717' title='bbox 610 5172 817 5227; x_wconf 88' lang='lat' dir='ltr'><strong>debere</strong></span> <span class='ocrx_word' id='word_1_718' title='bbox 850 5186 1202 5243; x_wconf 90' lang='lat' dir='ltr'><strong>quemquam</strong></span> <span class='ocrx_word' id='word_1_719' title='bbox 1233 5170 1304 5224; x_wconf 91' lang='lat' dir='ltr'><strong>ad</strong></span> <span class='ocrx_word' id='word_1_720' title='bbox 1334 5169 1609 5239; x_wconf 87' lang='lat' dir='ltr'><strong>injuriam</strong></span> <span class='ocrx_word' id='word_1_721' title='bbox 1654 5169 1759 5222; x_wconf 91' lang='lat' dir='ltr'><strong>do-</strong></span> <span class='ocrx_word' id='word_1_722' title='bbox 1860 5164 2171 5235; x_wconf 89' lang='lat' dir='ltr'><strong>juvaminis</strong></span> <span class='ocrx_word' id='word_1_723' title='bbox 2223 5163 2432 5218; x_wconf 90' lang='lat' dir='ltr'><strong>virtute</strong></span> <span class='ocrx_word' id='word_1_724' title='bbox 2486 5163 2869 5234; x_wconf 81' lang='lat' dir='ltr'><strong>confringens,</strong></span> <span class='ocrx_word' id='word_1_725' title='bbox 2916 5177 3030 5214; x_wconf 92' lang='lat' dir='ltr'><strong>non</strong></span> <span class='ocrx_word' id='word_1_726' title='bbox 3087 5162 3270 5214; x_wconf 89' lang='lat' dir='ltr'><strong>solum</strong></span> <span class='ocrx_word' id='word_1_727' title='bbox 3329 5160 3452 5230; x_wconf 90' lang='lat' dir='ltr'><strong>ipse</strong></span> <span class='ocrx_word' id='word_1_728' title='bbox 3498 5158 3570 5213; x_wconf 89' lang='lat' dir='ltr'><strong>de</strong></span> 
     </span>
    </p>
   </div>
   <div class='ocr_carea' id='block_1_144' title="bbox 44 5256 1760 5328">
    <p class='ocr_par' dir='ltr' id='par_1_144' title="bbox 44 5256 1760 5328">
     <span class='ocr_line' id='line_1_147' title="bbox 44 5256 1760 5328; baseline -0.005 -12"><span class='ocrx_word' id='word_1_729' title='bbox 44 5266 274 5316; x_wconf 90' lang='lat' dir='ltr'><strong>ctornm</strong></span> <span class='ocrx_word' id='word_1_730' title='bbox 300 5261 589 5316; x_wconf 88' lang='lat' dir='ltr'><strong>vindicare</strong></span> <span class='ocrx_word' id='word_1_731' title='bbox 642 5262 1004 5316; x_wconf 87' lang='lat' dir='ltr'><strong>doctrinam:</strong></span> <span class='ocrx_word' id='word_1_732' title='bbox 1066 5275 1203 5313; x_wconf 89' lang='lat' dir='ltr'><strong>nam</strong></span> <span class='ocrx_word' id='word_1_733' title='bbox 1255 5263 1309 5312; x_wconf 90' lang='lat' dir='ltr'><strong>et</strong></span> <span class='ocrx_word' id='word_1_734' title='bbox 1366 5258 1472 5311; x_wconf 89' lang='lat' dir='ltr'><strong>hos</strong></span> <span class='ocrx_word' id='word_1_735' title='bbox 1530 5256 1680 5328; x_wconf 91' lang='lat' dir='ltr'><strong>ipsos</strong></span> <span class='ocrx_word' id='word_1_736' title='bbox 1728 5273 1760 5309; x_wconf 90' lang='lat' dir='ltr'><strong>a</strong></span> 
     </span>
    </p>
   </div>
   <div class='ocr_carea' id='block_1_145' title="bbox 46 5345 1755 5423">
    <p class='ocr_par' dir='ltr' id='par_1_145' title="bbox 46 5345 1755 5423">
     <span class='ocr_line' id='line_1_148' title="bbox 46 5345 1755 5423; baseline -0.005 -17"><span class='ocrx_word' id='word_1_737' title='bbox 46 5353 168 5406; x_wconf 91' lang='lat' dir='ltr'><strong>Deo</strong></span> <span class='ocrx_word' id='word_1_738' title='bbox 198 5356 395 5406; x_wconf 89' lang='lat' dir='ltr'><strong>nostro</strong></span> <span class='ocrx_word' id='word_1_739' title='bbox 425 5353 640 5423; x_wconf 90' lang='lat' dir='ltr'><strong>positos</strong></span> <span class='ocrx_word' id='word_1_740' title='bbox 672 5350 937 5405; x_wconf 88' lang='lat' dir='ltr'><strong>novimus</strong></span> <span class='ocrx_word' id='word_1_741' title='bbox 968 5349 1037 5405; x_wconf 88' lang='lat' dir='ltr'><strong>ad</strong></span> <span class='ocrx_word' id='word_1_742' title='bbox 1094 5347 1436 5413; x_wconf 88' lang='lat' dir='ltr'><strong>docendum,</strong></span> <span class='ocrx_word' id='word_1_743' title='bbox 1493 5361 1623 5400; x_wconf 90' lang='lat' dir='ltr'><strong>cum</strong></span> <span class='ocrx_word' id='word_1_744' title='bbox 1662 5345 1755 5413; x_wconf 91' lang='lat' dir='ltr'><strong>sit,</strong></span> 
     </span>
    </p>
   </div>
   <div class='ocr_carea' id='block_1_146' title="bbox 45 5434 1755 5512">
    <p class='ocr_par' dir='ltr' id='par_1_146' title="bbox 45 5434 1755 5512">
     <span class='ocr_line' id='line_1_149' title="bbox 45 5434 1755 5512; baseline -0.005 -16"><span class='ocrx_word' id='word_1_745' title='bbox 45 5441 279 5496; x_wconf 89' lang='lat' dir='ltr'><strong>dicente</strong></span> <span class='ocrx_word' id='word_1_746' title='bbox 307 5443 601 5512; x_wconf 86' lang='lat' dir='ltr'><strong>Apostolo,</strong></span> <span class='ocrx_word' id='word_1_747' title='bbox 649 5440 730 5495; x_wconf 86' lang='lat' dir='ltr'><strong>eis</strong></span> <span class='ocrx_word' id='word_1_748' title='bbox 784 5440 986 5496; x_wconf 68' lang='lat' dir='ltr'><strong>tertius</strong></span> <span class='ocrx_word' id='word_1_749' title='bbox 1042 5440 1200 5494; x_wconf 92' lang='lat' dir='ltr'><strong>locus</strong></span> <span class='ocrx_word' id='word_1_750' title='bbox 1254 5438 1406 5492; x_wconf 89' lang='lat' dir='ltr'><strong>intra</strong></span> <span class='ocrx_word' id='word_1_751' title='bbox 1454 5434 1755 5490; x_wconf 88' lang='lat' dir='ltr'><strong>Ecclesiam</strong></span> 
     </span>
    </p>
   </div>
   <div class='ocr_carea' id='block_1_147' title="bbox 44 5525 1758 5602">
    <p class='ocr_par' dir='ltr' id='par_1_147' title="bbox 44 5525 1758 5602">
     <span class='ocr_line' id='line_1_150' title="bbox 44 5525 1758 5602; baseline -0.004 -17"><span class='ocrx_word' id='word_1_752' title='bbox 44 5530 436 5602; x_wconf 88' lang='lat' dir='ltr'><strong>deputandns.</strong></span> <span class='ocrx_word' id='word_1_753' title='bbox 492 5532 557 5587; x_wconf 90' lang='lat' dir='ltr'><strong>In</strong></span> <span class='ocrx_word' id='word_1_754' title='bbox 606 5531 836 5600; x_wconf 85' lang='lat' dir='ltr'><strong>epistola</strong></span> <span class='ocrx_word' id='word_1_755' title='bbox 889 5528 964 5583; x_wconf 87' lang='lat' dir='ltr'><strong>ad</strong></span> <span class='ocrx_word' id='word_1_756' title='bbox 1010 5530 1283 5598; x_wconf 79' lang='lat' dir='ltr'><strong>episcopos</strong></span> <span class='ocrx_word' id='word_1_757' title='bbox 1333 5525 1524 5583; x_wconf 74' lang='lat' dir='ltr'><strong>Galliae</strong></span> <span class='ocrx_word' id='word_1_758' title='bbox 1570 5526 1758 5580; x_wconf 89' lang='lat' dir='ltr'><strong>contra</strong></span> 
     </span>
    </p>
   </div>
   <div class='ocr_carea' id='block_1_148' title="bbox 43 5617 1504 5687">
    <p class='ocr_par' dir='ltr' id='par_1_148' title="bbox 43 5617 1504 5687">
     <span class='ocr_line' id='line_1_151' title="bbox 43 5617 1504 5687; baseline -0.003 -14"><span class='ocrx_word' id='word_1_759' title='bbox 43 5620 232 5674; x_wconf 87' lang='lat' dir='ltr'><strong>sancti</strong></span> <span class='ocrx_word' id='word_1_760' title='bbox 261 5618 565 5685; x_wconf 82' lang='lat' dir='ltr'><strong>Augustini</strong></span> <span class='ocrx_word' id='word_1_761' title='bbox 591 5617 1006 5673; x_wconf 86' lang='lat' dir='ltr'><strong>calumniatores</strong></span> <span class='ocrx_word' id='word_1_762' title='bbox 1034 5617 1260 5687; x_wconf 86' lang='lat' dir='ltr'><strong>scripta,</strong></span> <span class='ocrx_word' id='word_1_763' title='bbox 1297 5628 1417 5685; x_wconf 88' lang='lat' dir='ltr'><strong>cap.</strong></span> <span class='ocrx_word' id='word_1_764' title='bbox 1453 5617 1504 5670; x_wconf 76' lang='grc' dir='ltr'><strong>ί.</strong></span> 
     </span>
    </p>
   </div>
   <div class='ocr_carea' id='block_1_149' title="bbox 1866 5247 3568 5320">
    <p class='ocr_par' dir='ltr' id='par_1_149' title="bbox 1866 5247 3568 5320">
     <span class='ocr_line' id='line_1_152' title="bbox 1866 5247 3568 5320; baseline -0.005 -12"><span class='ocrx_word' id='word_1_765' title='bbox 1866 5254 2028 5308; x_wconf 89' lang='lat' dir='ltr'><strong>hoste</strong></span> <span class='ocrx_word' id='word_1_766' title='bbox 2083 5252 2380 5306; x_wconf 89' lang='lat' dir='ltr'><strong>victoriam</strong></span> <span class='ocrx_word' id='word_1_767' title='bbox 2428 5252 2679 5306; x_wconf 89' lang='lat' dir='ltr'><strong>referens</strong></span> <span class='ocrx_word' id='word_1_768' title='bbox 2740 5249 3132 5320; x_wconf 87' lang='lat' dir='ltr'><strong>triumphavit,</strong></span> <span class='ocrx_word' id='word_1_769' title='bbox 3192 5248 3334 5320; x_wconf 89' lang='lat' dir='ltr'><strong>quin</strong></span> <span class='ocrx_word' id='word_1_770' title='bbox 3392 5247 3568 5301; x_wconf 90' lang='lat' dir='ltr'><strong>etiam</strong></span> 
     </span>
    </p>
   </div>
   <div class='ocr_carea' id='block_1_150' title="bbox 1865 5336 3568 5415">
    <p class='ocr_par' dir='ltr' id='par_1_150' title="bbox 1865 5336 3568 5415">
     <span class='ocr_line' id='line_1_153' title="bbox 1865 5336 3568 5415; baseline -0.004 -19"><span class='ocrx_word' id='word_1_771' title='bbox 1865 5342 2108 5415; x_wconf 86' lang='lat' dir='ltr'><strong>posteris</strong></span> <span class='ocrx_word' id='word_1_772' title='bbox 2155 5340 2410 5395; x_wconf 89' lang='lat' dir='ltr'><strong>certandi</strong></span> <span class='ocrx_word' id='word_1_773' title='bbox 2467 5346 2525 5395; x_wconf 88' lang='lat' dir='ltr'><strong>et</strong></span> <span class='ocrx_word' id='word_1_774' title='bbox 2578 5339 2842 5395; x_wconf 87' lang='lat' dir='ltr'><strong>vincendi</strong></span> <span class='ocrx_word' id='word_1_775' title='bbox 2899 5338 3183 5405; x_wconf 89' lang='lat' dir='ltr'><strong>ordinem,</strong></span> <span class='ocrx_word' id='word_1_776' title='bbox 3241 5338 3286 5391; x_wconf 89' lang='lat' dir='ltr'><strong>si</strong></span> <span class='ocrx_word' id='word_1_777' title='bbox 3335 5336 3568 5408; x_wconf 87' lang='lat' dir='ltr'><strong>quando</strong></span> 
     </span>
    </p>
   </div>
   <div class='ocr_carea' id='block_1_151' title="bbox 1864 5426 3567 5502">
    <p class='ocr_par' dir='ltr' id='par_1_151' title="bbox 1864 5426 3567 5502">
     <span class='ocr_line' id='line_1_154' title="bbox 1864 5426 3567 5502; baseline -0.004 -17"><span class='ocrx_word' id='word_1_778' title='bbox 1864 5430 2010 5486; x_wconf 86' lang='lat' dir='ltr'><strong>victa</strong></span> <span class='ocrx_word' id='word_1_779' title='bbox 2040 5430 2285 5502; x_wconf 90' lang='lat' dir='ltr'><strong>pravitas</strong></span> <span class='ocrx_word' id='word_1_780' title='bbox 2304 5430 2551 5485; x_wconf 90' lang='lat' dir='ltr'><strong>recidivo</strong></span> <span class='ocrx_word' id='word_1_781' title='bbox 2586 5444 2731 5482; x_wconf 85' lang='lat' dir='ltr'><strong>ausu</strong></span> <span class='ocrx_word' id='word_1_782' title='bbox 2774 5427 3078 5481; x_wconf 85' lang='lat' dir='ltr'><strong>infandum</strong></span> <span class='ocrx_word' id='word_1_783' title='bbox 3119 5431 3290 5498; x_wconf 89' lang='lat' dir='ltr'><strong>caput</strong></span> <span class='ocrx_word' id='word_1_784' title='bbox 3344 5426 3567 5496; x_wconf 87' lang='lat' dir='ltr'><strong>erigere</strong></span> 
     </span>
    </p>
   </div>
   <div class='ocr_carea' id='block_1_152' title="bbox 1864 5515 3569 5586">
    <p class='ocr_par' dir='ltr' id='par_1_152' title="bbox 1864 5515 3569 5586">
     <span class='ocr_line' id='line_1_155' title="bbox 1864 5515 3569 5586; baseline -0.005 -10"><span class='ocrx_word' id='word_1_785' title='bbox 1864 5521 2164 5584; x_wconf 88' lang='lat' dir='ltr'><strong>niteretur,</strong></span> <span class='ocrx_word' id='word_1_786' title='bbox 2224 5519 2489 5575; x_wconf 89' lang='lat' dir='ltr'><strong>ostendit.</strong></span> <span class='ocrx_word' id='word_1_787' title='bbox 2538 5518 2658 5573; x_wconf 88' lang='lat' dir='ltr'><strong>Lib.</strong></span> <span class='ocrx_word' id='word_1_788' title='bbox 2715 5532 2754 5569; x_wconf 80' lang='grc' dir='ltr'>ιι</span> <span class='ocrx_word' id='word_1_789' title='bbox 2821 5515 2888 5571; x_wconf 87' lang='lat' dir='ltr'><strong>de</strong></span> <span class='ocrx_word' id='word_1_790' title='bbox 2938 5517 3183 5573; x_wconf 87' lang='lat' dir='ltr'><strong>Veritate</strong></span> <span class='ocrx_word' id='word_1_791' title='bbox 3199 5516 3457 5586; x_wconf 61' lang='lat' dir='ltr'><strong>predest.</strong></span> <span class='ocrx_word' id='word_1_792' title='bbox 3517 5519 3569 5568; x_wconf 83' lang='lat' dir='ltr'><strong>et</strong></span> 
     </span>
    </p>
   </div>
   <div class='ocr_carea' id='block_1_153' title="bbox 1864 5611 2304 5680">
    <p class='ocr_par' dir='ltr' id='par_1_153' title="bbox 1864 5611 2304 5680">
     <span class='ocr_line' id='line_1_156' title="bbox 1864 5611 2304 5680; baseline -0.002 -15"><span class='ocrx_word' id='word_1_793' title='bbox 1864 5614 2035 5680; x_wconf 88' lang='lat' dir='ltr'><strong>grat.,</strong></span> <span class='ocrx_word' id='word_1_794' title='bbox 2060 5624 2178 5680; x_wconf 86' lang='lat' dir='ltr'><strong>cap.</strong></span> <span class='ocrx_word' id='word_1_795' title='bbox 2216 5611 2304 5664; x_wconf 79' lang='grc'><strong>18.</strong></span> 
     </span>
    </p>
   </div>
  </div>
