1954 3090
174 111 225 137 835

677 105 957 134 SUPPLEMENTUM
977 105 1022 132 AD

571 169 629 196 VII.

313 213 442 233 CENSORES
449 225 456 232 .

206 250 290 278 Absit
301 252 331 277 ut
356 258 403 283 ego
424 249 579 282 Augustino

169 286 381 321 praeponendum
395 285 512 318 aliquem
531 291 579 318 pu-

171 324 224 349 tem
235 321 375 354 eorumqui
383 321 576 351 successerunt,

170 357 218 384 sed
232 365 264 383 ne
276 355 438 390 aequandum
458 354 576 388 quidem.

170 393 209 419 At
230 393 343 418 multum
358 392 468 417 interest
486 392 578 416 utrum

171 427 246 454 dicas
270 427 368 453 collata
387 427 416 452 in
440 433 499 452 eum
523 432 577 451 esse

170 463 288 490 scientiae
302 462 373 488 dona
397 462 473 494 longe
495 461 577 494 plura

171 505 253 532 quam
268 498 380 529 cateris,
404 505 441 523 an
464 497 573 528 omnia;

170 534 234 560 item
275 535 368 559 utrum
414 532 576 559 successuris

171 568 291 596 omnibus
306 569 377 595 citra
400 569 577 601 comparatio-

171 612 231 631 nem
242 605 376 638 pauciora
391 606 499 630 servata
513 610 576 635 esse,

169 648 205 667 an
232 640 318 670 nulla,
359 641 389 665 ut
415 640 515 665 crimen
542 639 578 665 sit

171 675 243 710 quod
251 675 301 702 alii
310 674 420 701 radium
431 681 510 708 quem
515 673 578 700 dam

169 711 260 738 videre
276 718 303 737 se
316 712 416 744 putant
437 718 470 736 ezr
484 710 577 742 Augu-

169 747 237 773 stini
263 746 324 773 Sole
355 753 408 772 non
439 747 574 772 emissum.

171 782 204 809 Et
231 781 322 808 alibi:
362 781 426 813 Quz
452 781 575 814 plerique

170 824 223 843 non
241 817 369 843 videntur
390 817 458 842 satis
476 816 573 842 adver-

699 211 722 230 s.
737 211 910 239 igneus-Imus.

648 248 711 274 Non
740 247 872 282 improbo
900 246 1017 274 humili-

612 284 698 309 tatem
727 286 815 316 tuam,
857 283 916 309 imo
953 291 1018 308 vero

614 318 700 345 etiam
715 318 810 351 laudo,
841 318 917 353 quod
932 317 1019 344 hono-

615 354 683 380 rasti
698 354 843 380 doctorem
858 356 951 386 tuum,
968 362 1019 379 nrc

614 389 772 422 hominem,
819 389 869 416 sed
916 389 1018 424 ipsam,

613 433 678 487 qua:
693 425 746 452 tibi
767 432 819 459 per
834 425 916 465 illum
941 424 1020 464 loqui

633 462 730 487 lunata
750 463 793 487 est
820 462 980 487 veritatem.
997 468 1020 486 sn

633 460 730 495 ignata
750 463 793 487 est
820 460 980 490 veritatem.
997 459 1020 486 si

613 498 710 522 tamen
734 495 863 530 potueris
898 495 1019 522 demon-

612 534 702 557 strare
717 531 786 566 quid
809 538 861 565 per
875 531 958 557 illum
972 539 1019 557 ve-

613 566 703 593 ritatis
734 567 883 602 acceperis.
912 566 1021 593 Vellem

615 602 711 637 itaque
754 601 899 637 rescriptis
953 601 1018 634 tuis,

615 638 683 672 quid
700 640 727 665 te
742 638 880 670 docuerit,
907 645 953 664 me
973 637 1020 664 do-

614 681 692 700 ceres
708 681 715 705 ;
731 673 805 700 absit
820 673 897 700 enim
912 675 944 699 ut
959 680 1021 699 eru-

613 708 727 735 bescam
747 717 762 735 a
785 708 953 743 presbytero
975 708 1020 734 di-

613 752 699 770 scere.
715 745 775 771 Lib.
798 744 830 771 de
857 745 932 778 Orig.
958 745 1019 770 ani-

610 787 670 814 mm,
686 788 745 815 cap.
765 781 788 807 l.

171 854 244 882 tisse.
277 852 342 878 dum
364 852 473 878 Molinae
500 851 644 877 audaciam
676 852 844 885 exaggerant
872 850 1019 877 indicantis

170 887 278 922 aliquid
293 888 360 914 lucis
382 887 502 920 defuisse
529 887 684 920 Augustino
705 888 734 913 in
764 886 935 913 concilianda
961 893 1020 912 cum

1041 105 1156 132 OPERA
1175 104 1203 131 S.
1222 103 1420 132 AUGUSTINI.

1041 168 1063 195 Α
1480 166 1523 193 ΙΧ.

1216 210 1359 229 CENSORES.

1109 247 1219 273 Interim
1259 246 1323 272 dum
1361 246 1410 273 sub
1450 254 1482 272 ea

1074 283 1153 316 quasi
1169 283 1283 315 caligine
1299 282 1337 309 D.
1354 283 1482 315 Augusti-

1073 325 1124 344 nus
1143 317 1180 343 ad
1201 318 1248 344 hoc
1276 325 1329 344 non
1352 317 1478 350 attendit,

1074 353 1223 379 arbitratus
1250 354 1339 387 primo
1370 355 1481 386 aspectu

1074 396 1132 415 cum
1144 396 1195 415 sua
1205 388 1237 414 de
1245 388 1482 422 praedestinatione

1073 425 1198 457 opinione
1223 431 1277 450 esse
1299 424 1480 458 conjunctum,

1074 460 1128 486 etc.

1392 494 1420 521 S.
1438 493 1621 521 PAULINUS.

1110 538 1131 565 Ο
1146 538 1263 565 lucerna
1282 538 1368 574 digne
1384 546 1470 573 supra
1498 538 1697 565 candelabrum
1717 539 1833 567 Ecclesiae
1853 549 1892 575 po-

1074 582 1137 615 sita,
1150 591 1214 617 quas
1227 583 1283 609 late
1299 582 1446 609 catholicis
1472 582 1590 609 urbibus
1620 582 1655 609 de
1678 583 1824 618 septiformi
1847 585 1894 612 lino

1074 629 1189 662 pastum
1204 627 1268 654 oleo
1283 627 1392 653 laetitia
1420 627 1518 654 lumen
1543 626 1702 660 eII'undens,
1732 627 1822 654 densas
1844 628 1895 655 licet

1074 671 1276 698 haereticorum
1289 671 1426 706 caligines
1442 670 1567 704 discutis,
1596 673 1624 697 et
1653 671 1741 697 lucem
1762 671 1871 698 veritatis
1883 660 1907 698 δ’

1075 714 1241 742 confusione
1267 715 1451 742 tenebrarum
1476 715 1626 750 splendore
1646 715 1757 742 clariﬁci
1779 716 1895 742 sermonis

1075 759 1217 787 enubilas.
1253 761 1377 793 Epistola
1405 761 1435 787 31
1469 759 1506 786 ad
1534 760 1728 793 Augustinum,
1752 761 1778 786 in
1800 760 1896 794 ejusdem

1076 804 1338 831 commendationem.

1846 111 1886 137 836

1600 209 1622 228 S.
1637 210 1800 232 AUGUSTINUS.

1546 245 1650 286 Adhuc
1665 247 1765 286 quippe
1786 249 1813 286 in
1825 258 1889 285 qua-

1518 282 1609 320 stione
1632 282 1748 320 caligant
1783 284 1814 311 de
1832 282 1891 320 prae-

1518 317 1702 344 destinatione
1735 317 1888 349 sanctor-um.

1517 352 1639 386 Loquens
1686 353 1716 380 de
1760 354 1892 383 Sami-Pela-

1518 389 1619 421 gianis,
1650 388 1694 414 lib.
1726 389 1755 416 de
1781 390 1891 418 Pradest.

1517 426 1678 457 sanctorum,
1694 431 1748 459 cap.
1767 427 1788 452 1.

1039 833 1060 860 Β
1228 863 1230 866 -
1483 849 1513 874 x.

1215 891 1360 910 CENSORES.
1599 892 1622 909 S.
1640 890 1810 910 AUGUSTINUS.

170 925 276 993 c;;iata_
290 923 412 950 libertate
436 922 591 949 divinorum
620 922 785 949 decretorum
804 924 829 948 et
853 922 1020 948 auxiliorum

170 966 182 985 e
220 965 304 986 cacza.

169 965 304 986 efﬁcacia.

354 1002 382 1029 S.
399 1002 539 1029 THOMAS
555 1001 833 1029 VILLANOVANUS.

204 1047 233 1074 Si
247 1046 393 1082 Sapientia
415 1046 464 1073 lux
480 1048 531 1079 est,
548 1046 612 1081 quis
631 1046 662 1072 in
678 1045 800 1073 Ecclesia
828 1045 877 1072 Dei
892 1045 932 1072 ita
946 1046 1021 1072 lucet

169 1093 201 1118 ut
227 1090 428 1126 Augustinus?
456 1091 479 1117 A
493 1090 551 1116 sole
577 1090 675 1116 omnia
689 1092 765 1116 astra
789 1090 894 1123 lucent,
912 1089 946 1116 ab
961 1090 1019 1116 An-

169 1135 285 1170 gustino
305 1143 415 1168 omnes,
445 1134 495 1170 qui
524 1136 588 1169 post
611 1134 706 1169 ipsum
734 1134 861 1167 fuerunt,
891 1134 1020 1160 doctores

170 1178 318 1214 sapientiae
336 1179 434 1205 lumen
449 1178 602 1213 accipiunt.
633 1179 718 1206 Serm.
747 1180 756 1205 l
784 1178 817 1204 de
844 1180 936 1205 sancto
959 1178 1019 1205 Au-

170 1225 287 1257 gustino.
305 1223 384 1250 Unde
400 1223 487 1250 etiam
503 1223 537 1250 de
548 1223 710 1257 Augustino
725 1225 818 1257 potest
833 1223 937 1257 exponi
948 1222 1020 1249 illud

168 1268 220 1294 Job
235 1276 299 1294 xxv:
317 1268 371 1300 Qui
382 1267 484 1294 claudit
497 1267 590 1294 stellas
607 1268 687 1301 quasi
700 1267 749 1293 sub
777 1267 926 1300 signaculo,
952 1267 1020 1302 quia

169 1311 199 1338 in
215 1312 278 1347 ipso
291 1312 322 1338 in
336 1311 440 1338 scrinio
468 1311 512 1338 sui
534 1311 667 1347 pectoris,
696 1311 777 1346 quasi
791 1313 851 1338 tota
879 1311 1021 1346 sapientia

168 1356 222 1383 fuit
237 1356 355 1388 reclusa,
371 1364 435 1391 quae
451 1356 533 1391 quasi
548 1357 646 1391 aperto
662 1355 753 1391 sigillo
769 1355 946 1383 eructatione
961 1364 1019 1383 sum

169 1401 306 1427 doctrinm
321 1408 380 1434 ore,
397 1402 426 1427 et
441 1408 526 1427 manu
543 1400 597 1427 fuit
611 1400 718 1427 mundo
744 1400 862 1435 pandita
891 1403 918 1427 et
943 1409 1019 1427 rese-

168 1446 239 1471 rata.
257 1444 336 1471 Unde
351 1444 412 1479 ipse
427 1444 531 1471 dicitur
545 1444 677 1471 claudere
699 1444 806 1477 stellas,
834 1444 863 1471 id
894 1446 937 1471 est
957 1453 1018 1471 om-

1109 929 1241 955 Praeterea
1265 928 1319 955 haec
1345 928 1481 955 sententia

1075 964 1189 998 (nempe
1200 963 1352 999 Augustini
1365 964 1399 990 de
1410 971 1481 998 prce-

1074 999 1273 1033 destinatione)
1319 1000 1481 1026 occasionem

1071 1034 1173 1069 przebet
1192 1034 1342 1061 hominibus
1371 1034 1482 1069 despon-

1074 1070 1157 1096 dendi
1194 1071 1293 1103 animo,
1322 1077 1355 1096 ne
1393 1070 1483 1096 dicam

1074 1105 1246 1139 desperandi,
1284 1106 1391 1139 segnius
1424 1113 1483 1139 ope-

1073 1141 1164 1174 randi,
1186 1141 1347 1167 obtendendi
1372 1148 1483 1167 excusa-

1075 1178 1167 1209 tiones,
1185 1179 1266 1210 atque
1286 1183 1317 1202 ea
1336 1176 1368 1202 de
1398 1183 1480 1202 causa

1073 1213 1162 1238 minus
1201 1212 1337 1238 hominum
1376 1213 1480 1238 animos

1074 1255 1138 1280 erga
1150 1248 1304 1274 Creatorem
1310 1247 1480 1280 diligendum

1074 1290 1105 1308 ac
1131 1282 1269 1309 colendum
1295 1284 1413 1309 excitare
1437 1284 1479 1309 vi-

1074 1318 1181 1344 deatur.
1205 1318 1279 1345 Certe
1314 1325 1367 1345 non
1404 1318 1480 1344 video

1074 1361 1193 1387 quanam
1208 1354 1312 1380 ratione
1326 1354 1481 1387 patentissi-

1073 1396 1118 1415 ma
1130 1388 1241 1415 libertas
1256 1389 1368 1415 arbitrii
1381 1390 1478 1421 nostri,

1074 1432 1156 1458 quam
1180 1426 1344 1458 experimur,
1369 1432 1480 1458 qumque

1073 1462 1130 1486 tam
1151 1462 1242 1494 aperte
1274 1461 1302 1486 in
1328 1460 1484 1493 Scripturis

169 1487 250 1514 nium
274 1487 394 1514 aliorum
421 1487 572 1514 doctorum
590 1487 733 1514 doctrinas
758 1488 789 1514 in
816 1496 866 1514 suo
892 1495 940 1522 pec

709 1495 733 1514 15
758 1488 789 1514 in
816 1496 866 1514 SUO
892 1490 1018 1522 Ρθεῒοτῦν
1038 1498 1057 1525 C
1073 1496 1158 1522 sacris
1168 1487 1301 1526 traditur,
1315 1503 1374 1522 cum
1385 1487 1480 1522 divina

169 1532 250 1567 quasi
270 1532 321 1558 sub
337 1531 483 1567 signaculo
499 1531 534 1557 ad
549 1531 668 1558 modum
684 1539 740 1566 quo
770 1531 844 1558 liber
866 1532 910 1558 vel
925 1532 1019 1559 littera

169 1575 311 1603 clauditur
326 1575 430 1611 sigillo.
450 1577 481 1603 B.
497 1576 632 1603 Jordanus
649 1576 681 1602 de
696 1576 828 1609 Saxonia,
859 1584 938 1603 serm.
969 1578 1014 1604 13,

1069 1530 1308 1565 Ρνεεάρεείηαείοηε
1330 1531 1370 1557 ita
1391 1531 1480 1565 expli-

1073 1568 1135 1593 cata
1150 1567 1278 1593 cohaerere
1290 1566 1389 1592 valeat.

1552 927 1609 962 Ego
1618 929 1713 954 autem
1722 927 1784 953 nolo
1799 934 1896 961 exagge-

1518 970 1580 989 rare
1597 962 1669 989 meis
1688 962 1786 994 verbis,
1801 962 1843 989 sed
1855 962 1897 988 illis

1518 998 1703 1033 cogitandum
1727 998 1814 1032 potius
1832 998 1897 1023 relin-

1519 1042 1587 1068 quo,
1603 1036 1637 1060 ut
1653 1033 1761 1060 videant
1775 1033 1848 1068 quale
1861 1033 1895 1063 sit,

1519 1069 1597 1104 quod
1627 1069 1681 1096 sibi
1710 1070 1896 1103 persuaserunt,

1518 1103 1723 1139 praedicatione
1738 1103 1896 1139 praedestina-

1519 1138 1606 1166 tionis
1616 1138 1793 1166 audientibns
1803 1138 1897 1173 plusdc-

1518 1175 1689 1210 sperationis
1711 1183 1745 1210 qu
1751 1183 1802 1210 amr
1816 1174 1895 1200 exhor-

1517 1209 1633 1237 tationis
1660 1210 1763 1243 atl'erri,
1797 1209 1843 1235 hoc
1866 1212 1897 1234 est

1517 1246 1593 1272 enim
1609 1246 1703 1273 dicere
1718 1248 1782 1272 tunc
1808 1245 1838 1271 de
1859 1252 1896 1270 sua

1517 1282 1607 1308 salute
1626 1281 1771 1308 hominem
1785 1280 1897 1314 despera-

1518 1325 1559 1349 re,
1590 1317 1707 1352 quando
1732 1322 1896 1352 speni‘su‘am

1517 1360 1576 1379 non
1589 1350 1619 1379 in
1632 1350 1756 1387 seipsos,
1768 1351 1812 1378 sed
1822 1350 1896 1377 iuDeo

1518 1388 1651 1415 didicerit
1703 1394 1813 1421 ponere,
1847 1391 1896 1421 cum

1516 1423 1657 1458 propheta
1685 1420 1802 1449 clamet:
1826 1420 1896 1447 Malc-

1518 1459 1605 1486 dictus
1633 1458 1721 1486 omnis
1761 1458 1805 1492 qui
1840 1463 1897 1489 spem

1515 1495 1593 1530 ponit
1620 1495 1650 1521 in
1679 1494 1788 1530 homine»
1802 1493 1896 1530 (Jeremq

1517 1527 1583 1562 iivu,
1612 1530 1652 1564 5).
1686 1529 1744 1556 Lib.
1774 1528 1806 1555 de
1835 1527 1897 1564 Dono

1517 1563 1749 1599 perseverantiae,
1777 1571 1832 1598 cap.
1865 1563 1897 1587 ιτ.

561 1620 630 1646 VIII.

311 1663 457 1681 CENSORES.

206 1699 269 1735 Quae
282 1699 363 1733 Augu
368 1698 443 1735 stinir
452 1699 577 1725 doctrina

168 1733 300 1769 plurimos
310 1742 343 1760 ea-
357 1733 492 1768 ﬁdelibus,
510 1741 578 1767 prae-

168 1771 263 1797 sertim
277 1778 310 1796 ecc
323 1770 358 1796 iis
380 1771 428 1803 qui
442 1770 471 1795 in
486 1769 577 1797 Gallia

169 1806 348 1832 morabantur
361 1813 414 1831 non
424 1805 509 1832 solum
531 1806 575 1831 in-

170 1841 268 1874 doctos,
285 1841 332 1867 sed
351 1842 435 1867 etiam
452 1840 577 1867 doctissi-

167 1884 223 1903 mos
243 1877 316 1903 viros
333 1878 414 1910 atque
430 1877 459 1903 in
478 1877 577 1910 episco—

166 1913 230 1946 pati
253 1912 388 1945 dignitate
406 1913 574 1944 constitutos,

168 1949 268 1974 mirum
281 1949 308 1974 in
323 1947 430 1974 modum
442 1947 573 1980 turbavit,

168 1990 201 2009 ne
224 1983 313 2009 dicam
339 1983 414 2009 illius
439 1983 575 2009 occasione

169 2018 283 2045 salutem
297 2025 387 2045 eorum
400 2019 486 2051 fuisse
503 2019 575 2052 peri-

169 2054 299 2080 clitatam.
329 2054 368 2081 Ne
406 2055 477 2080 enim
506 2054 576 2087 ejus-

169 2089 243 2116 modi
254 2089 383 2116 doctrinz
397 2089 574 2123 adhaererent,

170 2124 264 2151 haeresi
277 2126 366 2159 potius
376 2125 528 2157 Pelagiana?
542 2133 576 2151 ea)

166 2162 247 2221 parite
268 2160 470 2188 assentiendum
495 2163 577 2195 puta-

188 2203 222 2221 an
239 2215 245 2221 .

188 2197 245 2222 ant.

690 1663 713 1681 5.
728 1663 906 1682 AUGUSTINUS.

649 1699 758 1733 Itaque,
829 1699 1016 1732 dilectissimi,

612 1742 648 1760 ne
670 1741 719 1760 vos
751 1734 901 1761 conturbet
933 1735 1019 1769 hujus

613 1769 777 1804 quaestionis
845 1770 1016 1802 obscuritas;

613 1812 714 1831 moneo
728 1814 776 1831 vos
792 1806 918 1839 primum
934 1808 964 1831 ut
985 1807 1018 1832 de

612 1840 647 1866 iis
666 1848 730 1875 quae
754 1841 912 1874 intelligitis
929 1842 1018 1875 agatis

613 1876 671 1902 Deo
687 1876 808 1911 gratias:
824 1877 963 1911 quidquid
978 1880 1019 1903 est

613 1913 708 1938 autem
729 1919 786 1946 quo
794 1913 941 1946 pervenire
950 1920 1017 1938 non-

612 1946 682 1973 dum
695 1949 788 1981 potest
802 1950 902 1974 vestrm
914 1947 1019 1974 mentis

612 1982 741 2015 intentio,
757 1990 857 2017 pacem
872 1983 947 2009 inter
968 1991 1018 2009 vos

612 2020 640 2044 et
654 2018 821 2045 charitatem
844 2021 988 2045 servantes
1003 2027 1018 2045 ιι

613 2053 745 2086 Domino,
774 2056 814 2089 rut
851 2054 1019 2089 intelligetis

613 2091 700 2116 orate.
718 2089 750 2115 Et
766 2088 856 2116 donec
884 2098 931 2116 vos
952 2088 1018 2124 ipse

612 2125 749 2159 perducat
763 2125 796 2151 ad
812 2133 846 2151 ea
860 2133 924 2159 quae
947 2133 1018 2151 non-

613 2157 682 2186 dum
706 2157 877 2194 intelligitis;
892 2160 932 2186 ibi
957 2168 1017 2186 am-
1038 2157 1060 2183 D

612 2195 732 2227 bulate,
775 2203 832 2230 quo
868 2196 1018 2230 pervenire

613 2230 756 2264 potuistis.
784 2231 843 2258 Lib.
878 2231 911 2256 de
940 2231 1016 2258 Grat.

170 2266 195 2292 et
211 2265 261 2292 lib.
278 2265 351 2300 arb.,
363 2273 423 2300 cap.
441 2267 466 2293 l.
489 2265 557 2293 Vide
571 2272 631 2299 cap.
650 2266 682 2292 t6
701 2265 734 2291 de
763 2266 834 2292 Dono
848 2273 1019 2300 perseveran-

378 2336 541 2363 ECCLESIA
561 2335 811 2363 LUGDUNENSIS.

171 2301 223 2328 tiae.

1388 1609 1415 1636 S.
1432 1609 1604 1637 PROSPER.

1111 1654 1168 1681 Hoc
1197 1654 1377 1689 propositum
1403 1654 1559 1680 vocationis
1589 1653 1658 1688 Dei,
1690 1652 1765 1688 quod
1784 1651 1823 1678 vel
1849 1651 1898 1676 ante

1072 1698 1173 1725 mundi
1186 1698 1312 1731 initium,
1321 1698 1393 1724 velle
1404 1697 1434 1724 in
1439 1697 1502 1732 ipsa
1508 1697 1675 1725 conditione
1685 1695 1795 1732 generis
1801 1692 1899 1722 humani

1073 1741 1270 1777 eligendorum
1291 1744 1320 1769 et
1339 1741 1559 1777 rejiciendorum
1589 1742 1697 1769 dicitur
1723 1741 1793 1768 facta
1818 1739 1900 1767 discre

1072 1786 1121 1817 tio.
1135 1788 1201 1817 etc.,
1217 1788 1245 1813 et
1259 1786 1345 1822 lapsis
1357 1794 1455 1813 curam
1467 1786 1639 1822 resurgendi
1655 1785 1790 1819 adimere,
1818 1786 1842 1810 et
1854 1789 1899 1808 san-

1072 1830 1122 1857 ctis
1137 1830 1316 1858 occasionem
1330 1831 1470 1866 temporis
1486 1831 1644 1858 afferre"...
1661 1828 1808 1857 Removeri
1821 1828 1899 1862 itaque

1072 1883 1188 1902 omnem
1215 1875 1396 1910 industriam,
1416 1875 1535 1911 tollique
1563 1875 1695 1909 virtutes,
1708 1874 1731 1901 si
1752 1873 1798 1900 Dei
1812 1870 1899 1899 consti-

1071 1918 1145 1945 tutio
1156 1919 1296 1946 humanas
1309 1919 1466 1954 praeveniat
1483 1919 1657 1951 voluntates,
1673 1921 1701 1946 et
1719 1917 1770 1945 sub
1784 1917 1833 1944 hoc
1842 1922 1899 1950 prm-

1072 1963 1271 1990 destinationis
1291 1963 1407 1990 nomine
1435 1963 1552 1990 fatalem
1582 1963 1739 1999 quamdam
1758 1960 1847 1988 induci
1860 1966 1900 1985 ne—

1073 2008 1241 2035 cessitatem.
1266 2009 1310 2035 Ita
1346 2008 1588 2042 Sani-Pelagianos
1625 2009 1725 2035 sentire
1764 2005 1850 2033 scribit
1873 2001 1900 2029 ad

1073 2053 1273 2086 Augustinum.

1474 2097 1519 2123 XI.

1216 2139 1359 2158 CENSORES.

1111 2176 1197 2203 Unum
1211 2178 1298 2203 tamen
1313 2184 1326 2202 ο
1340 2176 1480 2210 difﬁcilli—

1072 2212 1124 2239 mis
1139 2212 1173 2238 ab
1179 2212 1334 2245 Augustino
1342 2213 1368 2238 et
1374 2212 1407 2238 ab
1415 2212 1480 2238 aliis

1072 2248 1129 2280 fuit
1144 2255 1246 2281 semper
1256 2247 1424 2281 judicatum,
1438 2255 1480 2274 ve-

1072 2290 1132 2309 ram
1151 2283 1270 2309 invenire
1295 2284 1427 2309 rationem
1454 2284 1480 2309 et

1072 2318 1190 2350 modum,
1220 2318 1268 2352 qui
1302 2317 1479 2352 difﬁcultates

1072 2361 1161 2380 omnes
1187 2353 1308 2387 pelleret,
1341 2355 1366 2379 et
1386 2353 1479 2380 huma-

1598 2141 1621 2158 Ξ.
1638 2138 1810 2159 AUGUSTINUS.

1551 2175 1604 2203 Sed
1618 2176 1747 2215 primum
1766 2171 1900 2215 secundum

1517 2210 1717 2238 auctoritatem
1767 2210 1902 2243 Scriptura-

1516 2255 1581 2273 rum
1594 2249 1768 2277 sanctarum,
1780 2247 1866 2271 utrum
1880 2248 1902 2267 se

1516 2282 1555 2309 ita
1575 2282 1646 2309 ﬁdes
1673 2282 1776 2309 habeat
1802 2280 1902 2315 demon-I

1516 2317 1667 2344 strandum
1685 2318 1737 2344 est.
1766 2314 1871 2345 Deinde,
1885 2314 1903 2337 si

1516 2353 1639 2379 voluerit
1662 2355 1690 2379 et
1715 2350 1849 2386 adjuverit
1862 2348 1903 2386 De-

205 2379 382 2416 Augustinus
394 2387 447 2406 nec
460 2382 538 2416 tanta
551 2380 764 2415 perturbatione
791 2382 818 2407 et
837 2380 1018 2415 permotione

171 2424 300 2452 ﬁdelium
315 2424 350 2451 ab
365 2414 524 2451 intentidne
537 2424 723 2451 voracissima:
739 2426 767 2451 et
780 2414 955 2451 ﬁdelissimae
966 2424 1019 2451 do-

170 2469 269 2497 ctrinas
281 2477 339 2496 suae
353 2468 447 2503 frangi
460 2468 555 2504 potuit
569 2471 618 2496 aut
632 2468 759 2496 revocari
772 2478 779 2502 ;
796 2468 844 2495 sed
860 2468 950 2503 magis
972 2475 1019 2495 eos

170 2517 199 2541 et
212 2514 324 2549 scriptis
349 2513 407 2541 suis
422 2513 452 2539 in
468 2515 609 2548 quantum
633 2513 726 2549 potuit
749 2512 901 2540 admonuit
928 2514 956 2539 et
974 2512 1019 2539 in-

170 2558 282 2592 struxit,
298 2560 328 2585 et
342 2557 519 2585 orationibus
534 2558 610 2593 apud
633 2558 723 2585 Deum
745 2556 869 2592 profusis
897 2556 1019 2583 ﬁdeliter

170 2602 286 2636 adjuvit,
303 2605 333 2630 ut
347 2603 540 2637 intelligerent
555 2605 583 2629 et
595 2604 783 2638 agnoscerent
808 2609 895 2637 quam
921 2609 1018 2628 neces-

171 2646 246 2673 sario
261 2649 290 2674 et
308 2655 395 2682 quam
417 2647 568 2675 salubriter
593 2648 710 2682 propter
737 2645 1018 2674 commendationem

170 2690 276 2717 divinae
292 2691 391 2726 gratia:
406 2692 534 2727 ejusdem
554 2691 814 2727 praedestinationis
829 2690 931 2718 veritas
956 2698 1018 2717 om-

170 2733 240 2761 nino
255 2736 283 2761 et
299 2735 440 2762 credenda
454 2738 482 2763 et
496 2735 677 2771 praedicanda
692 2737 764 2762 esset
780 2735 853 2770 (Lib.
869 2735 902 2762 de
922 2735 1019 2762 Tribus

171 2779 272 2813 Epist»,
288 2786 350 2814 cap.
369 2780 413 2813 35,
429 2782 492 2808 tom.
516 2781 549 2807 IX
563 2780 633 2808 Bibl.
659 2781 724 2814 PP.,
745 2782 821 2814 part.
838 2788 857 2814 ι,
880 2787 910 2814 p.
930 2779 1017 2814 1009).

1072 2396 1136 2415 num
1156 2389 1325 2415 ‘intellectum
1350 2391 1480 2422 pacatum

1072 2425 1178 2450 omnino
1192 2424 1315 2450 redderet
1334 2431 1416 2458 super
1437 2432 1479 2450 co-

1073 2459 1201 2486 haerentia
1217 2459 1349 2486 libertatis
1367 2459 1480 2486 arbitrii

1072 2502 1131 2522 cum
1153 2495 1249 2521 divina
1279 2496 1380 2528 gratia,
1410 2503 1478 2529 prz-

1072 2530 1184 2557 scientia
1194 2532 1218 2556 et
1229 2530 1475 2564 praedestinatione.

1072 2567 1114 2592 Ac
1143 2566 1266 2599 quamvis
1292 2566 1322 2592 hi
1348 2566 1477 2598 haeretici,

1072 2602 1121 2635 qui
1143 2601 1184 2628 vel
1204 2601 1304 2627 divina:
1316 2602 1414 2633 gratim
1436 2602 1479 2627 vel

1073 2638 1194 2664 libertati
1215 2637 1326 2662 arbitrii
1344 2637 1477 2670 przejudi-

1073 2674 1142 2699 cium
1151 2672 1248 2705 afferre
1262 2673 1347 2698 moliti
1357 2675 1429 2702 sunt,
1447 2680 1479 2698 ea:

1072 2709 1222 2741 Scripturis
1250 2708 1351 2734 sanctis
1379 2709 1480 2741 princi-

1070 2745 1178 2778 piisque
1193 2743 1256 2776 ﬁdei
1269 2744 1413 2777 efﬁcaciter
1425 2744 1480 2769 sint

1073 2779 1234 2813 cu'puynati,
1243 2778 1316 2805 haud
1327 2780 1415 2805 tamen
1425 2779 1479 2805 scio

1516 2396 1558 2422 us,
1587 2387 1649 2414 istis
1679 2382 1797 2423 garrulis
1814 2420 1819 2423 _
1834 2382 1902 2423 ratio-

1516 2419 1695 2450 cinatoribus
1759 2419 1903 2448 elatioribus

1517 2467 1604 2494 quam
1641 2457 1841 2494 capacioribus,
1854 2489 1858 2493 η
1868 2455 1901 2479 at-

1515 2493 1570 2529 que
1586 2494 1651 2521 ideo
1681 2493 1794 2529 morbo”
1806 2496 1902 2527 pericu-

1514 2527 1617 2556 lbsiore
1645 2527 1845 2557 laborantibus,
1870 2531 1901 2549 διο

1515 2565 1634 2592 fortasse
1686 2563 1843 2592 serviemus.
1877 2559 1902 2583 ut

1515 2600 1665 2627 inveniant
1697 2597 1801 2634 aliquid
1838 2593 1902 2634 unde

1516 2636 1648 2663 dubitare
1658 2643 1715 2661 non
1725 2629 1835 2669 possint.
1850 2629 1900 2657 Lib.

1516 2680 1525 2698 ι
1536 2671 1568 2698 de
1581 2671 1668 2701 Trin.,
1680 2677 1739 2704 cap.
1751 2670 1775 2696 2.

1551 2699 1691 2739 Quoniam
1706 2699 1754 2741 vos
1766 2699 1902 2741 aliquando

1516 2738 1615 2769 contra
1680 2738 1900 2768 evidentissimam

1517 2777 1714 2805 auctoritatem
1727 2774 1795 2803 ratio
1815 2772 1900 2800 huma-
