3914 6186
64 206 172 259 837

62 342 140 380 an
206 326 479 394 applicata
541 328 761 395 penitus
829 332 881 381 et
952 344 1026 382 na

63 398 279 450 abunde
306 398 763 470 redditairatione
790 399 875 451 in-
949 399 1133 469 ipsam
1194 403 1450 470 regulam
1506 398 1764 458 rationis

68 474 219 533 tegra
238 469 565 522 conciliandi
577 469 876 524 libertatem
951 476 1164 525 vestras.
1200 469 1369 527 Serm.
1408 475 1471 528 14
1503 477 1568 529 de
1605 477 1761 532 Verb.

70 540 292 612 arbitrii
317 556 437 592 cum
465 541 576 592 illis
611 542 804 608 tribus,
824 546 875 595 et
946 544 1211 612 Apostoli.

71 611 328 664 haereticis
361 612 564 675 aditus,
602 627 705 680 quo
734 614 882 678 faci-

72 683 177 756 lius
214 681 285 733 ad
311 697 497 750 pacem
539 686 909 751 unitatemque
937 685 1184 740 Ecclesiae
1207 685 1469 756 redirent,
1506 688 1579 741 sit
1602 691 1761 756 pate-

65 754 266 817 factus,
322 757 372 804 et
418 756 833 808 concertationes
886 771 1004 822 qua
1050 761 1173 809 ante
1219 759 1364 811 mille
1402 753 1570 812 annos
1602 753 1764 811 inter

62 825 209 876 viros
265 823 550 898 catholicos
603 825 799 880 obortae
836 832 983 896 sunt,
1035 832 1298 895 quantum
1338 844 1449 898 par
1495 834 1592 897 est,
1649 831 1761 883 sint

66 896 389 963 compositae.
723 913 726 916 '

528 983 584 1037 S.
619 983 1091 1039 INNOCENTIUS
1132 1001 1299 1057 papa.

133 1067 349 1124 Sanctae
407 1070 771 1126 fraternitatis
824 1077 1027 1127 vestras
1084 1073 1300 1127 litteras
1360 1074 1558 1144 plenas
1604 1072 1760 1139 ﬁdei,

60 1159 298 1228 totoque
346 1159 640 1213 catholicae
682 1158 976 1230 religionis
1013 1160 1209 1231 vigore
1240 1161 1496 1215 ﬁrmatas
1531 1178 1562 1215 a
1599 1161 1762 1215 vobis

58 1244 285 1311 missas,
327 1252 381 1301 et
411 1247 666 1301 conciliis
722 1248 924 1302 vestris
954 1264 1057 1319 per
1107 1249 1344 1302 fratrem
1378 1254 1431 1303 et
1470 1250 1759 1320 coepisco-

56 1351 199 1404 pum
234 1339 493 1390 nostrum
533 1336 824 1391 lulianum
855 1342 1121 1408 pergrato
1159 1339 1512 1409 suscepimus
1557 1339 1752 1393 animo

54 1427 200 1498 quia
228 1442 425 1481 earum
452 1432 618 1481 tenor
646 1427 949 1497 omnisque
979 1428 1272 1482 contentio
1320 1429 1380 1481 in
1427 1429 1757 1483 considera-

51 1518 218 1571 tione
244 1516 593 1588 quotidianaa
631 1516 830 1587 gratiae
861 1516 981 1585 Dei,
1010 1521 1067 1571 et
1094 1517 1155 1571 in
1177 1533 1376 1573 eorum
1406 1518 1759 1573 correctione

51 1605 162 1675 qui
189 1609 385 1659 contra
425 1605 696 1672 sentiunt,
746 1605 970 1675 integra
1008 1605 1231 1660 ratione
1287 1606 1565 1674 consistit,
1607 1612 1670 1661 ut
1702 1612 1757 1663 et

49 1694 173 1747 illis
223 1709 455 1747 omnem
492 1695 690 1747 tollere
729 1695 907 1764 possit
945 1710 1223 1763 errorem,
1271 1699 1329 1749 et
1373 1695 1581 1751 idoneo
1623 1697 1754 1751 dato

48 1781 261 1852 quovis
301 1785 512 1835 nostrae
559 1781 700 1853 legis
740 1782 1018 1853 exemplo,
1062 1799 1231 1853 quem
1283 1784 1445 1854 sequi
1490 1784 1756 1854 debeant,

47 1870 303 1940 dignum
331 1870 549 1941 possint
576 1871 834 1940 prmbere
862 1871 1175 1925 doctorem.
1216 1873 1280 1925 In
1304 1874 1535 1941 epistola
1583 1873 1660 1927 ad
1695 1874 1753 1929 S.

46 1959 448 2027 Augustinum,
474 1975 593 2028 quae
612 1964 689 2014 est
707 1963 772 2014 96
809 1964 949 2014 inter
966 1963 1433 2029 Augustinianas.

853 2050 965 2103 XII.

325 2151 609 2189 CENSORES.

131 2208 507 2275 Expositiones
533 2208 655 2260 alia:
684 2207 869 2272 Augu-

44 2280 193 2329 stini
222 2278 293 2330 ad
322 2279 491 2331 locum
522 2279 682 2331 Pauli
700 2282 868 2345 (nem-

42 2364 122 2416 pe
156 2349 299 2400 Deus
318 2350 437 2401 vult
467 2364 665 2402 omnes
683 2349 869 2401 homi-

47 2434 161 2471 nes
183 2420 362 2471 salvos
395 2419 538 2485 ﬁeri,
574 2420 595 2471 Ι
631 2421 863 2473 Timoth.

42 2507 87 2542 11
126 2490 145 2557 )
198 2494 394 2557 praeter
439 2493 757 2544 Damasceni
822 2494 872 2543 et

45 2576 381 2614 communem
436 2563 660 2614 Patrum
704 2576 869 2628 empo-

43 2634 318 2697 sitionem,
361 2646 535 2685 omnes
577 2633 661 2685 vel
696 2635 871 2700 primo

44 2707 275 2769 aspectu
302 2704 599 2770 peregrina
621 2708 671 2757 et
708 2719 868 2756 eaeor-

50 2778 131 2827 tae
159 2780 442 2842 apparent.

392 2916 531 2969 XIII.

327 3072 612 3111 CBNSORES.

1118 2153 1165 2188 S.
1225 2151 1577 2191 AUGUSTINUS.

1015 2206 1374 2278 Manifestum
1412 2213 1495 2262 est
1533 2224 1629 2262 eos
1659 2208 1760 2278 qui

943 2276 1075 2330 huic
1106 2276 1376 2349 resistunt
1404 2283 1522 2332 tam
1546 2276 1761 2349 perspi-

943 2363 1065 2401 cuae
1114 2348 1341 2402 veritati
1387 2366 1505 2403 non
1547 2348 1757 2403 intelli-

943 2434 1076 2488 gere
1090 2419 1328 2473 omnino
1343 2436 1456 2489 qua
1471 2421 1759 2475 locutione

945 2490 1017 2542 sit
1089 2490 1304 2543 dictum
1363 2491 1517 2561 quod
1571 2493 1760 2547 Omnes

945 2562 1182 2615 homines
1233 2562 1349 2615 vult
1404 2565 1540 2616 Deus
1584 2564 1759 2617 salvos

942 2633 1082 2699 fieri,
1113 2647 1242 2685 cum
1274 2636 1390 2685 tam
1422 2634 1587 2686 multi
1622 2634 1760 2686 salvi

946 2718 1060 2755 non
1110 2704 1270 2767 ﬁant,
1314 2718 1430 2755 non
1464 2703 1599 2772 quia
1626 2704 1757 2773 ipsi,

944 2773 1042 2825 sed
1086 2774 1221 2843 quia
1262 2774 1409 2825 Deus
1452 2789 1565 2827 non
1614 2776 1757 2844 vult,

947 2844 1125 2915 quod
1161 2844 1281 2896 sine
1345 2844 1460 2915 ulla
1519 2845 1758 2915 caligine

945 2914 1345 2969 manifestatur
1382 2914 1442 2967 in
1469 2914 1753 2983 parvulis:

947 2985 1044 3038 sed
1068 2984 1212 3038 sicut
1228 2984 1370 3038 illud
1385 2971 1532 3054 quod
1546 2986 1759 3040 dictum
1797 2971 1835 3025 (ἶ

1366 209 1483 264 VIN
1489 209 1693 266 ΒΙΟΙᾸΞ
1731 211 2274 269 ΑυΟΙΙεΤῙΝῙΑΝΛΕ.

1146 329 1408 413 delectat,
1506 333 1755 413 proferte
1793 338 1838 391 A
1867 335 2264 390 auctoritatem
2302 335 2551 390 ﬁdeliter
2579 337 2893 392 obediatur.
2928 340 3054 393 Lib.
3089 341 3172 395 'de
3206 343 3358 398 Trib.
3391 346 3575 413 Epist.

3471 225 3574 278 838

1874 438 1995 492 cap.
2024 426 2093 477 26
2118 443 2137 488 ;
2170 424 2312 478 idem
2342 424 2500 477 habet
2529 440 2648 493 cap.
2706 426 2793 478 24.
2832 426 3224 494 Expositiones
3260 431 3575 499 Augustini

1875 512 2115 565 doctoris
2136 512 2353 582 egregii
2374 529 2545 582 super
2574 513 2759 567 illudl
2793 514 2859 567 ad
2891 514 3035 568 Tim.
3069 532 3129 583 11,
3151 517 3185 569 4
3218 533 3230 570 :
3265 517 3413 572 Deus
3464 522 3580 573 vult

1871 614 2048 652 omnes
2094 599 2329 653 homines
2380 602 2554 653 salvos
2583 602 2716 667 ﬁeri,

2770 600 2937 655 bonae
2975 608 3125 656 sunt.
3173 606 3230 661 S.
3286 607 3574 661 Bonaven—

1871 692 2016 756 tura,
2055 692 2074 741 1
2112 689 2529 755 Sententiarum,
2561 688 2690 743 dist.
2719 692 2806 756 46,
2847 697 3035 760 quaest.
3074 696 3124 758 1,
3158 697 3267 746 art.
3309 698 3355 747 1.

2676 778 2781 830 XV.

2136 876 2433 916 CENSORES.

1946 931 2094 986 Unde
2188 938 2359 987 cessat
2459 933 2521 986 ob
2520 933 2685 1000 jectio

1871 1018 2035 1071 quam
2080 1006 2275 1072 saepius
2341 1006 2685 1071 Augustinus

1868 1076 2062 1142 repetit
2116 1090 2338 1142 quzeque
2394 1077 2451 1127 in
2523 1090 2687 1127 causa

1866 1147 2000 1211 fuit,
2034 1150 2093 1198 ut
2121 1148 2483 1199 testi-monium
2528 1147 2688 1198 Pauli

1866 1231 1974 1268 non
2002 1216 2067 1268 de
2114 1216 2359 1270 omnibus
2394 1219 2687 1269 universim

1871 1287 2170 1340 hominibus
2232 1292 2535 1354 apponeret,
2592 1288 2687 1340 sed

1868 1358 1942 1411 ad
1994 1363 2102 1411 tres
2154 1358 2276 1411 illas
2322 1360 2679 1427 erepositiones

1868 1430 2195 1495 confugeret.
2224 1430 2373 1497 Smpe
2411 1433 2552 1483 enim
2586 1431 2685 1483 ob—

1862 1501 1989 1568 jicit
2026 1514 2216 1567 pueros
2261 1502 2321 1552 in
2364 1503 2533 1553 uteris
2572 1516 2685 1553 ma-

1870 1572 2035 1623 ternis
2059 1569 2331 1623 interdum
2359 1575 2540 1639 perire
2561 1578 2685 1624 ante

1790 1653 1831 1707 B
1871 1641 2217 1709 baptismum,
2280 1656 2448 1710 neque
2506 1646 2685 1696 tamen

1864 1728 1965 1781 per
1980 1728 2196 1780 pueros,
2232 1727 2399 1779 neque
2440 1729 2538 1780 per
2572 1729 2682 1781 pa-

1864 1788 2059 1848 rentes,
2090 1798 2265 1851 neque
2289 1799 2388 1851 per
2406 1786 2682 1837 ministros

1865 1860 2031 1919 stare,
2086 1859 2182 1922 qui
2206 1859 2557 1923 percuperent
2607 1858 2681 1908 eis

1865 1925 2168 1991 subvenire,
2255 1928 2306 1977 et
2385 1925 2677 1979 remedium

1868 1996 2126 2063 baptismi
2181 1993 2274 2048 ad’
2304 1997 2533 2049 salutem
2573 1998 2677 2050 ad-

1868 2068 2066 2133 hibere,
2136 2082 2229 2120 nec
2303 2070 2480 2120 tamen
2552 2082 2679 2136 pos-

1865 2142 2017 2191 sunt.

2937 882 2982 919 S.
3028 882 3393 923 AUGUSTINUS.

2831 935 2977 1012 Quid
3024 937 3093 990 de
3140 938 3254 1012 illis
3304 940 3443 1012 dicis
3476 941 3579 1012 qui

2759 1005 2819 1058 in
2848 1011 3010 1060 utero
3028 1009 3389 1063 moriuntur?
3410 1011 3451 1065 Ο
3480 1005 3576 1065 an-

2760 1079 2981 1145 gustia!
3028 1078 3251 1133 Serm.7
3301 1080 3366 1134 de
3412 1084 3571 1137 Verb.

2761 1150 2958 1215 Apost.
2998 1149 3144 1202 Idem
3175 1154 3332 1219 epist.
3374 1155 3470 1206 105
3503 1153 3579 1207 ad

2759 1219 3007 1291 Sixtum:
3046 1221 3112 1273 Et
3136 1237 3241 1291 cur
3263 1224 3572 1291 providen-

2759 1289 2840 1341 tia
2886 1289 3004 1355 Dei,
3030 1290 3148 1363 Acui
3178 1289 3356 1345 nostri
3386 1295 3576 1363 capilli

2760 1359 3044 1435 numerati
3076 1366 3225 1426 sunt,
3261 1362 3380 1435 sine
3406 1359 3568 1435 cujus

2758 1431 3049 1504 voluntate
3077 1447 3196 1485 non
3245 1434 3395 1486 cadit
3439 1431 3571 1504 p'as-

2758 1517 2848 1574 ser
2899 1502 2960 1555 in
3010 1506 3244 1569 terram,
3306 1502 3571 1574 quae—nec

2756 1572 2870 1624 fato
2902 1574 3201 1642 premitur,
3238 1572 3341 1628 nec
3363 1576 3573 1629 fortui—

2757 1643 2828 1715 tis
2859 1643 3077 1715 casibus
3107 1644 3434 1715 impeditur,
3470 1663 3574 1700 nec

2758 1714 2872 1767 ulla
2902 1714 3205 1784 iniquitate
3246 1719 3567 1788 corrumpi-

2756 1789 2867 1847 tur,
2930 1789 2993 1837 ut
3058 1793 3428 1840 renascantur
3500 1789 3571 1842 ad

2757 1855 3147 1909 haereditatem
3240 1859 3527 1912 caelestem
3554 1900 3568 1927 ,

2755 1943 2873 1979 non
2953 1927 3201 1980 consulit
3303 1929 3571 1983 omnibus

2753 1996 3004 2066 parvulis
3026 1997 3278 2051 ﬁliorum
3311 2016 3567 2067 suorum,

2756 2068 3116 2137 etfnonnullis
3137 2070 3569 2124 consulitetiam

2754 2138 3006 2207 parvulis
3030 2138 3342 2209 impiorum
3356 2140 3383 2194 ‘l

2444 2224 2504 2279 S.
2547 2225 3002 2281 FULGEN'I‘IUS.

1942 2311 2043 2366 Ubi
2094 2310 2248 2365 enim
2291 2312 2539 2367 duorum
2584 2315 2955 2383 parvulorum
2986 2331 3090 2368 nec
3119 2314 3181 2368 in
3220 2316 3436 2371 actibus
3471 2318 3575 2372 ali-

1869 2417 1977 2471 qua
2029 2405 2161 2454 sunt
2194 2400 2417 2463 merita,
2484 2418 2589 2456 nec
2646 2403 2708 2456 in
2762 2403 2985 2473 origine
3035 2403 3329 2458 dissimilis
3377 2423 3566 2474 causa,

1868 2489 2234 2543 manifestum
2292 2490 2525 2559 quidem
2581 2492 2744 2545 nobis
2802 2497 2887 2545 est
2938 2492 3093 2564 quod
3143 2495 3311 2547 ambo
3356 2495 3575 2549 fuerint

1870 2578 2165 2649 originalis
2197 2580 2415 2649 peccati
2445 2579 2684 2633 vinculis
2711 2581 2963 2650 obligati,
2999 2582 3288 2635 occultum
3311 2599 3444 2636 vero
3475 2600 3577 2637 cur

1868 2685 1985 2722 non
2008 2668 2176 2722 ambo
2206 2668 2425 2721 fuerint
2446 2668 2711 2723 absoluti.
2745 2669 3001 2723 Sciamus
3030 2670 3207 2739 igitur
3238 2671 3576 2741 imperscru-

1868 2757 2040 2811 tabile
2074 2757 2239 2811 nobis
2280 2772 2401 2810 esse
2450 2772 2551 2810 cur
2578 2773 2694 2811 uno
2728 2757 2998 2811 derelicto
3030 2761 3272 2812 alterum
3315 2761 3461 2813 Deus
3502 2761 3572 2814 ab

1868 2847 1965 2899 illa
2022 2844 2359 2915 perditionis
2413 2861 2601 2899 massa
2631 2845 2805 2915 gratis
2851 2845 3078 2915 eripiat,
3126 2851 3227 2900 etc.
3279 2848 3437 2902 Dicet
3467 2850 3571 2903 ali-

1868 2934 2030 3005 quis:
2080 2933 2193 2987 Cur
2218 2949 2332 2986 non
2364 2934 2640 2987 ambobus
2668 2933 2908 3004 largitus
2966 2940 3051 2989 est
3103 2936 3375 2989 Dominus
3435 2954 3572 3008 gra-

1871 3022 2074 3076 tuitam
2131 3022 2604 3085 misericordiam,
2639 3038 2769 3076 cum
2822 3040 2971 3078 unus
3014 3024 3210 3077 ambos
3251 3028 3444 3079 reatus
3474 3026 3573 3080 ob-

948 3061 1053 3119 est,
1089 3056 1277 3110 Omnes
1300 3057 1356 3108 in
1388 3058 1598 3111 Christo
1626 3060 1760 3110 vivi-

946 3126 1253 3194 ﬁcabuntur
1284 3126 1327 3195 (Ι
1357 3127 1477 3181 Cor.
1510 3143 1601 3191 xv,
1646 3130 1757 3197 22),

945 3212 1076 3249 cum
1148 3202 1268 3251 tam
1327 3196 1493 3250 multi
1543 3196 1760 3252 aeterna

944 3271 1127 3321 morte
1156 3266 1492 3338 puniantur,
1525 3268 1653 3323 ideo
1686 3269 1761 3323 di-

944 3344 1097 3391 ctum
1126 3350 1228 3405 est,
1253 3339 1389 3408 quia
1408 3355 1605 3392 omnes
1637 3340 1760 3410 qui-

944 3425 1167 3479 cunque
1233 3414 1408 3463 vitam
1483 3414 1759 3465 aiternam

942 3480 1290 3552 percipiunt,
1377 3496 1513 3552 non,
1572 3483 1756 3552 perci-

941 3552 1110 3621 piunt
1139 3551 1249 3604 nisi
1279 3551 1340 3604 in
1388 3551 1639 3617 Christo;
1681 3554 1757 3606 ita

942 3623 1090 3692 quod
1140 3622 1355 3675 dictum
1407 3628 1509 3687 est,
1569 3624 1757 3678 Omnes

133 3198 360 3252 Frustra
386 3199 563 3251 noluit
602 3200 869 3266 Augusti-

46 3276 165 3323 nus
190 3269 464 3323 concedere
502 3270 639 3323 hanc
675 3272 871 3323 volun—

48 3345 228 3394 tatem
279 3341 385 3393 Dei
434 3342 579 3393 circa
635 3344 872 3394 omnium

45 3413 307 3473 salutem,
369 3416 419 3463 et
474 3412 643 3464 locum
716 3413 871 3465 illum

43 3484 221 3537 Pauli
238 3482 381 3535 nullo
409 3497 475 3534 ea:
497 3484 669 3537 tribus
698 3483 869 3537 modis

43 3558 200 3607 recte
224 3555 493 3620 exposuit.

391 3694 525 3747 XIV.
940 3694 1176 3746 homines
1226 3695 1342 3746 vult
1392 3696 1532 3746 Deus
1582 3696 1757 3748 salvos

943 3766 1079 3831 ﬁeri,
1110 3763 1238 3817 ideo
1259 3763 1477 3834 dictum
1494 3769 1596 3829 est,
1620 3766 1758 3834 quia

317 3851 601 3890 cexsoass.
946 3850 1144 3888 omnes
1174 3833 1273 3904 qui
1290 3833 1428 3886 salvi
1450 3834 1613 3900 ﬁunt,
1641 3833 1757 3888 nisi

944 3905 1067 3985 ipso
1097 3906 1321 3985 volente
1362 3905 1662 3985 nonmﬁunt
1687 3911 1757 3985 _et

943 3975 989 4029 si
1008 3991 1122 4046 quo
1144 3976 1254 4029 alio
1273 3976 1444 4046 modo
1466 3975 1565 4028 illa
1584 3977 1756 4029 verba

940 4045 1248 4117 apostolica
1312 4045 1561 4117 intelligi
1624 4063 1755 4116 pos-

943 4116 1095 4183 sunt,
1125 4122 1189 4171 ut
1208 4121 1401 4171 tamen
1438 4116 1571 4188 huic
1603 4134 1754 4188 aper-

944 4190 1175 4242 tissimm
1226 4187 1476 4256 veritati,
1524 4188 1586 4241 in
1637 4187 1752 4259 qua

128 3978 278 4043 Tres,
313 3981 612 4046 quatuorve
650 3993 719 4030 ea:
750 3978 866 4031 Au-

37 4051 268 4116 gustino
307 4051 702 4102 commemorati
741 4053 869 4102 sunt

37 4136 84 4173 a
152 4119 306 4173 nobis
363 4120 510 4173 modi
564 4119 869 4187 emponendi

35 4190 217 4243 verba
261 4191 357 4243 illa
388 4191 553 4259 (Deus
585 4191 703 4243 vult
746 4206 867 4244 om-

36 4277 153 4314 nes
183 4261 446 4314 homines
490 4262 671 4314 salvos
715 4261 861 4331 ﬁeri)

34 4348 171 4386 cum
210 4333 358 4385 illius
414 4334 716 4399 opinionem
762 4348 865 4384 ea:-

28 4418 381 4471 poneremus,
425 4404 520 4472 qui
556 4404 692 4456 mihi
741 4405 863 4470 qui-

34 4474 171 4527 dem
209 4474 281 4526 ad
320 4473 638 4527 eludendum
666 4476 862 4541 magis,

35 4559 213 4611 quam
242 4547 395 4611 recti,
428 4548 477 4598 et
497 4545 664 4599 solidi
686 4545 868 4598 videri

30 4615 234 4669 solent.

941 4404 1053 4455 Deo
1107 4402 1336 4454 nolente
1395 4401 1581 4454 salvos
1637 4417 1753 4454 non

938 4472 1084 4538 ﬁeri,
1135 4470 1415 4525 contraria
1473 4488 1595 4525 esse
1638 4488 1752 4525 non

938 4544 1171 4613 possint.
1200 4544 1377 4610 Epist.
1415 4545 1509 4595 107
1545 4543 1619 4595 ad
1652 4544 1751 4596 Vi-

942 4615 1129 4678 talem;
1188 4615 1315 4666 item
1353 4628 1472 4681 cap.
1510 4615 1608 4666 103
1638 4616 1749 4667 Εη-

935 4684 1155 4751 chirid.,
1225 4688 1275 4737 et
1353 4699 1473 4751 cap.
1552 4686 1617 4738 14
1684 4684 1750 4738 de

939 4755 1178 4822 Corrept.
1213 4758 1262 4807 et
1282 4760 1427 4821 grat.

466 4844 792 4900 ECCLESIA
832 4843 1337 4898 LUGDUNENSIS.

110 4933 326 4988 Sensus
356 4931 583 4987 illorum
606 4933 909 4986 verborum
953 4931 1228 5001 Apostoli,
1262 4930 1471 5001 quibus
1491 4930 1605 4984 ait:
1640 4932 1750 4997 Qui

26 5006 156 5059 vult
187 5019 368 5058 omnes
415 5003 652 5059 homines
696 5005 873 5058 salvos
900 5005 1038 5071 ﬁeri,
1096 5002 1268 5055 etiam
1323 5018 1430 5055 nos
1484 5003 1747 5071 superius

25 5093 636 5159 commemoravimus,
685 5096 742 5146 et
766 5091 1012 5145 ﬁdeliter
1042 5106 1206 5161 posse
1246 5090 1423 5159 accipi
1475 5090 1741 5153 diximus,

26 5182 77 5235 si
126 5186 331 5233 tamen
364 5184 419 5233 et
446 5180 539 5233 ille
570 5195 767 5234 sensus
806 5180 864 5232 Β.
898 5177 1224 5248 Augustini,
1260 5193 1432 5247 quem
1459 5177 1555 5231 ille
1580 5178 1744 5248 juxta

25 5269 280 5323 alterius
308 5269 513 5323 divinae
539 5269 847 5340 Scripturaa
896 5265 1296 5321 auctoritatem
1324 5265 1629 5335 diligenter
1654 5266 1741 5320 in-

25 5358 241 5429 quirit,
282 5364 339 5412 et
368 5358 560 5412 multis
600 5374 664 5411 ac
702 5356 997 5411 veracibus
1024 5354 1209 5409 modis
1240 5354 1743 5425 exponitrpariter

25 5448 370 5518 recipiatur.
408 5448 520 5501 Nec
545 5450 786 5519 propter
815 5445 989 5499 istum
1021 5444 1118 5499 ille
1160 5445 1481 5511 damnetur,
1515 5444 1613 5498 sed
1636 5460 1739 5514 po-

25 5537 148 5611 tius
182 5536 422 5606 utrique
452 5535 643 5591 sensui
672 5537 911 5607 propter
942 5548 1202 5589 veracem
1232 5537 1290 5588 et
1318 5533 1476 5604 piam
1505 5533 1738 5588 Patrum

1867 3110 2207 3164 strinxerit?
2237 3110 2359 3178 Cui,
2412 3112 2564 3164 salva
2593 3112 3070 3183 imperscrutabili
3120 3113 3422 3168 altitudine
3471 3114 3569 3184 ju-

1869 3199 2149 3254 diciorum
2182 3198 2303 3262 Dei,
2355 3201 2786 3271 respondemus,
2816 3200 2946 3256 ideo
2978 3218 3097 3255 non
3136 3207 3447 3273 utrumque
3495 3203 3573 3257 li—

1866 3288 2126 3342 beratum
2183 3288 2272 3342 vel
2320 3292 2631 3359 utrumque
2675 3290 3031 3357 damnatum,
3080 3290 3214 3360 quia
3268 3290 3567 3355 Dominus,

1866 3378 1966 3447 qui
2002 3378 2220 3431 malum
2251 3393 2353 3431 nec
2384 3378 2526 3432 velle
2565 3382 2752 3448 potest
2791 3379 3097 3449 aliquando
3123 3394 3225 3431 nec
3254 3378 3456 3443 facere,
3489 3379 3560 3433 ab

1865 3483 1979 3520 uno
2004 3467 2157 3537 justa
2194 3466 2491 3520 severitate
2546 3467 2803 3521 debitum
2860 3467 3129 3538 praecepit
3188 3468 3359 3537 exigi,
3399 3468 3570 3521 alteri

1863 3571 1996 3608 vero
2037 3554 2208 3624 jussit
2231 3554 2481 3625 gratuita
2531 3554 2798 3620 bonitate
2827 3555 3058 3609 dimitti.
3100 3556 3218 3609 Lib.
3252 3556 3273 3608 Ι
3305 3555 3370 3610 de
3420 3558 3571 3611 Veri-

1864 3647 1973 3696 tate
1998 3642 2250 3710 praedest.
2295 3647 2344 3696 et
2384 3646 2552 3709 grat.,
2587 3659 2706 3712 cap.

1863 3734 2050 3783 contra
2076 3732 2346 3798 Ingratos,
2380 3746 2500 3801 cap.
2537 3734 2597 3785 31
2620 3773 2633 3786 .

2126 3922 2411 3960 CENSORES.

1931 3977 2225 4045 Appellare
2351 3979 2677 4045 cognitiones

1860 4048 1987 4101 illas
2026 4062 2208 4099 rerum
2245 4049 2304 4100 in
2341 4049 2498 4101 verbo
2541 4052 2590 4101 et
2620 4051 2678 4101 in

1856 4119 2082 4186 proprio
2113 4133 2299 4184 genere
2342 4117 2503 4187 diem,
2536 4120 2677 4171 mul-

1865 4190 2219 4257 tiplicareque
2320 4204 2382 4241 ea
2467 4192 2677 4242 ratione

937 4260 1196 4338 videmus
1230 4264 1351 4338 tam
1386 4259 1607 4338 multos
1654 4276 1746 4338 vo:
1789 4285 1831 4338 D
1865 4260 1979 4312 dies
2016 4261 2413 4338 comparatione
2439 4259 2676 4338 diverso:

936 4330 1188 4384 lentibus
1240 4330 1591 4396 hominibus,
1650 4330 1759 4387 sed
1789 4330 1825 4338 ”
1863 4346 1985 4384 rum
2049 4331 2394 4398 objectorum,
2466 4336 2545 4384 est
2595 4333 2679 4385 uti

1863 4401 2135 4455 vocabulis
2184 4402 2257 4453 ad
2318 4402 2554 4466 libitum,
2628 4406 2678 4455 et

1856 4477 2057 4541 praeter
2097 4475 2340 4527 omnium
2376 4488 2589 4526 sensum
2627 4478 2683 4527 et

1860 4546 2197 4611 opinionem:
2236 4559 2328 4597 nec
2376 4545 2544 4598 ullam
2582 4560 2678 4597 ve-

1858 4613 2331 4667 risimilitudinem
2447 4615 2674 4680 habet,

1858 4685 2103 4751 Moysem
2141 4700 2261 4737 cum
2303 4686 2504 4752 populo
2546 4685 2678 4739 rudi

1857 4757 1919 4808 in
1969 4770 2033 4808 ea
2068 4757 2461 4821 signiﬁcatione
2504 4756 2677 4820 fuisse

1857 4826 2106 4892 locutum,
2168 4840 2331 4893 quam
2380 4827 2477 4878 vim
2533 4826 2676 4880 ullus

1850 4898 2033 4963 potuit
2089 4898 2412 4963 excogitare,
2462 4900 2671 4961 emugi-

1856 4970 2133 5034 totamque
2169 4968 2277 5020 sibi
2313 4966 2663 5035 persuadere.

1858 5037 2038 5101 Quare
2056 5052 2317 5106 exponere
2346 5041 2403 5091 in
2432 5054 2487 5091 eo
2513 5054 2671 5092 sensu

1855 5108 2166 5176 Scripturas
2214 5112 2291 5162 est
2320 5123 2449 5162 sane
2483 5125 2668 5163 earum

1854 5181 2230 5232 auctoritatem
2286 5194 2558 5245 enervare,
2619 5186 2668 5234 et

1856 5248 1926 5317 (si
1944 5251 2002 5302 in
2031 5250 2407 5318 impugnanda
2430 5254 2667 5305 sanctis-

1851 5322 1980 5373 simi
2015 5323 2530 5389 eminenlissimique
2559 5322 2663 5374 do-

1851 5394 2013 5445 ctoris
2043 5391 2104 5443 de
2141 5392 2380 5445 Ecclesia
2421 5398 2471 5446 et
2507 5408 2663 5445 sacra

1850 5463 2117 5529 theologia
2138 5478 2301 5531 quam
2323 5465 2663 5517 meritissimi

1847 5535 2130 5602 sententia,
2160 5535 2253 5601 fas
2283 5536 2462 5589 estita
2492 5532 2663 5603 loqui)

2746 3647 2826 3698 13.
2862 3644 3007 3697 Idem
3037 3644 3186 3697 docet
3216 3644 3279 3699 S.
3341 3645 3573 3713 Prosper

2656 3819 2790 3873 XVI.

2941 3923 2983 3959 S.
3026 3923 3373 3963 AUGUSTINUS.

2819 3978 3083 4047 Quisquis
3116 3995 3250 4047 ergo
3274 3996 3391 4033 non
3413 3996 3561 4048 eam,

2751 4064 2924 4118 quam
2955 4064 3057 4117 pro
3093 4056 3286 4102 nostro
3334 4052 3565 4104 modulo

2749 4120 2836 4172 vel
2891 4120 3161 4191 indagare
3194 4120 3305 4191 vel
3358 4126 3565 4191 putare

2749 4189 3062 4259 potuimus,
3113 4190 3209 4243 sed
3262 4189 3433 4245 aliam
3477 4208 3567 4245 re-

2751 4260 2928 4330 quirit
2967 4262 3027 4313 in
3074 4260 3304 4315 illorum
3339 4263 3564 4317 dierum

2752 4331 3179 4384 enumeratione
3344 4339 3568 4387 senten-

2751 4402 2910 4465 tiam,
2950 4419 3078 4471 quas
3143 4418 3258 4456 non
3315 4404 3375 4457 in
3424 4421 3565 4474 pro-

2750 4474 2945 4542 phetia
2968 4474 3230 4541 ﬁgurate,
3253 4475 3350 4528 sed
3375 4476 3430 4529 in
3464 4477 3569 4529 hac

2751 4548 3141 4597 creaturarum
3241 4547 3568 4601 conditione

2750 4614 2991 4694 proprie.
3020 4615 3341 4694 meliusque
3391 4618 3569 4694 possit

2751 4685 3016 4755 intelligi,
3082 4685 3302 4756 quaerat
3357 4685 3415 4742 et
3481 4689 3568 4742 di-

2748 4756 2963 4810 vinitus
3008 4757 3237 4827 adjutus
3286 4758 3561 4811 inveniat.

2751 4826 2895 4879 Fieri
2927 4826 3091 4880 enim
3108 4833 3290 4897 potest
3312 4834 3376 4881 ut
3392 4829 3565 4880 etiam

2748 4913 2853 4967 ego
2880 4898 3051 4951 aliam
3076 4899 3162 4951 his
3191 4899 3393 4951 divinas
3416 4898 3564 4951 Scri-

2747 4976 2929 5037 ptura;
2946 4969 3129 5021 verbis
3159 4969 3563 5037 congruentia-

2744 5055 2866 5092 rem
2924 5038 3178 5091 fortassis
3245 5038 3557 5093 inveniam.

2743 5111 2938 5178 Neque
3018 5108 3172 5162 enim
3252 5109 3333 5161 ita
3401 5110 3561 5179 |hanc

2741 5180 3037 5243 conﬁrmo,
3075 5186 3154 5251 _ut
3201 5178 3557 5251 _alia_m,quze

2738 5249 3129 5319 praeponenda
3167 5249 3261 5315 sit,
3305 5249 3555 5305 inveniri

2737 5336 2853 5373 non
2942 5336 3107 5389 posse
3189 5322 3551 5376 contendam.

2737 5391 2854 5444 Lib.
2912 5407 2963 5441 1v
3012 5391 3077 5444 de
3104 5392 3239 5447 Gen.
3282 5392 3357 5446 ad
3408 5394 3553 5456 litt..

2735 5477 2855 5529 cap.
2890 5462 2980 5515 28.
3036 5462 3179 5516 Cum
3220 5462 3307 5516 his
3363 5470 3559 5519 autem

2740 5531 2840 5603 qui
2869 5537 3076 5587 cuncta
3105 5534 3203 5588 illa
3248 5551 3378 5606 quae
3422 5552 3559 5592 vera
