3908 6180
346 235 452 287 839
1360 228 1915 284 SUPPLEMENTUM
1953 228 2044 284 AD

346 353 586 408 ludibrio
629 353 774 420 forte
821 367 935 406 eam
977 365 1157 405 coram
1230 353 1365 403 sunt
1384 349 1524 403 falsa
1553 365 1674 404 esse
1697 366 1812 404 non
1842 350 2040 405 dicunt
2067 355 2111 409 Α

346 426 653 495 inﬁdelibus
708 439 994 493 exponere.
1052 424 1156 475 Me-
1227 420 1596 495 honorantes,
1617 427 1672 475 et
1695 421 2037 495 inculmine

349 492 456 551 rita
477 512 602 564 ergo
615 492 880 550 sententia
900 495 1156 560 Augusti-
1226 492 1530 564 sequendae
1561 493 1910 546 auctoritatis
1932 509 2037 546 no-

348 571 409 622 ni
432 571 499 621 ab
527 569 654 622 aliis
697 566 949 620 Patribus
988 568 1036 616 et
1067 563 1153 616 do-
1227 563 1448 616 hiscum
1506 565 1918 618 constituentes
1977 564 2040 617 il-

351 639 587 693 ctoribus
669 640 1016 691 communiter
1078 650 1163 687 re-
1236 634 1351 686 1am
1383 650 1486 703 per
1513 636 2040 705 sanctumMoysem

351 711 633 779 probatur.
1109 774 1162 779 __
1237 706 1446 779 editam
1499 711 1750 779 sanctam
1807 706 2044 779 scriptu-

350 774 474 835 ram
501 785 681 842 tuam,
714 780 770 831 et
793 780 985 830 tamen
1031 774 1197 828 nobis
1226 776 1441 846 aliquid
1491 774 1933 841 contradicunt,'
1965 777 2044 830 ita

349 852 593 921 loquor:
642 850 727 903 Tu
783 852 902 901 esto
953 848 1101 900 Deus
1141 845 1337 921 noster
1388 845 1602 902 arbiter
1648 847 1804 921 inter
1826 846 2043 921 confes-

348 917 536 975 sio—nes
590 935 748 973 meas
825 923 882 973 et
931 917 1410 972 contradictiones
1478 934 1701 975 eorum.
1773 919 1892 973 Lib.
1969 935 2045 972 xu

349 992 610 1060 Confess.,
632 1006 754 1060 cap.
790 992 875 1044 16.

1007 1059 1062 1114 S.
1091 1059 1176 1112 ΤΗ
1188 1059 1391 1114 OMAS.

417 1152 633 1206 Harum
676 1148 856 1222 igitur
886 1148 1308 1219 expositionum
1336 1147 1525 1218 prima
1556 1149 1782 1217 (scilicet
1820 1149 2050 1216 Augus—

348 1240 470 1308 tini)
501 1243 584 1294 est
614 1239 900 1304 subtilior,
931 1235 1112 1307 magis
1135 1237 1204 1290 ab
1247 1237 1509 1290 irrisione
1549 1237 1870 1290 inﬁdelium
1903 1237 2047 1292 Scri-

345 1334 544 1400 pturas
574 1327 910 1383 defendens.
948 1326 1203 1380 Secunda
1238 1341 1371 1379 vero
1406 1325 1628 1396 (scilicet
1660 1327 1891 1380 aliorum
1918 1341 2046 1380 san-

346 1419 575 1487 ctorum)
609 1421 693 1472 est
723 1415 964 1487 planior,
990 1419 1046 1468 et
1071 1413 1252 1484 magis
1282 1415 1469 1468 verbis
1509 1415 1734 1477 littere,
1768 1421 2051 1486 quantum

2082 227 2314 283 OPERA
2351 227 2406 282 S.
2448 226 2580 282 AUG
2592 227 2832 282 USTINI.

2713 349 2769 405 S.
2812 350 3274 407 PRUDENTIUS.

2216 439 2398 510 Hujus
2452 439 2536 493 rei
2595 439 2755 493 testis
2804 443 2889 494 est
2939 444 3165 494 sanctus
3207 440 3428 496 antistes
3481 446 3785 521 Fulgentius,

2145 528 2245 598 qui
2274 544 2447 598 super
2474 528 2603 590 hoc,
2635 533 2743 582 etc.
2782 529 2944 583 Certe
2995 529 3040 582 si
3069 529 3228 583 nulla
3255 531 3407 585 nobis
3436 534 3538 587 alia
3577 541 3665 590 aut
3712 556 3788 592 au-

2149 615 2376 670 ctoritas
2422 620 2521 670 aut
2550 619 2697 670 ratio
2751 617 3161 688 suppeditaret,
3221 619 3368 672 solus
3403 621 3492 675 ille
3546 624 3696 678 nobis
3743 628 3792 682 in

2149 705 2322 775 hujus
2346 704 2621 760 sermonis
2664 704 3050 776 intelligentia
3103 705 3358 760 sufficere
3401 714 3626 778 poterat,
3659 713 3792 783 cujus

2151 794 2410 850 doctrina
2455 800 2626 866 atque
2679 795 2914 850 scientia
2965 799 3127 851 tanto
3175 796 3236 851 in
3283 799 3544 854 catholica
3592 802 3797 858 Ecclesia

2153 884 2368 938 honore
2411 888 2466 938 et
2499 901 2693 938 amore
2725 885 3032 953 convaluit,
3065 889 3132 940 ut
3156 885 3224 940 de
3267 886 3412 940 illius
3449 889 3656 959 scriptis
3689 894 3791 946 nul-

2153 974 2241 1026 lus
2297 988 2550 1044 unquam
2606 972 2968 1042 dubitaverit,
3029 973 3220 1027 nullus
3296 974 3650 1047 derogaverit,
3709 986 3791 1034 etc.

2153 1063 2332 1118 Testis
2385 1068 2469 1117 est
2499 1063 2670 1118 etiam
2718 1067 2943 1117 sanctus
2998 1064 3262 1132 Prosper,
3295 1063 3380 1116 vir
3415 1063 3472 1117 in
3501 1065 3648 1118 omni
3673 1065 3793 1121 litte-

2155 1169 2349 1207 rarum
2388 1151 2706 1207 eruditione
2735 1151 3097 1206 doctissimus
3156 1168 3219 1208 ac
3249 1151 3684 1219 facundissimus,
3704 1156 3798 1225 [qui

2158 1242 2447 1296 Gallorum
2483 1241 2842 1312 aliorumque
2874 1240 3204 1312 sequacium
3234 1240 3609 1312 impudentiis,
3654 1248 3702 1296 et
3743 1245 3797 1297 li-

2156 1331 2274 1386 bris
2305 1330 2774 1400 ﬂdelitereditis,
2819 1335 2875 1384 et
2905 1331 3150 1386 Romani
3187 1331 3470 1402 pontiﬁcis
3521 1332 3686 1387 edicto
3720 1350 3801 1388 sua

2159 1419 2429 1473 instantia
2471 1419 2774 1489 impetrato
2822 1424 3220 1491 propugnator
3240 1419 3572 1474 fortissimus
3607 1437 3664 1476 ac
3689 1422 3803 1476 ﬁde-

3709 243 3788 294 840

348 1507 420 1560 ad
454 1505 814 1576 superﬁciem
851 1519 1136 1569 consona;
1169 1503 1304 1573 quia
1328 1509 1524 1557 tamen
1555 1509 1762 1557 neutra
1790 1519 1986 1557 earum
2020 1520 2053 1556 a
2160 1507 2412 1562 lissimus
2464 1508 2730 1563 obviavit.
2776 1508 3021 1562 Proinde
3075 1508 3465 1579 impudentior
3509 1510 3705 1564 caeteris
3737 1511 3804 1564 tui

348 1594 584 1649 veritate
615 1593 747 1648 ﬁdei
779 1592 1084 1656 discordat,
1119 1598 1175 1644 et
1204 1597 1510 1662 utrumque
1544 1608 1774 1646 sensum
1809 1592 2051 1646 circum-

351 1684 560 1738 stantia
591 1683 794 1736 litterae
826 1681 1056 1753 patitur,
1099 1681 1226 1733 ideo
1277 1697 1344 1733 ne
1381 1681 1572 1734 neutri
1619 1681 1823 1735 harum
1869 1697 2043 1750 expo-

348 1772 622 1826 sitionum
671 1770 1098 1842 praajudicetur,
1134 1774 1440 1839 utramque
1488 1769 1823 1839 opinionem
1881 1769 2046 1823 susti-

347 1864 570 1927 nentes,
649 1861 948 1930 utriusque
1019 1858 1340 1912 rationibus
1413 1857 1876 1928 respondendum
1938 1861 2044 1912 est.

347 1951 541 2017 Quaest.
592 1948 799 2019 disput.
860 1965 914 2018 q.
970 1949 1023 2016 4,
1078 1947 1143 2001 de
1180 1945 1422 2001 materiae
1467 1949 1720 2015 informis
1780 1946 2048 2001 creatione

349 2042 464 2093 art.
500 2039 555 2091 2.

1111 2106 1274 2159 XVII.

1377 2209 1422 2248 s.
1461 2209 1508 2248 P.
1540 2195 1903 2247 'Aucusrmus.

1311 2281 1456 2345 Quid
1489 2297 1760 2352 responsu
1770 2297 1830 2334 ru
1840 2297 1875 2352 si
1893 2278 2048 2333 sum?

1238 2352 1448 2406 Auditu
1459 2368 1551 2406 rus
1571 2368 1629 2405 es
1641 2351 2048 2422 Augustinum,

1239 2423 1338 2492 qui
1392 2439 1508 2477 non
1558 2422 1765 2477 audisti
1812 2424 2051 2492 Aposto-

617 2209 902 2247 CENSORES.

426 2285 652 2352 Temere;
765 2281 1164 2350 afﬁrmabimus

350 2355 626 2408 aumilium
656 2356 927 2420 sufﬁciens
954 2353 1165 2420 aliqui-

351 2425 447 2479 bus
462 2424 738 2492 denegari,
772 2427 933 2492 atque
953 2423 1019 2476 ab
1042 2426 1165 2476 Au-

351 2498 568 2564 gustino
596 2497 826 2563 aliisque
860 2495 1002 2548 idem
1038 2509 1162 2547 sen-
1240 2494 1359 2547 lum
1405 2493 1723 2548 dicentem:
1777 2494 1819 2548 0
1865 2494 2048 2564 homo!

349 2563 605 2621 tientibus
650 2573 830 2635 petere
882 2580 1165 2634 possumus
1240 2570 1316 2630 tu,
1347 2567 1469 2634 quis
1499 2580 1551 2619 es
1590 2567 1688 2633 qui
1726 2563 2050 2632 respondeas

348 2638 619 2692 undenam
657 2637 823 2706 hujus
869 2639 1164 2689 voluntatis
1237 2639 1342 2689 Deo
1399 2635 2050 2706 (Rom.71x,,20)?Duo

349 2711 446 2763 Dei
473 2705 895 2774 certioresfacti
934 2708 1160 2774 fuerint.
1235 2707 1459 2776 parvuli
1487 2705 1606 2760 nati
1632 2711 1783 2771 sunt,
1814 2706 1861 2758 si
1899 2705 2051 2758 debi-

1236 2784 1358 2830 tum
1382 2793 1626 2848 quaeras,
1661 2777 1826 2830 ambo
1857 2778 2052 2829 tenent

349 2865 596 2903 massam
639 2847 998 2918 perditionis,
1038 2851 1142 2900 etc.
1177 2847 1285 2902 Sed
1341 2847 1499 2902 habet
1550 2850 1748 2916 figulus
1807 2849 1908 2900 luti
1951 2861 2050 2915 po-

351 2925 593 2976 testatem
640 2935 707 2974 eo:
735 2919 920 2974 eadem
964 2934 1147 2972 massa
1183 2922 1363 2985 facere
1393 2919 1550 2973 aliud
1575 2922 1751 2973 vasin
1779 2920 2048 2983 honorem,

349 2993 503 3046 aliud
558 2994 615 3045 in
661 2991 1032 3044 contumeliam
1079 2990 1244 3058 (Ibid.
1286 2989 1396 3059 2i).
1451 2989 1751 3059 Disputare
1817 2989 1899 3041 vis
1927 3005 2048 3041 me-

349 3078 478 3115 cum
499 3064 529 3115 ?
556 3063 677 3115 Imo
717 3061 928 3114 mirare
953 3076 1196 3123 mecum,
1232 3065 1288 3114 et
1319 3061 1573 3114 exclama
1603 3076 1828 3114 mecum
1853 3076 1866 3112 :
1900 3059 1942 3114 Ο
1961 3059 2044 3112 al-

349 3133 526 3188 titudo
557 3133 878 3187 divitiarum
924 3133 1101 3202 (Rom.
1147 3147 1224 3196 ιι,
1270 3131 1385 3201 33).
1444 3131 1624 3186 Serm.
1662 3135 1719 3185 11
1755 3131 1823 3186 de
1877 3129 2041 3184 Verb.

347 3207 544 3274 Apost.

988 3271 1046 3329 S.
1071 3271 1407 3327 PROSPER.

425 3363 502 3417 Eo
531 3361 652 3432 ipso
700 3364 958 3428 tempore
997 3377 1109 3431 quo
1141 3360 1209 3414 ad
1254 3376 1454 3413 omnes
1485 3364 1683 3430 gentes
1713 3358 2046 3430 praedicatio

352 3449 644 3520 Evangelii
687 3447 1038 3515 mittebatur,
1088 3448 1352 3519 quaedam
1404 3447 1527 3502 loca
1569 3447 1842 3517 apostolis
1890 3447 2046 3500 adire

349 3538 768 3610 prohibebatur
795 3537 866 3591 ab
898 3553 965 3590 eo
989 3536 1090 3607 qui
1113 3538 1230 3590 vult
1245 3553 1422 3592 omnes
1457 3537 1692 3591 homines
1725 3537 1902 3590 sal-vos
1928 3537 2049 3605 ﬁeri

348 3632 399 3682 et
426 3627 500 3680 ad
519 3627 848 3692 agnitionem
875 3613 1354 3679 veritatis'uenire.
1387 3625 1575 3679 Multis
1617 3625 1817 3695 utique
1861 3623 1920 3677 in
1951 3624 2048 3678 illa

348 3715 649 3770 retardatis
699 3719 868 3784 atque
911 3712 1117 3768 aversis
1168 3701 1462 3782 Evangelii
1511 3728 1674 3767 mora
1732 3713 1856 3767 sine
1888 3712 2049 3782 agni-

346 3804 502 3860 tione
542 3802 817 3871 veritatis,
864 3805 920 3855 et
967 3801 1089 3856 sine
1135 3801 1588 3872 regenerationis
1618 3801 2046 3855 consecratione

347 3892 665 3948 morituris.
722 3892 881 3945 Dicat
927 3906 1063 3963 ergo
1105 3890 1397 3961 Scriptura
1441 3890 1595 3962 quod
1653 3895 1874 3961 gestum
1923 3893 2043 3944 est:

350 3985 706 4036 Transeuntes
764 3983 962 4047 autem,
1003 3977 1214 4049 inquit,
1257 3980 1552 4046 Phrygiam
1590 3983 1638 4032 et
1687 3979 1916 4034 Galatiae
1959 3991 2046 4031 re-

347 4073 557 4139 gionem
593 4071 748 4124 vetiti
774 4073 900 4123 sunt
957 4083 992 4122 a
1035 4072 1219 4122 sancto
1273 4067 1488 4136 Spiritu
1545 4068 1692 4137 loqui
1726 4067 1945 4120 verbum
1987 4068 2048 4119 in

356 4161 514 4213 Asia.
540 4160 671 4215 Cum
701 4159 968 4212 venissent
994 4161 1172 4211 autem
1201 4159 1260 4210 in
1289 4159 1544 4224 Mysiam,
1580 4156 1860 4211 tentabant
1889 4157 1968 4208 ire
1987 4157 2047 4209 in

355 4249 694 4316 Bithyniam,
721 4251 771 4301 et
797 4262 902 4301 non
930 4244 1178 4316 permisit
1195 4247 1316 4300 illos
1346 4247 1588 4314 Spiritus
1632 4247 1778 4306 Jesu,
1827 4248 1933 4298 etc.
1985 4243 2046 4296 in

352 4337 521 4407 epist.
556 4337 627 4390 ad
658 4335 1178 4406 Rufﬁnum.(ldem
1227 4333 1390 4387 docet
1441 4331 1502 4386 in
1559 4349 1682 4403 cap.
1742 4336 1798 4386 11
1853 4336 2052 4386 contra

349 4425 610 4494 Ingratos
629 4440 642 4477 :

524 4512 616 4559 Dic
647 4511 799 4574 unde
815 4511 1003 4574 probes
1033 4507 1173 4574 quod
1203 4506 1372 4574 gratia
1401 4505 1590 4574 Christi

412 4573 628 4622 Nullum
659 4568 876 4621 omnino
907 4568 1176 4622 hominem
1203 4568 1505 4633 decunctis
1533 4568 1621 4633 qui
1646 4571 1986 4633 generantur,

413 4637 712 4690 Prtetereat,
743 4635 826 4682 cui
856 4648 964 4682 non
986 4646 1209 4696 regnum
1239 4632 1504 4696 vitamque
1533 4632 1738 4680 beatam

413 4698 700 4759 Impertire
719 4696 1003 4759 velit?iNec
1026 4694 1168 4743 enim
1197 4694 1280 4743 vel
1303 4694 1540 4759 tempore
1556 4699 1739 4741 nostro

411 4755 746 4809 omnibusin
773 4758 924 4805 terris
948 4757 1059 4820 jam
1093 4759 1293 4820 certum
1334 4755 1771 4820 est’insinuatum

411 4822 604 4871 Christi
635 4817 1000 4881 Evangelium,
1031 4832 1096 4867 ne
1117 4819 1287 4867 dicam
1317 4817 1534 4867 exordia
1563 4817 1690 4881 doni

409 4885 527 4935 Non
557 4880 980 4948 potuisse'simul
1001 4885 1111 4930 toto
1133 4882 1408 4931 decurrere
1442 4880 1663 4930 mundo.

349 4968 521 5041 (Lege
545 4965 712 5036 epist.
747 4961 1076 5035 synodicam
1106 4962 1213 5017 PP.
1247 4960 1665 5028 Africanorum,
1705 4975 1761 5014 c.
1798 4958 1872 5028 9.)

1105 5051 1290 5105 XVIII.

617 5140 904 5180 CENSORES.
1416 5137 1462 5176 S.
1503 5136 1837 5176 AUGUSTINUS
1849 5160 1862 5175 ο

425 5215 755 5267 Fateorsane
774 5210 1168 5281 suspectamihi
1311 5209 1474 5281 Nunc
1500 5208 1559 5281 in
1589 5207 2049 5281 familiarissimis

285 5339 288 5342 .
349 5298 461 5339 esse
531 5283 832 5352 testimpnia
864 5279 884 5281 “
911 5283 1166 5351 Prosperi
1236 5279 1700 5352 meis__similiter
1750 5295 1862 5332 non
1915 5295 2050 5332 sen-

351 5360 401 5410 et
434 5350 720 5420 Fulgentii,
756 5359 897 5424 quod
929 5350 1162 5421 diligen-
1235 5350 1511 5424 tientibus
1533 5367 1624 5424 me
1648 5351 1768 5421 jam
1801 5352 2052 5404 vulnera-

355 5427 551 5480 tissimi
591 5432 639 5479 et
668 5422 1002 5480 exactissimi
1046 5426 1165 5479 Au-
1238 5423 1329 5488 tis,
1364 5422 1756 5492 torquetisque
1797 5424 2050 5476 sentien-

353 5497 563 5564 gustini
586 5496 845 5566 discipuli
864 5497 993 5552 sint.
1236 5497 1370 5566 tem.
1402 5492 1524 5548 Lib.
1557 5492 1623 5547 de
1649 5494 1870 5550 Duabus
1907 5494 2050 5550 Ani-

1235 5565 1446 5630 mabus,
1466 5579 1585 5635 cap.
1623 5567 1708 5619 14.

2161 1597 2442 1652 similibus
2485 1597 2897 1668 comprobaris,
2951 1597 3053 1669 qui
3092 1614 3222 1652 cum
3264 1613 3465 1652 eorum
3507 1600 3805 1654 venerabilia

2089 1675 2130 1731 Β
2161 1687 2370 1756 scripta
2427 1686 2654 1756 legeris,
2686 1685 3010 1756 {quippiam
3041 1702 3202 1742 secus
3247 1703 3418 1742 ausus
3447 1703 3504 1741 es
3528 1687 3801 1742 mussitare.

2156 1775 2284 1831 Lib.
2323 1775 2388 1829 de
2407 1774 2687 1844 Praedest.,
2723 1790 2845 1844 cap.
2883 1778 2974 1830 Η.

2946 1865 3079 1919 ΧΙΧ.

3285 1951 3435 1988 lingu
3453 1935 3597 1989 alibi.

3117 2022 3330 2077 Contra
3350 2024 3709 2092 Augustinum
3726 2041 3802 2094 pa-

3045 2100 3174 2146 rum
3206 2094 3465 2148 modeste
3489 2095 3716 2164 loquitur
3733 2096 3804 2148 Ca~

3043 2164 3325 2232 therinus,
3359 2171 3415 2218 et
3447 2165 3502 2219 in
3537 2166 3674 2218 illius
3697 2165 3804 2218 sen-

3042 2235 3284 2290 tentiam
3317 2252 3418 2289 suo
3467 2238 3625 2289 modo
3671 2235 3803 2288 intel-

3043 2308 3252 2361 lectam
3305 2309 3607 2377 procaciter
3643 2307 3801 2359 fertur.

3043 2380 3195 2433 Item.
3261 2379 3325 2433 In
3380 2379 3486 2431 hoc
3531 2377 3804 2448 turpissime

3044 2453 3193 2503 certe
3275 2449 3600 2503 C'attierinus
3658 2449 3806 2518 lapsus

2159 2524 2245 2573 est
2273 2520 2422 2590 quod
2463 2536 2578 2574 non
2610 2519 2934 2590 intelligens
2980 2525 3234 2574 mentem
3288 2519 3607 2591 Augustini,
3657 2520 3804 2590 ipsum

2159 2591 2526 2662 impudenter
2553 2591 2856 2662 impugnat
2877 2596 2933 2645 et
2972 2591 3262 2662 reprobat.

2741 2679 2796 2734 S.
2831 2681 3290 2735 AUGUSTINUS.

2232 2768 2528 2832 Quomodo
2569 2784 2794 2838 sperem
2849 2773 2906 2822 te
2949 2769 3286 2824 auditurum
3345 2784 3464 2822 esse
3513 2768 3653 2840 quod
3693 2767 3802 2829 dico,

2162 2857 2263 2928 qui
2290 2860 2408 2910 tam
2455 2855 2517 2910 in
2547 2856 2806 2926 proximo
2838 2872 2954 2911 non
2984 2857 3144 2912 audis
3182 2857 3309 2928 ipse
3340 2857 3495 2928 quod
3523 2857 3663 2920 dicis,
3699 2856 3805 2910 dum

2162 2944 2267 2999 tibi
2296 2944 2568 2999 continuo
2614 2944 2958 2999 contradicis
2977 2947 3006 3000 ?
3035 2946 3156 3002 Lib.
3187 2963 3226 3000 ιι
3269 2951 3457 3001 cont-ra
3502 2946 3804 3008 Cresconium,

2159 3048 2278 3102 cap.
2316 3035 2397 3099 l2,
2425 3040 2555 3088 tom.
2594 3033 2717 3089 VII.

2422 1950 2707 1988 CENSORES.

2234 2025 2429 2078 Verum
2459 2025 2646 2092 opinio
2672 2023 2974 2094 Augustini

2159 2095 2253 2148 hoc
2280 2096 2434 2148 modo
2479 2095 2747 2148 intellecta
2783 2095 2974 2149 theolo-

2157 2169 2242 2234 gis
2279 2167 2633 2219 .scholasticis
2687 2167 2807 2233 jam
2866 2181 2972 2220 non

2152 2236 2441 2306 probatur,
2486 2242 2534 2290 et
2572 2240 2779 2290 merito.
2816 2252 2883 2290 ear:
2909 2253 2971 2291 ea

2158 2312 2297 2361 enim
2343 2311 2584 2375 cogimur
2613 2307 2851 2362 incidere
2911 2311 2972 2363 in

2156 2382 2472 2433 sententiam
2500 2380 2728 2446 Pelagii.

2088 2997 2126 3052 C

2949 3105 3053 3159 XX.

2414 3189 2706 3229 CENSORES.
3233 3192 3280 3230 S.
3316 3191 3651 3232 AUGUSTINUS.

2223 3263 2365 3317 Mihi
2418 3267 2477 3317 in
2513 3265 2612 3317 hac
2652 3267 2813 3332 parte
2865 3278 2972 3316 non
3117 3262 3173 3317 Si
3221 3268 3420 3319 autem
3475 3266 3578 3319 hoc
3625 3261 3806 3332 adjuto-

2151 3334 2418 3404 probatur
2461 3334 2708 3389 doctrina
2757 3336 2817 3388 B.
2859 3337 2974 3388 Au-
3045 3332 3196 3388 rium
3253 3337 3342 3389 vel
3374 3337 3570 3404 angelo
3615 3335 3691 3387 vel
3717 3333 3807 3404 iho-j

2153 3401 2379 3473 gustini,
2418 3409 2549 3466 etc.,
2581 3405 2675 3458 sed
2719 3407 2970 3476 existimo
3042 3405 3208 3475 mini,
3255 3423 3386 3460 cum
3428 3401 3666 3476 primum
3707 3401 3808 3476 facti

2154 3478 2316 3530 aliter
2367 3475 2860 3547 philosophandum
2904 3477 2970 3530 de
3041 3473 3202 3541 sunt,
3246 3473 3535 3542 defuisset,
3583 3473 3810 3547 quoniam

2154 3547 2333 3614 donis,
2358 3562 2476 3616 qua:
2505 3549 2565 3600 in
2594 3546 2812 3601 Adamo
2841 3563 2969 3616 per-
3045 3563 3164 3600 non
3194 3549 3330 3602 talis
3359 3555 3557 3603 natura
3603 3546 3809 3616 factae-

2154 3615 2414 3672 didimus.
2842 3615 2860 3616 ί
3043 3623 3152 3692 rat,
3193 3623 3261 3673 ut
3309 3620 3429 3673 sine
3467 3618 3647 3673 divino
3679 3615 3808 3692 adju:

3041 3689 3188 3742 torio
3254 3695 3447 3760 posset
3511 3703 3717 3760 manere
3774 3689 3808 3735 si

2151 3760 2340 3826 vellet,
2399 3775 2519 3814 non
2569 3757 2769 3830 utique
2827 3760 3151 3830 suarculpa
3207 3757 3579 3826 cecidissent;
3620 3759 3808 3828 adjuto-

2154 3832 2306 3884 rium
2337 3831 2551 3901 quippe
2597 3829 2886 3901 defuisset,
2918 3829 3038 3884 sine
3082 3829 3201 3900 quo
3261 3848 3490 3886 manere
3560 3846 3666 3885 non
3706 3841 3808 3901 pos-

2154 3907 2298 3955 sent.
2334 3899 2500 3956 Nuné
2524 3904 2717 3973 autem
2755 3900 2964 3973 quibus
2995 3899 3153 3956 deest
3181 3903 3298 3956 tale
3329 3903 3684 3973 adjutorium,
3715 3899 3807 3973 jatn

2153 3989 2322 4044 pcena
2345 3971 2561 4045 peccati
2608 3975 2711 4025 est.
2744 3972 2868 4027 Lib.
2925 3971 2991 4026 de
3040 3973 3286 4042 Corrept.
3324 3980 3378 4028 et
3401 3970 3585 4043 grat.,
3612 3985 3714 4042 cap.
3744 3970 3805 4020 ll.

2581 4059 2642 4113 s.
2690 4058 3164 4114 INNOCENTIUS
3189 4075 3366 4130 papa.

2225 4149 2492 4203 Liberum
2513 4147 2669 4202 enim
2706 4146 3012 4201 arbitrium
3044 4147 3140 4202 ille
3168 4150 3400 4220 (nempe
3419 4134 3586 4202 homo
3613 4141 3807 4217 primus)

2153 4251 2474 4306 perpessus,
2509 4234 2647 4288 dum
2695 4233 2810 4287 suis
2866 4233 3249 4289 inconsultius
3305 4236 3490 4290 utitur
3539 4232 3704 4300 bonis,
3741 4244 3809 4283 ca-

2089 4316 2133 4371 D
2163 4323 2303 4377 dens
2354 4323 2415 4377 in
2461 4320 2949 4393 praevaricationis
2975 4323 3268 4393 profunda
3300 4324 3588 4379 demersus
3635 4325 3725 4385 est,
3769 4319 3811 4369 et

2156 4411 2302 4466 nihil
2344 4410 2835 4483 quemadmodum
2866 4410 3068 4466 exinde
3116 4428 3422 4484 exsurgere
3455 4413 3654 4483 posset,
3691 4407 3809 4461 inve-

2156 4499 2262 4565 nit,
2294 4515 2511 4570 suaque
2539 4499 2601 4554 in
2631 4503 2911 4553 aeternum
2955 4499 3212 4555 libertate
3251 4502 3519 4572 deceptus
3547 4499 3700 4568 hujus
3726 4492 3810 4548 rui-

2157 4602 2232 4641 na
2255 4587 2524 4658 jacuisset
2569 4603 2896 4660 oppressus,
2954 4588 3065 4643 nisi
3121 4606 3252 4644 eum
3310 4595 3443 4661 post
3495 4585 3687 4644 Christi
3728 4595 3809 4654 pro

2157 4693 2260 4731 sua
2292 4676 2477 4748 gratia
2533 4677 2836 4731 relevasset
2865 4676 3162 4747 adventus,
3219 4683 3328 4733 etc.
3379 4681 3444 4734 In
3472 4680 3622 4748 epist.
3651 4673 3716 4729 ad
3730 4673 3811 4726 Pa-

2157 4769 2264 4820 tres
2288 4766 2501 4821 concilii
2528 4765 2993 4834 Carthaginensis.

2425 4939 2708 4980 CENSORES.
3216 4942 3262 4980 S.
3328 4939 3666 4981 AUGUSTINUS.

2227 4997 2575 5064 Augustinus
2631 4998 2968 5069 argumentis
3042 5068 3053 5069 ί
3113 4995 3427 5051 Didicimus
3463 4997 3608 5052 enim
3651 4991 3812 5069 singu-

2157 5067 2330 5120 victus
2368 5083 2564 5122 novam
2605 5067 2967 5136 prmdestina-
3041 5068 3141 5139 las,
3179 5085 3439 5139 quasque
3499 5069 3719 5122 haereses
3741 5067 3810 5138 in-

2159 5139 2321 5191 tionis
2349 5140 2585 5204 formam
2612 5139 2821 5191 invexit
2846 5142 2969 5210 post
3041 5138 3236 5193 tulisse
3293 5138 3547 5193 Ecclesiae
3595 5143 3811 5207 proprias

2160 5210 2373 5276 lapsum
2508 5211 2738 5263 hominis
2847 5209 2975 5263 non
3046 5209 3410 5276 quaestiones,
3463 5213 3646 5264 contra
3698 5213 3810 5272 quas

2156 5282 2364 5348 fluxam
2423 5280 2604 5349 quoad
2636 5283 2879 5334 eventum
2925 5285 2976 5335 et
3049 5277 3379 5352 diligentius
3459 5277 3812 5352 defenderetur

2158 5353 2567 5424 inconstantem,
2637 5353 2842 5424 quippe
2905 5367 2974 5406 ea:
3045 5351 3336 5424 Scriptura
3403 5351 3602 5424 divina,
3667 5354 3811 5424 quam

2161 5423 2324 5476 libero
2354 5423 2603 5486 arbitrio,
2631 5418 2812 5476 sed—ein
2836 5436 2973 5490 gra-
3047 5423 3096 5477 si
3151 5418 3320 5491 ,nulla
3377 5423 3502 5477 talis
3553 5418 3811 5474 necessitas

2159 5495 2240 5548 tia
2269 5499 2468 5550 certam
2483 5495 2665 5565 potius
2695 5497 2747 5548 et
2769 5499 2968 5550 ratam.
3046 5498 3289 5566 cogeret.
3335 5493 3480 5566 Quid
3502 5496 3677 5566 autem
3711 5497 3809 5537 coe-

3047 5562 3145 5636 git'
3208 5565 3335 5620 loca
3416 5562 3807 5633 Scripturarum,
