3914 6186
66 283 151 333 8H

61 403 250 484 quibus
282 400 721 484 prendestinatio‘
756 407 1154 484 commendata
1188 413 1331 484 _est,__
1361 413 1645 484 copiosius
1689 421 1742 471 et

62 471 544 557 enucleati_us.isto
603 478 794 555 nostro
857 477 1046 557 labore
1107 471 1353 557 defendi,
1412 471 1522 557 nisi
1576 489 1729 557 quod

65 541 560 615 Pelagianidicunt
592 545 832 615 gratiam
878 549 975 601 Dei
1013 541 1728 613 secundum'merita‘no-

65 620 165 668 stra
193 612 357 667 dari?
379 613 498 668 Lib.
526 612 764 671 de‘Dono
787 634 1020 688 perscv.,
1046 637 1164 690 cap.
1196 625 1282 678 20.

792 723 947 776 XXII.

292 839 572 880 CENSOBES.

120 897 446 966 Augustinus
604 898 839 966 primus,
987 902 1062 955 Ac

55 965 182 1035 quod
205 968 385 1032 sciam,
421 968 562 1021 inter
590 965 841 1037 aritiquos

54 1040 100 1088 in
127 1038 282 1089 veteri
308 1040 484 1104 spatio
521 1054 714 1094 novam
749 1056 838 1094 se-

53 1111 221 1159 mitam
265 1109 486 1174 invenit,
537 1125 677 1164 nova
735 1115 837 1165 im-

47 1178 226 1246 pressit
264 1181 514 1246 vestigia.

1096 847 1139 884 S.
1181 846 1546 888 AUGUSTINUS.

1093 917 1196 974 per
1218 903 1329 974 hoc
1359 905 1724 974 prasdestina-

914 969 1111 1058 ῑίοηὶεἶ
1129 972 1300 1042 hujus
1351 969 1544 1058 fidem,
1591 994 1726 1058 qua:

914 1047 1108 1096 contra
1182 1060 1356 1098 novos
1429 1045 1726 1104 haereticos

912 1127 1058 1167 nova
1117 1115 1497 1171 sollicitudine
1571 1135 1726 1176 nunc

914 1184 1264 1258 defenditur,
1294 1203 1590 1258 nunquam
1624 1191 1723 1245 Ec-

909 1254 1074 1308 clesia
1107 1256 1314 1310 Christi
1347 1254 1468 1328 non.
1502 1260 1720 1316 habuit.

594 1340 718 1395 Lib.
749 1340 815 1396 de
839 1344 979 1397 Dono
1007 1359 1238 1412 persev.,
1271 1347 1327 1399 in
1347 1349 1452 1415 ﬁne
1481 1363 1598 1417 cap.
1630 1352 1718 1405 23.

599 1455 653 1511 S.
702 1456 1151 1514 FULGENTIUS.

104 1567 208 1620 Nos
227 1566 442 1638 itaque,
485 1569 840 1637 charissime,
884 1571 1006 1626 haec
1050 1573 1282 1629 interim
1323 1592 1504 1646 pauca
1557 1579 1626 1633 de
1659 1579 1721 1634 li-

43 1652 144 1707 bris
193 1656 372 1709 sancti
435 1657 756 1728 Augustini,
823 1663 878 1714 et
926 1661 995 1715 de
1060 1664 1531 1733 responsionibus
1575 1668 1716 1721 Pro-
1760 1702 1802 1759 Β

42 1740 172 1809 speri
223 1742 293 1796 ad
349 1742 468 1815 {hoc
525 1745 837 1799 maluimus
897 1746 1029 1802 huic
1075 1749 1265 1805 libello
1319 1753 1593 1821 inserere,
1660 1759 1725 1810 ut

41 1829 209 1881 cuncti
279 1831 546 1886 noverint
599 1832 736 1903 quid
795 1834 1041 1890 debeant
1095 1838 1163 1892 de
1218 1840 1721 1909 prmdestinatione

39 1923 343 1972 sanctorum
377 1910 802 1993 impiorumque
843 1925 1072 1993 sentire,
1120 1927 1404 1999 simulque
1443 1935 1507 1984 ut
1539 1948 1720 2004 appa-

43 2010 150 2058 reat
180 2007 437 2077 ejusdem
471 2011 527 2063 B.
560 2011 865 2080 Augustini
900 2012 1060 2068 dictis
1111 2019 1366 2072 tenorem
1419 2021 1717 2076 sententia:

40 2098 228 2148 nostrae
257 2097 584 2152 convenire.
615 2101 734 2154 Lib.
768 2117 786 2154 ι
815 2100 890 2154 ad
916 2103 1230 2173 Man-imum,
1261 2123 1381 2176 cap.
1415 2111 1500 2163 30.

767 2208 953 2264 XXIII.

276 2324 544 2364 CENSORES

97 2377 282 2446 Nempe
341 2382 689 2436 asserendum
751 2389 829 2438 est

39 2454 259 2519 quamvis
285 2452 351 2505 B.
385 2454 706 2519 Augustini,
759 2457 822 2508 B.

35 2518 287 2586 Fulgentii
366 2528 422 2594 et
483 2518 492 2519 "
515 2527 827 2594 sequacium

34 2594 273 2644 sententia
340 2593 408 2646 de
475 2593 829 2650 obdurationc

34 2661 311 2734 Pharaonis
364 2665 618 2720 videatur
663 2666 823 2734 dura,

33 2733 293 2801 minusque
338 2739 633 2801 conformis
678 2733 828 2790 diui-4

33 2817 102 2853 na:
129 2803 464 2872 benignitati,
508 2813 556 2861 et
619 2807 825 2862 ideirco

31 2873 168 2926 nobis
211 2890 316 2929 non
370 2877 603 2946 placeat,
648 2883 826 2931 tamen

30 2957 120 2994 non
174 2960 278 2998 esse
355 2951 626 3016 asperiore
699 2964 826 3004 cen—

31 3027 144 3066 sura
168 3018 576 3084 percellendam.

1096 2332 1122 2369 S
1132 2360 1143 2371 .
1185 2334 1216 2371 A
1227 2333 1256 2372 U
1267 2334 1452 2374 GUSTIN
1461 2337 1520 2374 US

973 2386 1118 2461 Dicit
1192 2390 1346 2443 enim
1423 2391 1714 2461 Scriptura

901 2457 969 2511 ad
1014 2457 1399 2515 Pharaonem:
1455 2457 1598 2527 Quid
1640 2465 1714 2518 ad

900 2529 994 2582 hoc
1030 2535 1077 2581 te
1117 2533 1371 2597 excitavi,
1424 2539 1485 2586 ut
1537 2538 1710 2588 osten-

903 2598 1028 2652 dam
1044 2603 1100 2651 in
1121 2605 1169 2654 te
1179 2605 1476 2669 potentiam
1496 2621 1664 2658 meam
1682 2609 1710 2660 ?

903 2675 1006 2724 etc.
1040 2671 1186 2740 Ergo
1217 2675 1372 2741 cujus
1402 2677 1519 2728 vult
1551 2679 1709 2729 misc-

900 2745 1068 2805 retur,
1113 2747 1164 2795 et
1205 2758 1359 2810 quem
1402 2747 1520 2798 vult
1549 2746 1712 2799 obdu-

896 2816 1006 2865 rat.
1042 2813 1157 2866 Hoc
1197 2815 1324 2886 facit
1355 2816 1507 2886 apud
1538 2832 1710 2886 quem

898 2897 1017 2935 non
1063 2887 1148 2936 est
1196 2884 1489 2954 iniquitas.
1541 2884 1707 2941 Mise-

896 3039 994 3097 n_o,
1027 3024 1271 3097 obdurat
1301 3031 1489 3080 autem
1513 3028 1706 3097 justis-

895 3094 1059 3168 simor
1095 3096 1322 3150 merito.
1364 3094 1541 3168 Epist.
1607 3101 1706 3154 105

893 3165 968 3219 ad
997 3165 1234 3222 Sia'tum.

447 3283 775 3341 ECCLESIA
817 3287 1313 3347 LUGDUNENSIS.

93 3386 282 3442 Beatos
351 3405 582 3461 quoque
637 3392 886 3456 antistes,
938 3397 994 3448 et
1063 3397 1346 3467 gloriosus
1417 3399 1708 3457 confessor

34 3472 344 3545 Fulgentius
376 3478 444 3533 de
475 3479 580 3533 hac
605 3480 809 3550 judicii
847 3482 905 3536 in
937 3486 1238 3556 utramque
1286 3492 1507 3558 partem
1556 3507 1704 3561 prie-

31 3561 241 3620 scientia
288 3571 350 3621 et
375 3568 876 3638 prmdestinatione
898 3573 1192 3644 egregium
1216 3576 1427 3633 librum
1459 3579 1700 3652 scripsit,

28 3651 114 3720 qui
142 3654 277 3710 sicut
304 3661 363 3711 et
385 3661 590 3711 caetera
621 3658 743 3728 ejus
774 3660 1107 3716 admiranda
1138 3669 1194 3718 et
1220 3667 1543 3722 veneranda
1571 3651 1704 3723 scri-

28 3745 109 3808 pta
148 3759 374 3816 semper
430 3747 500 3800 ab
541 3748 783 3802 Ecclesia
821 3749 1070 3805 fideliter
1113 3759 1392 3824 receptus,
1445 3760 1502 3810 et
1556 3757 1707 3812 inter

27 3830 304 3902 scriptores
388 3836 792 3892 ecclesiasticos
862 3840 1224 3895 laudabiliter
1294 3849 1705 3900 annumeratus

27 3924 115 3984 est,
147 3927 198 3976 et
221 3939 379 3978 nunc
417 3925 701 3980 nescimus
740 3943 854 3998 qua
898 3928 1140 3996 ratione,
1197 3929 1313 3984 imo
1344 3932 1700 3995 inﬁdelitate,

29 4012 76 4060 et
117 4013 478 4068 contentione
511 4015 680 4068 simul
713 4032 842 4069 cum
894 4018 953 4071 B.
989 4019 1308 4088 Augustino
1334 4019 1611 4090 abjicitur,
1649 4028 1705 4077 et

27 4095 84 4150 ab
107 4097 170 4151 iis
195 4101 290 4171 qui
321 4103 590 4156 catholici
622 4103 802 4157 videri
851 4105 1051 4160 volunt
1079 4108 1238 4173 tales,
1297 4124 1358 4162 ac
1400 4109 1542 4163 tanti
1596 4110 1703 4164 viri

29 4185 116 4240 Dei
142 4187 501 4262 iniquissime
527 4192 812 4262 injuriati,
865 4197 922 4247 et
949 4195 1125 4265 spreti
1173 4196 1326 4250 velut
1355 4197 1700 4270 quisquilia),

28 4277 76 4326 et
111 4283 486 4347 purgamenta
522 4280 796 4336 vilissima
851 4283 1269 4351 conculcantur,
1297 4280 1377 4350 let
1422 4290 1504 4340 est
1534 4287 1705 4342 nimis

27 4361 284 4436 mirabile,
343 4367 460 4420 imo
491 4367 788 4436 horribile,
823 4371 1110 4440 quomodo
1162 4376 1226 4426 ut
1272 4374 1390 4427 suis
1430 4375 1704 4430 adinven-

28 4447 255 4507 tionibus
287 4459 348 4508 et
378 4454 611 4529 ineptiis
661 4459 924 4512 credatur
964 4460 1213 4531 exigant,
1247 4478 1376 4516 cum
1408 4463 1518 4534 ipsi
1571 4464 1705 4519 bea-

27 4535 254 4596 tissimos
306 4545 504 4598 Patres
543 4548 598 4598 et
653 4545 1071 4604 illustrissimos
1129 4550 1387 4606 doctores
1446 4552 1706 4608 Ecclesiae

27 4625 347 4695 abjecerint.
398 4633 518 4688 Lib.
550 4634 616 4688 de
642 4635 790 4689 Trib.
830 4638 1031 4705 Epist,
1055 4653 1174 4708 cap.
1208 4643 1262 4694 8.

771 4739 944 4793 XXIV.

271 4859 557 4899 CENSORES.
1079 4864 1125 4901 S.
1165 4863 1515 4904 AUGUSTINUS.

84 4909 193 4962 Non
224 4928 449 4989 _-omnes
514 4917 822 4989 Augustini
941 4916 1170 4989 Nimiae
1197 4919 1375 4989 igitur
1403 4919 1708 4974 contentio-

27 4984 326 5060 srntentiam
356 4985 421 5060 de
468 4987 823 5060 praedestina-
896 4986 984 5041 nis
1055 4993 1141 5060 est
1210 4984 1709 5060 praedestinationi

27 5051 164 5131 tione.
251 5051 508 5131 probant.
596 5058 822 5112 horrida
894 5051 1297 5131 contradicere,
1338 5062 1427 5116 vel
1458 5062 1526 5115 de
1558 5078 1708 5131 pras-

27 5122 192 5176 nultis
212 5125 428 5182 videtur
456 5132 508 5182 et
531 5144 745 5199 aspera.
896 5122 1293 5184 destinatione
1421 5122 1704 5186 dubitare.

826 5237 846 5256 .
891 5200 1012 5272 Lib.
1069 5201 1135 5254 de
1161 5204 1306 5256 Dono
1355 5217 1590 5272 persev.,
1649 5205 1709 5257 in

884 5271 1001 5341 ﬁne
1033 5287 1154 5342 cap.
1185 5275 1274 5326 2t.

186 5371 242 5426 S.
285 5373 541 5439 AMOLO,
595 5376 1079 5449 archiepiscOpus'
1110 5376 1528 5448 Lugdunensis.

85 5475 192 5531 Sed
217 5477 343 5548 jam
384 5482 686 5538 audiamus
743 5486 802 5539 Β.
857 5483 1264 5556 Augustinum,
1315 5485 1607 5556 quomodo
1652 5489 1710 5540 et

27 5562 136 5630 ipse
187 5571 320 5636 post
372 5571 707 5640 Apostolum
781 5572 1104 5644 praecipuus
1184 5573 1707 5644 praedestinationis

27 5655 70 5702 et
101 5656 302 5722 gratia:
332 5659 672 5728 praedicator
699 5662 962 5716 hortetur
1008 5661 1205 5716 ﬁdeles
1248 5662 1317 5716 ad
1369 5663 1555 5718 studia
1585 5663 1711 5734 pie-

27 5741 144 5795 tatis
185 5747 245 5800 et
290 5744 620 5824 instantiam
653 5749 964 5824 "orationis,
993 5755 1058 5806 ut
1096 5756 1428 5807 mereantur
1455 5752 1710 5824 accipere

329 5819 598 5887 PATROL.
651 5823 896 5891 XLVII.

1356 291 1680 351 νΙΝΒΙΟΙίΕ
1717 296 2262 360 ΑΗΟΗΞΤΙΝΙΑΝᾹΞ.

899 2953 1279 3041 retur‘it‘aquc
1303 2953 1559 3041 gratuito
1601 2958 1707 3041 do-
1735 2985 1774 3041 α

3438 331 3540 384 842

1769 418 1815 472 Δ
1853 422 2157 489 Ρνωωὶιιω
2207 429 2537 486 vocationis.
2595 435 2657 488 In
2715 438 3022 504 fragmento
3069 445 3232 512 epist.
3297 448 3373 502 ad
3417 452 3540 506 Hin-

1842 524 1919 562 cm
1926 527 2103 568 arum.

2608 611 2757 667 XXV.

2103 697 2387 739 CENSORES.

1909 751 1984 804 De
2015 757 2346 829 auctoritate
2385 773 2503 811 cum
2534 764 2657 829 agi-_

1846 822 1951 881 tur,
1986 823 2358 891 Augustinum
2396 831 2474 882 sic
2503 822 2653 885 ame-

1835 906 1974 958 mus,
2010 899 2069 947 ut
2107 910 2190 948 eos
2219 912 2322 950 non
2363 901 2651 957 audiamus

1837 965 1934 1041 qui
1960 965 2115 1041 illum
2147 980 2512 1041 supragquam
2540 989 2649 1041 par

1835 1038 1913 1086 est
1941 1036 2192 1090 extollere
2215 1039 2451 1095 student.

2911 712 2954 748 S.
2995 712 3347 755 AUGUSTINUS.

2800 765 3157 838 Tantumque
3187 771 3331 826 mihi
3352 773 3533 828 tribu-

2725 836 2847 888 tum
2903 841 3005 905 est,
3063 836 3140 894 _ut
3189 843 3533 916 _ubieunque

2723 919 2815 958 me
2850 916 3140 985 praesente
3185 912 3347 985 loqui
3389 912 3533 985 opus

2723 983 2864 1051 esset
2903 979 2972 1032 ad
3022 979 3320 1051 populum,
3367 979 3534 1040 raris-

2719 1045 2859 1125 sime
2898 1045 3118 1104 tacere-
3145 1045 3316 1125 atque
3370 1056 3528 1125 alios,

2717 1117 2912 1172 audire
2990 1117 3374 1190 permitterer.
3467 1117 3532 1183 In

2714 1192 2966 1254 prooemio
2989 1191 3088 1246 lib.
3111 1197 3348 1252 Retract.

2251 1287 2580 1344 HILARIUS
2619 1291 3113 1352 ARELATENSIS.

1901 1367 2189 1458 Quidquid
2238 1390 2345 1444 pro
2399 1393 2466 1430 eo
2497 1379 2681 1448 gratia
2725 1397 2898 1452 quam
2938 1383 2996 1437 in
3051 1389 3108 1439 te
3154 1388 3348 1458 pusilli
3397 1407 3527 1446 cum

1830 1457 2055 1527 magnis
2104 1461 2483 1532 defendimus,
2541 1469 2787 1523 volueris
2841 1477 2939 1525 aut
2998 1457 3263 1542 valueris,
3323 1481 3528 1549 gratis-

1830 1543 1972 1598 sime
2021 1548 2366 1619 accipiemus
2403 1558 2678 1625 tanquam
2713 1575 2745 1611 a
2792 1560 2958 1614 nobis
3005 1563 3336 1620 charissima
3365 1573 3421 1622 et
3449 1586 3530 1624 re-

1828 1635 2238 1692 verendissima
2275 1643 2609 1698 auctoritate
2655 1646 2968 1705 decretum.
3012 1653 3074 1705 In
3104 1657 3258 1722 epist.
3304 1657 3378 1710 ad
3406 1658 3528 1712 Au-

1835 1728 1976 1790 gust.
2021 1725 2249 1783 Moleste
2301 1729 2491 1785 ferunt
2526 1735 2680 1803 quod
2715 1736 2784 1790 de
2828 1737 2914 1791 his
2945 1755 3072 1809 quin
3100 1742 3398 1798 adversum
3430 1763 3524 1800 ex-

1829 1811 2247 1870 cellentissimae
2297 1820 2652 1876 auctoritatis
2685 1823 2867 1879 virum
2926 1827 3077 1882 inter
3119 1832 3326 1886 multas
3355 1835 3524 1888 colla-

1829 1897 2011 1954 tiones
2037 1918 2350 1975 asseruere,
2393 1909 2731 1968 resistimus.
2783 1912 3021 1985 Prosper
3072 1919 3132 1971 in
3179 1922 3406 1988 cpistola
3451 1923 3526 1976 ad

1825 1985 2014 2057 Ruﬁn.

2587 2087 2764 2144 XXVI.

2086 2184 2370 2226 CENSORES.

1895 2244 2042 2310 Quid
2091 2251 2230 2302 enim
2283 2252 2640 2307 vehementius

2889 2194 2914 2231 S
2929 2219 2942 2234 .
2988 2197 3340 2239 AUGUSTINUS.

2786 2257 2914 2331 Hinc
2967 2263 3052 2313 est
3093 2263 3520 2331 praedestinatio

1819 2317 2105 2390 urgebant,
2137 2323 2234 2386 qui
2257 2322 2449 2375 Fausti
2483 2324 2636 2390 libris
2713 2327 3012 2382 manifesta
3041 2317 3112 2384 et‘
3125 2337 3275 2386 certa
3308 2317 3522 2390 sancto-

1819 2387 2010 2472 infesti
2049 2394 2224 2472 erant,
2277 2407 2438 2460 quam
2495 2387 2639 2472 quod
2711 2411 2862 2472 rum,
2907 2415 3081 2469 quam
3137 2387 3518 2472 posteaﬂdili-

1819 2458 2006 2512 Petrus
2036 2458 2305 2543 Qiaconus
2326 2535 2338 2543 _
2357 2458 2637 2543 ceterique
2708 2458 2941 2543 gentius'
2956 2477 3012 2524 et
3043 2458 3356 2543 operosius,
3389 2458 3520 2532 66in

1820 2542 1939 2610 cum
1978 2545 2034 2618 eq
2062 2533 2120 2584 in
2144 2535 2373 2600 epistola
2401 2551 2503 2588 sua
2525 2539 2632 2618 eri-
2701 2533 2825 2618 iam
2888 2533 3106 2618 contra
3188 2533 3522 2618 Pelagianos

1818 2599 2116 2679 minantur.
2156 2599 2345 2679 contra
2394 2608 2632 2673 praedes-
2701 2599 3154 2679 disputaremus,
3211 2599 3516 2672 defeonde—re

1819 2671 2100 2752 tinationis
2145 2674 2264 2756 illos
2315 2671 2633 2756 sententiam
2707 2671 3009 2756 necessitas
3062 2671 3355 2754 compulit,
3408 2671 3515 2756 etc,

1817 2743 2048 2826 scriptos
2112 2748 2264 2826 esse?
2329 2747 2476 2826 Quid
2538 2750 2632 2826 hoc
2704 2750 2825 2804 Lib.
2879 2825 2891 2826 γ
2916 2753 2982 2826 de
3056 2743 3206 2809 Ποηὸ
3279 2743 3514 2826 perseu;

1817 2815 1996 2889 autem
2075 2813 2150 2866 ad
2217 2816 2634 2889 Augustinum?
2705 2835 2832 2889 cap.
2870 2824 2961 2876 20.

1815 2882 1957 2954 Nam
2023 2889 2208 2938 contra
2269 2887 2629 2954 prwdestina-
2769 2882 3030 2947 'rsusrus
3067 2908 3412 2954 nuncmusrs.

1821 2953 1997 3037 tionis;
2028 2953 2346 3010 sententiam
2385 2962 2630 3037 _scriptos
2739 3032 2752 3037 _
2773 2961 2830 3015 Si
2857 2979 2992 3037 ergo
3031 2981 3177 3018 unus
3205 2968 3286 3037 ad
3318 2953 3512 3037 vitam,

1819 3037 1851 3074 a
1881 3037 1935 3108 se
1953 3025 2312 3108 Faustus-non
2339 3025 2629 3108 abnuebat,
2703 3032 2848 3086 alter
2898 3025 2964 3088 ad
2997 3036 3408 3108 perditionem,
3450 3025 3516 3095 ut

1818 3092 1912 3146 sed
1939 3100 2124 3180 contra
2159 3097 2314 3180 illam
2355 3092 2635 3180 duntaxat
2704 3092 3516 3180 asserunt7('Vas_quez),depu;

1819 3177 1936 3249 qua:
1964 3165 2046 3218 vel
2083 3167 2519 3249 fatumasserat,
2552 3173 2635 3249 vel
2709 3177 2854 3227 tatus
2910 3165 3013 3241 est,
3076 3165 3227 3249 sicut
3273 3165 3513 3249 quidam

1818 3233 2044 3289 liberum
2095 3239 2387 3320 arbitrium
2438 3233 2627 3320 .neget,
2707 3233 3028 3320 sanctorum
3060 3247 3224 3303 dixit:
3271 3233 3514 3320 Non’juﬂ-

1816 3319 2043 3392 quorum
2072 3312 2360 3378 utrumque
2386 3311 2463 3392 ab
2507 3313 2631 3366 Au-
2704 3314 3266 3392 dicandinascimur,
3299 3321 3395 3377 sed
3417 3311 3510 3392 ju-

1815 3379 2033 3457 gustini
2042 3392 2198 3457 sensu
2219 3395 2324 3457 non
2345 3382 2632 3457 abhorrere
2713 3385 2884 3440 dicati
2931 3388 3212 3457 (August,
3248 3379 3341 3446 lib.
3393 3379 3514 3448 lude

2707 3457 2868 3532 Qrat.
2902 3461 2954 3512 et
2985 3460 3078 3532 tib.
3114 3461 3257 3528 arb.,
3308 3478 3426 3532 cap.
3455 3467 3508 3520 4.
3595 3496 3604 3502 ~

2705 3527 2867 3585 Part.
2903 3546 2948 3592 1,,
2974 3530 3103 3586 dist.
3141 3527 3318 3596 89,7n.
3351 3527 3402 3589 6.

2173 3630 2233 3683 B.
2269 3631 2512 3700 LUPUS,
2544 3633 2716 3688 abbas
2760 3636 3153 3690 Ferrariensis.

1886 3713 2413 3774 Reverendissimus
2450 3737 2596 3792 papa
2658 3722 2910 3778 Gelasius
2963 3740 3093 3779 cum
3150 3727 3513 3799 septuaginta

1815 3802 2096 3875 episcopis
2136 3806 2270 3860 viris
2315 3809 2713 3864 eruditissimis
2759 3815 3015 3866 statuens
3057 3814 3158 3883 qui
3185 3815 3512 3885 'scriptores

1814 3896 2002 3944 essent
2030 3893 2117 3945 vel
2155 3909 2274 3948 non
2305 3901 2495 3951 essent
2524 3897 2861 3969 recipiendi,
2888 3905 3016 3969 post
3043 3903 3512 3972 approbationem

1812 3980 2116 4048 Augustini
2167 3986 2224 4035 et
2266 3985 2646 4054 amplissimas
2692 3987 2891 4042 laudes
2921 3987 3251 4059 Hieronymi
3293 4006 3511 4046 memo-

1814 4071 2003 4120 ratum
2033 4068 2302 4124 Faustum
2359 4072 2431 4125 ab
2477 4073 2810 4128 auctoritate
2868 4073 2956 4128 his
3011 4076 3196 4130 verbis
3241 4079 3510 4134 removit:

1813 4155 2084 4223 Opuscula
2105 4153 2310 4214 'Fausti
2329 4160 2620 4227 Rhegensis
2647 4163 2799 4216 Galli
2818 4164 3150 4233 apocrypha.
3198 4165 3308 4218 Nos
3341 4166 3515 4236 igitur

1814 4239 2212 4313 incorruptum
2269 4251 2590 4300 sanctarum
2641 4247 3067 4319 Scripturarum
3099 4257 3400 4323 sequentes
3429 4254 3514 4308 in-

1814 3460 1918 3500 non
1941 3451 2150 3517 inﬁcias
2171 3453 2334 3507 ierint
2357 3456 2485 3523 ipsi.

1744 4319 1788 4375 Ῑ)
1819 4338 2131 4407 tellectum,
2165 4344 2220 4394 et
2249 4342 2578 4413 apostolicae
2609 4344 2756 4399 sedis
2804 4347 3146 4418 gravitatem
3176 4319 3513 4422 suspicien-

1814 4430 1918 4492 tes,
1955 4427 2093 4498 quid
2117 4429 2274 4484 aliud
2307 4430 2602 4486 dicamus?
2631 4432 2743 4486 nisi
2785 4438 2970 4489 taceat
3023 4436 3278 4501 Faustus,
3333 4443 3390 4493 et
3444 4439 3515 4493 si-

1815 4515 2030 4570 militer
2062 4519 2391 4586 sentientes,
2437 4521 2746 4591 loquantur
2802 4539 2930 4577 cum
2985 4525 3102 4579 suis
3155 4527 3514 4582 consortibus

1816 4604 2200 4677 Hieronymus
2244 4611 2302 4662 et
2351 4611 2727 4678 Augustinus,
2779 4611 2993 4668 scilicet
3032 4613 3189 4668 illius
3228 4615 3516 4686 proverbii

1814 4693 2208 4748 recordantes:
2243 4693 2635 4750 Conticescant
2658 4713 2812 4752 ranae
2843 4699 2981 4755 dum
3011 4702 3216 4757 coelum
3246 4707 3422 4759 tonat.
3451 4705 3511 4758 In

1816 4783 2015 4838 collect.
2049 4784 2114 4838 de
2136 4785 2263 4839 trib.
2299 4787 2703 4854 quaestionibus,
2734 4793 2920 4857 quaest.
2949 4791 2998 4846 3.

2565 4903 2765 4958 XXVII.

2084 5005 2373 5044 CENSORES.
2894 5011 2939 5048 S.
2981 5009 3334 5050 AUGUSTINUS.

1892 5061 2238 5129 Jampridem
2256 5062 2548 5146 disputari
2572 5063 2632 5146 in
2776 5064 2902 5146 Ipsa
2925 5072 3010 5119 est
3030 5065 3206 5146 igitur
3229 5065 3517 5146 praedesti-

1817 5133 2105 5199 utramque
2136 5136 2535 5217 partem‘coepit
2563 5136 2634 5217 ‘in
2707 5133 2861 5217 natio
2901 5133 3248 5217 sanctorum—
3271 5151 3414 5217 quae.
3453 5136 3514 5190 in

1819 5203 2017 5272 scholis
2058 5205 2282 5270 quaestio
2321 5203 2387 5256 de
2422 5204 2635 5272 prmde-
2709 5209 2901 5258 sancto
2916 5209 3243 5259 sanctorum
3269 5203 3514 5262 maxime

1820 5271 2132 5353 stinatione,
2165 5289 2358 5357 ‘neque
2397 5271 2499 5357 pro
2529 5276 2638 5357 ali:
2711 5274 2936 5357 claruit,
2964 5279 3516 5357 quamnegarequis

1820 5358 1924 5411 quo
1961 5343 2307 5418 prwjudicioi
2343 5345 2637 5418 valere_ad
2706 5349 2897 5418 potest
2911 5343 3518 5418 reéteintelligentium

1821 5415 1960 5468 hanc
1981 5417 2396 5469 controversiam
2432 5416 2636 5470 credita
2710 5413 2938 5483 eloquia
2974 5413 3417 5474 veritatis?'Lib.
3453 5420 3519 5474 de

1820 5489 1899 5540 est
1928 5487 2244 5540 Auctoritas
2268 5488 2594 5553 Augustini.
2709 5484 3324 5561 Praedest.sanct.,cap.
3362 5494 3447 5546 t5.

2559 5591 2789 5647 XXVIII.

2089 5699 2363 5738 CENSORI-IS

1893 5754 2224 5810 Sententiam
2263 5756 2328 5811 de
2389 5755 2636 5822 gratuita

2900 5703 2946 5741 S.
2988 5702 3343 5744 AUGUSTINUS.

2783 5754 2897 5812 Hoc
2926 5759 3040 5814 scio
3071 5761 3361 5816 neminem
3390 5775 3525 5815 oon-

3076 5838 3157 5895 27
