3908 6180
337 301 439 354 843

1363 287 1922 346 SUPPLEMENTUM
1963 285 2053 341 AD
2090 283 2326 340 OPERA
2365 285 2418 338 S.
2461 279 2846 336 AUGUSTINI.
3683 287 3760 338 sit

334 426 580 478 electione
625 422 699 475 ad
741 421 972 486 gloriam
1021 433 1140 471 am-
1215 421 1303 470 tra
1361 413 1526 468 istam
1575 409 2026 486 praedestinatio-
2065 413 2110 466 Α
2147 412 2292 486 sunt,
2324 422 2493 475 neque
2516 402 2962 486 haberisgnodus
3037 399 3268 486 laudari.
3311 401 3496 486 Nullps
3531 402 3666 482 enim
3701 421 3766 458 re-

331 497 526 564 plea'us
556 481 921 561 Augustinus,
945 489 1144 564 suffru-
1218 501 1373 564 nem,
1462 481 1634 554 quam
1723 481 2040 564 secundum

333 553 546 632 gatores
606 553 795 618 hdbuit
846 553 1144 628 complures
1219 553 1540 632 scripturas
1577 560 1802 632 sanctas
1826 553 2041 632 _defen-

330 622 592 707 posteros,
639 649 804 702 neque
835 622 1010 686 tamen
1049 635 1148 707 aut
1221 622 1431 691 dimus,
1484 625 1592 679 nisi
1633 623 1890 707 errandq
1921 622 2040 707 dis,-

337 692 486 762 illius
524 692 835 769 auctoritas,
890 706 987 754 aut
1035 703 1156 754 illo-
1228 705 1431 769 putare
1485 695 1757 766 potuisse.
1803 694 1947 769 Liib:_

1231 764 1376 824 Dono
1397 764 1629 838 per—sev”
1653 782 1753 835 cap
1800 764 2039 838 19.‘_Nul-

1229 841 1350 893 lum
1397 835 1500 902 est,
1559 838 1817 906 inquam,
1873 835 2039 906 illus-

1227 911 1370 964 trius
1399 905 1914 979 praedestinationis
1943 921 2042 957 cx-

1225 978 1501 1050 emplum,
1535 995 1747 1050 quam,
1769 978 1890 1050 ipse
1917 991 2038 1050 _me-

1226 1045 1434 1106 diator.
1516 1045 1809 1119 Quisquis‘
1855 1045 2042 1100 fidelis

1227 1125 1349 1174 vult
1373 1136 1498 1174 eam
1534 1124 1673 1173 bene
1695 1119 2036 1186 intelligere,

1231 1193 1483 1246 attendat
1517 1191 1726 1260 ipsum,
1772 1195 1942 1258 atque
1981 1187 2041 1239 in

1229 1264 1327 1316 illo
1354 1262 1608 1315 inveniat
1654 1266 1710 1313 et
1741 1276 1798 1314 se
1830 1261 2036 1328 ipsum.

1229 1335 1448 1400 Ibidem,
1482 1348 1600 1401 cap.
1629 1333 1717 1384 24.

333 796 456 833 rum
495 789 781 830 consensus
811 789 844 825 a
881 773 1158 826 contraria

334 847 606 918 sequenda
651 844 954 918 tuendaque
979 848 1155 895 retar-

333 917 482 972 davit
517 918 752 980 insignes
787 917 998 982 aliquos
1037 917 1154 980 pie-

334 995 443 1043 tate
478 994 526 1042 et
573 987 822 1040 doctrina
867 985 1147 1051 theologos,

339 1075 565 1130 quorum
589 1062 798 1130 tantum
827 1058 1001 1109 valuit
1025 1070 1154 1107 eme-

336 1129 562 1200 mplum,
633 1133 692 1180 ut
759 1129 852 1180 hoc
924 1132 1156 1200 tempore

335 1198 687 1256 communiter
739 1203 788 1250 et
861 1198 1158 1264 promiscue

338 1273 667 1326 adhibeatur
685 1271 743 1321 in
765 1267 980 1330 scholis,
1014 1271 1064 1318 et
1094 1269 1158 1319 ut

335 1346 500 1397 initia
521 1341 736 1402 habent,
767 1339 1035 1406 paulatim
1064 1335 1155 1389 ob-

337 1415 501 1468 ducta
549 1413 664 1464 alia
692 1424 874 1463 rerum
909 1409 1158 1479 potitum

337 1485 610 1538 videatur.

726 1569 783 1624 S.
833 1564 1279 1621 PRUDENTIUS
1321 1561 1644 1632 episcopus.

3036 473 3339 541 prehensor
3432 473 3770 528 formidandus

3036 548 3122 595 est
3153 542 3379 595 amatori
3422 544 3676 597 veritatis:
3716 554 3776 600 et-

2150 638 2306 693 enim
2351 641 2452 692 aut
2479 635 2744 690 inimicus
2787 632 3236 703 reprehensuros
3277 637 3372 694 est,
3424 637 3516 684 aut
3557 633 3770 686 amicus:

2150 710 2197 763 si
2227 725 2362 779 ergo
2419 707 2688 779 inimicus
2732 702 2986 779 insultat,
3020 702 3282 779 ferendus
3319 703 3664 779 est:_amicus
3699 721 3774 756 au-

2149 770 2369 844 temisi
2418 784 2587 843 errat,
2641 770 3044 838 docendusjsi
3098 773 3277 835 docet,
3333 770 3648 841 audiendus,
3691 780 3774 827 etc.

2148 852 2267 906 Lib.
2293 867 2331 904 ιι
2353 850 2418 904 de
2441 851 2663 911 Trinit.,
2694 849 2752 900 in
2773 847 3049 914 prooemio.

2547 937 2602 991 S.
2646 932 3086 992 PRUDENTIUS
3124 931 3432 1002 episcopus.

2218 1029 2276 1083 Si
2304 1027 2460 1082 enim
2491 1024 2693 1095 (sancti
2716 1021 3019 1092 Augustini
3037 1017 3364 1087 doctrinam)
3384 1017 3652 1072 adversam
3675 1019 3779 1072 ﬁdei

2148 1117 2479 1173 orthodoxae
2510 1115 2570 1168 in
2600 1126 2890 1184 quoquam
2924 1107 3292 1178 conspiceret,
3324 1122 3655 1176 nequaquam
3681 1122 3779 1160 eam

2149 1208 2418 1262 Romanas
2491 1203 2748 1259 Ecclesia
2803 1199 3039 1254 antistes
3093 1195 3427 1251 venerabilis
3471 1195 3781 1248 Innocentius

2148 1313 2278 1350 cum
2319 1296 2495 1350 totius
2525 1291 2679 1346 orbis
2729 1287 3012 1359 episcopis
3059 1284 3413 1355 suscepisset,
3460 1299 3630 1354 neque
3671 1300 3781 1354 pres.

2149 1384 2367 1438 dictum
2423 1377 2860 1436 memorabilem
2893 1390 3126 1429 suarum
3174 1371 3530 1442 epistolarum
3577 1387 3783 1424 commu-

2148 1473 2298 1528 niter
2325 1469 2709 1542 privatimque
2745 1464 2944 1520 ofﬁciis
2993 1461 3286 1526 affecisset,
3329 1475 3504 1530 neque
3549 1475 3784 1513 successor

2150 1562 2273 1632 ejus
2302 1559 2556 1614 Zosimus
2605 1555 2804 1610 eodem
2850 1552 3078 1606 tramite
3108 1549 3460 1614 cucurrisset,
3515 1564 3677 1619 neque
3710 1550 3785 1602 Bo-

2150 481 2264 534 ulla
2293 478 2611 533 acumenica
2637 476 2826 530 voluit.

409 1663 549 1717 Cum
583 1657 762 1728 aliqui
791 1656 1100 1743 Gallorum,
1132 1653 1276 1706 sicut
1303 1649 1535 1743 quidam
1559 1648 1632 1743 de
1667 1647 1748 1700 eis
1777 1646 1857 1700 ait
1885 1644 2036 1715 quod
2077 1688 2119 1743 Β
2152 1649 2393 1703 nifacius
2433 1646 2688 1718 ejusdem
2739 1641 3062 1712 apostolicae
3123 1638 3270 1693 sedis
3322 1637 3521 1708 praesul
3567 1637 3786 1707 epistolas

339 1766 540 1805 eorum
593 1759 821 1814 semper
875 1742 991 1795 sint
1039 1740 1341 1811 repentina
1371 1735 1630 1800 consilia,
1665 1749 2029 1805 nequaquam

337 1832 903 1910 praedestinationem
950 1829 1306 1899 perditorum
1348 1823 1882 1895 {reprehenderenh
1935 1821 2032 1874 sed

338 1931 664 1982 sanctorum
711 1916 1273 1991 preedestinationem
1302 1930 1447 1968 novo
1479 1911 1726 1966 colludio
1758 1910 2034 1980 derogare

337 2013 663 2071 maluerint.
725 2022 972 2080 quorum
1021 2005 1237 2058 insana:
1284 1998 1722 2074 praesumptioni
1754 2013 2033 2052 memora-

336 2104 467 2159 bilis
538 2101 694 2155 idem
749 2095 1096 2166 Augustinus
1142 2094 1353 2165 {doctor
1409 2089 1651 2145 eximius
1712 2085 2037 2158 petentibus

338 2195 618 2259 Prospero
673 2191 728 2239 et
784 2184 1018 2248 Hilario,
1081 2182 1400 2234 orthodoxe
1460 2177 1833 2248 respondens,
1896 2174 2037 2228 duos

337 2282 533 2346 libros,
581 2277 826 2329 alterum
871 2272 940 2325 de
991 2268 1499 2324 Praedestinatione
1547 2271 1895 2330 sanctorum,
1953 2263 2039 2315 al-

339 2375 530 2424 terum
571 2365 640 2419 de
689 2365 844 2416 Dono
905 2358 1344 2430 perseverantiae
1393 2354 1722 2425 plenissime
1777 2350 2040 2406 ﬁdelissi-

343 2471 551 2527 meque
589 2449 848 2509 confecit,
881 2448 940 2501 in
967 2446 1174 2518 quibus
1203 2460 1488 2516 perpauca
1521 2443 1588 2496 de
1618 2438 2042 2512 praedestinatis

337 2547 411 2600 ad
454 2526 752 2597 interitum
801 2552 976 2607 quam
1027 2550 1162 2588 vero
1213 2535 1380 2603 plura
1420 2531 1489 2585 de
1517 2526 1941 2599 praedestinatis
1972 2526 2040 2579 ad

339 2624 584 2696 gloriam
612 2621 904 2675 verissime
935 2617 1216 2674 disseruit.
1254 2619 1316 2672 In
1360 2617 1518 2686 epist.
1577 2613 1651 2668 ad
1693 2614 2045 2667 Hinc-marum

342 2720 392 2766 et
412 2711 730 2766 Pardulum.

1114 2795 1287 2849 XXIX.

611 2920 896 2960 CENSORI-IS.
1411 2915 1456 2954 S.
1511 2910 1864 2951 AUGUSTINUS.

417 2980 713 3042 Postremo,
796 2991 862 3028 ne
946 2973 1160 3038 longum

343 3053 570 3118 faciam,
646 3047 785 3101 illud
868 3046 1161 3118 suscepisse

347 3122 723 3176 Tridentinum
764 3117 1043 3170 concilium
1073 3117 1159 3166 vi-

350 3193 528 3256 detur,
593 3194 653 3242 ut
714 3203 834 3242 cum
902 3199 1161 3256 novorum

346 3265 732 3327 haereticorum,
757 3259 854 3327 qui
866 3255 1163 3323 Augustini

347 3334 594 3388 doctrina
621 3331 688 3384 ab
717 3330 917 3383 erroris
947 3328 1035 3380 sui
1060 3341 1160 3394 pa-

347 3406 636 3458 trocinium
665 3399 1044 3462 abutebantur,
1075 3397 1160 3448 in-

346 3477 516 3530 sania
543 3486 818 3528 occurrere
839 3470 1010 3530 vellet,
1035 3481 1164 3519 non-

349 3548 514 3600 nullis
579 3542 880 3597 necessario
953 3537 1160 3590 additis

349 3619 503 3671 illam
525 3618 726 3682 faceret
746 3610 1084 3665 catholicam.

436 3705 489 3758 S.
535 3698 910 3757 BHEMIGIUS
944 3712 1074 3750 cum
1113 3710 1215 3748 sua
1263 3690 1511 3747 Ecclesia
1554 3686 1949 3759 Lugdunensi.

419 3794 645 3861 Miriﬁce
694 3791 851 3858 prius
901 3784 1123 3840 laudato
1175 3786 1360 3837 sancto
1389 3781 1701 3848 Augustino
1748 3779 1857 3830 ait:
1900 3776 2044 3830 San-

349 3859 571 3933 ctorum
603 3878 772 3944 atque
803 3868 1253 3926 orthodoxorum
1295 3867 1528 3920 Patrum
1570 3863 1640 3917 de
1671 3861 1853 3915 libero
1899 3859 2047 3914 arbi-

349 3960 835 4040 triolplenissimis
877 3963 933 4012 et
982 3953 1312 4011 clarissimis
1343 3950 1774 4008 definitionibus
1804 3964 1909 4003 nec
1947 3948 2048 4002 ad—

352 4037 606 4112 dendum
655 4048 869 4120 aliquid
897 4047 1086 4100 fuerat
1135 4060 1239 4098 nec
1269 4040 1742 4103 subtrahendum,
1808 4037 1945 4109 quia
1992 4043 2048 4091 et

355 4145 510 4217 quod
543 4141 678 4196 ﬁdei
708 4137 997 4192 catholicae
1027 4131 1416 4188 necessarium
1445 4134 1530 4184 est
1556 4127 1888 4200 plenissime
1908 4141 2044 4179 con-

347 4213 555 4297 tinent,
586 4229 708 4284 etsi
739 4225 880 4297 quid
912 4223 1043 4278 inde
1063 4220 1445 4288 subtrahatur,
1477 4216 1730 4272 veritatis
1749 4213 2045 4285 integritas

1231 3039 1726 3108 tassejamdudum
1749 3035 2044 3108 potuimus

1233 3107 1574 3182 persuadere
1607 3124 1736 3182 qum
1761 3107 2041 3182 volumus,

1234 3177 1288 3235 et
1319 3182 1502 3235 adhuc
1531 3177 1647 3233 tarn
1689 3178 1852 3231 bonis
1883 3177 2044 3246 inge-

1233 3252 1342 3330 niis
1401 3252 1478 3330 sic
1526 3251 1841 3330 loquimur,
1883 3246 2046 3330 quasi

1236 3322 1472 3384 obtusis,
1529 3318 1734 3390 quibus
1791 3324 1847 3371 et
1894 3318 2045 3390 quod

1236 3394 1482 3446 nimium
1508 3389 1592 3444 est
1628 3405 1744 3442 non
1776 3393 1858 3441 est
1887 3389 2042 3441 satis.

1234 3465 1352 3518 Lib.
1435 3463 1500 3515 de
1580 3460 1836 3516 Praedest.
1919 3459 2041 3525 SS.,

1233 3551 1353 3603 cap.
1387 3536 1476 3600 20,
1508 3535 1567 3585 in
1591 3534 1715 3600 ﬁne.

346 4289 612 4378 violatur.
641 4289 776 4372 Lib.-
796 4315 863 4368 de
892 4311 1122 4368 tenenda
1148 4312 1307 4366 verit.
1344 4309 1402 4364 S.
1451 4308 1765 4376 Scriptum,
1809 4319 1927 4373 cap.
1987 4304 2040 4371 4,
2083 4289 2126 4344 Ῑ)

353 4418 478 4467 tom.
512 4424 569 4462 Ix
596 4405 736 4462 Bibl.
773 4405 873 4458 PP.

1130 4486 1277 4540 XXX.

1414 4604 1460 4641 S.
1511 4599 1866 4640 AUGUSTINUS.

1308 4661 1422 4713 Nec
1484 4656 1741 4727 trepidus
1814 4670 1943 4727 ero,
1978 4654 2048 4709 ad

1233 4725 1634 4802 proferendam
1705 4725 2047 4802 sententiam

1237 4796 1441 4865 meam,
1529 4799 1589 4852 in
1655 4813 1769 4868 qua
1865 4796 2048 4867 magis

1237 4873 1436 4927 amabo
1483 4869 1685 4938 inspici
1757 4884 1787 4920 a
1861 4870 2046 4934 rectis,

1235 4959 1406 5014 quam
1459 4941 1672 5014 timebo
1722 4938 1982 5014 morderi
2017 4955 2050 4991 a

1234 5008 1534 5086 perversis.
1571 5012 1870 5086 Gratanter
1894 5008 2048 5086 enim

1235 5077 1471 5154 suscipit
1537 5082 1764 5154 oculum
1802 5077 2046 5154 _colum-

1237 5150 1437 5210 binum
1528 5150 1933 5222 pulcherrimai
1991 5156 2050 5204 et

1237 5221 1654 5280 modestissime
1783 5221 2040 5286 Charitas,

1239 5299 1468 5352 dentem
1516 5300 1710 5348 autem
1774 5292 2045 5345 caninum

604 4612 904 4654 CENSORES.

420 4678 535 4734 Non
584 4673 726 4728 enim
769 4682 948 4737 pauca
994 4677 1164 4731 neque

351 4742 733 4806 contemnenda
770 4743 897 4793 sunt
937 4738 1161 4800 Augus-

351 4823 457 4876 tini
486 4817 762 4882 dogmata,
793 4823 924 4882 quas
942 4807 1026 4882 vel
1053 4807 1162 4882 Ec-

351 4893 524 4948 clesia:
551 4876 817 4940 universae
842 4879 924 4932 vel
957 4876 1159 4930 theolo-

350 4976 539 5032 gorum
598 4959 694 5010 aut
764 4951 1002 5032 omnium
1067 4949 1163 5032 aut

347 5011 658 5090 multorum,
691 5039 784 5078 nec
822 5011 998 5089 inﬁmi
1033 5017 1161 5071 sub-

350 5107 492 5160 sellii
519 5097 902 5170 reprobantur.

669 5166 842 5222 XXXI.

619 5251 904 5294 CENSORES.

424 5312 722 5379 Augustini
798 5311 848 5359 et
935 5303 1164 5357 aliorum

353 5363 768 5449 Patrum—quos
799 5391 923 5449 cum
963 5389 1020 5428 eo
1069 5386 1166 5424 no-
1237 5366 1546 5449 Velmevitat
1577 5363 1903 5449 cautissima
1933 5363 2047 5449 hu-

348 5433 601 5516 minapit',
646 5433 667 5449 ι
728 5445 1159 5516 approbavitque
1233 5437 1460 5516 mili-tas,
1510 5433 2045 5516 vel__retup_ditlsoli-

349 5504 539 5580 sancta
567 5504 827 5589 synodus:
862 5531 969 5570 non
1007 5504 1155 5589 pdu-
1229 5508 1465 5589 dis_si_ma
1494 5505 1727 5589 veritas;
1756 5504 2045 5589 Magisque

351 5577 445 5662 ca,
461 5577 634 5662 neque
662 5592 801 5644 levia
817 5577 1025 5640 ἐνναεᾱ
1048 5587 1156 5636 cir-
1229 5579 1442 5662 ‘opta‘bo
1471 5594 1505 5631 a
1551 5577 1811 5657 quolihet
1855 5591 2050 5662 ξερτα-

351 5646 745 5732 ἐᾶἷπΐένῗυηίυν,
832 5668 1155 5732 guae__p_ro-
1229 5646 1424 5732 bendi,
1476 5646 1650 5729 quam
1678 5647 1799 5732 sive
1827 5646 1908 5732 ‘ab
1959 5662 2048 5732 er-

349 5717 536 5803 fieri,“
583 5717 589 5718 ⁷
628 5717 798 5799 neque
837 5717 858 5726 ’
893 5717 1157 5781 catholica
1229 5717 1417 5777 rante’
1453 5717 1568 5774 sive
1640 5718 1713 5773 ab
1775 5717 2044 5773 adulante

1303 2970 1474 3024 Multa
1510 2968 1781 3034 diximus,
1825 2969 1882 3019 et
1927 2964 2042 3017 for-
2074 2970 2113 3026 C

2150 1737 2586 1807 Pelagianorum
2610 1733 2718 1787 sibi
2770 1732 2986 1785 delatas
3015 1728 3068 1781 ei
3113 1728 3181 1781 ad
3233 1725 3662 1796 respondendum
3704 1725 3786 1777 mi-

2144 1826 2328 1890 sisset,
2358 1830 2457 1878 aut
2487 1820 2919 1892 responsionem
2951 1817 3074 1886 ejus
3119 1820 3366 1886 quatuor
3421 1813 3570 1867 libris
3620 1814 3787 1881 editam

2144 1912 2516 1986 probabiliter
2560 1917 2734 1981 atque
2782 1904 3200 1962 honorabiliter
3247 1901 3588 1971 suscepisset.
3635 1901 3782 1954 Caele-

2147 2002 2332 2055 stinus
2389 2015 2638 2070 quoque,
2701 2001 3032 2050 memoratae
3077 1992 3238 2046 urbis
3304 1992 3609 2062 episcopus,
3681 1989 3785 2058 quid

2147 2095 2346 2146 contra
2375 2089 2663 2143 Gallorum
2693 2083 2974 2139 insaniam
3025 2097 3198 2152 super
3228 2097 3296 2134 eo
3327 2080 3552 2151 ejusque
3579 2079 3788 2131 doctrina

2149 2179 2408 2244 senserit,
2443 2193 2511 2230 ex
2560 2175 2893 2228 auctoritate
2945 2170 3257 2242 apostolica
3295 2170 3636 2222 decretorum
3681 2182 3788 2217 suo-

2147 2283 2276 2322 rum
2299 2264 2436 2319 scita
2466 2263 2774 2323 declarant,
2805 2277 2933 2331 qua:
2965 2261 3044 2313 ita
3091 2275 3151 2311 se
3185 2258 3416 2322 habent,
3447 2260 3571 2321 etc.,
3608 2254 3689 2307 ubi
3728 2269 3788 2306 re-

2149 2359 2282 2410 citat
2301 2355 2533 2421 elogium
2561 2357 2743 2407 sancto
2774 2352 3083 2418 Augustino
3128 2348 3389 2402 delatum.
3420 2349 3478 2401 In
3506 2345 3706 2414 epistola
3736 2342 3789 2395 ad

2151 2446 2504 2498 Hincmarum
2525 2445 2574 2495 et
2603 2440 2919 2495 Pardulum.

2898 2528 3099 2582 XXXII.

2416 2635 2696 2673 CENSORES.
3233 2630 3274 2666 S.
3315 2625 3645 2666 AUGUSTINUS.

2230 2694 2483 2762 Quanam
2521 2689 2746 2744 concilia
2791 2702 2972 2756 quaeve
3050 2755 3083 2762 Α.
3114 2687 3194 2762 Ac
3214 2700 3319 2762 per
3345 2683 3448 2762 hoc
3481 2678 3790 2762 pr‘asdestina-

2151 2752 2467 2833 pontiﬁcum
2594 2752 2972 2833 Romanorum
3043 2752 3235 2809 tionis
3263 2755 3430 2823 hujus
3487 2752 3661 2833 fidem,
3698 2764 3790 2819 quae

2158 2823 2333 2887 edicta
2362 2831 2661 2900 Augustini
2705 2830 2770 2881 de
2819 2844 2964 2900 prm-
3040 2832 3244 2880 contra
3321 2839 3492 2900 novos
3521 2823 3792 2900 __haereticos

2159 2893 2517 2958 destinatione
2586 2917 2646 2954 ac
2708 2893 2964 2968 reproba-
3041 2914 3190 2950 nova
3257 2893 3626 2968 sollicitudine
3680 2906 3793 2968 nu_nc

2157 2978 2297 3029 tione
2331 2975 2668 3036 sententiam,
2703 2975 2966 3040 quatenus

2155 3053 2411 3100 aeternam
2493 3045 2718 3098 salutem
2792 3042 2963 3109 respi-

2155 3119 2324 3180 ciunt,
2373 3117 2505 3184 pari
2555 3129 2674 3167 cum
2707 3114 2790 3166 his
2847 3126 2966 3184 qua:

2156 3189 2221 3241 de
2276 3181 2463 3254 gratia
2515 3185 2719 3248 docuit,
2787 3181 2967 3249 gradu

2154 3258 2496 3312 auctoritatis
2560 3259 2846 3319 asciscant,
2907 3256 2968 3305 ut

2153 3345 2210 3397 in
2240 3343 2373 3413 ﬁdei
2406 3341 2665 3408 dogmata
2696 3337 3057 3394 transierint?

2781 3427 2838 3481 S.
2886 3425 3232 3481 PROSPER.

2222 3520 2547 3588 Agnoscant
2573 3515 3014 3570 calumniatores
3055 3514 3352 3584 superfluo
3405 3528 3521 3566 sese
3576 3508 3796 3579 objicere,

2153 3608 2304 3679 quod
2335 3607 2422 3660 his
2448 3606 2610 3660 libris
2640 3607 2864 3674 (nempe
2882 3603 3219 3676 Lpostremis
3250 3603 3427 3656 sancti
3453 3597 3725 3671 Augustini
3747 3594 3797 3648 ad

2153 3702 2497 3769 Prosperum
2549 3700 2605 3764 et
2631 3694 2928 3756 Hilarium,
2964 3692 3062 3747 ubi
3091 3693 3217 3747 fuse
3241 3693 3362 3763 agit
3395 3694 3463 3748 de
3490 3688 3800 3762 praedestina-

2155 3785 2332 3858 tione)
2377 3802 2494 3839 non
2522 3776 2762 3856 speciale
2793 3799 2978 3853 neque
3011 3782 3319 3836 discretum
3348 3779 3723 3854 itestimonium
3748 3774 3799 3825 sit

2154 3875 2526 3947 perhibitum,
2562 3888 2810 3944 quorum
2855 3872 2912 3925 in
2953 3870 3170 3924 cunctis
3213 3871 3593 3926 voluminibus
3643 3877 3800 3919 norma

2154 3965 2441 4020 laudatur.
2474 3963 2796 4034 Apostolica
2822 3960 2977 4015 enim
3008 3960 3191 4026 sedes,
3225 3961 3379 4030 quod
3419 3977 3450 4012 a
3491 3950 3800 4029 praecognitis

2157 4052 2265 4105 sibi
2285 4067 2404 4105 non
2433 4051 2735 4120 discrepat,
2761 4064 2892 4103 cum
2922 4047 3292 4119 praacognitis
3333 4047 3552 4116 probat,
3599 4048 3651 4096 et
3681 4036 3799 4111 quod

2150 4137 2366 4208 judicio
2419 4137 2631 4210 jungit,
2673 4137 2842 4192 laude
2873 4152 2992 4190 non
3029 4139 3277 4206 separat.
3312 4137 3508 4192 Contra
3534 4133 3800 4190 Collatorem

2155 4243 2276 4297 cap.
2308 4226 2398 4282 42.

3040 2967 3389 3028 defenditur,
3423 2977 3693 3033 nunquam
3728 2961 3793 3033 Ec-

3038 3039 3214 3091 clesia
3239 3037 3444 3091 Christi
3478 3031 3586 3088 non
3621 3031 3790 3086 habuit.

3037 3109 3160 3163 Lib.
3254 3108 3319 3160 de
3410 3109 3546 3160 Dono
3612 3117 3792 3172 perseu,

3039 3195 3160 3249 cap.
3197 3181 3286 3233 23.

2893 4313 3121 4367 XXXIII.

2415 4419 2703 4456 CENSORES.
3220 4418 3268 4455 S.
3322 4415 3660 4455 AUGUSTINUS.

2225 4475 2429 4542 Quibus
2456 4475 2631 4527 verbis
2661 4471 2870 4527 additis
2891 4474 2970 4524 ri-
3116 4473 3243 4526 Non
3275 4473 3354 4526 sic
3391 4477 3476 4525 est
3502 4464 3799 4542 adjutorium

2155 4539 2344 4615 gidum
2391 4545 2551 4608 illud,
2594 4561 2656 4598 ac
2697 4545 2857 4598 nimis
2886 4558 2967 4597 se-
3043 4544 3163 4613 Dei,
3201 4543 3441 4615 nongsic
3491 4539 3579 4595 est
3614 4539 3801 4615 adjuto:

2153 4605 2340 4672 perum
2367 4605 2674 4684 Augustini
2727 4629 2960 4678 sensum,
3039 4605 3192 4667 rium
3219 4613 3448 4676 Christi,
3508 4627 3614 4684 non
3650 4609 3717 4661 sic
3741 4605 3803 4656 est

2154 4695 2214 4742 ut
2244 4683 2761 4756 quidem’nonnullis
2790 4688 2967 4738 visum
3039 4685 3393 4754 adjutorium
3442 4683 3671 4756 Spiritus
3709 4689 3803 4756 san-

2154 4745 2570 4823 essénoverant,
2599 4757 2811 4810 scilicet
2843 4756 2966 4809 Tri-
3037 4745 3129 4808 cti'.
3224 4757 3393 4810 Item:
3460 4745 3515 4808 Si
3584 4745 3800 4823 defuerit.

3039 4825 3183 4880 nihil
3224 4827 3361 4879 boni
3403 4839 3566 4895 agere
3611 4815 3803 4895 poteris.

2155 4829 2377 4884 dentini
2426 4830 2641 4895 Patres,
2693 4828 2964 4882 decretum

3041 4897 3162 4967 agis
3191 4883 3564 4966 quidemvillo
3602 4883 3700 4967 non
3728 4883 3804 4967 ad-

2154 4901 2380 4954 nullum
2407 4915 2527 4951 esse
2567 4915 2710 4967 opus
2751 4900 2966 4951 bonum

2155 4971 2264 5024 nisi
2348 4985 2414 5022 ex
2491 4961 2672 5037 gratia
2737 4967 2964 5033 Christi,
3035 4961 3273 5038 juvan—te
3315 4968 3508 5038 libera,
3539 4961 3801 5038 voluntate,

2151 5041 2412 5111 prudenti
2431 5032 2676 5094 cautione
2703 5032 2970 5094 moderati
3036 5032 3138 5092 sed
3170 5039 3339 5111 male.
3373 5037 3457 5090 Ad
3498 5037 3596 5089 hoc
3637 5032 3805 5085 idonea

2155 5110 2306 5168 Sunt.
3041 5114 3127 5163 est
3151 5110 3414 5162 voluntas
3447 5112 3539 5160 tua
3581 5117 3695 5173 qua:
3727 5111 3803 5173 V9-

3037 5183 3200 5233 catur
3280 5180 3480 5242 libera,
3559 5165 3612 5229 et
3689 5165 3806 5224 mala

2156 5271 2378 5341 agendo
2407 5270 2474 5325 ﬁt
2503 5268 2847 5325 damnabilis
2878 5267 3100 5323 ancilla.
3125 5268 3297 5323 Serm.
3336 5269 3397 5321 t3
3424 5265 3487 5319 de
3519 5262 3660 5318 Verb.
3690 5258 3805 5323 Apo-

2155 5361 2299 5416 stoli.

2319 5464 2501 5502 SANCTI
2548 5463 2739 5502 PATRES
2776 5462 3025 5500 AFRICANI
3065 5461 3119 5498 IN
3152 5459 3400 5498 SARDINIA
3439 5453 3670 5495 EXSL'LBS.

2224 5539 2369 5591 Ante
2394 5534 2724 5606 largitatem
2761 5535 2976 5605 quippe
3003 5533 3202 5603 gratias
3236 5536 3321 5585 est
3349 5530 3409 5584 in
3436 5526 3651 5583 homine
3686 5517 3797 5592 qui-

2159 5625 2290 5680 dem
2317 5625 2563 5680 liberum
2610 5623 2932 5690 arbitrium,
2965 5623 3063 5678 sed
3111 5637 3228 5676 non
3281 5620 3494 5674 bonum
3548 5613 3671 5686 quia
3710 5620 3800 5662 non

2154 5714 2567 5770 illuminatum.
2593 5713 2838 5769 Proinde
2859 5712 2968 5767 nisi
2997 5711 3182 5784 gratia
3205 5710 3390 5776 detur,
3416 5708 3618 5762 bonum
3645 5700 3803 5770 ipsum
