3914 6186
55 310 158 361 δίῖῑ
1315 324 1643 382 νΙΝΙΠΟΙᾹΞ
1683 330 1818 386 AUG
1831 333 2238 393 USTINIAN/E.

56 429 359 484 arbitrium
391 448 504 485 non
539 434 800 489 habetur.
836 438 925 492 Sic
977 456 1225 513 namque
1257 449 1340 499 est
1369 446 1613 503 liberum
1644 450 1719 505 ho
1782 455 1825 509 Α

62 516 231 569 minis
261 518 563 574 arbitrium
597 522 807 595 absque
838 527 988 580 dono
1010 531 1228 599 gratiae,
1268 532 1412 587 sicut
1443 541 1529 589 est
1560 540 1757 592 oculus

61 606 181 659 sine
210 607 353 674 luce,
400 625 529 662 nam
562 616 616 664 et
647 615 843 667 oculus
873 616 944 669 ad
971 618 1279 675 videndum
1314 623 1493 678 factus
1525 632 1629 692 est,
1659 629 1754 682 sed

63 696 173 748 nisi
218 696 409 749 lumen
460 702 741 769 acceperit
778 719 895 757 non
944 706 1174 763 videbit.
1209 712 1271 763 1n
1297 716 1453 781 epist.
1495 718 1755 782 synodica

58 800 178 851 cap.
231 788 279 851 ὅ,
334 790 470 839 tomo
522 790 595 841 VI
648 791 786 844 Bibl.
836 794 975 861 I’P.,
1024 803 1231 864 parti.
1269 800 1444 855 Nemo
1484 804 1654 858 habet
1685 807 1754 859 de

53 888 155 925 suo
202 872 311 926 nisi
368 876 732 931 mendacium
782 886 838 933 et
882 891 1175 953 peccatum
1215 887 1497 957 (Synodns
1522 894 1752 946 Arausi-

48 975 213 1028 cana,
254 978 468 1016 canone
516 967 623 1033 22).
676 967 803 1033 Quae
834 976 1099 1027 sententia
1144 980 1420 1046 exscripta
1466 996 1533 1034 ea:
1588 986 1748 1047 tract,

50 1052 79 1099 5
102 1050 157 1105 S.
192 1052 372 1106 Patris
394 1054 452 1105 in
479 1054 774 1111 Joannem.

784 1149 1005 1204 XXXIV.

311 1246 597 1287 CENSORES.

122 1298 363 1375 Ridiculi
424 1304 605 1356 sancti
661 1307 860 1375 Augu—

42 1369 181 1422 stini
212 1372 523 1445 adoratores
552 1369 861 1445 ubique'di-

39 1447 174 1493 cunt
226 1444 380 1495 illum
434 1459 546 1497 esse
592 1444 860 1515 ﬁdelissi-

40 1526 198 1585 mum
244 1516 595 1581 antiquitatis
654 1522 857 1585 testem,

38 1588 103 1633 ut
144 1584 384 1650 loquitur
432 1586 704 1649 Calvinus,
740 1593 857 1657 pri-

36 1668 187 1705 mum
250 1656 497 1708 Ecclesia:
560 1656 855 1726 oraculum,

34 1726 343 1792 principem
387 1728 602 1781 Patrem
653 1734 703 1783 et
752 1746 857 1784 om-

32 1797 196 1847 nium
244 1795 517 1851 doctorum
560 1800 855 1856 subtilissi-

31 1880 207 1918 mum.

1120 1259 1167 1295 S.
1201 1260 1557 1299 AUGUSTINUS.

1002 1311 1074 1386 At
1128 1329 1233 1382 ego
1292 1314 1617 1385 ubicunque
1648 1316 1745 1386 sis,

932 1380 1261 1458 ubicunque
1295 1386 1483 1458 legere
1512 1380 1616 1440 ista
1643 1380 1746 1458 po:-

931 1453 1086 1513 teris,
1116 1453 1180 1507 te
1199 1460 1327 1509 ante
1358 1456 1493 1510 istos
1540 1459 1599 1511 in
1643 1453 1747 1514 tuo

935 1523 1102 1597 corde
1136 1527 1419 1589 constitui,
1455 1544 1597 1597 quos
1632 1547 1745 1584 non

932 1594 1144 1647 amicos
1192 1613 1350 1650 meos
1395 1604 1448 1651 ct
1472 1594 1744 1655 inimicos

932 1667 1061 1740 tuos
1082 1666 1272 1740 aliqua
1310 1668 1369 1721 in
1398 1685 1582 1723 meam
1606 1688 1742 1740 par-

934 1805 1125 1875 aliquo
1157 1809 1254 1861 abs
1285 1805 1338 1861 te
1387 1805 1593 1864 merito
1638 1805 1752 1866 tuas

931 1876 1264 1948 olfensionis
1293 1896 1537 1948 aversos,
1580 1888 1636 1935 et
1678 1885 1751 1936 ob

934 1945 1041 1999 hoc
1084 1948 1189 2001 tibi
1243 1945 1605 2005 adversos—in
1648 1955 1751 2007 hac

33 2029 241 2078 nostra
269 2026 660 2097 disputatione
697 2033 963 2087 constitui
1020 2037 1366 2107 cognitores,
1399 2045 1504 2093 etc.
1535 2042 1657 2095 Lib.
1713 2060 1749 2095 ιι

36 2119 240 2168 contra
266 2117 493 2182 Julian,
527 2134 646 2187 cap.
675 2121 759 2174 lO.

330 2204 385 2258 S.
422 2206 877 2263 HIERONYMUS
906 2214 1076 2281 atque
1115 2213 1211 2267 alii
1252 2216 1462 2269 Patres.

120 2294 498 2361 Hieronymus,
531 2298 757 2364 epistola
782 2300 849 2351 25
882 2301 1025 2353 inter
1046 2302 1484 2370 Augustinianas
1515 2308 1594 2359 ita
1633 2308 1748 2361 Au-

40 2383 327 2447 gustinum
359 2384 698 2451 alloquitur:
734 2386 906 2440 Macte
936 2387 1170 2443 virtute!
1208 2389 1265 2442 in
1315 2392 1450 2445 orbe
1499 2394 1748 2447 celebra-

46 2470 157 2535 ris,
217 2469 473 2523 catholici
525 2476 579 2525 te
623 2475 977 2529 conditorem
1031 2478 1283 2548 antiquas
1330 2496 1557 2535 rursum
1619 2483 1751 2537 tidei

39 2563 399 2611 venerantur
419 2564 589 2629 atque
618 2562 954 2631 suspiciunt.
982 2566 1190 2619 Audax
1220 2569 1496 2637 episcopus
1525 2572 1751 2639 epistola

56 2648 164 2699 {39
221 2649 444 2715 inquit:
500 2649 852 2703 Thesaurum
910 2652 1206 2721 sapientius
1262 2654 1602 2720 desideravi,
1650 2656 1747 2709 sed

44 2735 248 2790 minus
277 2735 466 2806 accepi
494 2753 667 2807 quam
697 2740 870 2803 volui,
907 2740 1041 2794 licet
1065 2741 1257 2795 minus
1289 2758 1401 2796 non
1426 2744 1594 2797 debet
1616 2744 1745 2812 dici,

39 2824 148 2877 sed
180 2840 385 2877 munus
416 2826 569 2895 quod
616 2827 910 2880 oraculum
958 2829 1099 2897 legis
1129 2831 1433 2884 contulerit
1478 2833 1746 2901 Augusti-

38 2930 184 2979 nus,
241 2917 490 2967 sacrator
536 2914 794 2984 justitias,
845 2916 1194 2970 instaurator
1224 2918 1494 2988 spiritalis
1525 2919 1743 2990 glorize,

930 1738 1043 1808 teni
1072 1731 1255 1805 gratia
1301 1731 1743 1808 propendentes,
1781 1731 1821 1786 Β

3459 358 3561 410 8'in

2265 462 2319 516 S.
2363 464 2639 519 ALIPIUS
2676 467 3154 525 TAGASTENSIS.

1940 563 2222 619 Habemus
2269 568 2470 624 ducem
2520 574 2964 645 (Augustinum),
3011 578 3109 648 qui
3155 595 3258 632 nos
3315 580 3391 633 im
3443 582 3564 652 ipsa

1865 652 2115 705 veritatis
2146 670 2350 709 arcana
2403 661 2515 712 Deo
2542 662 2663 729 jam
2716 672 3069 721 monstrante
3114 670 3403 738 perducat.
3440 673 3559 727 Lib.

1865 755 1923 790 ιιι
1951 741 2245 805 Augustin.
2275 750 2443 798 contr.
2480 750 2759 816 Academ.,
2793 755 2851 805 in
2880 758 3003 821 ﬁne.
3043 757 3327 825 Rupertus
3357 758 3559 826 Abbas,

1864 828 1959 880 lib.
1993 846 2067 881 v11
2099 830 2165 882 de
2194 831 2353 899 Oper.
2386 836 2633 902 Spiritus
2655 844 2848 907 sancti,
2884 832 3003 911 cap'.
3063 847 3159 897 19:
3186 846 3293 897 Iste
3334 852 3417 899 est
3445 849 3561 902 Au-

1862 917 2126 984 gustinus
2155 920 2424 975 columna
2454 929 2507 977 et
2561 925 2988 983 ﬁrmamentum
3012 932 3282 987 veritatis.
3323 935 3563 1005 Prosper

1860 1004 1919 1056 in
1949 1007 2174 1073 epistola
2221 1008 2295 1061 ad
2334 1012 2620 1079 Ruﬁnum:
2672 1013 3077 1085 (Augustinum
3135 1004 3561 1075 abundantissi-

1858 1104 1951 1144 me
1981 1092 2226 1162 Spiritus
2246 1097 2496 1152 veritatis
2524 1099 2799 1170 implevit.

2582 1207 2825 1261 XXXVII.

2140 1305 2425 1346 CENSORES.

1928 1357 2316 1415 Contendimus
2361 1366 2537 1431 ipsius
2590 1380 2677 1417 ar-

2936 1314 2981 1351 S.
3024 1316 3379 1357 AUGUSTINUS.

2821 1369 3035 1438 Nempe
3088 1388 3217 1424 cum
3256 1388 3415 1427 arma
3464 1378 3562 1427 tua

1854 1441 1942 1478 ma
1967 1432 2112 1509 omni
2139 1447 2205 1483 ea:
2229 1438 2391 1499 parte
2436 1438 2673 1509 inempu-
2746 1454 2891 1492 vana
2957 1432 3190 1509 quidem
3251 1448 3308 1496 et
3364 1444 3563 1497 obtusa

1854 1498 2099 1577 ginabilia
2130 1498 2381 1568 nonesse,
2413 1508 2521 1558 sint
2554 1498 2673 1560 licet
2738 1498 3023 1577 jactantér
3065 1512 3324 1567 ventilas.
3371 1515 3489 1568 Lib.
3531 1531 3561 1566 v

1853 1569 2113 1624 illustria.
2453 1602 2460 1609 -
2739 1569 2929 1634 'contra
2958 1583 3102 1649 Jul.,
3137 1600 3254 1652 cap.
3284 1588 3339 1639 9.

2484 1682 2537 1737 S.
2573 1685 2941 1739 PAULINUS.

1934 1765 2182 1835 Ideoque
2226 1784 2353 1822 cum
2407 1770 2509 1823 hoc
2566 1773 2951 1828 Pentateucho
2997 1780 3095 1830 tuo
3146 1783 3343 1831 contra
3383 1779 3557 1833 Mani-

1862 1852 2050 1908 chaeos
2094 1870 2185 1908 me
2237 1858 2371 1910 satis
2427 1861 2753 1927 armaveris,
2807 1862 2852 1915 si
2886 1880 2999 1933 qua
3042 1864 3101 1917 in
3152 1865 3292 1919 alios
3331 1883 3559 1937 quoque

1861 1940 2057 1995 hostes
2106 1944 2397 1999 catholicos
2457 1946 2587 2000 ﬁdei
2629 1948 2949 2003 munimina
3014 1953 3375 2022 comparasti,
3428 1954 3561 2025 quia

1860 2028 2044 2082 hostis
2075 2036 2284 2100 noster,
2335 2034 2425 2085 cui
2476 2035 2633 2089 mille
2673 2039 2918 2092 nocendi
2952 2044 3100 2094 artes
3129 2045 3245 2095 tam
3273 2042 3443 2096 variis
3473 2054 3561 2097 ex-

1860 2119 2204 2187 pugnandus
2235 2126 2320 2174 est
2348 2122 2497 2187 telis,
2533 2140 2704 2193 quam
2740 2132 3037 2197 oppugnat
3072 2127 3310 2197 insidiis,
3365 2147 3559 2201 quasso

1858 2221 2127 2275 promere
2159 2208 2303 2261 mihi
2334 2209 2401 2262 de
2423 2215 2869 2267 armamentario
2900 2220 2998 2268 tuo
3039 2220 3093 2269 et
3142 2217 3397 2271 conferre
3446 2236 3561 2273 non

1862 2294 2079 2347 abnues
2110 2312 2269 2350 arma
2292 2298 2553 2366 justitiaa.
2588 2303 2767 2368 Epist.
2803 2304 2859 2355 3t
2893 2303 3045 2371 apud
3066 2305 3120 2359 S.
3168 2305 3557 2371 Augustinum.

1864 2384 2069 2452 Utpote
2099 2383 2249 2437 inter
2279 2387 2455 2438 multa
2489 2387 2587 2440 Dei
2610 2388 2780 2453 dona,
2811 2390 3021 2459 quibus
3051 2390 3214 2444 illum
3266 2393 3559 2446 abundan-

1859 2468 2080 2524 tissime
2134 2472 2380 2543 Spiritus
2434 2476 2684 2529 veritatis
2759 2477 3037 2547 implevit,
3118 2480 3334 2534 habens
3387 2481 3559 2534 etiam

1861 2558 2009 2611 hanc
2040 2559 2293 2614 scientiae
2325 2567 2381 2614 et
2408 2562 2706 2629 sapientia:
2733 2581 2801 2617 ex
2830 2565 2931 2618 Dei
2960 2566 3235 2620 charitate
3264 2567 3554 2631 virtutem,

1861 2650 1923 2698 ut
1956 2662 2073 2699 non
2106 2648 2292 2701 solum
2320 2648 2487 2701 istam
2520 2649 2703 2704 adhuc
2742 2651 2803 2704 in
2857 2653 2972 2705 suis
3029 2653 3557 2708 detruncationibus

1861 2735 2260 2805 palpitantem,
2298 2738 2392 2791 sed
2424 2738 2598 2791 etiam
2633 2739 2840 2793 multas
2870 2741 3030 2810 prius
3058 2742 3304 2795 hmreses
3346 2742 3555 2795 invicto

1859 2823 2018 2877 verbi
2073 2824 2262 2893 gladio
2323 2825 2652 2879 dchellaret.
2728 2829 2790 2882 S.
2850 2829 3091 2898 Prosper
3163 2830 3237 2883 ad
3306 2833 3555 2899 Ruﬁnum

1856 2913 2101 2965 Joannes
2126 2913 2261 2965 XXII
2312 2912 2422 2966 ait:
2478 2913 2853 2984 Augustinus,
2907 2921 3013 2971 etc.
3067 2917 3374 2971 Catholicae
3424 2918 3557 2971 ﬁdei

30 3002 411 3071 dispensator
467 3002 663 3056 salutis
719 3008 967 3059 aeternas.
1002 3006 1197 3059 Sia'tus
1244 3007 1354 3071 IV,
1410 3009 1469 3060 in
1507 3008 1749 3061 Bultario
1787 3013 1825 3068 C
1862 3000 2157 3053 veritatem
2206 3000 2264 3053 in
2322 3001 2507 3054 lucem
2552 3003 2844 3072 produxit,
2888 3004 3085 3058 eduxit
3127 3005 3186 3059 in
3239 3005 3556 3075 publicum,

36 3092 380 3157 Augustini:
411 3091 760 3159 Augustinus
789 3091 939 3146 inter
968 3092 1325 3146 intemeratae
1358 3095 1615 3148 Ecclesiae.
1638 3096 1743 3149 do-

29 3184 226 3233 ctores
269 3179 614 3249 praecipuus,
664 3185 722 3235 et
776 3182 1182 3237 subtilissimus
1223 3185 1513 3256 Evangelii
1553 3201 1616 3238 ac
1654 3201 1742 3238 sa-

44 3282 280 3320 crarum
307 3267 625 3321 litterarum
653 3273 1061 3339 perscrutator.

797 3359 994 3414 XXXV.

301 3461 595 3499 CENSORES.
1112 3464 1159 3501 S.
1199 3464 1555 3503 AUGUSTINUS.

109 3517 189 3569 At
212 3519 349 3583 κριιί
368 3520 728 3570 admiratores
758 3517 852 3569 do-
999 3518 1106 3571 Vos
1136 3526 1323 3572 autem
1350 3524 1405 3573 et
1421 3524 1537 3573 tam
1569 3518 1739 3585 cauti,

25 3593 157 3641 cent
202 3592 442 3641 sanctum
485 3590 853 3655 Augustinum
928 3592 983 3641 et
1007 3593 1124 3642 tam
1154 3591 1491 3654 turbulenti,
1526 3596 1581 3643 et
1623 3595 1737 3643 tam

26 3673 317 3724 nunquam
369 3658 500 3711 adeo
556 3673 755 3724 vagam
805 3664 853 3711 et
925 3659 1059 3711 novi
1104 3660 1322 3713 nemini
1372 3662 1609 3714 dubium
1657 3667 1741 3713 est

26 3729 509 3782 indeterminatam
528 3731 586 3781 in
616 3730 854 3782 Ecclesia
927 3730 1065 3799 quin
1098 3730 1239 3782 nihil
1272 3732 1508 3800 dignum
1552 3736 1739 3783 aucto-

25 3802 417 3852 auctoritatem
447 3801 759 3862 obtinuisse,
790 3805 851 3853 ut
914 3802 1090 3853 ritate
1126 3801 1466 3870 praeferetis.
1514 3802 1632 3855 Lib.
1673 3802 1739 3854 de

25 3872 291 3923 catholici
322 3886 432 3923 sese
457 3871 700 3923 omnibus
731 3872 848 3937 ejus
928 3873 1172 3925 Utilitate
1198 3872 1470 3938 credendi,
1491 3888 1610 3940 cap.
1649 3872 1731 3925 14.

22 3941 381 4009 opinionibus
465 3943 614 3995 cwcis
682 3942 848 3995 oculis

21 4029 346 4083 submittere
369 4034 669 4095 teneantur,
700 4035 749 4083 et
774 4031 882 4084 illae
910 4030 1112 4100 absque
1142 4033 1440 4085 temeritate
1478 4034 1528 4085 et
1556 4046 1735 4084 errore

20 4120 355 4187 impugnari
373 4133 479 4172 non
504 4120 737 4187 possint.

607 4206 662 4261 S.
690 4206 1162 4261 HIERONYMUS.

106 4293 249 4349 Mihi
288 4298 478 4348 autem
530 4294 820 4349 decretum
855 4299 939 4349 est
984 4299 1039 4349 te
1084 4311 1294 4363 amare,
1332 4299 1385 4349 te
1423 4294 1729 4366 suspicere,
1765 4312 1807 4367 ι)
1846 4271 2073 4326 dabim-

22 4384 249 4445 colere,
301 4383 519 4442 mirari,
576 4389 786 4454 tuaque
824 4384 974 4438 dicta
1021 4384 1183 4455 quasi
1234 4400 1361 4438 mea
1406 4384 1730 4439 defendere.

24 4475 201 4527 Certe
231 4474 287 4525 et
317 4472 375 4525 in
410 4472 647 4542 Dialogo
679 4489 850 4543 quem
898 4488 1086 4543 nuper
1131 4474 1304 4542 edidi,
1332 4477 1444 4527 tum
1490 4474 1735 4529 beatitu-

21 4558 208 4627 dinis,
260 4564 323 4613 ut
371 4560 611 4630 dignum
666 4561 872 4628 fuerat,
912 4562 1242 4615 recordatus
1273 4578 1421 4615 sum.
1460 4565 1637 4631 Epist,
1671 4564 1737 4615 30

20 4649 110 4704 ad
162 4650 221 4703 S.
274 4649 645 4720 Augustinum
682 4653 825 4704 inter
870 4651 1327 4717 Augustinianas.
1356 4651 1496 4705 Nolo
1546 4655 1737 4705 autem

24 4736 311 4790 sanctitas
346 4743 447 4791 tua
499 4738 579 4791 sic
630 4754 720 4791 me
770 4738 1081 4793 arbitretur
1129 4739 1250 4793 haec
1281 4738 1547 4808 scribere,
1578 4738 1740 4809 quasi

17 4826 97 4879 de
159 4825 229 4878 iis
273 4842 403 4896 qua:
458 4842 611 4879 nunc
654 4826 881 4881 edidisti
926 4843 1033 4898 ego
1082 4827 1359 4882 dubitem.
1412 4829 1657 4883 Hilarius
1686 4830 1742 4881 in

25 4916 279 4986 epistola
308 4916 383 4970 ad
409 4917 798 4985 Augustinum.

782 5006 1001 5061 XXXVI.

306 5106 592 5145 CENSORES.
1103 5108 1148 5145 S.
1195 5106 1556 5144 AUGUSTINUS.

93 5160 403 5228 (Sanctum
446 5161 854 5239 Aug_ustinum)_
998 5163 1078 5239 Ιῑι⁵
1094 5162 1199 5215 hoc
1216 5168 1307 5239 _t_e‘
1330 5163 1505 5239 plane
1548 5158 1742 5239 laudo,

12 5248 373 5310 veneramur,
432 5238 493 5286 ut
545 5234 709 5299 decet,
759 5233 854 5310 sed
929 5233 1081 5304 quod
1113 5232 1412 5310 veritatem
1457 5232 1562 5310 etsi
1592 5245 1742 5310 nun-

11 5320 127 5357 non
169 5303 443 5371 pecudum
470 5320 614 5379 more
642 5309 691 5357 et
738 5306 854 5379 sine
927 5303 1101 5374 quam
1190 5303 1523 5379 percepisti,
1577 5303 1745 5379 Icerte

11 5377 269 5437 ratione;
325 5389 445 5451 cum
487 5378 602 5451 ipso
628 5378 853 5451 proﬁte-
934 5373 1747 5451 quamputasti,hominiprm-

11 5462 148 5499 mur
235 5444 383 5513 quod
457 5442 861 5523 m’inusihillum
934 5442 1745 5523 tulisti,ideoquidemteme-

12 5512 280 5571 amamus
350 5532 514 5584 quam
558 5518 857 5570 veritatem.
936 5532 1019 5582 re,
1052 5514 1194 5591 quia
1229 5512 1744 5591 existimasti_scire

936 5594 993 5641 te
1044 5583 1199 5657 quod
1246 5585 1448 5650 nescis,
1487 5583 1584 5637 sed
1622 5583 1750 5637 ideo

12 5677 232 5740 libere,
277 5674 413 5745 quia
463 5690 771 5745 personam
822 5690 935 5730 non
986 5674 1222 5742 veritus,
1262 5672 1483 5745 elegisti
1526 5670 1750 5743 aperire

12 5762 188 5837 quod
221 5761 421 5818 sentis.
452 5762 571 5817 Lib.
604 5780 655 5817 IV
686 5763 751 5819 de
783 5764 928 5831 Orig.
968 5764 1184 5830 animae,
1212 5777 1332 5830 cap.
1372 5765 1418 5815 t.

1838 3991 2075 4057 positam
2101 3995 2313 4057 partem
2363 3989 2551 4042 tuendi
2597 3992 2658 4041 ti-

1857 3088 2035 3142 tirmis
2066 3105 2129 3142 ac
2161 3088 2384 3142 invictis
2416 3088 2732 3144 rationibus
2763 3092 3044 3147 solidavit.

2560 3198 2836 3251 XXXVIII.

2114 3299 2403 3339 CENSORES.
2928 3302 2976 3339 5.
3007 3302 3362 3341 AUGUSTINUS.

1920 3355 2099 3422 Neque
2124 3370 2241 3408 eum
2281 3357 2339 3408 in
2370 3356 2663 3408 sententia-
2808 3357 2921 3410 Hoc
3003 3358 3238 3426 quidem
3297 3356 3505 3413 dicitur
3534 3377 3547 3425 ;

1849 3440 1971 3478 rum
2000 3440 2222 3478 suarum
2259 3430 2309 3479 et
2336 3426 2662 3492 fundamen-
2736 3427 2832 3480 sed
2882 3432 2946 3480 tu
2993 3428 3170 3481 dicis:
3211 3428 3316 3491 Qui
3357 3436 3550 3485 autem

1850 3501 2025 3569 torum
2053 3496 2248 3569 quibus
2270 3512 2358 3569 eas
2384 3500 2666 3565 conﬁrmat
2734 3497 2896 3567 legit,
2916 3502 2985 3569 et
3025 3499 3309 3569 intelligit,
3362 3500 3408 3553 si
3436 3510 3551 3555 non

1847 3567 2052 3639 delectu
2102 3568 2234 3619 adeo
2283 3568 2492 3639 felicem
2555 3583 2662 3621 esse
2736 3568 3073 3639 Pelagianus
3122 3567 3234 3633 est;
3286 3571 3395 3624 hoc
3437 3588 3553 3626 non

1849 3638 1931 3705 (ut
1972 3638 2366 3709 demonstrabo
2432 3641 2481 3691 si
2524 3640 2664 3691 mihi
2734 3638 2891 3692 dicit.
2951 3640 3073 3693 Lib.
3144 3657 3159 3691 ι
3218 3640 3405 3709 Operis
3456 3646 3555 3696 im-

1845 3707 1986 3760 illud
2078 3709 2380 3775 injunctum
2471 3710 2657 3776 fuerit)
2730 3712 2900 3777 perﬁ,
2935 3725 3056 3778 cap.
3111 3714 3193 3777 15,
3241 3707 3300 3764 ut
3339 3714 3553 3778 refelle-

1846 3781 1979 3845 quin
2009 3779 2272 3831 mentibus
2318 3782 2516 3832 nostris
2544 3781 2658 3847 ple—
2730 3785 2811 3832 ret
2840 3782 2945 3832 ista
2966 3782 3177 3834 Juliani
3203 3799 3219 3833 :
3250 3782 3401 3835 Nihil
3440 3783 3545 3835 ita-

1841 3851 2123 3902 nissimam
2170 3852 2344 3917 ipsius
2402 3849 2660 3903 doctrina:
2731 3865 2842 3918 que
2872 3849 2951 3902 ibi
2998 3852 3067 3904 de
3121 3851 3388 3904 omnibus
3433 3856 3549 3905 Au-

1841 3934 1947 3974 non
1974 3919 2352 3983 consentiendi,
2402 3921 2527 3991 imo_
2556 3936 2655 3988 op—
2730 3920 2947 3991 gustini
2973 3921 3394 3991 argumentiset
3422 3939 3552 3991 pro-

2731 3990 3112 4061 positionibus
3185 3990 3550 4061 inexplosum

1844 4060 2100 4112 bertatem
2164 4060 2459 4127 relinquat,
2521 4062 2657 4127 quin
2732 4060 3027 4114 remansit.

1841 4135 1892 4183 et
1942 4131 2162 4197 ipsemet
2199 4129 2265 4183 de
2319 4130 2654 4197 opinionum,

1842 4215 1978 4268 quas
2009 4200 2178 4270 docet,
2201 4200 2525 4254 certitudine
2553 4200 2655 4254 ad-

2803 4130 3030 4195 Probet,
3100 4130 3147 4184 si
3210 4135 3419 4200 potest,
3494 4138 3553 4187 et

2732 4200 2952 4254 fatebor
2998 4217 3090 4255 me
3150 4202 3413 4257 didicisse
3478 4204 3548 4257 ab

2734 4270 2851 4324 illo.
2879 4271 2998 4325 Lib.
3035 4272 3137 4326 Ide
3157 4273 3308 4342 Orig.
3332 4276 3546 4340 animae,

2739 4357 2866 4412 cap.
2910 4344 3000 4396 14.

2484 4449 2539 4503 S.
2564 4448 2899 4504 PROSPER.

1919 4540 1994 4593 De
2028 4538 2377 4609 argumentis
2402 4538 2580 4592 sancti
2626 4537 2933 4609 Augustini
2964 4542 3165 4593 contra
3210 4540 3548 4612 Pelagianos

1848 4629 1928 4683 ita
1966 4628 2116 4683 canit
2141 4628 2202 4682 in
2230 4626 2482 4682 carmine
2509 4631 2706 4680 contra
2736 4628 2997 4698 Ingratos
3028 4644 3152 4698 cap.
3184 4632 3213 4683 3
3243 4645 3256 4683 :

1973 4716 2129 4764 Istius
2158 4730 2285 4779 ergo
2306 4718 2443 4779 inter
2461 4719 2697 4779 cunctos.
2722 4716 2812 4779 qui
2842 4715 2906 4779 de
2936 4729 3096 4779 grege
3125 4722 3309 4767 sancto

1974 4780 2192 4842 Insanus
2222 4776 2465 4840 pepulere
2490 4776 2645 4833 feras,
2676 4776 3146 4842 industria'major,

1972 4840 2142 4902 Majus
2171 4854 2322 4901 opus,
2360 4844 2527 4887 totum
2547 4840 2888 4900 prtestantius
2919 4840 3110 4890 imbuit
3145 4841 3344 4890 orbem.

1975 4904 2306 4965 Quaqueper
2334 4902 2579 4963 ambages
2605 4914 2799 4964 anceps
2824 4902 2923 4949 iter
2941 4903 3047 4965 egit
3070 4909 3300 4965 ,opertas,

1976 4964 2229 5025 Hujusab
2261 4976 2481 5011 occursu
2510 4966 2589 5011 est
2616 4968 2933 5025 praeventus,
2970 4964 3122 5011 mille
3148 4964 3353 5011 viarum

1978 5024 2188 5073 Insidiis
2217 5024 2418 5073 aditum
2449 5038 2557 5073 non
2588 5026 3005 5087 repperientibus
3021 5026 3207 5073 ullum.

1977 5087 2213 5148 Cumque
2244 5086 2369 5134 foris
2400 5087 2569 5135 rabies
2592 5086 2869 5135 avidorum
2896 5086 3111 5135 exclusa
3140 5087 3387 5148 luporum

1978 5100 2105 5135 unm
2149 5100 2213 5134 ue
2244 5100 2369 5134 toris
2400 5100 2569 5135 rantes
2592 5100 2869 5135 avidorum
2896 5100 3111 5135 exeiusa
3140 5100 3387 5148 luporum

1978 5100 2277 5205 Frenaeret,
2307 5149 2466 5205 inque
2497 5162 2680 5197 omnes
2709 5148 2979 5197 mendacia
3000 5152 3226 5196 verteret
3250 5151 3406 5205 artes,

1979 5162 2277 5205 r'renaeret,
2307 5162 2466 5257 inque
2497 5162 2680 5197 omnes
2709 5162 2979 5197 mendacia
3000 5162 3226 5196 verteret
3250 5162 3334 5195 arb

1979 5212 2051 5280 Ne
2082 5215 2285 5280 mentes
2316 5211 2543 5280 uiarum
2566 5210 2746 5280 ovium
2778 5222 3114 5280 corrumpere
3142 5214 3334 5280 posset,

1979 5273 2089 5321 Neu
2117 5272 2278 5320 dubia
2307 5272 2533 5334 obliquis
2564 5270 2979 5334 turbaretcorda
2994 5270 3243 5333 querelis,

1982 5334 2138 5382 Istius
2162 5347 2251 5381 ore
2276 5334 2373 5381 viri
2409 5333 2530 5382 fecit
2558 5334 2715 5391 Deus,
2738 5333 2886 5381 istius
2907 5345 2995 5379 ore

1982 5395 2225 5445 Flumina
2252 5394 2508 5444 librorum
2540 5396 2797 5443 mundum
2817 5394 3063 5442 efﬂuxere
3093 5407 3185 5457 per
3212 5408 3445 5444 omnem.

1986 5459 2114 5527 Quae
2146 5457 2299 5527 mites
2327 5457 2657 5527 humilesque
2671 5456 3216 5527 bibunt_.‘campi8que
3255 5459 3561 5507 animorum

1985 5521 2198 5569 Certant
2226 5519 2398 5568 vitalis
2422 5518 2675 5568 doctrina}
2708 5518 2990 5567 immittere
3013 5518 3173 5568 rivos.

2589 5598 2807 5653 XXXIX.

2931 5701 2976 5740 S.
3013 5702 3369 5741 AUGUSTINUS.

2819 5755 2875 5811 Si
2904 5756 3059 5812 enim
3121 5763 3287 5830 turpe
3314 5760 3399 5813 est
3435 5756 3557 5814 sine

2139 5702 2406 5741 CENSORES

1929 5758 1993 5814 Si
2036 5757 2379 5826 Augustinus
2442 5756 2550 5809 haec
2587 5771 2675 5810 rc-
