3908 6180
366 288 466 341 847

367 417 447 467 cte
465 411 619 479 dicit,
646 411 882 465 deserere
900 425 1017 463 eum
1049 423 1176 478 pos-

366 499 501 547 sum,
578 488 637 536 ut
706 482 946 535 omnibus
1000 479 1177 532 docto-

366 555 519 608 ribus
541 570 621 607 me
638 554 969 620 adjungam;
993 555 1077 604 sin
1098 565 1180 601 ve-

368 640 430 679 ro
473 626 673 692 absque
713 626 920 678 ratione
954 622 1062 676 haec
1100 620 1182 673 di-

370 700 460 763 cit,
529 712 641 749 eam
717 697 878 747 etiam
944 692 1181 746 deserere

368 781 583 834 possum
633 766 726 817 hoc
778 766 895 834 ipso
929 763 1072 831 quod
1100 778 1181 816 me

368 837 429 889 id
454 851 609 903 posse
635 838 846 896 asserit,
883 836 1015 901 quia
1062 835 1180 886 sine

364 910 574 960 ratione
652 907 911 974 loquitur,
990 908 1039 956 et
1101 906 1181 957 ita

366 979 553 1044 quovis
581 977 736 1030 modo
765 979 1014 1029 sumatur
1052 977 1101 1028 Α
1112 991 1181 1028 u-

1255 478 1389 551 quid
1413 478 1691 549 expectas,
1726 480 1864 551 quid
1912 478 2066 533 sata;

1253 549 1358 619 gis,
1390 555 1453 603 ut
1491 551 1659 604 alicui
1688 549 1810 605 sine
1848 551 2065 604 ratione

1254 621 1481 675 credam
1522 638 1635 691 quo
1692 622 1911 676 facilius
1969 627 2065 675 tua

1252 693 1471 773 ratione
1503 692 1631 773 duci
1680 694 1893 773 possim
1919 691 1946 745 ?
1979 696 2065 773 An

1253 761 1485 815 ﬁrmum
1516 761 1731 833 aliquid
1761 762 2064 834 supersedi-

1253 834 1445 885 Iicabit
1502 834 1646 886 ratio
1704 839 1804 887 tua
1858 834 2062 887 funda-

1252 910 1446 957 mento
1512 904 1891 958 temeritatis?
1941 904 2061 958 Lib.

1254 990 1306 1027 Vl
1363 975 1428 1027 de
1481 976 1655 1029 Utitit.
1698 975 1950 1030 credendi
1990 974 2065 1029 ad

365 1051 635 1115 gustinus,
722 1050 895 1115 ipsius
969 1047 1180 1098 manci-
1252 1046 1540 1112 Honorat.,
1574 1061 1696 1115 cap.
1730 1050 1814 1100 14.

363 1121 516 1185 pium
569 1120 709 1186 ﬁeri,
754 1123 804 1170 et
842 1131 1017 1170 omnes
1064 1117 1180 1184 ejus

364 1207 657 1260 sententias
686 1204 917 1259 adorare
946 1219 1287 1274 nequaquam
1313 1220 1491 1276 cogor.

948 1311 1002 1365 S.
1039 1312 1478 1367 BERNARDUS.

435 1408 519 1463 Ab
568 1408 657 1463 his
706 1408 925 1463 duabus
969 1408 1271 1474 columnis,
1320 1407 1702 1477 Augustinum
1766 1408 1971 1479 loquor
2007 1411 2065 1462 et

364 1497 748 1561 Ambrosium,
804 1496 1017 1551 credite
1060 1496 1224 1562 mihi,
1272 1495 1503 1551 difﬁcile
1548 1496 1777 1563 avellar,
1831 1511 1961 1550 cum
1992 1495 2063 1549 iis

365 1603 457 1641 me
481 1603 669 1641 errare
716 1590 815 1640 aut
864 1600 1061 1656 sapere
1104 1584 1303 1639 fateor.
1338 1586 1401 1639 In
1432 1585 1657 1654 epistola
1674 1589 1741 1638 77
1775 1584 1850 1639 ad
1872 1587 2061 1652 Hage-

365 1691 501 1729 nem.

1158 1761 1260 1814 XL.

629 1866 919 1905 CENSORES.
1448 1864 1492 1902 3.
1523 1864 1877 1903 AUGUSTINUS.

434 1925 545 1977 Hoc
589 1923 798 1988 sur/icit
847 1920 921 1974 ad
966 1921 1173 1985 confes-
1322 1918 1619 1972 Neminem
1651 1920 1819 1973 velim
1842 1920 1920 1973 sic
1950 1935 2066 1973 am-

362 1996 562 2048 sionem
603 1995 739 2046 hanc
796 1992 864 2045 ab
898 1991 1175 2058 effrenatis
1248 1989 1419 2059 plecti
1460 1990 1653 2043 omnia
1692 2007 1837 2058 mea,
1872 1996 1937 2045 ut
1973 2006 2065 2044 me

362 2066 669 2139 Augustini
690 2062 1178 2139 adoratoribusex-
1251 2065 1541 2139 sequatur,
1592 2060 1704 2113 nisi
1755 2061 1817 2114 in
1874 2061 1944 2115 iis
2005 2062 2064 2115 in

363 2134 737 2201 torquendam,
796 2134 1005 2187 licitum
1067 2146 1177 2185 esse
1247 2131 1453 2201 quibus
1514 2147 1606 2183 me
1683 2147 1799 2185 non
1875 2148 2065 2185 errare

362 2205 564 2272 abSque
594 2206 793 2257 erroris
814 2211 863 2257 et
903 2204 1173 2256 temerita-
1248 2201 1619 2271 perspexerit.
1676 2203 1775 2255 Lib
1831 2202 1897 2256 de
1950 2203 2065 2258 D0-

364 2277 434 2328 tis
462 2280 591 2328 nota
613 2276 915 2339 Augustini
960 2277 1177 2327 senten-
1248 2288 1316 2325 no
1341 2286 1575 2341 persev.,
1602 2288 1723 2342 cap.
1758 2275 1847 2327 2t.

363 2348 469 2400 tias
490 2361 599 2400 non
624 2360 830 2414 semper
857 2345 1030 2412 sequi.

914 2440 968 2495 S.
1002 2438 1498 2495 ILDEPHONSUS.

432 2528 688 2584 Audiant
717 2530 775 2583 Β.
808 2528 1214 2599 Augustinum,
1257 2529 1348 2582 cui
1385 2528 1774 2584 contradicere
1831 2529 1915 2584 fas
1942 2545 2059 2584 non

360 2622 465 2673 est.
491 2618 662 2674 Serm.
694 2621 727 2673 2
753 2617 818 2672 de
843 2619 1011 2673 Beata
1040 2618 1281 2685 Virgine.

1137 2733 1283 2787 XLI.

600 2836 864 2874 CENSORES
894 2857 909 2873 .

427 2892 679 2961 Plerique
719 2891 1031 2944 mortalium
1064 2892 1170 2959 pie-

356 2965 465 3016 tate
500 2978 562 3017 ac
600 2963 860 3016 doctrinis
904 2964 1164 3028 illustres,

351 3036 604 3101 episcopi,
683 3034 1011 3100 cardinales,
1086 3034 1168 3101 ip-

350 3106 569 3171 siusque
589 3104 813 3170 (Scilicet
841 3104 1162 3171 Augustini)

348 3178 530 3240 amici,
576 3176 718 3227 servi
769 3188 831 3226 ac
900 3177 1161 3238 fautores,

345 3246 571 3308 fratres,
599 3259 661 3297 ac
700 3245 805 3311 ﬁlii
828 3258 965 3311 saepe
1011 3246 1167 3297 illum
1240 3260 1277 3296 lt
1317 3243 1513 3311 Operis
1573 3245 1814 3312 imperf.,
1863 3249 2053 3298 contra

346 3316 707 3381 reliquerunt.
1237 3315 1480 3375 Julian.,
1512 3329 1632 3382 cap.
1660 3317 1749 3368 79.

417 3401 688 3472 Nunquid
733 3402 863 3456 ideo
892 3400 1006 3455 vim
1056 3401 1308 3455 veritatis
1344 3402 1595 3472 effugere
1635 3401 1870 3472 poteris,
1917 3401 2053 3473 quia

342 3488 510 3542 nobis
537 3488 941 3543 calumniando
970 3489 1247 3560 impertae
1300 3490 1484 3544 socios
1524 3490 1822 3544 falsitatis?
1852 3491 1978 3545 Lib.
2017 3507 2051 3544 v

343 3581 530 3632 contra
558 3578 692 3644 Jul.,
728 3594 849 3647 cap.
885 3582 939 3633 7.

714 3684 769 3739 S.
806 3684 1221 3739 VINCEN'I‘IUS
1254 3684 1664 3740 FERRERIUS.

411 3771 607 3828 Audeo
639 3772 855 3828 dicere:
909 3775 1117 3828 Omnes
1168 3774 1429 3829 doctores
1475 3774 1575 3846 qui
1607 3777 1887 3829 venerunt
1917 3778 2047 3844 post

340 3862 725 3933 Augustinum
810 3866 1203 3917 sustentantur
1281 3878 1453 3933 super
1522 3863 1643 3933 ejus
1709 3862 2043 3933 ,doctrinam

337 3954 613 4017 sanctam,
675 3965 919 4020 puram,
986 3949 1438 4017 immaculatum,
1499 3950 1625 4004 auri
1693 3949 2039 4021 purissimi,

337 4038 459 4094 sine
491 4054 683 4117 errore
715 4040 984 4093 falsarum
1031 4038 1388 4109 opinionum.
1426 4040 1595 4095 Serm.
1656 4038 1722 4093 de
1749 4039 1804 4094 S.
1843 4041 2039 4106 Augu-

334 4131 500 4183 stino.

1419 2836 1466 2873 s.
1517 2835 1875 2875 AUGUSTINUS.
1904 2868 1909 2887 ,

1312 2890 1354 2944 Ο
1411 2891 1457 2943 si
1519 2906 1619 2943 vos
1683 2906 1795 2943 non
1855 2890 2059 2944 essetis

1241 3031 1495 3084 veritatis
1545 3032 1753 3085 falsum
1797 3033 2058 3085 testimo-

1242 3102 1402 3155 nium
1449 3106 1698 3156 vestrum
1759 3107 1816 3155 et
1848 3102 2052 3167 dicitis,

1240 3177 1297 3226 et
1326 3174 1561 3241 insuper
1604 3172 1847 3226 scribitis
1884 3174 1895 3227 l
1930 3173 2051 3227 Lib.

1108 4198 1264 4254 XLII.

1401 4284 1446 4323 S.
1500 4286 1854 4324 AUGUSTINUS.

1296 4340 1431 4392 Ecce
1463 4355 1576 4393 non
1603 4356 1709 4409 ego
1741 4357 1909 4405 unus,
1940 4340 2033 4394 sed

1222 4412 1303 4463 tot
1330 4425 1394 4462 ac
1428 4411 1572 4463 tanti
1613 4411 1788 4463 sancti
1847 4412 2037 4465 erudi-

1226 4479 1380 4549 tique
1404 4479 1662 4533 doctores
1695 4480 1799 4534 tibi
1820 4496 1922 4549 pro
1945 4498 2035 4536 me

1221 4552 1307 4621 vel
1341 4566 1586 4615 mecum,
1636 4566 1856 4621 proque
1904 4568 2035 4605 om-

1220 4620 1381 4693 nium
1422 4626 1681 4693 nostrum
1715 4620 1779 4675 et
1811 4625 1909 4675 tua
1946 4622 2032 4693 ip-

1220 4692 1356 4758 sius,
1399 4692 1446 4745 si
1495 4692 1662 4763 sapis,
1707 4692 1888 4747 salute
1941 4692 2030 4747 re-

1218 4763 1541 4832 spondent.
1594 4764 1715 4818 Lib.
1772 4780 1788 4817 1
1846 4769 2031 4819 contra

1212 4835 1320 4888 Jul.
1353 4849 1471 4905 cap.
1505 4838 1559 4889 7.

1078 4923 1266 4977 IDEM.

590 4286 879 4323 CENSORES.

410 4340 720 4395 Inauditum
794 4344 850 4393 in
911 4340 1150 4394 Ecclesia

332 4416 443 4478 est,
464 4411 608 4478 quod
646 4415 695 4464 et
744 4412 859 4479 ipse
896 4412 1152 4475 Augusti-

329 4496 432 4535 nus
498 4481 812 4548 detestatur,
866 4482 985 4535 ticet
1032 4483 1148 4549 ejus

332 4553 731 4621 impertinentes
751 4552 1062 4605 adoratores
1092 4551 1149 4603 il-

329 4624 440 4675 lum
498 4636 667 4688 supra
729 4628 970 4688 ponant.
1034 4622 1150 4675 Soli

329 4696 562 4746 amentes
594 4695 671 4744 sic
711 4695 1140 4746 ratiocinantur:

333 4767 477 4819 Unus
525 4762 619 4815 hoc
658 4762 841 4815 doctor
886 4765 1139 4832 asseruit,

324 4850 451 4904 ergo
481 4832 801 4888 credendum
828 4838 923 4888 est.

390 5011 641 5076 Quilibet
685 5010 881 5065 doctor
922 5013 1005 5065 est
1055 5014 1358 5065 contentus
1416 5010 1488 5064 ad
1534 5009 1898 5081 probandum
1942 5010 2028 5066 di-

318 5103 473 5153 ctum
501 5096 692 5165 suum,
723 5098 770 5152 si
801 5101 987 5169 potest
1016 5096 1227 5154 habere
1260 5114 1432 5152 unam
1482 5097 1882 5153 auctoritatem
1905 5100 2023 5152 Au-

320 5188 556 5259 gustini.
591 5189 733 5243 Ibid.
796 5206 801 5213 '

1074 5276 1264 5331 XLIII.

562 5380 830 5419 CENSORES
865 5407 876 5419 .
1382 5379 1408 5417 8
1472 5380 1842 5429 AUGUSTINUS,

384 5436 507 5490 Haec
547 5437 845 5501 Augustini
880 5436 1128 5489 obscuri-
1258 5436 1354 5507 De
1379 5450 1493 5507 qua
1516 5436 1854 5507 difﬁcillima
1875 5452 2023 5507 quae-

312 5510 398 5561 tas
432 5509 593 5560 etiam
624 5510 683 5559 in
722 5507 1127 5573 pertractandis
1200 5505 1403 5571 stione,
1454 5505 1557 5559 hoc
1598 5511 1683 5560 est
1713 5506 1781 5561 de
1814 5505 2023 5560 volun-

310 5577 806 5657 przdestinationis
854 5581 903 5657 et
931 5581 1128 5657 gratiae
1198 5581 1312 5657 tate
1363 5576 1670 5657 et-gratiaa
1706 5593 1824 5630 non
1864 5594 2026 5657 opus

312 5651 587 5715 mysteriis
632 5649 927 5714 apparuit;
967 5650 1136 5715 siqui-
1208 5647 1761 5702 habuietiaminhac
1784 5647 2026 5717 epistola

317 5720 436 5772 (lem
483 5720 540 5772 in
595 5718 804 5772 scholas
875 5718 1135 5785 theologo-
1208 5717 2029 5789 diutiusdisputare,quoniam

2073 4272 2116 4327 D
2218 4279 2358 4333 Mihi
2435 4281 2752 4335 concludere
2840 4282 2960 4336 licet

1374 287 1927 345 SUPPLEMENTUM
1968 290 2057 344 AD
2096 289 2327 347 OPERA
2366 294 2421 346 S.
2463 294 2856 351 AUGUSTINI.
3725 311 3802 365 848

1250 407 1469 462 ratione
1499 408 1765 479 cuiquam
1810 409 2061 479 credere,
2093 413 2137 467 A
2173 427 2295 466 rum
2356 411 2710 469 dissensiones
2754 416 2984 479 invexit,

3061 419 3119 469 et
3145 414 3313 470 aliam
3336 417 3452 487 jam
3477 418 3554 473 eis
3578 421 3807 481 dederam

3060 490 3328 556 tanquam
3358 489 3516 544 citius
3558 493 3807 550 redituris.

3059 557 3124 611 Et
3168 557 3357 628 scripsi
3410 561 3475 614 ad
3530 578 3621 616 vos
3670 565 3812 621 etiam

3062 628 3286 702 librum,
3302 646 3464 699 quem
3486 632 3529 685 si
3548 635 3812 702 adjuvante

3064 699 3299 776 Ilo-mino
3366 699 3647 776 diligenter
3685 706 3809 776 lege-

3061 770 3186 823 ritis
3237 776 3294 824 et
3344 770 3595 826 vivaciter
3626 770 3812 831 intelle-

3060 841 3281 909 xeritis,
3354 843 3530 897 nullas
3587 846 3811 901 existimo

3059 912 3208 965 inter
3230 929 3320 965 vos
3350 913 3415 967 de
3442 915 3539 967 hac
3554 932 3610 968 re
3634 918 3811 971 dissen-

3061 982 3246 1035 siones
3274 983 3503 1037 ulterius
3534 985 3644 1055 jam
3690 987 3812 1042 futu-

2932 1067 3045 1106 ras.
3076 1056 3255 1122 Epist.
3284 1056 3349 1109 47
3380 1056 3452 1109 ad
3496 1057 3809 1129 Valentinum.

2543 1156 2599 1211 S.
2633 1156 2906 1212 THOMAS
2938 1158 3489 1215 VILLANOVANUS.
3710 1213 3717 1219 .

2242 1240 2284 1296 Ο
2312 1241 2469 1296 sidus
2501 1244 2838 1312 maximum,
2888 1246 3201 1316 Augustine
3251 1248 3430 1316 Pater,
3463 1253 3717 1318 quantum
3740 1251 3812 1305 Ec-

2170 1329 2400 1384 clesiam
2435 1330 2535 1385 Dei
2572 1335 2672 1386 tua
2700 1333 2985 1405 sapientia
3010 1333 3628 1392 irradiansillustrasti!
3664 1338 3813 1403 Quan-

2170 1422 2293 1473 tum
2325 1422 2424 1473 tua
2444 1421 2747 1491 praesentia
2774 1437 3034 1477 errorum
3063 1423 3329 1478 tenebras
3359 1425 3611 1497 effugasti
3635 1427 3661 1479 ?
3686 1428 3813 1481 Nunc

2172 1506 2327 1561 enim
2360 1511 2416 1561 te
2447 1513 2694 1577 auctore,
2747 1513 2803 1564 te
2832 1510 3129 1582 magistro,
3169 1512 3249 1567 ita
3278 1513 3471 1567 omnia
3498 1518 3623 1568 sunt
3643 1514 3812 1583 lucida,

2175 483 2413 538 doctores
2460 487 2599 538 inter
2662 500 2717 538 se
2771 486 2980 551 divisit,

2176 555 2349 608 turbis
2446 560 2496 608 et
2560 556 2983 610 contentionibus

2170 626 2379 693 partim
2410 627 2468 679 in
2514 627 2730 693 Africa,
2778 631 2987 695 partim

2173 698 2230 748 in
2262 698 2448 750 Gallia
2479 702 2589 750 tam
2609 700 2725 766 ipso
2755 701 2983 763 vivente,

2174 782 2338 835 quam
2366 782 2393 819 e
2420 771 2560 822 vivis
2591 770 2800 822 sublato
2842 786 2990 824 exor-

2174 841 2243 891 tis
2279 840 2602 893 occasionem
2628 840 2880 909 prwbuit.

2169 1600 2234 1650 ut
2258 1612 2447 1651 errare
2478 1613 2594 1651 non
2618 1599 2816 1668 possit,
2860 1600 2971 1653 nisi
3008 1600 3108 1671 qui
3157 1617 3224 1655 ex
3255 1601 3531 1657 industria
3556 1602 3675 1657 velit
3698 1604 3812 1657 allu-

2094 1692 2138 1751 B
2176 1685 2372 1743 cinari.
2415 1687 2507 1740 Est
2540 1686 2716 1753 enim,
2773 1692 2838 1742 ut
2892 1687 3035 1742 mihi
3069 1687 3315 1756 videtur,
3367 1691 3427 1744 in
3475 1691 3695 1745 Ecclesia
3737 1692 3813 1747 Dei

2172 1773 2367 1829 schola
2414 1774 2736 1845 theologica
2785 1776 2942 1831 velut
2995 1778 3257 1848 quaedam
3298 1793 3446 1847 arca,
3488 1783 3592 1833 etc.
3634 1780 3806 1835 Concl

2174 1862 2240 1917 de
2264 1864 2322 1917 S.
2354 1865 2686 1931 Augustino.

2929 1944 3105 1999 XLIV.

2429 2045 2724 2085 CFNSORES.

2244 2102 2389 2168 Quin
2444 2103 2627 2155 eadem
2690 2103 2988 2169 Augustini

2172 2172 2470 2228 obscuritas
2511 2188 2614 2241 pro
2656 2174 2837 2240 clypeo
2873 2176 2985 2239 fuit

2173 2244 2363 2298 haeresi
2442 2243 2986 2314 ,praedestinatiano-

2170 2330 2312 2377 rum,
2354 2313 2451 2382 qui
2491 2317 2696 2380 ferocia
2735 2316 2981 2369 horrida-

2172 2401 2274 2454 que
2332 2400 2433 2439 sua
2498 2386 2754 2452 dogmata
2818 2387 2983 2454 hujus

2169 2458 2355 2579 {antis
2427 2456 2677 2511 doctrina
2772 2455 2983 2523 [unda-

2204 2542 2277 2579 an
2307 2566 2320 2579 .

2204 2532 2320 2582 ant.

3239 2050 3287 2087 8.
3341 2050 3671 2090 AUGUSTINUS.

3121 2103 3389 2159 Arbitror
3430 2121 3561 2159 sane
3614 2105 3811 2160 nonnul-

3056 2171 3457 2236 los‘tardiores
3503 2176 3561 2230 id
3592 2176 3811 2246 opinatu-

3054 2261 3150 2299 ros
3173 2261 3267 2318 me
3296 2247 3535 2301 sensisse
3565 2247 3701 2318 quod
3727 2262 3811 2300 non

3056 2317 3229 2382 sensi,
3290 2323 3391 2370 aut
3441 2317 3811 2371 non’sensisse

3056 2388 3211 2457 quod
3264 2388 3454 2442 sensi:
3495 2405 3716 2459 quorum
3751 2402 3812 2440 er-

3055 2473 3243 2511 rorem
3305 2459 3447 2513 mihi
3512 2460 3673 2513 tribui
3726 2472 3810 2510 non

3058 2528 3269 2584 debere
3339 2530 3468 2597 quis
3530 2531 3736 2594 nesciat,
3777 2528 3811 2580 si

3062 2602 3217 2653 velut
3277 2616 3369 2655 me
3408 2606 3706 2671 sequentes,
3737 2615 3809 2652 ne-

2170 2701 2280 2757 que
2325 2684 2821 2757 apprehendentes
2876 2686 3234 2742 deviaverint
3274 2688 3335 2742 in
3367 2689 3611 2761 aliquam
3634 2687 3806 2742 falsita-

2167 2779 2305 2840 tem,
2356 2775 2492 2829 dum
2541 2790 2713 2844 cogor
2774 2791 2877 2846 per
2923 2776 3189 2846 quasdam
3216 2777 3395 2832 densa
3423 2784 3478 2831 et
3507 2794 3669 2849 Opaca
3694 2776 3807 2829 viam

2168 2879 2420 2935 carpere,
2452 2864 2921 2935 quandoquidem
2953 2880 3056 2918 nec
3101 2866 3244 2936 ipsis
3294 2866 3502 2920 sanctis
3541 2866 3810 2921 divinorum

1242 2962 1341 3031 qui
1410 2966 1608 3015 contra
1664 2962 2056 3015 testimonium
2093 2974 2133 3030 ε
2174 2953 2452 3006 librorum
2498 2953 2930 3008 auctoritatibus
2966 2954 3084 3008 ullo
3132 2955 3307 3009 modo
3361 2955 3651 3027 quisquam
3701 2957 3813 3006 recte

2167 3041 2433 3097 tribuerit
2474 3045 2592 3096 tam
2624 3042 2833 3096 multos
2863 3046 2915 3097 et
2944 3041 3131 3096 varios
3171 3057 3401 3097 errores
3451 3041 3810 3097 haereticorum.

2165 3147 2295 3185 cum
2325 3146 2522 3185 omnes
2552 3147 2620 3185 ex
2663 3131 2880 3185 eisdem
2910 3130 3218 3203 Scripturis
3248 3132 3419 3187 falsas
3448 3137 3610 3203 atque
3635 3129 3812 3183 fallaces

2165 3219 2465 3291 opiniones
2494 3236 2624 3273 suas
2645 3225 2925 3274 conentur
2948 3219 3283 3276 defendere.
3327 3221 3446 3277 Lib.
3478 3238 3496 3275 ι
3536 3220 3597 3274 de
3625 3219 3801 3282 Trinit.,

2163 3324 2284 3378 cap.
2311 3311 2366 3363 2.

2410 3396 2793 3463 FACUNDUS,
2826 3396 3121 3468 episcopus
3160 3397 3606 3476 Hermianensis.

2228 3484 2372 3548 Quid
2403 3487 2593 3538 autem
2624 3484 2685 3537 in
2710 3484 2819 3538 hoc
2845 3485 3170 3540 miremur?
3210 3487 3414 3559 Neque
3463 3485 3655 3541 melius
3680 3480 3805 3553 loqui

2158 3571 2345 3642 potuit
2378 3571 2726 3641 Augustinus
2757 3588 2931 3642 quam
2960 3573 3286 3643 prophetae,
3322 3589 3496 3645 quam
3517 3570 3732 3645 apostoli
3760 3573 3802 3623 et

2156 3659 2540 3731 evangelistm,
2589 3675 2837 3730 quorum
2887 3659 3173 3715 mentibus
3200 3662 3470 3717 similiter
3498 3663 3635 3716 male
3663 3659 3803 3714 intel-

2154 3747 2315 3802 lectis
2342 3751 2401 3802 et
2427 3746 2739 3818 incongrue
2764 3746 3052 3815 adhibitis,
3086 3752 3205 3801 tam
3246 3749 3417 3804 multi
3467 3766 3593 3803 suos
3644 3747 3803 3802 deten-

2153 3837 2287 3892 dere
2324 3842 2607 3892 conantur
2642 3852 2881 3891 errores.
2940 3838 3102 3892 Libro
3145 3845 3339 3894 contra
3387 3841 3691 3894 Mucianum.
3741 3835 3798 3889 De

2155 3924 2418 3979 Facundo
2452 3924 2845 3979 Hermianensi
2875 3926 3000 3997 lege
3022 3931 3282 3982 sanctum
3332 3928 3607 3984 Isidornm
3637 3927 3695 3981 de
3723 3926 3803 3980 Ec-

2154 4014 2277 4067 cles.
2319 4013 2522 4083 Script.
2548 4028 2668 4083 cap.
2698 4015 2783 4069 19.

2930 4123 3080 4178 XLV.

2417 4225 2705 4265 CENSORES.
3227 4229 3278 4268 8.
3327 4230 3663 4270 AUGUSTINUS.

3103 4283 3312 4357 Quiea
3341 4302 3472 4357 quae
3508 4302 3605 4356 pro
3644 4286 3804 4357 natura

3034 4354 3423 4424 Quaestionum
3446 4354 3804 4424 dilucidedicta

3036 4422 3298 4481 existimo
3321 4428 3508 4482 adhuc
3534 4442 3642 4482 non
3669 4422 3805 4478 intel-

3034 4494 3240 4564 ligunt,
3276 4514 3393 4551 non
3445 4498 3583 4553 mihi
3626 4496 3804 4549 calum-

3033 4566 3266 4638 nientur
3312 4584 3420 4638 pro
3468 4584 3591 4623 mea
3608 4566 3804 4620 faculta-

3033 4636 3106 4690 tis
3136 4636 3475 4708 indigéntia,
3523 4638 3613 4693 sed
3659 4638 3802 4708 Deum

3032 4709 3222 4781 potius
3243 4705 3348 4780 pro
3385 4705 3696 4781 accipienda
3732 4705 3801 4757 in-

3033 4779 3353 4852 Leuigehtia
3454 4779 3801 4852 deprecentur.

3032 4847 3273 4905 Libfm
3316 4851 3383 4905 de
3423 4847 3623 4923 peccat.

3033 4925 3085 4973 et
3154 4925 3363 4976 remiss.
3423 4917 3617 4978 'contra
3672 4917 3800 4972 Pela-

3032 4993 3201 5060 gium,
3234 5009 3357 5063 cap.
3391 4996 3444 5048 2.

2534 5102 2591 5159 S.
2634 5104 3076 5161 PRUDENTIUS
3115 5107 3431 5178 episcopus.
3738 5153 3746 5160 .

2206 5189 2250 5245 Ο
2299 5193 2624 5247 monstrum
2677 5194 3054 5260 horrendum,
3102 5212 3136 5250 ο
3185 5197 3446 5267 linguam
3516 5189 3799 5267 praeciden-

2148 4365 2265 4404 eum
2297 4351 2531 4405 noluisse
2568 4354 2680 4406 suis
2713 4354 2772 4407 in
2807 4352 2960 4407 libris

2147 4423 2321 4474 animi
2340 4424 2428 4475 sui
2449 4435 2605 4476 sensa
2632 4424 2775 4476 ctare
2810 4439 2964 4493 empo-

2144 4506 2287 4556 nere,
2321 4497 2417 4545 aut
2447 4494 2505 4545 in
2533 4494 2603 4546 iis
2630 4495 2960 4562 exponendis

2144 4565 2280 4617 satis
2305 4564 2511 4617 clarum
2540 4579 2646 4617 non
2681 4566 2872 4631 fuisse,
2901 4569 2961 4619 ut

2142 4635 2349 4687 nultum
2394 4634 2687 4701 legentibus
2732 4636 2799 4689 de
2843 4636 2961 4703 ejus

2141 4719 2269 4757 vera
2325 4710 2496 4759 mente
2563 4711 2613 4758 et
2668 4708 2962 4761 intentione

2142 4774 2435 4830 dubitandi
2478 4777 2649 4830 locum
2685 4779 2959 4846 relinque-

2139 4850 2239 4900 ret.

2134 5278 2295 5334 dam!
2321 5295 2451 5350 quin
2481 5279 2564 5333 vel
2595 5280 2981 5352 ignorantiam
3014 5284 3096 5338 vel
3126 5284 3402 5340 invidiam
3424 5284 3592 5340 tantis
3626 5282 3790 5336 docto-

2132 5368 2292 5422 ribus
2319 5368 2630 5440 importare
2658 5385 2773 5423 non
2805 5372 3027 5440 metuit,
3050 5378 3115 5428 ut
3144 5373 3241 5446 qui
3281 5374 3521 5429 obscura
3576 5368 3790 5425 revelare

2132 5455 2445 5522 subierant,
2467 5457 2893 5513 obscurioribus
2909 5460 3069 5515 dictis
3083 5462 3477 5534 eaimplicasse
3502 5461 3789 5519 credantur,

2137 5549 2268 5611 etc.,
2301 5544 2370 5599 de
2401 5561 2514 5615 qua
2534 5562 2593 5599 re
2615 5551 2787 5601 testes
2805 5547 2969 5603 nobis
3010 5556 3142 5605 sunt
3162 5551 3292 5606 libri
3312 5549 3615 5606 beatissimi
3638 5543 3790 5601 Patris

2136 5630 2462 5700 Augustini.
2518 5633 2633 5687 Lib.
2681 5632 2747 5688 de
2790 5634 3058 5692 Przdest.
3095 5642 3281 5694 contra
3305 5638 3471 5693 Joan.
3504 5630 3789 5703 Erigenam‘

2141 5734 2259 5788 cap.
2304 5722 2384 5775 ll.
