3908 6180
125 265 213 320 849
1368 280 1473 335 VIN
1480 281 1692 340 DICL’E
1730 287 1750 342 ἐ

1862 284 2280 350 ιΠΞΤΙΝΙΑΝίΕ.

845 394 1023 448 XLVI.

341 491 626 531 CENSOBES.
1147 503 1199 540 8ο
1243 503 1598 546 AUGUSTINUS.

182 546 514 619 Augustinus,
533 563 648 601 cum
663 551 895 617 pondere
1040 555 1240 611 Nimiae
1280 561 1544 616 vanitatis
1587 568 1643 618 et
1672 581 1775 619 cie-

128 618 316 698 alicuius
338 619 717 698 insuperabilis
738 621 890 698 difﬁ-
966 624 1149 680 citatis
1192 635 1340 698 sunt,
1393 632 1437 684 si
1481 634 1654 688 etiam
1691 618 1777 689 liis

129 688 776 760 cultatispremebatur,ad
795 688 892 748 illa
966 688 1339 754 consideratis
1382 705 1640 759 nondum
1691 688 1775 760 di;

128 757 568 831 uerba-Scriptura
613 765 888 829 con/’ugie-
964 775 1216 831 gnantur
1289 757 1638 829 exclamare“
1674 757 1774 830 nli-

126 827 273 901 bat;0
301 829 536 901 altitudo
562 827 888 887 divitiarum
963 827 1181 892 biscum
1221 857 1232 894 :
1276 843 1318 896 Ο
1359 827 1596 899 altitudo
1638 827 1777 901 diu—i-

126 898 376 966 sapientiaa
403 904 458 953 et
481 900 730 957 scientias
759 906 884 960 Dei!
965 911 1165 982 tiarum
1206 915 1487 982 sapientiae
1524 898 1578 970 et
1602 898 1773 972 sitell-

963 981 1052 1055 tia:
1097 981 1239 1035 Dei!
1271 981 1467 1055 'Epist.
1550 991 1646 1042 105
1705 990 1775 1044 ad

960 1048 1197 1105 Sixtum.

211 1199 214 1201 .
606 1151 960 1209 ADRIANUS
981 1173 1128 1228 papa
1151 1160 1238 1214 vr.

173 1236 223 1288 lu
256 1235 516 1290 omnibus
545 1237 635 1291 his
674 1241 1105 1299 exclamandum
1138 1252 1221 1301 est
1249 1264 1377 1302 cum
1408 1253 1725 1322 Augustino
1757 1271 1771 1308 :

120 1324 150 1379 0
171 1324 377 1378 altitudo
415 1325 739 1383 divitiarum
767 1335 1048 1399 sapientiae
1099 1340 1149 1389 et
1176 1339 1408 1392 scientia:
1455 1344 1552 1395 Dei
1581 1345 1600 1395 Ι
1647 1343 1708 1396 1η
1738 1346 1771 1398 4

116 1413 514 1482 Sententiarum,
556 1423 759 1486 quaest.
800 1423 847 1486 1,
897 1421 964 1475 de
1006 1427 1342 1492 poenitentia,
1380 1426 1439 1480 in
1486 1429 1769 1485 solutione

115 1500 233 1553 tertii
259 1501 427 1556 dubii.

809 1614 1013 1670 XLVII.

314 1712 608 1754 CENSORI-IS.
1127 1723 1173 1760 S.
1216 1724 1573 1766 AUGUSTINUS.

159 1769 442 1852 Dpcirinam
493 1773 684 1852 sancti
744 1774 875 1852 A-u-
949 1846 982 1852 __
1020 1778 1254 1852 Prorsus
1302 1781 1612 1852 intelligor,
1659 1799 1754 1836 ve-

105 1838 637 1905 gustinidemysteriis
657 1846 870 1908 gratiae,
947 1846 1015 1899 lis
1059 1849 1228 1908 nolis.
1296 1852 1391 1905 sed
1446 1838 1524 1906 tu}
1563 1838 1760 1908 contra

106 1909 343 1974 libertatis,
375 1911 872 1976 przedestinationis
947 1918 1052 1970 ista
1075 1920 1218 1973 nihil
1260 1921 1507 1976 dicturus
1535 1925 1612 1978 vis
1645 1941 1759 1979 non

104 1984 139 2029 et
169 1980 506 2063 Euc‘liaristfae
539 1983 871 2063 differentem
949 1988 1210 2063 intelligi,
1248 1993 1400 2061 quod
1451 2010 1554 2063 ego
1586 1996 1758 2048 veris-

104 2063 187 2131 esse
225 2049 622 2131 difﬁcillimam
660 2057 872 2110 intelle-
944 2049 1759 2131 simqurri'atq‘ueﬁrmissimum

105 2122 171 2171 ctu
195 2125 236 2173 et
252 2120 547 2178 obscuram.
947 2129 1082 2183 dixi.
1104 2132 1220 2185 Lib.
1249 2120 1303 2185 v1
1335 2134 1491 2200 Oper.
1518 2138 1754 2204 imper/1,

945 2216 1066 2274 cap.
1106 2205 1224 2256 140.
1279 2205 1504 2274 Relege,
1558 2213 1613 2258 et
1671 2207 1758 2260 in-

940 2271 1177 2341 telliges.
1209 2275 1322 2328 Lib.
1361 2271 1441 2343 tu,
1480 2292 1604 2347 cap.
1636 2281 1753 2332 l91.

662 2382 1152 2441 CASSIODORUS.

158 2463 260 2532 Ipse
286 2465 451 2520 etiam
478 2467 682 2522 doctor
702 2470 946 2526 eximius
980 2473 1339 2531 beatissimus
1377 2479 1752 2550 Augustinus,

107 2554 370 2611 debellator
419 2560 849 2629 haereticorum,
883 2564 1148 2618 defensor
1187 2566 1442 2622 ﬁdelium
1495 2575 1550 2623 et
1575 2571 1752 2624 famo-

105 2659 255 2698 sorum
278 2648 461 2715 palma
512 2651 912 2718 certaminum,
967 2654 1024 2706 in
1065 2655 1406 2724 quibusdam
1452 2658 1613 2713 libris
1659 2660 1750 2714 ni—

105 2732 188 2784 mia
215 2734 538 2790 difﬁcultate
570 2740 917 2808 reconditur,
946 2741 1004 2794 in
1040 2743 1383 2812 quibusdam
1410 2747 1486 2800 sic
1516 2751 1600 2801 est
1629 2750 1752 2818 pla-

105 2818 344 2891 nissimus,
365 2829 428 2879 ut
478 2825 657 2881 etiam
685 2829 937 2898 parvulis
966 2832 1242 2901 probetur
1272 2840 1557 2903 acceptus,
1590 2837 1751 2905 cujus

102 2914 254 2976 aperta
288 2913 474 2967 suavia
518 2919 667 2976 sunt,
720 2917 957 2970 obscura
985 2934 1118 2972 vero
1158 2920 1382 2989 magnis
1407 2922 1751 2977 utilitatibus

101 2994 253 3050 farcita
275 2999 674 3070 pinguescunt.
701 3005 833 3074 ('ap.
868 3007 934 3058 22
968 3007 1034 3060 de
1061 3007 1231 3062 divin.
1256 3010 1488 3063 Lection.
1524 3011 1586 3064 In
1618 3011 1750 3081 qui—

103 3083 180 3136 bus
204 3093 422 3157 propter
451 3091 858 3146 obscuritatem
879 3109 1070 3148 rerum
1093 3101 1148 3149 et
1166 3096 1536 3151 subtilitatem
1554 3099 1748 3169 dispu-

102 3173 330 3229 tationum
371 3178 566 3232 minus
610 3181 996 3250 Augustinum
1045 3183 1364 3256 intelligere
1423 3204 1745 3258 possumus,

101 3261 163 3314 iel
202 3279 230 3316 a
255 3265 489 3323 Domino
545 3267 985 3339 intelligentiam
1016 3274 1388 3344 postulemus,
1420 3277 1508 3330 vel
1552 3277 1620 3331 ab
1670 3280 1748 3331 eis

101 3364 207 3417 quos
231 3352 339 3421 ipse
359 3370 461 3409 suo
500 3356 651 3411 dono
702 3357 1028 3414 illuminare
1072 3361 1338 3432 dignatus
1367 3369 1470 3430 est,
1519 3366 1749 3420 humili-

101 3439 161 3488 ter
205 3455 293 3493 uos
312 3442 500 3497 doceri
551 3445 857 3515 patiamur,
934 3466 998 3502 ac
1056 3449 1454 3520 deprecemur.
1512 3454 1748 3508 Ecclesia

97 3523 415 3592 Lugdunensis
478 3532 576 3587 lib.
625 3533 690 3588 de
755 3536 985 3592 tenenda
1040 3552 1206 3592 sacra
1269 3539 1470 3608 Script.
1562 3540 1744 3605 verit,

99 3627 187 3683 cap.
217 3619 261 3670 9.

771 3712 997 3768 XLVIII.

1089 3819 1135 3856 S.
1176 3818 1528 3857 AUGUSTINUS.

999 3872 1058 3927 Si
1100 3889 1218 3926 non
1265 3875 1348 3926 vis
1401 3873 1740 3943 intelligere,

931 3949 1031 3997 aut
1052 3944 1099 3997 si
1134 3949 1189 3997 te
1216 3944 1383 4012 lingis
1430 3961 1545 3997 non
1576 3945 1740 3997 intel-

931 4015 1128 4082 ligere,
1215 4017 1332 4068 noli
1414 4016 1741 4083 obstrepere

931 4085 1249 4138 volentibus
1310 4089 1367 4138 et
1423 4086 1740 4138 valentibus

929 4155 1269 4226 intelligere.
1304 4156 1422 4211 Lib.
1473 4173 1524 4210 1v
1555 4161 1740 4210 contra

929 4228 1062 4293 Jul.,
1091 4242 1210 4296 cap.
1243 4227 1330 4280 46.

670 4329 724 4385 S.
761 4331 1100 4386 PROSPER.

146 4408 195 4463 In
213 4413 406 4482 quibus
457 4417 784 4488 (Augustini
840 4420 1026 4490 dictis)
1082 4420 1242 4474 nulla
1280 4424 1364 4474 est
1401 4420 1732 4487 obscuritas,

95 4494 194 4550 side
228 4501 326 4556 ﬁde
353 4505 876 4573 preedestinationis
908 4513 962 4562 et
1006 4510 1229 4579 gratiae,
1275 4525 1339 4563 ex
1368 4525 1480 4580 qua
1501 4513 1583 4563 est
1613 4527 1735 4563 om-

94 4581 212 4639 nium
244 4589 524 4646 bonorum
557 4593 738 4664 origo,
794 4595 1329 4667 perseverantiaque
1374 4596 1733 4665 meritorum,

93 4665 172 4722 hoc
218 4676 489 4745 teneatur,
532 4682 686 4750 quod
740 4682 912 4737 habet
947 4683 1174 4738 veritas.
1218 4665 1282 4738 In
1335 4683 1443 4753 fine
1488 4700 1630 4754 resp.
1664 4686 1738 4739 ad

94 4757 316 4831 Excerpta
337 4768 701 4822 Genuensium
754 4786 822 4824 ea:
853 4771 1008 4826 libris
1064 4773 1120 4827 S.
1171 4772 1474 4840 Augustini
1501 4773 1566 4827 de
1590 4776 1735 4830 Prae-

93 4845 194 4907 dest.
217 4861 509 4910 sanctorum
531 4861 580 4911 et
609 4858 674 4911 de
703 4861 850 4914 Dono
879 4864 1310 4928 perseuerantiae.

800 4948 973 5003 XLIX.

305 3812 588 3852 CENSORES.

145 3863 268 3940 Nova
294 3875 614 3940 argumenta
636 3870 710 3923 ad
729 3886 858 3940 pro-

97 3930 283 3988 bandum
328 3930 632 3994 doctrinam
685 3930 862 3997 sancti

99 4003 345 4071 Augustini
420 4011 487 4064 de
581 4015 858 4080 mysteriis

97 4079 246 4137 gratia
280 4084 326 4133 et
359 4079 858 4148 praedestinationis

98 4148 452 4222 esseabscuram
495 4158 548 4206 et
576 4153 858 4222 difﬁcilem

97 4217 328 4273 intellectu.

283 5045 564 5088 CENSORES.
1106 5053 1153 5090 S.
1191 5053 1553 5094 AUGUSTINUS.

139 5095 347 5173 Datiane
385 5110 446 5157 ut
477 5106 570 5159 hoc
600 5111 762 5173 caput
785 5106 851 5161 de
997 5109 1120 5161 Non
1153 5112 1346 5161 tamen
1401 5110 1624 5163 laboras
1670 5116 1735 5164 ut

88 5170 223 5249 iuncti
253 5172 543 5249 Augustini
568 5170 850 5249 uerborum
923 5194 1014 5232 me
1041 5178 1346 5249 intelligas,
1377 5180 1528 5249 quod
1575 5180 1734 5234 facil-

90 5232 851 5318 ρρεσηῂὶεαεὲ-ἱντείναραὸἱιὶνα·
921 5249 1057 5302 lime
1110 5232 1295 5318 potes,
1334 5232 1474 5303 'sed
1506 5232 1733 5304 laboras

89 5307 194 5390 {ioue
239 5307 658 5390 concludamL'et
713 5334 850 5373 verae
923 5325 984 5374 ut
1015 5307 1128 5372 me‘
1148 5307 1389 5385 refellas,
1433 5321 1731 5390 quodnon

89 5378 225 5462 illius
251 5389 514 5462 “mentis
547 5378 852 5456 detegendae
924 5395 1100 5462 potes.
1151 5391 1268 5444 Lib.
1310 5378 1595 5460 iu'Operis
1629 5395 1731 5446 im-

88 5443 420 5566 :cfﬂcultatem
479 5443 848 5528 demonstrem,
923 5443 1376 5531 perf.,cap.l-’il.

612 5618 669 5672 S.
701 5619 1135 5675 ANTONINUS.

144 5692 288 5753 Quasi
313 5702 393 5755 sol
428 5704 738 5776 refulgens,
783 5707 880 5778 qui
917 5707 1181 5763 dominus
1232 5709 1440 5764 dicitur
1487 5713 1737 5782 planeta-

3484 315 3588 368 8‘50

1820 414 1864 466 Α
1896 429 2046 481 rum,
2081 421 2138 470 et
2167 423 2329 486 pater
2353 420 2584 475 luminis
2615 439 2785 494 super
2811 427 3001 481 omnia
3047 428 3356 485 luminaria
3402 434 3586 502 splen-

1889 501 2049 569 dens,
2092 504 2438 561 delectabilis
2485 512 2681 578 oculis,
2721 529 2783 566 ac
2838 531 2940 584 per
2995 518 3188 571 omnia
3247 521 3581 591 respiciens;

1887 589 1965 643 sic
2003 593 2356 663 Augustinus
2393 598 2695 653 Ecclesiam
2752 601 3076 671 illustravit,
3126 589 3354 673 gemma
3404 589 3586 661 docto-

1887 695 2036 746 rum,
2080 687 2239 751 pater
2272 684 2691 755 theologorum,
2729 691 2913 743 suavis
2962 692 3211 762 eloquio,
3241 711 3439 749 omnes
3471 713 3584 750 ma-

1885 767 2058 826 terias
2096 773 2448 838 penetrando
2492 774 2827 831 dilucidans.
2872 782 3030 834 Parte
3073 799 3105 834 ll
3141 782 3360 837 Hister.
3397 787 3479 837 tit.
3516 787 3573 840 8.

1886 859 1955 910 Et
1987 860 2258 924 inferius:
2294 862 2489 915 Merito
2522 863 2698 932 igitur
2727 866 2868 920 sicut
2911 869 2994 920 sol
3038 869 3345 939 refulgens,
3378 872 3454 924 sic
3477 871 3581 926 iste

1886 945 1946 998 in
1965 947 2178 1016 templo
2206 949 2305 1002 Dei
2331 951 2551 1004 refulsit
2588 954 2890 1022 splendore
2923 957 3193 1011 doctrinae
3226 959 3575 1013 clarissimae.

1882 1034 1938 1088 S.
1972 1037 2198 1104 Prosper
2251 1041 2308 1091 in
2347 1042 2502 1107 epist.
2555 1043 2628 1094 ad
2671 1044 3041 1111 Augustinum
3097 1064 3109 1100 :
3146 1048 3441 1102 Itecensito
3476 1065 3575 1102 au-

1881 1126 1998 1176 tcm
2021 1125 2128 1178 hoc
2166 1126 2533 1181 beatitudinis
2565 1135 2679 1183 tum
2709 1132 2877 1200 libro,
2923 1134 3065 1187 sicut
3095 1135 3190 1204 qui
3224 1141 3478 1190 sanctam
3507 1143 3580 1192 at-

1883 1227 1993 1281 que
2017 1215 2386 1281 apostolicam
2416 1217 2689 1272 doctrina:
2714 1225 2826 1272 ture
2867 1221 3263 1276 auctoritatem
3293 1229 3460 1278 antea
3489 1242 3576 1278 se-

1881 1299 2221 1367 quebantur,
2294 1302 2768 1374 intelligentiores
2829 1309 3007 1362 multo
3068 1309 3575 1381 instructioresque

1881 1390 2012 1439 sunt
2047 1387 2194 1450 facti,
2245 1389 2323 1442 ita
2372 1392 2470 1461 qui
2521 1395 2906 1462 persuasionis
2942 1413 3058 1450 suae
3115 1397 3576 1468 impediebantur

1881 1474 2142 1542 obscuro,
2175 1479 2484 1534 aversiores
2515 1497 2688 1551 quam
2727 1484 2954 1540 fuerant
2987 1493 3357 1542 recesserunt.

2695 1591 2751 1644 L.

2134 1689 2419 1728 CENSORES.
2940 1697 2984 1735 S.
3030 1698 3390 1737 AUGUSTINUS.

1944 1739 2348 1797 Observandum
2380 1749 2457 1798 est
2477 1747 2682 1814 ipsum-
2829 1749 3046 1813 Quaeris
3117 1759 3176 1805 tu
3233 1754 3514 1806 rationem
3543 1754 3571 1808 ?

1869 1816 1974 1890 met
2015 1819 2277 1890 sanctum,
2311 1817 2683 1883 Augusti-num
2758 1836 2862 1889 ego
2913 1839 3279 1890 expavescam
3310 1825 3571 1878 altitudi—

1867 1884 2038 1954 fateri
2066 1899 2119 1936 se
2148 1887 2292 1938 circa
2320 1890 2518 1940 multas
2547 1904 2683 1954 prze-
2756 1884 2887 1943 ncm
2920 1909 2931 1945 :
2977 1884 3018 1946 ὁ
3065 1895 3297 1946 altitudo
3341 1895 3567 1949 divitia-

1870 1953 2248 2030 ctestinationis
2352 1953 2680 2030 quaestiones
2753 1977 2874 2014 rum
2924 1965 3202 2030 sapientia:
3237 1970 3286 2017 et
3333 1968 3569 2020 scientia

1869 2023 2093 2105 dubium
2145 2041 2283 2094 saepe
2306 2099 2319 2105 _
2345 2023 2680 2105 liter-ere,use
2754 2034 2892 2105 Dei!
2939 2023 3020 2086 Τί]
3053 2034 3408 2102 ratiocinare,
3461 2052 3567 2105 ego

1869 2095 1994 2176 illas
2040 2098 2494 2176 insuperabilibus
2526 2100 2680 2167 difﬁ-
2753 2103 2961 2176 mirer;
3021 2109 3104 2176 tu,
3142 2095 3404 2176 disputa;
3457 2095 3564 2176 ego

1869 2166 2160 2238 cultutibus
2185 2169 2374 2235 plenas
2421 2166 2677 2238 reperire,
2754 2166 3009 2236 credam,-
3059 2166 3418 2229 altitudiuem
3475 2166 3566 2230 vi-

1868 2237 2064 2302 quibus
2100 2309 2111 2314 _
2154 2241 2360 2292 nullam
2409 2237 2680 2314 unquam
2754 2243 2886 2310 deo,
2930 2244 3001 2297 ad
3048 2246 3398 2314 profundum
3447 2263 3564 2301 non

1865 2309 2278 2383 responsionem,
2327 2313 2416 2363 cui
2463 2311 2680 2378 acquie-
2756 2309 3067 2383 ρει-ὴνοηὶοῘ
3127 2317 3356 2370 Postea:
3456 2318 3563 2371 Re-

1865 2382 2050 2450 sceret,
2076 2379 2210 2433 dare
2223 2383 2460 2449 potuerit
2486 2388 2683 2450 praeter

1867 2449 2199 2512 ignorantiae
2239 2466 2348 2506 suae
2393 2457 2443 2505 et
2488 2449 2678 2506 altitu-

1866 2517 2010 2572 dinis
2047 2520 2383 2587 judiciorum
2429 2524 2534 2576 Dei
2563 2539 2680 2578 con-

1862 2591 2166 2653 fessionem.

2755 2385 2989 2453 quievit,
3046 2387 3178 2455 quia
3217 2387 3434 2441 invenit
3466 2389 3563 2442 ad-

2755 2455 3154 2523 mirationem;
3203 2474 3372 2511 nemo
3412 2475 3563 2529 quae-

2754 2531 2900 2579 rata
2943 2543 3032 2579 me
3064 2529 3416 2582 occultorum
3469 2546 3560 2582 ra-

2747 2597 2984 2649 tionem.
3024 2598 3120 2650 Ille
3148 2598 3311 2652 dicit:
3349 2601 3560 2653 Inseru-

2749 2667 2945 2721 tabilia
2990 2674 3116 2722 sunt
3146 2670 3365 2736 judicia
3421 2671 3553 2736 ejus,

1864 2749 1919 2800 et
1950 2752 2010 2801 tu
2064 2752 2303 2804 scrutari
2359 2752 2610 2806 venisti?
2641 2753 2739 2807 Ille
2767 2754 2922 2820 dicit,
2969 2757 3372 2822 Investigabiles
3428 2762 3554 2811 sunt

1861 2837 1960 2888 via:
1989 2837 2126 2904 ejus,
2169 2842 2224 2890 et
2263 2842 2324 2891 tu
2372 2839 2716 2909 investigare
2763 2841 3011 2894 venisti?
3059 2842 3117 2895 Si
3163 2842 3558 2897 inscrutabilia

1863 2923 2103 2977 scrutari
2135 2924 2356 2990 venisti,
2408 2930 2465 2980 et
2503 2926 2921 2996 investigabilia
2953 2929 3294 2999 investigare
3327 2931 3552 3006 venisti,

1859 3009 2047 3079 crede,
2075 3010 2193 3081 jam
2221 3012 2460 3082 periisti.
2497 3015 2666 3068 Serm.
2701 3018 2769 3070 20
2797 3016 2861 3069 de
2901 3017 3064 3071 Verb.
3101 3021 3296 3086 Apost.

2413 3120 2468 3174 S.
2502 3121 2947 3177 FULGENTIUS.

1931 3205 2321 3262 Revera‘euim
2362 3207 2572 3262 frustra
2628 3209 2789 3263 labor
2836 3212 3138 3282 superflua
3188 3212 3554 3267 scrutationis

1857 3292 2227 3364 impenditur,
2258 3296 2353 3350 ubi
2382 3299 2541 3351 nulla
2590 3297 2936 3353 inventionis
2993 3301 3156 3369 copia
3209 3301 3554 3373 suffragatur

1858 3385 1913 3436 et
1944 3383 2112 3436 noxia
2131 3383 2430 3438 curiositas
2465 3385 2525 3439 in
2555 3391 2776 3440 reatum
2804 3388 3062 3457 protinus
3109 3389 3338 3456 labitur,
3372 3407 3555 3461 quan-

1857 3471 1928 3524 do
1978 3472 2210 3525 modum
2261 3490 2428 3527 suum
2487 3474 2738 3529 humana
2777 3475 3078 3531 inﬁrmitas
3135 3495 3248 3531 non
3300 3480 3550 3534 metitur.

1854 3559 2001 3622 Quin
2032 3561 2220 3630 potius
2250 3562 2308 3614 in
2340 3563 2445 3616 hoc
2487 3564 2933 3633 profundissimo
2980 3566 3188 3620 divinae
3246 3568 3554 3622 voluntatis

1856 3662 2060 3700 arcano
2108 3648 2251 3701 nihil
2287 3648 2439 3702 aliud
2479 3654 2688 3704 nostra:
2744 3652 2912 3704 saluti
2963 3668 3278 3723 congruere
3321 3654 3552 3708 noveri-

1853 3752 2003 3805 mus,
2035 3737 2144 3790 uisi
2174 3754 2304 3792 cum
2336 3739 2510 3793 David
2543 3741 2936 3810 unusquisque
2969 3747 3227 3797 nostrum
3256 3745 3554 3798 humiliter

1852 3825 2000 3879 dicat
2035 3842 2046 3879 :
2081 3827 2355 3882 Mirabilis
2383 3830 2536 3893 facta
2591 3833 2668 3882 est
2695 3831 2926 3884 scientia
2975 3836 3069 3884 tua
3101 3847 3167 3885 ea:
3197 3849 3313 3898 me;
3342 3837 3550 3899 confor-

1854 3918 1971 3967 tata
1999 3918 2095 3980 est,
2128 3931 2220 3968 nec
2247 3919 2428 3984 potero
2462 3917 2535 3970 ad
2568 3933 2701 3970 eam.
2729 3917 2866 3972 Cum
2914 3918 3080 3972 beato
3132 3936 3362 3990 quoque
3407 3922 3549 3974 Pau-

1851 4003 1906 4055 lo
1953 4002 2206 4072 religiosi
2264 4004 2865 4076 clamorisjungamus
2909 4006 3171 4062 aﬁ‘ectum
3205 4008 3304 4078 qui
3335 4009 3454 4062 ait:
3507 4011 3549 4064 0

1850 4091 2082 4144 altitudo
2133 4092 2454 4146 divitiarum
2491 4097 2773 4162 sapientiae
2817 4101 2867 4150 et
2925 4099 3160 4151 scientiae
3210 4099 3340 4151 Dei!
3380 4097 3496 4152 Lib.
3533 4115 3548 4152 ι

1851 4178 1919 4230 de
1958 4177 2128 4232 Verit.
2172 4179 2438 4247 praedast,
2485 4180 2631 4249 Lege
2688 4183 3030 4252 Prosperum
3086 4185 3155 4238 ad
3187 4184 3327 4239 dub.
3366 4186 3398 4238 4
3429 4190 3485 4238 et
3513 4189 3542 4237 7

1770 4251 1813 4305 D
1847 4264 2252 4319 Geuuensium.

2642 4355 2728 4409 LI.

2911 4461 2934 4497 S
2949 4484 2960 4498 .
3014 4460 3366 4500 AUGUSTINUS.

2805 4514 3014 4567 Videtis
3043 4521 3192 4568 certe
3241 4515 3381 4585 quid
3411 4520 3547 4571 tunc

2734 4585 2802 4639 de
2854 4586 2984 4650 ﬁde,
3051 4590 3220 4655 atque
3277 4588 3546 4656 operibus

2733 4657 3065 4724 sentiebam,
3146 4657 3404 4727 quamvis
3476 4659 3544 4711 de

2732 4727 3186 4780 commendanda
3227 4729 3324 4782 Dei
3364 4729 3544 4797 gratia

2731 4798 3075 4862 laborarem,
3094 4799 3152 4850 in
3183 4813 3295 4866 qua
3317 4803 3541 4850 senten—

2732 4868 2812 4920 tia
2869 4868 3006 4921 istos
3065 4869 3265 4921 fratres
3321 4871 3542 4920 nostros

2734 4938 2961 5008 (nempe
2999 4937 3539 5008 Semi-Pelagianos)

2121 4456 2402 4496 CENSORES.

1917 4510 2048 4566 Cum
2071 4517 2288 4565 sanctus
2319 4515 2658 4581 Augustinus

1845 4585 2168 4636 sententiam
2233 4599 2387 4636 suum
2460 4587 2516 4637 in
2561 4585 2659 4639 hac

1845 4655 2078 4706 materia
2113 4659 2193 4707 ter
2221 4657 2531 4720 mutaverit,
2565 4656 2658 4708 hoc

1844 4738 1940 4777 nos
1994 4723 2068 4775 ad
2116 4724 2440 4777 credendum
2494 4726 2657 4777 indu-

1844 4796 1950 4854 .rit,
1983 4800 2229 4846 sanctum
2264 4795 2655 4860 Augustinum,

1846 4867 2094 4932 quamvis
2107 4867 2384 4917 eminentis
2405 4871 2538 4918 esset
2568 4869 2658 4919 in-

1844 4936 2011 5002 genii,
2051 4937 2168 5015 suis.
2213 4936 2657 5015 meditationibus
2734 4938 2961 5008 (nempe
2999 4937 3356 5015 Serui-Pelag

1843 5020 1948 5057 non
2007 5007 2350 5071 acquievisse,
2416 5012 2465 5058 et
2535 5013 2658 5074 post
2731 5025 2850 5062 esse
2884 5007 3034 5061 nunc
3056 5008 3236 5071 video,
3264 5007 3397 5074 quia
3426 5022 3543 5060 non

1847 5080 1920 5156 tot
1963 5081 2182 5156 conatus
2234 5076 2314 5156 ad
2355 5081 2654 5156 .penetran-
2731 5079 2876 5156 sicut
2907 5080 3094 5156 legere
3140 5078 3316 5156 libros
3359 5092 3540 5143 meos,

1844 5145 2481 5213 dumpraedestinationis
2503 5163 2652 5217 mys-
2727 5148 2808 5201 ita
2853 5145 3023 5202 etiarn
3070 5147 3131 5199 in
3179 5147 3260 5200 eis
3315 5163 3541 5199 curave-

1846 5219 2038 5269 terium
2109 5224 2444 5286 consumptos
2498 5234 2648 5273 couc-
2725 5224 2858 5271 runt
2947 5217 3221 5286 proﬁcere
3289 5233 3534 5270 mecum.

1843 5292 1955 5339 tum
2035 5288 2208 5352 fuisse
2279 5291 2651 5356 inﬁrmitatem
2723 5288 2845 5340 Lib.
2884 5289 2948 5341 de
3004 5287 3258 5342 Praedest.
3325 5294 3538 5342 sancto-

1840 5373 1993 5411 suam
2011 5359 2198 5423 fate-ri.
2723 5375 2862 5428 rum,
2898 5373 3016 5425 cap.
3057 5359 3112 5412 4.

2477 5447 2531 5501 S.
2567 5446 2897 5501 PBOSPER.

1917 5534 2057 5599 Quia
2084 5551 2218 5605 ergo
2251 5552 2352 5589 nec
2405 5538 2576 5606 justa,
2623 5551 2726 5588 nec
2784 5533 3139 5588 rationabilis
3196 5535 3540 5607 intelligitur

1849 5639 2046 5679 eorum
2075 5625 2250 5680 fuisse
2283 5623 2590 5696 persuasio,
2624 5623 2722 5695 qui
2778 5610 2950 5695 hujus
3005 5624 3112 5679 viri
3167 5627 3396 5696 (nempe
3421 5628 3536 5679 Au-

1849 5713 2079 5782 gustini)
2161 5713 2453 5768 scientiam
2507 5716 2586 5767 tot
2643 5713 3132 5767 incrementorum
3190 5713 3536 5784 profectibus
