3908 6180
351 254 447 306 851

1361 252 1924 317 SUPPLEMENTUM
1962 255 2056 310 AD
2092 255 2324 312 OPERA
2361 257 2416 311 S.
2457 255 2846 314 AUGUSTINI.
3694 275 3771 328 852

350 373 708 442 adiﬁcatam,
745 377 831 428 tot
877 389 1160 429 annorum
1207 373 1408 428 studiis
1439 375 1751 446 expolitam
1813 377 1880 432 ad
1915 377 2047 432 ado-
2084 383 2130 434 A
2162 378 2223 432 in
2252 395 2366 450 qua
2393 384 2450 435 et
2481 380 3005 452 pradestinationis
3031 381 3279 450 eﬁ‘ectus,
3315 391 3368 440 et
3413 392 3775 458 prascientiam

345 463 632 517 lescentia
651 463 981 518 rudimenta
1008 463 1368 527 revocabant,
1400 467 1464 515 ut
1492 462 1677 532 magis
1703 462 2047 534 suﬁ‘ragare-

347 562 444 606 tur
466 551 749 606 hareticis
774 551 931 622 quod
949 550 1098 604 inter
1126 550 1292 604 initia
1313 549 1701 604 conversionis
1725 568 1841 606 sua
1865 551 2052 622 impe-

347 641 457 695 rite
488 649 760 707 senserat,
793 656 968 711 quam
1009 640 1304 710 prodesset
1347 639 1640 693 catholicis
1671 640 1825 710 quod
1851 638 2046 710 ponti-

350 729 528 784 ﬁcalis
571 728 883 798 diligentia
931 729 1137 782 veritas
1176 728 1473 792 revelarat,
1527 727 1733 781 merito
1784 727 1913 782 illos
1945 728 2053 782 hoc

349 815 685 887 prajudicio
742 820 986 885 utentes,
1021 822 1075 870 et
1103 817 1164 870 in
1204 815 1293 870 his
1342 831 1472 886 qua
1523 815 1744 870 dudum
1789 817 2054 871 abdicata

289 943 300 948 -
350 904 992 971 fuerantimmorantes,
1033 905 1115 975 pii
1144 903 1392 958 doctoris
1433 904 1682 974 gravitas
1710 909 1869 958 notat
1898 905 2051 974 quod

351 990 448 1060 qui
470 995 810 1044 curaverunt
825 1006 1024 1044 omnes
1050 1007 1248 1046 sensus
1263 989 1729 1061 ipsiusindagare
1761 991 2054 1046 noluerint

350 1093 481 1132 cum
513 1077 633 1148 ejus
646 1078 966 1133 eruditione
986 1079 1284 1150 proﬁcere.
1309 1079 1477 1148 Resp.
1499 1079 1573 1133 ad
1591 1079 1715 1133 dub.
1743 1082 1772 1135 3
1813 1084 2047 1150 excerpt.

351 1165 637 1234 Genuens.,
667 1169 726 1221 in
751 1169 878 1236 ﬁne.

1155 1256 1266 1310 LII.

615 1359 904 1397 CENSORES.
1437 1362 1480 1398 S.
1513 1360 1863 1398 AUGUSTINUS.

423 1413 526 1468 Nec
598 1415 908 1486 mirandum
961 1420 1058 1478 est,
1119 1417 1170 1468 si
1246 1484 1254 1486 ᾗ
1314 1413 1569 1468 Dicisme
1600 1431 1826 1486 quoque
1861 1414 2051 1484 ipsum

355 1482 748 1554 (Augustinus)
780 1486 994 1551 ingenio
1029 1488 1171 1539 inter
1241 1484 1540 1539 innovasse
1564 1482 1761 1538 sensus
1793 1482 1972 1550 meos,
1996 1493 2052 1538 et

353 1558 430 1607 tot
449 1556 740 1608 sententias
770 1570 888 1622 qua
917 1557 1003 1610 illi
1030 1570 1165 1624 pro—
1235 1555 1402 1610 initio
1457 1555 1844 1610 conversionis
1907 1571 2051 1609 mea

354 1624 556 1678 babiles
619 1625 966 1693 videbantur,
1032 1629 1163 1694 ﬂuc-
1237 1627 1346 1680 hoc
1407 1626 1646 1680 sensisse
1729 1627 1885 1697 quod
1962 1631 2046 1680 tu.

352 1699 556 1761 tuante,
589 1701 866 1749 asseratur
883 1699 1063 1765 ipsum
1088 1703 1168 1752 ter
1238 1697 1347 1751 Sed
1406 1697 1578 1765 fallis,
1664 1703 1764 1750 aut
1818 1697 2050 1761 falleris,

352 1770 587 1820 mutasse
615 1769 952 1823 sententiam.
1243 1767 1360 1820 sive
1390 1767 1793 1821 calumniando
1818 1767 1888 1820 iis
1928 1782 2058 1836 qua

1243 1853 1397 1892 nunc
1429 1838 1573 1905 dico,
1605 1838 1719 1891 sive
1750 1853 1864 1891 non
1888 1837 2055 1893 intel-

351 1923 603 1995 ligendo,
634 1926 722 1979 vel
750 1924 941 1996 potius
957 1940 1076 1978 non
1102 1925 1344 1997 legendo
1375 1941 1440 1981 ea
1460 1943 1589 1998 qua
1611 1930 1745 1980 tunc
1764 1924 1903 1980 dixi.
1931 1923 2051 1980 Lib.

351 2030 408 2067 vr
436 2019 624 2068 contra
650 2015 784 2084 Jul.,
814 2029 939 2083 cap.
978 2016 1070 2070 t2.

1118 2103 1307 2157 IDEM.

423 2191 647 2244 Maneat
671 2190 862 2259 plane,
902 2194 1135 2242 maneat
1175 2189 1284 2243 ista
1324 2188 1596 2256 conditio,
1644 2193 1709 2244 ut
1759 2189 1966 2244 horum
1987 2188 2057 2243 1i-

352 2277 587 2331 brorum
610 2277 830 2330 novitas
859 2277 1160 2347 repudiata
1187 2277 1468 2342 videatur,
1491 2277 1538 2330 si
1567 2277 1627 2330 in
1659 2277 1862 2332 eadem
1890 2294 2059 2332 causa

353 2364 612 2434 ejusdem
643 2364 748 2417 viri
790 2363 1022 2435 (scilicet
1059 2364 1384 2434 Augustini)
1424 2365 1688 2420 dissentit
1715 2365 2048 2436 antiquitas,

353 2456 412 2508 et
436 2457 500 2507 ut
526 2452 730 2508 inutile
769 2458 870 2507 aut
907 2452 1289 2523 incongruum
1343 2453 1634 2522 judicetur
1672 2456 1829 2524 quod
1859 2455 1930 2508 ab
1962 2454 2056 2508 his

352 2556 482 2612 qua
512 2545 711 2594 contra
748 2541 1082 2612 Pelagianos
1131 2541 1386 2596 condidit
1412 2541 1712 2596 dissonans
1740 2542 2053 2598 invenitur.

351 2630 416 2684 In
443 2631 548 2698 ﬁne
580 2629 676 2684 lib.
699 2634 837 2685 cont.
876 2631 1066 2686 Collat.

618 2822 718 2858 CEN
725 2822 902 2860 SOBES.

425 2877 731 2946 Saepissime
775 2876 1017 2946 (sanctus
1053 2879 1167 2930 Au-

1435 2823 1480 2861 s.
1507 2823 1861 2873 sucusrruus,

1312 2878 1394 2932 Ad
1428 2878 1624 2931 omnia
1654 2895 1742 2931 me
1781 2877 1885 2932 tibi
1932 2894 2058 2932 res-

2165 466 2283 531 Dei,
2319 483 2432 538 qua
2463 473 2592 522 ante
2623 468 2830 522 sacula
2871 474 3083 522 aterna
3114 470 3312 540 quibus
3348 481 3484 530 esset
3517 479 3780 536 collaturus

2163 570 2264 608 sua
2295 555 2443 608 dona
2471 555 2771 626 prascivit.
2817 556 2988 626 Cujus
3017 557 3421 626 pradicationis
3464 564 3694 636 quisquis
3718 582 3784 624 est

2162 642 2551 714 impugnator,
2585 644 2980 714 apertissimus
3002 651 3086 700 est
3117 647 3421 718 Pelagiana
3446 653 3683 708 elationis
3710 659 3783 712 ad-

2157 731 2334 801 jutor.
2374 734 2439 786 In
2468 737 2572 802 ﬁne
2587 735 2744 802 Rnsp.
2767 733 2841 815 ad
2869 739 3122 802 excerpta
3153 737 3511 794 Genuensium.

2944 839 3048 893 LV.

2423 924 2714 980 causonns.
3223 946 3268 982 s.
3299 946 3625 988 sucusrmus.

2232 997 2372 1072 Mihi
2433 998 2554 1050 licet
2591 997 2791 1072 addere
2827 997 2972 1066 quod
3118 999 3254 1072 Non
3307 1007 3432 1055 sunt
3481 1019 3604 1072 ergo
3649 1005 3783 1058 verba

2159 1069 2211 1121 si
2249 1068 2494 1122 diversas
2538 1070 2714 1122 sancti
2755 1069 2971 1136 Augus-
3045 1084 3172 1122 mea
3243 1071 3386 1124 inter
3448 1089 3501 1124 se
3544 1068 3782 1128 contraria

2162 1141 2265 1191 tini
2310 1140 2454 1212 circa
2497 1139 2970 1212 hancumateriam
3043 1141 3306 1210 quamvis
3332 1147 3383 1194 te
3415 1143 3692 1212 patiantur,
3720 1147 3785 1198 vel

2159 1210 2548 1281 propositiones
2577 1209 2820 1281 colligere
2852 1211 2969 1263 vel—
3042 1209 3156 1264 non
3183 1209 3554 1281 intelligendo,
3577 1215 3652 1267 vel
3677 1215 3785 1267 alios

2161 1279 2280 1351 lem,
2329 1294 2520 1347 corpus
2584 1279 2857 1347 quoddam
2907 1296 2975 1334 ea:
3047 1279 3389 1351 intelligere'
3427 1279 3546 1336 non
3574 1286 3786 1348 sinendo,

2159 1349 2541 1403 diversissimis
2567 1351 2818 1417 partibus
2853 1366 2972 1404 coa-
3047 1349 3412 1406 contrarium.
3443 1354 3552 1407 Lib.
3579 1370 3608 1408 v
3643 1362 3790 1409 contra

2153 1425 2368 1493 ptarem
2391 1439 2410 1483 ,·
2440 1421 2598 1474 isthic
2637 1423 2779 1474 enim
2827 1437 2977 1493 asse-
3048 1424 3187 1489 Jul.,
3213 1439 3330 1493 cap.
3355 1427 3404 1478 5.

2160 1493 2237 1544 rit
2268 1491 2492 1544 salutem
2535 1497 2776 1545 nostram
2815 1492 2974 1546 abso-

2161 1579 2270 1632 luto
2299 1579 2506 1634 decreto
2537 1579 2816 1649 deﬁnitam
2840 1597 2973 1650 esse,
3020 1582 3155 1636 alibi
3184 1597 3306 1636 vero
3337 1581 3466 1636 dicit
3491 1582 3794 1636 nihilominus

2092 1663 2133 1718 B
2165 1684 2199 1722 a
2219 1668 2385 1723 libero
2412 1673 2593 1725 nostro
2623 1671 2853 1726 arbitrio
2898 1672 3148 1740 pendere,
3184 1681 3291 1725 etc.

2907 1761 3099 1814 IDEM.

2235 1844 2520 1915 Legantur
2591 1850 2706 1900 tres
2757 1847 2828 1901 ad
2888 1847 3274 1902 Marcellinum
3328 1845 3502 1917 ipsius
3560 1845 3691 1913 libri,
3743 1847 3793 1899 ad

2164 1938 2424 1987 sanctum
2450 1933 2756 1990 Paulinum
2785 1936 3067 1990 Nolanum
3107 1936 3349 2006 epistola
3391 1939 3712 1999 retractetur,
3743 1935 3794 1988 ad

2162 2020 2557 2075 beatissimum
2620 2038 2852 2094 quoque
2902 2023 3228 2093 apostolica
3261 2022 3406 2076 sedis
3443 2028 3570 2075 tunc
3614 2021 3795 2090 presby-

2161 2113 2350 2163 terum
2377 2110 2613 2177 Xistum,
2648 2127 2799 2164 nunc
2836 2127 2967 2164 vero
2998 2111 3352 2181 pontiﬁcem,
3386 2110 3596 2164 emissa
3615 2107 3793 2178 paginis

2162 2204 2549 2252 recurrentur.
2571 2199 2655 2252 Ad
2684 2204 2942 2253 sanctum
2983 2199 3312 2270 Pinianum,
3363 2199 3432 2253 ad
3463 2197 3714 2251 Valerium
3733 2212 3798 2248 co-

2163 2285 2385 2352 mitem,
2434 2287 2506 2341 ad
2535 2303 2723 2341 servos
2762 2289 2970 2342 Christi
3013 2288 3330 2342 Timasium
3359 2291 3414 2341 et
3449 2286 3695 2342 lacobum
3719 2285 3797 2337 dis-

2162 2375 2387 2429 tinctim
2410 2375 2560 2429 edita
2577 2376 2870 2430 volumina
2917 2377 3302 2432 revolvantur.
3338 2378 3442 2431 Sex
3476 2375 3601 2429 libri
3628 2373 3797 2444 priores

2164 2469 2363 2517 contra
2388 2463 2700 2532 lulianum,
2739 2481 2890 2518 unus
2919 2465 2989 2519 ad
3007 2470 3270 2519 sanctum
3311 2464 3594 2518 Aurelium
3615 2462 3797 2517 Cartha-

2164 2551 2462 2622 ginensem
2506 2553 2842 2623 episcopum
2887 2555 2958 2608 de
3001 2554 3181 2608 Gestis
3239 2553 3568 2617 Palastinis,
3602 2551 3723 2605 alius
3746 2547 3796 2601 ad

2167 2641 2406 2695 Paulum
2467 2645 2523 2695 et
2567 2642 2902 2712 Eutropium
2961 2643 3285 2697 sacerdotes
3341 2647 3532 2696 contra
3560 2638 3740 2708 Pelagii
3759 2640 3797 2688 et

2167 2728 2411 2784 Calestii
2458 2730 2821 2800 quastiones,
2873 2735 2931 2784 et
2978 2731 3046 2785 ad
3102 2732 3289 2786 beata
3334 2731 3616 2784 memoria
3642 2739 3800 2798 papam

2167 2817 2523 2872 Bonifacium
2565 2818 2699 2872 libri
2731 2824 2976 2890 quatuor
3031 2820 3410 2890 explicentur.
3459 2822 3533 2872 Ac
3561 2817 3632 2870 sic
3664 2817 3714 2868 in
3738 2814 3800 2865 his

2167 2906 2434 2961 omnibus
2474 2907 2764 2978 cperibus,
2808 2906 3121 2977 multisque
3177 2908 3308 2961 aliis
3359 2923 3485 2979 qua
3526 2917 3802 2960 enumerare

356 2947 646 3017 gustinus)
686 2949 870 3012 fassus
902 2952 980 3001 est
1008 2947 1170 3014 difﬁ-
1241 2948 1532 3016 pondisse,
1572 2949 1817 3016 Iuliane,
1850 2953 1906 3003 et
1934 2965 2057 3002 om-
2085 2950 2124 3006 C

357 3018 580 3072 cultates
632 3023 728 3070 aut
809 3034 842 3070 a
890 3020 1170 3086 semetipso

357 3091 454 3140 aut
483 3088 550 3140 ab
586 3088 919 3143 adversariis
968 3091 1027 3141 in
1069 3089 1168 3142 hac

358 3174 446 3212 ma
453 3161 589 3211 teria
596 3161 904 3228 propositas
916 3173 1044 3213 suas
1061 3174 1171 3212 res-

356 3231 638 3297 ponsiones
703 3230 972 3296 excedere,
1029 3245 1172 3282 men-

296 3356 299 3359 ,
362 3303 568 3366 temque
595 3315 751 3353 suam
788 3303 963 3367 magis
994 3299 1168 3367 objec-

359 3370 594 3423 tionibus
621 3373 815 3423 vexari
834 3387 997 3439 quam
1025 3371 1169 3424 solu-

362 3441 595 3495 tionibus
624 3442 974 3508 acquiescere.

1246 3018 1342 3071 uia
1376 3019 1674 3090 refellisse,
1735 3024 1868 3087 etc.,
1917 3025 2057 3090 puto

1242 3089 1392 3158 quod
1428 3090 1720 3159 perspicis,
1779 3090 1827 3143 si
1870 3089 2060 3160 pervi-

1241 3175 1341 3212 cax
1373 3175 1491 3213 non
1521 3176 1598 3214 es.
1634 3161 1756 3214 Lib.
1787 3177 1840 3214 v1
1871 3165 2058 3214 contra

1243 3231 1374 3294 Jul.,
1408 3246 1529 3298 cap.
1589 3233 1674 3284 26.
1742 3231 1896 3284 Unde
1952 3230 2056 3284 tibi

1246 3300 1469 3354 duobus
1489 3299 1774 3370 prioribus
1800 3301 1957 3356 libris
1979 3301 2058 3354 sic

1246 3386 1338 3424 me
1375 3371 1732 3440 respondisse
1788 3372 2055 3440 arbitror,

1246 3446 1311 3494 ut
1337 3457 1367 3494 a
1399 3441 1557 3494 nullo
1595 3441 1842 3509 amplius
1865 3443 2056 3512 requi-

1245 3515 1421 3564 ratur.
1459 3513 1618 3566 Initio
1671 3512 1765 3566 lib.
1817 3529 1848 3565 v
1915 3517 2054 3568 cont.

1246 3581 1503 3636 eumdem.

1085 3669 1276 3724 IDEM.

478 3757 584 3805 Nec
605 3755 718 3805 sola
741 3759 821 3804 est
853 3756 1178 3819 synodorum
1224 3760 1399 3806 exerta
1433 3760 1680 3819 potestas,

483 3819 588 3867 Ceu
619 3833 751 3881 quos
785 3832 894 3866 non
914 3823 1130 3881 possent
1165 3820 1367 3867 ratione
1417 3819 1657 3868 evincere
1683 3821 1868 3878 nostri,
1936 3865 1940 3869 .

482 3881 546 3929 Vi
589 3880 901 3943 premerent,
919 3880 1183 3943 discussa
1220 3886 1373 3940 artes,
1410 3881 1658 3943 virusque
1693 3885 1945 3931 retectum
1980 3887 2059 3932 est

480 3942 720 3991 Haretici
755 3956 971 4004 sensus,
991 3942 1303 4004 nullumque
1333 3943 1552 3991 omnino
1575 3942 1839 4001 relictum,

482 4005 644 4053 Docta
663 4004 811 4064 ﬁdes,
840 4003 982 4067 quod
1011 4017 1120 4052 non
1145 4003 1452 4054 dissolveret
1476 4009 1865 4068 argumentum.

359 4085 432 4138 Et
455 4088 657 4156 postea
686 4099 700 4136 :

478 4171 558 4220 An
579 4169 742 4218 alium
774 4169 829 4218 in
854 4168 1011 4218 ﬁnem
1036 4173 1214 4232 posset
1241 4171 1520 4232 procedere
1546 4175 1788 4220 sanctum

479 4232 791 4297 Concilium,
827 4232 913 4279 cui
936 4232 1042 4280 dux
1068 4232 1329 4297 Aurelius,
1354 4233 1732 4297 ingeniumque

479 4294 807 4356 Augustinus
831 4298 961 4351 erat,
994 4307 1152 4356 quem
1180 4293 1379 4356 Christi
1409 4293 1578 4356 gratia
1611 4293 1777 4344 cornu

482 4355 728 4404 Uberiore
758 4355 936 4416 rigans
970 4355 1151 4404 nostro
1177 4355 1356 4403 lumen
1383 4355 1528 4404 dedit
1555 4370 1666 4405 avo
1689 4361 1712 4403 ?

358 4417 559 4468 Contra
583 4418 861 4479 Ingratos,
886 4429 1006 4480 cap.
1028 4419 1075 4464 2.

1135 4495 1273 4550 LIV.

645 4582 843 4620 CENSOB
853 4584 931 4620 ES.

426 4638 650 4706 Fatetur
739 4639 753 4704 (
781 4636 1133 4706 Augustinus
1157 4637 1172 4704 )

356 4722 511 4762 suam
608 4705 910 4760 doctrinam
999 4708 1014 4775 (
1104 4707 1173 4762 de

1443 4583 1488 4619 S.
1507 4582 1861 4622 AUGUSTINUS.

1323 4637 1475 4709 Hac
1509 4643 1680 4708 atque
1729 4638 2065 4709 hujusmodi

1251 4723 1380 4779 cnm
1424 4707 1685 4779 dicentur
1713 4707 1829 4762 sive
1867 4711 2065 4779 paucis

354 4776 860 4849 pradestinatione
916 4779 936 4844 )
1014 4779 1176 4832 talem
1251 4778 1600 4846 Christianis,
1643 4779 1756 4833 sive
1796 4776 2063 4835 multitu-

356 4865 466 4904 esse
579 4853 641 4902 ut
751 4850 971 4916 populis

333 4921 660 4976 ’hominibus
681 4918 938 4974 tardioris
967 4921 1172 4986 ingenii

349 4990 709 5061 pradicanda
741 5006 848 5044 non
893 4992 988 5045 sit.

1078 4854 1175 4903 aut
1245 4849 1365 4902 dini
1406 4849 1685 4915 Ecclesia,
1731 4867 1832 4904 cur
1862 4853 2063 4906 metui-

1245 4935 1373 4973 mus
1402 4927 1730 4974 sanctorum
1764 4923 2058 4990 praedesti-

1240 4991 1536 5044 nationem
1580 5004 1635 5044 et
1691 5007 1880 5046 veram
1956 4994 2057 5047 Dei

1238 5061 1503 5129 gratiam,
1535 5061 1595 5114 id
1627 5067 1730 5129 est,
1777 5079 1905 5132 qua
1945 5080 2058 5118 non

356 5151 672 5204 secundum
744 5149 951 5204 merita
998 5153 1189 5203 nostra
1256 5149 1443 5211 datur,
1495 5148 1642 5202 sicut
1689 5166 1815 5204 eam
1863 5157 2056 5207 sancta

355 5237 644 5308 Scriptura
678 5237 973 5308 pradicet,
1008 5237 1366 5309 pradicare?
1398 5238 1516 5292 Lib.
1549 5237 1614 5291 de
1650 5241 1797 5292 Dono
1822 5255 2052 5308 persev.,

356 5339 476 5393 cap.
517 5328 607 5379 22.

1089 5396 1286 5451 IDEM.

429 5482 826 5554 (Augustinus)
851 5487 947 5556 pia
966 5491 1154 5540 tamen
1169 5485 1566 5556 constantique
1597 5485 1856 5540 doctrina
1877 5487 2051 5542 abun-

354 5569 554 5624 danter
582 5571 838 5642 probavit
865 5573 1289 5643 pradicandam
1348 5589 1468 5627 esse
1503 5572 1760 5627 Ecclesia
1807 5575 2050 5644 prades—

353 5659 712 5723 tinationem,
745 5659 808 5713 in
830 5675 945 5729 qua
972 5665 1056 5713 est
1080 5662 1280 5731 gratia
1300 5660 1667 5732 praeparatio,
1697 5667 1753 5715 et
1780 5664 2046 5732 gratiam,

2167 2994 2406 3064 longum
2437 2999 2537 3064 est,
2587 2995 2742 3050 idem
2788 2995 3062 3050 doctrina
3120 2996 3380 3066 spiritus.
3425 2994 3612 3049 eadem
3637 2988 3799 3062 pradi-

2167 3082 2404 3137 cationis
2445 3084 2630 3138 forma
2665 3085 2967 3155 praecessit.
3020 3087 3084 3139 In
3112 3088 3220 3154 ﬁne
3259 3085 3358 3140 lib.
3406 3089 3587 3138 contra
3623 3081 3798 3139 Callet,

2168 3189 2290 3243 cap.
2323 3174 2412 3227 41.

2965 3263 3095 3318 LVI.

2423 3366 2710 3404 CENSORES.

2237 3421 2392 3474 Hinc
2434 3422 2686 3475 concludo
2733 3421 2877 3490 quod
2931 3424 2982 3476 si

2166 3492 2304 3545 mihi
2331 3507 2436 3546 non
2457 3492 2578 3544 licet
2604 3491 2780 3546 dicere
2816 3507 2979 3546 sanc-

2169 3568 2281 3616 tum
2317 3564 2690 3628 Augustinum
2717 3565 2777 3616 in
2806 3566 2978 3616 variis

2167 3634 2428 3687 librorum
2457 3647 2678 3686 suorum
2715 3635 2842 3688 locis
2871 3635 2980 3688 sibi

2166 3705 2581 3763 contradimisse,
2648 3706 2838 3757 saltem
2891 3706 2982 3768 fas

2167 3780 2245 3829 est
2261 3777 2400 3829 mihi
2419 3775 2627 3828 credere
2648 3773 2824 3842 ipsius
2855 3775 2979 3829 doc-
3054 3775 3372 3844 amplectar
3399 3773 3544 3844 quod
3574 3777 3688 3824 ante
3718 3781 3809 3818 res-

2168 3848 2370 3900 trinam
2434 3860 2544 3900 esse
2625 3848 2978 3900 intricatissi-
3052 3846 3302 3914 puerim.
3331 3845 3476 3900 Audi
3526 3857 3651 3912 ergo
3691 3850 3810 3914 aper:

2166 3933 2329 3983 mam,
2380 3932 2499 3971 cum
2554 3917 2707 3969 nulla
2747 3918 2980 3984 reperiri
3051 3909 3542 3989 tamsententiam
3571 3909 3811 3989 meatu,th

2165 3976 2339 4056 possit
2419 3989 2747 4053 intricatior,
2805 3976 2982 4055 .quam
3055 3986 3338 4056 intellige,
3406 3987 3487 4039 vel
3541 3984 3651 4056 sine
3689 3976 3812 4056 intel-

2169 4049 2287 4125 guae
2305 4057 2413 4112 sibi
2436 4059 2547 4127 ipsi
2571 4049 2875 4126 repugnare
2903 4061 2981 4110 vi-
3055 4058 3234 4126 ligere
3248 4049 3408 4125 alios,
3433 4072 3543 4110 non
3565 4049 3811 4127 otl‘undetl-

2167 4118 2378 4183 deatur.
2454 4118 2474 4127 ’
2628 4118 2647 4126 ’
2708 4118 2730 4126 ⁷
3057 4118 3132 4181 (ὶό
3158 4118 3431 4200 caligines
3453 4126 3713 4200 nebulosis
3729 4118 3813 4195 dis-

3056 4196 3372 4268 putationis
3423 4196 3692 4250 serenitati
3730 4202 3813 4242 Sill-

2175 4285 2478 4340 cerissima
2507 4285 2779 4341 veritatis.
2809 4287 2929 4341 Lib.
2959 4303 2992 4340 ν
3020 4291 3208 4341 contra
3225 4289 3358 4352 Jul.,
3385 4302 3501 4355 cap.
3532 4289 3578 4338 9.

2952 4393 3138 4447 IDEM.

2243 4480 2324 4533 Tu
2395 4483 2607 4547 autem,
2651 4479 3013 4534 dilectissime
3077 4485 3133 4534 et
3189 4476 3658 4534 venerandissime
3705 4466 3813 4525 mihi

2172 4565 2363 4631 frater,
2397 4566 2445 4620 si
2472 4583 2602 4620 vere
2630 4567 2698 4621 de
2729 4567 2818 4620 his
2861 4566 3272 4637 quastionibus
3314 4565 3518 4620 instrui
3549 4559 3810 4617 desideras,

2171 4654 2316 4709 sicut
2345 4654 2665 4709 desiderare
2713 4659 2768 4709 te
2814 4655 3100 4720 convenit,
3160 4654 3299 4724 ipsis
3350 4653 3502 4708 beati
3555 4641 3813 4720 Augustini

2171 4743 2652 4814 disputationibus
2697 4743 3106 4814 cognoscendis
3146 4743 3421 4813 impende
3459 4753 3660 4802 curam,
3692 4739 3743 4786 ut
3767 4731 3810 4782 in

2168 4831 2492 4885 conﬁtenda
2541 4832 2642 4886 Dei
2696 4832 2880 4903 gratia
2931 4832 3424 4886 defacatissimam
3466 4846 3528 4883 ac
3563 4819 3815 4880 saluberri-

2167 4935 2321 4973 mam
2346 4920 2686 4990 evangelica
2742 4921 3177 4991 apostolicaque
3228 4919 3501 4974 doctrina
3530 4911 3812 4979 intelligen-

2165 5008 2304 5062 tiam
2329 5007 2715 5080 consequaris.
2740 5010 2805 5063 In
2852 5010 3010 5077 epist.
3034 5007 3109 5061 ad
3151 5010 3424 5076 Ruﬁnum,
3449 5007 3506 5058 in
3524 5004 3640 5072 ﬁne.

2940 5095 3096 5149 LVII.

3233 3367 3278 3404 S.
3303 3365 3640 3405 AUGUSTINUS.

3123 3421 3268 3476 Hinc
3317 3427 3401 3475 est
3455 3420 3597 3491 quod
3640 3418 3809 3470 senten-

3051 3491 3158 3545 tias
3191 3509 3352 3546 meas
3382 3493 3526 3545 inter
3554 3507 3606 3543 se
3633 3491 3808 3562 contra-

3052 3564 3165 3616 rias
3181 3569 3347 3632 putas
3366 3564 3449 3615 vel
3480 3559 3650 3632 putari
3669 3559 3808 3632 cupis,

3052 3625 3334 3704 tanquam
3368 3625 3666 3704 improbem
3693 3625 3809 3704 quod

3053 3699 3190 3757 ante
3246 3699 3683 3774 approbaverim,
3739 3699 3811 3748 aut

3231 5181 3278 5218 S.
3329 5173 3664 5217 AUGUSTINUS.

3122 5236 3236 5290 Ista
3281 5234 3498 5287 nefaria
3533 5235 3586 5282 et
3621 5228 3812 5296 damnif-

3047 5305 3183 5360 bilia
3233 5305 3498 5374 dogmata
3537 5300 3592 5352 in
3619 5297 3710 5373 hac
3739 5297 3813 5366 tri-

3048 5377 3253 5447 partita
3284 5373 3556 5447 divisione
3595 5374 3812 5447 quisquis

3047 5436 3238 5501 inente
3267 5443 3538 5498 catholica
3561 5436 3809 5491 exhorret,

3046 5518 3200 5594 illius
3231 5517 3481 5594 quinque
3506 5501 3809 5594 partitinjAl-g.

3049 5573 3263 5644 tebras‘
3289 5573 3627 5650 insidiasque
3687 5573 3803 5627 devi-

3047 5665 3148 5729 tet,
3173 5662 3342 5729 atque
3373 5656 3450 5710 ita
3469 5653 3609 5706 inter
3625 5651 3802 5699 utrum-

2427 5183 2710 5221 CENSORI-SS.

2233 5241 2524 5306 Nunquam
2555 5243 2731 5291 tamen
2764 5238 2976 5303 longius

2161 5311 2265 5363 zeli
2360 5309 2556 5362 ardore
2631 5310 2973 5374 Augustinus

2160 5381 2416 5448 abreptus
2492 5381 2589 5444 est,
2652 5394 2816 5447 quam
2881 5379 2978 5432 ubi

2159 5451 2480 5519 Pelagianos
2586 5451 2973 5518 impugnavit;

2157 5521 2286 5575 dum
2338 5522 2480 5573 enim
2533 5519 2601 5573 ab
2655 5535 2835 5574 eorum
2889 5521 2973 5573 lo-

2157 5591 2358 5660 quendi
2387 5593 2596 5644 ratione
2623 5595 2674 5643 et
2701 5591 2974 5644 erroribus

2156 5663 2463 5728 longissime
2507 5660 2750 5715 recedere
2789 5663 2969 5716 inten-
