3908 6180
108 270 194 321 853

112 392 193 449 dit,
238 390 287 439 in
322 384 635 453 periculosos
690 398 871 437 exces-

116 475 187 513 sus
212 456 402 521 incidit,
434 460 489 507 ut
530 456 653 507 hinc
697 455 873 523 aliqui

119 530 307 594 theologi
325 527 562 579 doctrina
595 530 644 577 et
670 528 873 593 pietate

119 603 307 665 insignes
349 598 584 649 dia-erint
633 612 747 648 eum
783 611 869 649 ve-

122 674 262 725 ritatis
315 670 505 720 limites
565 672 871 732 transgres-

122 759 209 796 sum
225 754 331 803 esse,
357 740 519 791 nimio
544 738 873 807 disputatio-

122 816 185 865 nis
208 813 357 864 calore
376 824 646 861 accensum
676 812 870 875 fuisse,

120 888 191 935 aut
240 883 396 933 risum
462 882 633 945 fuisse
687 883 873 945 favere

116 955 347 1006 hereticis.
408 951 580 1003 Verba
629 950 740 1003 haec
791 955 873 1003 in-

944 453 1117 507 clinet
1168 456 1567 516 Manichzeum,
1601 473 1669 509 ne
1701 472 1760 509 se

944 525 1181 578 incllnet
1208 526 1263 579 in
1289 527 1608 596 Pelagium,
1642 543 1761 578 rur-

944 613 1154 666 susque
1202 597 1281 650 ita
1312 614 1368 649 se
1415 598 1675 667 sejungat
1729 613 1759 649 a

942 667 1287 736 Pelagianis,
1320 684 1392 721 ne
1425 685 1482 721 se
1525 669 1760 735 conjun-

944 743 1042 808 gat
1081 738 1422 804 Manichzeis,
1469 744 1567 792 aut
1620 739 1665 791 si
1700 739 1759 791 in

942 810 1232 862 alterutris
1304 809 1424 879 jam
1508 816 1756 875 tenetur,

942 896 1046 933 nec
1087 880 1165 932 sic
1203 896 1263 932 se
1321 898 1353 932 a
1409 879 1759 950 quibuslibet

942 952 1138 1003 alteris
1182 955 1385 1017 servet,
1413 956 1475 1003 ut
1514 951 1571 1003 in
1618 952 1756 1003 alte-

114 1025 294 1077 solentia
322 1026 370 1074 et
408 1021 743 1089 impudentia
783 1038 869 1076 es-
945 1038 1037 1075 ros
1068 1022 1270 1075 irruat.
1303 1022 1420 1075 Lib.
1456 1038 1528 1089 1v,
1574 1027 1759 1075 contra

114 1099 215 1159 sent,
243 1094 344 1146 nisi
369 1107 494 1145 vera
525 1097 715 1146 essent.
944 1093 1082 1147 duas
1119 1095 1281 1161 epist.
1320 1093 1513 1159 Pelag.
1548 1107 1664 1161 cap.
1702 1095 1753 1145 3.

624 1179 676 1234 S.
731 1182 1187 1236 FULGENTIUS.

167 1270 211 1321 Β.
264 1267 607 1337 Augustinus
662 1268 898 1323 indutus
944 1270 1152 1324 virtute
1183 1285 1247 1322 ex
1280 1269 1392 1322 alto
1454 1268 1752 1323 abundau-

114 1358 197 1411 tius
229 1356 329 1410 illis
368 1357 635 1411 omnibus
679 1358 977 1422 laboravit,
1028 1375 1147 1412 non
1203 1362 1395 1411 autem
1453 1358 1594 1428 ipse,
1657 1357 1755 1410 sed

113 1446 253 1516 gratia
302 1445 397 1500 Dei
447 1461 578 1499 cum
634 1446 755 1512 illo,
807 1451 946 1513 etc.;
1006 1463 1235 1501 sensum
1285 1446 1498 1518 quippe
1550 1445 1756 1501 Christi

112 1535 307 1601 habens,
360 1540 473 1589 tam
517 1535 717 1604 gratiae
771 1536 871 1590 Dei
925 1552 1099 1605 quam
1132 1536 1373 1590 humani
1426 1534 1645 1590 arbitrii
1701 1538 1755 1588 et

112 1623 259 1677 ofﬁcia
284 1623 537 1677 discrevit
583 1629 641 1678 et
673 1624 916 1693 Emerita;
973 1640 1200 1695 semper
1244 1623 1451 1678 divinis
1499 1625 1751 1677 humana

110 1712 381 1781 subjiciens,
440 1717 498 1766 et
537 1714 810 1767 veraciter
854 1714 1061 1767 docens
1109 1712 1382 1767 divinitus
1419 1711 1644 1766 homini
1695 1717 1753 1765 et

108 1802 309 1871 gratuito
368 1802 792 1873 justiﬁcationis
860 1805 1097 1870 donum,
1153 1808 1209 1857 et
1263 1803 1429 1857 bona}
1474 1802 1754 1855 voluntati

110 1890 380 1955 exordium,
414 1894 470 1943 et
496 1892 735 1953 plenum
782 1891 957 1945 tribui
994 1890 1418 1961 gloriﬁcationis
1465 1889 1749 1943 effectum.

111 1978 203 2031 Lib.
229 1994 262 2031 ιι
286 1977 347 2031 de
382 1976 551 2033 Verit.
576 1979 827 2047 przdest.
857 1984 907 2033 et
935 1984 1103 2047 grat.,
1127 1986 1247 2047 cap.
1280 1980 1364 2031 t8.

819 2086 1006 2139 LVIII.

1129 2190 1176 2227 S.
1217 2186 1573 2225 AUGUSTINUS.

1012 2245 1254 2297 Possunt
1276 2243 1389 2295 duo
1420 2256 1643 2295 errores
1673 2240 1756 2293 in-

942 2319 1030 2368 ter
1060 2331 1118 2367 se
1150 2330 1271 2367 esse
1309 2312 1597 2371 contrarii,
1654 2312 1753 2365 sed

942 2386 1112 2439 ambo
1196 2389 1329 2437 sunt
1412 2382 1751 2441 detestandi,

945 2456 1075 2526 quia
1106 2455 1273 2508 ambo
1312 2458 1443 2526 sunt
1485 2452 1753 2506 contrarii

940 2524 1192 2580 veritati:
1227 2540 1361 2578 nam
1400 2524 1445 2577 si
1484 2529 1753 2593 propter-

940 2614 1007 2650 ea
1065 2596 1342 2663 diligendi
1408 2599 1539 2647 sunt
1600 2595 1753 2647 Pela-

105 2666 164 2715 ita
182 2665 413 2734 abreptus
443 2672 544 2731 est,
597 2674 658 2721 ut
684 2672 742 2721 in
779 2684 864 2721 er-
940 2667 1093 2737 giani
1123 2667 1259 2737 quia
1292 2666 1536 2737 oderunt
1572 2664 1752 2718 Mani-

104 2750 236 2808 rorem
263 2738 563 2805 oppositum
593 2740 678 2792 illi
711 2754 866 2808 quem
939 2736 1157 2803 chaeos,’
1244 2736 1554 2808 diligendi
1619 2740 1753 2787 sunt

106 2805 329 2877 destruere
377 2805 736 2875 intendebat,'
783 2810 870 2863 de-
943 2810 1113 2862 etiam
1144 2807 1434 2861 Manichaai
1461 2806 1595 2877 quia
1616 2808 1749 2877 ode-

943 2886 1079 2933 runt
1106 2876 1493 2947 Pelagianos.’
1518 2876 1624 2931 Sed
1651 2876 1748 2929 ab-

323 2187 607 2226 CENSORES.

160 2242 366 2309 Ipsemet
409 2246 760 2309 Augustinus
812 2247 869 2299 in

104 2312 305 2380 pluribus
374 2329 597 2381 operum
651 2330 868 2369 suorum

108 2382 202 2435 locis
229 2384 352 2437 hunc
377 2388 555 2438 animi
582 2388 671 2438 sui
700 2390 866 2453 impe-

108 2459 190 2504 tum
213 2458 454 2519 agnoscit,
495 2472 597 2523 quo
634 2457 871 2522 (scilicet

107 2523 149 2574 in
200 2524 667 2593 disputationibus
736 2544 866 2581 cum

106 2594 370 2659 Pelagianis
417 2602 479 2649 et
528 2596 865 2664 Manichaeis)

102 2876 297 2932 clinaret.

102 3022 288 3087 propter
315 3022 630 3075 alterorum
681 3021 874 3075 odium
925 3023 1134 3075 alteros
1163 3020 1336 3088 eligat
1367 3033 1579 3083 amare,
1623 3033 1751 3070 cum

106 3096 327 3144 monente
383 3098 560 3161 atque
612 3093 916 3162 adjuvante
950 3094 1063 3145 Deo
1095 3091 1299 3144 debeat
1329 3095 1638 3162 utrumque
1664 3088 1747 3162 Υἱ-

102 3164 210 3239 ὶεξτθ,
239 3168 289 3215 et
326 3159 521 3287 cupiat
548 3159 859 3235 utrumque
890 3161 1125 3216 sanare!
1180 3162 1298 3216 Lib.
1330 3178 1366 3213 ιι
1409 3160 1483 3214 ad
1529 3159 1754 3224 Boni/a-

102 3244 223 3287 mum.
250 3249 361 3287 can.
436 3275 447 3286 .

211 3272 223 3297 ,
250 3249 361 3302 cap.
394 3249 447 3287 2.

419 3324 480 3377 S.
526 3322 864 3388 PROSPER,
896 3338 989 3376 seu
1016 3320 1389 3386 POMERIUS,

153 3407 356 3462 Sanctus
394 3410 754 3480 Augustinus
812 3411 1107 3481 episcopus
1140 3425 1269 3463 acer
1318 3408 1569 3479 ingenio,
1624 3423 1750 3460 sua-

102 3494 161 3547 vis
202 3498 434 3569 eloquio,
492 3499 777 3553 saecularis
816 3499 1153 3552 litteraturae
1200 3496 1435 3568 peritus,
1480 3496 1539 3550 in
1583 3496 1755 3549 eccle-

102 3584 297 3637 siasticis
328 3587 619 3640 laboribus
652 3603 943 3657 operosus,
989 3586 1049 3639 in
1102 3584 1449 3655 quotidianis
1496 3582 1781 3652 disputar

102 3669 309 3726 tionibus
332 3676 541 3739 clarus,
598 3674 657 3726 in
706 3674 864 3726 omni
905 3689 1005 3726 sua
1036 3673 1256 3726 actione
1287 3671 1651 3740 compositus,
1694 3672 1753 3724 in

104 3763 411 3829 expositione
440 3780 547 3816 sua
580 3762 713 3816 tidei
752 3767 962 3816 nostra;
1008 3762 1338 3824 catholicus,
1386 3760 1447 3814 in
1478 3760 1752 3830 quaestio—

101 3849 231 3903 nibus
270 3852 631 3909 absolvendis
684 3856 903 3917 acutus,
954 3851 1014 3905 in
1067 3850 1421 3903 revincendis
1472 3848 1753 3902 hazreticis

101 3954 504 4006 uacensrecrus,
566 3946 622 3995 et
670 3942 727 3994 in
778 3940 1125 4011 explicandis
1156 3938 1463 4011 Scripturis
1518 3937 1750 3991 canoni-

102 4024 158 4078 cis
182 4044 375 4084 CAUTL'S.
405 4030 531 4085 Lib.
570 4047 628 4083 ιιι
660 4030 724 4084 de
756 4032 880 4084 Vita
910 4030 1274 4097 contemplat.,
1303 4043 1422 4096 cap.
1449 4030 1535 4081 3t.

835 4136 966 4189 LIX.

1129 4238 1175 4275 S.
1218 4235 1569 4274 AUGUSTINUS.

1012 4292 1344 4346 Mentientes
1434 4288 1748 4343 conclusio-

943 4378 1062 4440 nes,
1096 4366 1193 4415 aut
1236 4362 1579 4440 irrepentes.
1607 4376 1748 4440 pan:

943 4433 1121 4494 latim,
1164 4433 1250 4485 vel
1305 4430 1619 4484 minuendo
1662 4430 1749 4483 vel

943 4503 1205 4557 addendo
1255 4502 1315 4556 in
1363 4502 1749 4554 assensionem

941 4573 1241 4644 falsitatis,
1282 4573 1409 4644 quis
1458 4588 1593 4644 non
1632 4588 1748 4644 me:

944 4650 1083 4709 tuat,
1150 4642 1459 4714 quis’non
1528 4642 1751 4696 oderit?

98 4712 273 4789 illorum
316 4717 521 4771 duritie
562 4722 611 4770 et
639 4719 870 4769 acrimo-
940 4716 1074 4789 Lib.
1106 4732 1143 4768 ιι
1168 4712 1239 4767 de
1268 4714 1487 4789 Ordine,
1531 4729 1650 4781 cap.
1694 4714 1745 4766 4.

96 4784 237 4855 niam
268 4803 500 4841 errorem
538 4789 870 4841 contrarium
1015 4785 1111 4839 Dic
1150 4786 1302 4855 quod
1357 4784 1612 4838 dicturus
1669 4799 1750 4850 es,

94 4852 311 4925 incidam,
344 4860 555 4912 licitum
592 4859 728 4910 mihi
761 4872 871 4911 esse
944 4852 1186 4925 egregie
1224 4860 1526 4909 corrector.
1561 4855 1659 4908 Lib
1691 4871 1750 4908 ιιι

93 4922 214 4977 debet
253 4922 721 4992 temperamentum
760 4929 863 4980 ali-
938 4922 1126 4997 operis
1150 4929 1392 4997 imper/2,
1425 4941 1545 4995 cap.
1578 4929 1671 4980 57.

92 4998 207 5058 quod
269 5002 585 5053 catholicum
653 4998 865 5052 adden-

94 5064 197 5118 dum
221 5071 507 5138 inquirere.

314 4237 608 4276 CENSORES.

150 4290 378 4357 Profecto
400 4294 727 4362 quandoque
749 4308 869 4346 con-

98 4363 183 4433 stat
207 4363 616 4433 (Augustinum)
645 4367 702 4416 in
730 4379 869 4430 qua:-

98 4432 327 4502 stionibus’
347 4435 411 4487 de
440 4437 627 4502 gratia
655 4440 705 4487 et
739 4450 871 4502 prm-

100 4499 411 4559 destinatione
442 4499 597 4559 'cum
651 4499 870 4558 excessu

100 4568 288 4643 locutum
314 4591 439 4637 esse.
474 4576 753 4643 uerbaque
781 4577 870 4643 ip-

98 4642 184 4694 sius
208 4660 309 4699 esse
327 4647 637 4711 mitiganda
651 4642 673 4710 έ
692 4661 757 4698 ne
802 4642 869 4697 ab

621 5156 861 5213 SIXTUS
903 5158 974 5211 III
1014 5172 1180 5227 papa.

145 5240 265 5304 Quae
292 5252 425 5300 sunt
458 5246 687 5301 tandem
714 5246 811 5300 illa
840 5246 1123 5300 credenda
1172 5249 1225 5298 et
1267 5243 1543 5299 dicenda?
1598 5242 1749 5297 Nihil

93 5327 214 5383 ultra
240 5333 400 5388 liceat
447 5335 700 5401 novitati,
733 5335 866 5406 quia
922 5334 1067 5388 nihil
1121 5334 1253 5388 addi
1282 5332 1549 5386 convenit
1596 5336 1751 5385 vetu-

90 5418 215 5471 stati.
264 5422 567 5493 Perspicua
614 5424 898 5494 majorum
939 5423 1100 5489 iides,
1148 5426 1204 5475 et
1251 5420 1553 5475 credulitas
1591 5420 1751 5472 nulla

91 5506 210 5558 θεειιὶ
238 5512 607 5576 permixtione
632 5511 929 5580 ,turbetur.
962 5512 1137 5579 Epist.
1173 5509 1247 5564 ad
1288 5508 1446 5562 Joan.
1494 5508 1747 5562 Antioch.

92 5588 189 5650 (Hic
219 5599 296 5649 est
340 5595 552 5659 Sixtus,
596 5597 669 5651 ad
709 5612 881 5668 quem
937 5601 1163 5651 sanctus
1213 5594 1564 5667 Augustinus
1621 5594 1754 5648 scri-

92 5677 181 5741 Psit
209 5684 488 5753 egregiam
521 5686 821 5757 epistolam
852 5688 944 5739 1035
978 5688 1174 5739 contra
1202 5682 1580 5754 Pelagianos.)

943 398 1055 452 que
1096 383 1171 437 sit
1192 388 1411 450 cautus,
1450 388 1513 439 ut
1546 385 1625 439 sic
1654 385 1759 439 de—
1796 386 1839 438 A

1363 260 1684 317 VINDICl/E
1722 261 2276 317 AUGUSTINIANIE.

3452 269 3555 322 854

2671 388 2771 442 LX.

2133 490 2424 529 CENSORES.

1936 543 2092 599 Modo
2135 561 2200 598 ne
2247 549 2305 598 in
2358 547 2681 612 Pelagiano-

1865 629 2007 678 rum,
2068 631 2200 682 quos
2270 618 2520 683 (sanctus
2567 622 2679 672 Au-

1866 686 2153 754 gustinus)
2212 689 2541 755 insequitur,
2598 706 2679 742 er-

1865 771 2010 809 rores
2064 755 2325 821 incidam,
2365 760 2502 811 mihi
2556 761 2679 814 licet

1863 827 2145 881 verborum
2218 830 2412 895 quibus
2469 830 2543 883 ad
2593 846 2675 883 eos

1863 900 2254 964 expugnandos
2331 902 2506 953 utitur
2582 904 2677 955 im-

1859 973 2043 1036 petum
2073 986 2177 1023 non
2201 973 2373 1040 sequi.

2939 496 2985 531 S.
3028 493 3387 533 AUGUSTINUS.

2826 550 2910 601 Ita
2972 554 3028 601 et
3101 551 3438 605 Manichaeos
3515 558 3569 607 et

2754 619 3085 689 Pelagianos
3116 638 3452 690 superamus
3486 630 3569 677 at-

2752 706 2862 759 que
2896 692 3158 749 vitamus.
3199 709 3443 760 quorum
3491 694 3571 747 sic

2751 777 2973 814 errores
3030 768 3407 832 utrorumque
3482 765 3568 817 di-

2751 832 2897 883 versi
2942 838 3096 903 sunt,
3132 838 3220 903 rut
3272 834 3372 903 qui
3413 835 3569 887 vide-

2751 906 2844 974 tur
2876 902 3086 968 minor,
3125 902 3243 972 ipse
3276 902 3429 956 illius
3472 906 3569 974 qui

2749 972 2980 1025 videtur
3008 975 3196 1041 major
3222 972 3568 1029 demonstre-

2751 1048 2845 1095 tur
2886 1043 3132 1111 adjutor.
3182 1046 3302 1099 Lib.
3345 1063 3403 1098 ιιι
3447 1062 3568 1099 con-

2753 1118 2839 1165 tra
2865 1112 3015 1177 Jul.,
3049 1116 3205 1183 Oper.
3239 1118 3563 1185 imperfect,

2753 1199 2871 1237 cap.
2914 1186 3030 1237 178.

2752 1199 2871 1252 cap.
2914 1187 3030 1237 178.

2504 1288 2557 1342 S.
2589 1288 2925 1344 PROSPER.

1932 1395 2020 1446 An
2048 1409 2173 1447 sero
2224 1393 2302 1447 ita
2334 1410 2393 1447 se
2424 1411 2707 1449 novorum
2738 1411 3039 1450 censorum
3071 1413 3276 1450 norma
3305 1398 3556 1452 exactior

1862 1480 2221 1551 temperavit,
2276 1487 2341 1536 ut
2371 1482 2529 1536 nulla
2576 1499 2773 1536 eorum
2803 1500 2933 1554 quae
2979 1485 3163 1539 excisa
3193 1490 3324 1539 sunt
3354 1491 3567 1539 asserat

1862 1573 1919 1621 et
1966 1569 2229 1639 quaedam
2270 1586 2337 1623 ex
2368 1570 2456 1623 his
2495 1586 2625 1641 quae
2675 1570 3083 1642 defensalsunt
3121 1575 3391 1643 respuat?
3437 1576 3566 1630 Con-

1791 1668 1831 1721 B
1863 1660 1951 1711 tra
1980 1658 2305 1711 Collatorem
2333 1658 2392 1711 S.
2418 1658 2721 1726 Augustini
2740 1661 3189 1728 reprehensorem,
3218 1678 3337 1731 cap.
3374 1666 3419 1716 l.

2653 1765 2780 1819 LXI.

2125 1866 2405 1905 CENSORES.

1933 1923 2071 1975 Hinc
2108 1924 2169 1989 ﬁt
2198 1927 2257 1975 ut
2306 1922 2511 1975 medius
2541 1927 2673 1975 stem

1860 1994 2002 2046 inter
2048 1992 2330 2059 Pelagium
2390 1998 2439 2046 et
2493 1994 2673 2049 Calvi-

1861 2078 2020 2127 num;
2081 2065 2130 2117 si
2177 2066 2318 2116 enim
2354 2064 2518 2117 verba
2558 2067 2674 2116 Au-

1861 2136 2071 2201 gustini
2119 2134 2421 2198 mitigando
2468 2150 2548 2187 me
2584 2137 2673 2187 ni-

1860 2207 2028 2257 mium
2101 2204 2453 2267 demitterem.
2518 2206 2671 2259 Pela-

1860 2278 2057 2340 gianus
2090 2290 2251 2328 essem
2266 2294 2283 2337 ,-
2324 2278 2374 2328 si
2424 2291 2544 2329 vero
2584 2291 2669 2329 ρο-

1860 2362 1982 2399 rum
2059 2345 2405 2399 altitudinem
2500 2352 2671 2399 tenere

1859 2418 2065 2481 uellem,
2122 2416 2429 2469 Calvinista
2472 2432 2667 2483 essem;

1860 2488 2094 2539 medium
2144 2502 2268 2553 ergo
2314 2503 2433 2541 cum
2480 2488 2676 2541 Eccle-

1860 2560 1947 2610 sia
1977 2563 2141 2612 teneo.

2932 1869 2983 1907 S.
3030 1868 3383 1907 AUGUSTINUS.

2820 1923 2988 1976 Nulla
3028 1928 3111 1976 est
3158 1924 3349 1993 itaque
3400 1924 3563 1977 fovea

2747 2009 2919 2059 quam
2961 1999 3221 2065 metuens
3271 1995 3433 2065 quasi
3470 2011 3560 2048 re-

2746 2070 2933 2117 vertar
2988 2064 3045 2116 in
3075 2065 3246 2129 viam,
3307 2081 3420 2134 quo
3476 2065 3559 2119 vi-

2749 2134 2897 2187 deris
2935 2150 3026 2187 me
3075 2136 3215 2188 velle
3276 2151 3556 2190 revocare.

2748 2206 2846 2259 Dic
2897 2210 3089 2258 tamen
3147 2222 3409 2274 quaenam
3460 2205 3559 2259 illa

2746 2275 2834 2327 via
2865 2275 2955 2337 sit,
3012 2280 3068 2327 et
3121 2276 3339 2345 explica
3377 2276 3560 2329 ratio-

2744 2346 3089 2399 cinationem
3120 2351 3296 2400 tuam.
3340 2348 3460 2401 Lib.
3501 2364 3561 2400 ιιι

2743 2424 2929 2471 contra
2959 2417 3103 2484 Jul.,
3133 2433 3253 2487 cap.
3293 2420 3344 2472 8.

2624 2664 2812 2717 IDEM.

1930 2749 2039 2804 Sed
2073 2765 2178 2803 nec
2230 2766 2361 2804 cum
2413 2750 2696 2804 haereticis
2751 2749 2876 2815 tibi,
2928 2766 3031 2804 nec
3081 2766 3209 2803 cum
3262 2748 3559 2804 catholicis

1859 2839 2031 2908 plena
2085 2838 2389 2892 concordia
2445 2843 2549 2892 est.
2609 2840 2824 2893 Postea:
2891 2840 2974 2892 Tu
3048 2839 3295 2892 informe
3366 2838 3556 2892 nescio

944 2925 1495 3004 gi‘;"',;t"“c3'tggi{c'a
1519 2925 1751 2999 ‘ga‘ggr
1788 2948 1826 3001 ρ
1859 2926 1996 2998 quid
2026 2927 2259 2980 tertium
2300 2930 2357 2981 et
2388 2927 2613 2997 utrique
2647 2926 2795 2995 parti
2825 2925 3230 2980 inconveniens
3256 2926 3555 2997 ,reperisti,

1862 3032 1977 3086 quo
2005 3031 2112 3069 nec
2156 3014 2525 3070 inimicorum
2576 3030 2919 3070 consensum
2975 3016 3319 3085 acquireres,
3365 3030 3469 3069 nec
3496 3014 3556 3068 in

1861 3108 2187 3158 nostrorum
2212 3103 2599 3175 intelligentia
2630 3119 3016 3173 permaneres.
3049 3104 3214 3169 Ibid.,
3248 3120 3369 3173 cap.
3396 3107 3447 3158 5.

2638 3219 2790 3272 LXII.

2117 3323 2401 3360 CENSORI-28.

1932 3379 2100 3432 Ratio
2129 3378 2224 3447 (ob
2258 3394 2428 3447 quam
2459 3376 2673 3430 scilicet

1862 3465 1976 3502 non
2007 3454 2271 3501 tenemur
2286 3448 2447 3517 sequi
2472 3449 2507 3501 Β
2522 3491 2533 3501 .
2565 3451 2673 3502 Au-

1860 3518 2153 3589 gustinum
2177 3520 2236 3572 in
2259 3521 2573 3589 quaestione
2605 3519 2673 3571 de

1861 3590 2358 3659 praadestinatione
2458 3596 2675 3642 sancto-

1863 3677 1989 3713 rum
2011 3662 2076 3713 ad
2102 3661 2364 3730 gloriam,
2400 3661 2467 3714 de
2499 3661 2672 3713 modo

1862 3731 2138 3800 operandi
2191 3730 2397 3784 divina:
2455 3732 2672 3799 gratim,

1861 3801 1991 3871 etc.)
2042 3804 2151 3855 haec
2195 3807 2291 3867 cst,
2352 3803 2481 3869 quia
2521 3802 2673 3854 Pela-

1860 3874 2015 3939 giani
2040 3872 2105 3925 de
2137 3873 2248 3925 illis
2289 3871 2672 3938 questionibus

1859 3958 2139 4010 nunquam
2168 3942 2540 4009 disputarunt,
2580 3957 2672 3993 nec

1860 4014 2036 4065 sancti
2072 4014 2379 4077 Augustini
2423 4011 2673 4064 doctrina

1860 4087 1936 4136 est
1965 4082 2389 4148 irrefragabilis,
2414 4083 2525 4134 nisi
2554 4098 2672 4134 cum

1859 4168 2037 4206 eorum
2100 4167 2302 4205 errores
2360 4154 2667 4219 impugnat,

1784 4228 1823 4282 D
1862 4229 1912 4276 et
1973 4225 2094 4277 licet
2146 4222 2672 4293 coritraerusmodi

1860 4295 2062 4347 relatas
2126 4295 2403 4360 opiniones
2468 4293 2669 4361 pradi-

1862 4370 2089 4427 cassent,
2129 4365 2367 4418 Ecclesia
2406 4378 2490 4418 eos
2528 4378 2669 4416 nun-

1862 4452 2022 4505 quam
2055 4437 2153 4489 hac
2179 4436 2244 4487 de
2281 4450 2445 4487 causa
2483 4436 2541 4487 in
2570 4450 2672 4487 nu-

1861 4522 2063 4559 merum
2102 4508 2465 4558 haereticorum
2498 4507 2669 4557 ascri-

1856 4580 1988 4646 psit,
2015 4577 2096 4630 vel
2120 4577 2385 4631 ascribere
2398 4578 2596 4644 potuit.

2934 3323 2978 3360 S.
3019 3321 3377 3360 AUGUSTINUS.

2817 3377 2946 3429 Haac
3006 3382 3089 3429 est
3133 3376 3557 3445 prmdestinatio

2745 3448 3049 3501 manifesta
3073 3452 3130 3500 et
3160 3452 3313 3500 certa
3339 3453 3557 3501 sancto-

2747 3534 2897 3581 rum,
2948 3533 3120 3587 quam
3185 3523 3381 3587 postea
3428 3518 3557 3572 dili—

2747 3589 2975 3656 gentius
3000 3594 3055 3641 et
3085 3589 3401 3657 operosius,
3427 3606 3554 3642 cum

2742 3661 2863 3729 jam
2940 3664 3135 3712 contra
3218 3660 3555 3729 Pelagianos

2751 3730 3191 3799 disputaremus,
3252 3730 3556 3783 defendere

2749 3800 3054 3852 necessitas
3110 3800 3407 3868 compulit.
3462 3801 3553 3853 Di-

2746 3870 2986 3923 dicimus
3068 3870 3223 3947 enim
3272 3868 3283 3938 Ι
3303 3870 3555 3947 singulas

2746 3955 3001 4019 quasque
3059 3940 3326 4019 diaereses
3400 3940 3552 4019 intu-

2746 4009 2875 4064 lisse
2907 4009 2922 4010 ”
2953 4009 3210 4063 Ecclesia:
3298 4010 3555 4079 proprias

2788 4080 3111 4145 urestiones,
3171 4085 3366 4133 contra
3415 4096 3555 4149 quas

2788 4098 3111 4145 uaesuones,
3171 4098 3366 4133 contra
3415 4098 3555 4149 quas

2746 4098 3079 4219 diligentius
3154 4149 3556 4203 defenderetur

2746 4222 3036 4290 Scriptura
3103 4221 3314 4280 divina,
3382 4236 3553 4289 quam

2746 4292 2791 4345 si
2850 4290 3009 4343 nulla
3065 4291 3193 4344 talis
3256 4290 3556 4344 necessitas

2746 4366 2991 4431 cogeret.
3070 4363 3187 4416 Lib.
3276 4362 3344 4416 de
3413 4364 3556 4415 Dono

2742 4448 2971 4503 persev.,
3002 4448 3121 4501 cap.
3148 4435 3235 4486 20.

2617 4664 2807 4717 IDEM.

1931 4754 2257 4821 Agnoscant
2321 4750 2765 4805 calumniatores
2831 4748 3121 4819 superﬂuo
3168 4766 3226 4803 se
3310 4749 3555 4819 obiicere

1862 4840 2015 4910 quod
2044 4840 2132 4893 his
2162 4837 2325 4892 libris
2353 4838 2703 4908 (Augustini)
2733 4854 2849 4891 non
2871 4836 3111 4907 speciale
3139 4853 3325 4908 neque
3352 4836 3555 4889 discre-

1860 4932 1981 4981 tum
2010 4924 2405 4980 testimonium
2437 4923 2510 4977 sit
2548 4924 2921 4994 perhibitum,
2955 4939 3201 4993 quorum
3250 4923 3308 4975 in
3340 4921 3555 4975 cunctis

1859 5014 2247 5068 voluminibus
2280 5029 2484 5066 norma
2530 5013 2813 5067 laudatur.
2860 5011 3183 5080 Apostolica
3213 5010 3363 5064 enim
3397 5010 3555 5063 sedes

1862 5102 2012 5171 quod
2047 5117 2078 5153 a
2115 5098 2481 5171 praecognitis
2507 5099 2613 5153 sibi
2642 5115 2759 5152 non
2808 5097 3107 5166 discrepat,
3166 5113 3296 5150 cum
3338 5114 3553 5168 prmco-

1866 5189 2040 5262 guitis
2066 5188 2290 5259 probat,
2324 5192 2379 5240 et
2410 5188 2565 5257 quod
2602 5185 2820 5257 judicio
2846 5184 3059 5255 jungit,
3093 5184 3258 5238 laude
3313 5201 3433 5239 non
3474 5202 3557 5239 se-

1860 5282 2045 5351 parat.
2077 5276 2237 5331 Ibid.
2270 5292 2390 5345 cap.
2414 5280 2503 5331 23.

2598 5379 2803 5450 ξιχιιι.

2118 5483 2409 5522 CENSORES.

1941 5541 2135 5593 Verum
2180 5542 2228 5593 si

2276 5539 2672 5610 (Augustinus)

1865 5610 2087 5664 adderet
2114 5617 2391 5679 peccatum
2403 5609 2674 5677 originale

2927 5482 2971 5519 S.
3013 5480 3366 5520 AUGUSTINUS.

2816 5535 2961 5599 Quid
2995 5536 3150 5589 enim
3194 5536 3469 5606 diligebat
3496 5537 3555 5591 in

2747 5607 2917 5662 Iacob
2937 5610 3241 5676 antequam
3274 5612 3441 5662 natus
3478 5607 3557 5661 fe-

1867 5696 1975 5735 esse
2012 5677 2182 5735 solam
2226 5696 2443 5735 causam
2482 5694 2672 5748 repro-
2749 5677 2917 5733 cisset
2962 5678 3177 5748 aliquid
3232 5678 3388 5744 boni,
3450 5678 3560 5731 nisi
