3908 6180
313 265 415 318 855

313 384 570 450 bationis,
601 386 651 436 et
680 396 789 437 esse
818 381 877 435 id
907 396 1012 450 quo
1061 381 1135 434 ad

314 455 650 524 separandos
715 453 1132 523 przdestinatus

318 542 354 580 a
405 526 648 594 reprobis
702 528 940 578 movetur
993 525 1131 594 Deus

1207 380 1524 451 gratuitum
1619 382 2019 439 misericordia:
2050 391 2092 444 A

1205 467 1326 525 suae
1350 453 1604 525 donum?
1634 455 1699 508 Et
1719 455 1858 525 quid
1889 455 2018 509 ode-

1205 527 1294 595 rat
1313 521 1374 576 in
1404 524 1570 590 Esau,
1594 521 1906 595 antequam
1933 528 2016 580 fe-

321 592 515 668 (quain
590 610 710 649 esse
754 592 1131 668 sententiam
1207 592 1371 668 cisset
1427 594 1643 668 aliquid
1687 592 1867 668 mali,
1907 596 2019 650 nisi

323 663 503 721 sancti
549 663 852 736 Augustini
899 663 1132 736 scribit),
1210 665 1488 734 originale
1521 663 1878 736 peccatum?
1942 671 2018 722 E-

321 754 427 792 non
463 738 633 790 solum
674 749 773 802 pro
824 735 987 802 hujus
1021 737 1134 802 opi-
1203 737 1349 807 pgist.
1392 739 1487 790 1οὅ
1524 735 1597 790 ad
1628 738 1865 804 Sixtum,
1901 754 2020 807 qua:

322 809 500 862 nionis
545 807 870 870 defensione,
916 810 1136 858 mortem
1207 806 1288 858 ibi
1314 806 1571 874 diffusius
1596 813 1794 862 versat.

324 883 568 947 oppetere
617 877 756 942 nolo,
833 875 926 928 sed
981 877 1136 929 credo

324 965 463 1018 mihi
490 965 646 1017 licere
673 978 790 1016 eam
828 961 1138 1025 abhorrere,
1173 965 1304 1031 quia
1353 969 1527 1018 mater
1555 970 1633 1019 est
1676 967 1828 1021 illius
1859 982 2023 1034 quam

327 1036 594 1118 Calvinus
640 1038 794 1088 tanta
817 1035 1095 1102 impietate
1134 1049 1196 1087 ac
1246 1034 1398 1088 rabie
1428 1041 1583 1102 urget
1613 1042 1799 1092 contra
1855 1040 2025 1092 Eccle-

329 1121 489 1160 siam.

986 1208 1040 1264 S.
1083 1210 1382 1265 THOMAS.

406 1315 613 1370 Electio
640 1315 758 1379 Dei,
793 1331 906 1385 qua
937 1331 1115 1368 unum
1143 1315 1304 1385 eligit
1325 1319 1381 1369 et
1415 1316 1593 1370 alium
1623 1317 1910 1386 reprobat,
1944 1334 2028 1370 ra-

333 1387 561 1442 tionalis
594 1391 696 1451 est,
729 1402 832 1440 nec
878 1391 1071 1440 tamen
1098 1392 1320 1456 oportet
1367 1388 1519 1457 quod
1551 1387 1694 1442 ratio
1735 1388 2029 1442 electionis

335 1476 410 1529 sit
440 1473 728 1541 meritum,
773 1473 872 1527 sed
927 1473 985 1526 in
1042 1472 1166 1544 ipsa
1221 1474 1499 1528 electione
1526 1474 1672 1528 ratio
1713 1479 1799 1529 est
1837 1476 2031 1529 divina

335 1563 580 1628 bonitas,
631 1561 775 1616 ratio
815 1565 1008 1616 autem
1053 1561 1472 1632 reprobationis
1501 1566 1584 1616 est
1615 1563 1674 1616 in
1703 1564 2032 1618 hominibus

338 1652 632 1721 peccatum
657 1646 956 1717 originale,
1000 1653 1066 1702 ut
1098 1647 1450 1719 Augustinus
1483 1648 1639 1704 dicit.
1675 1650 1873 1715 Quaest.
1910 1655 1940 1705 6
1969 1651 2034 1705 de
2063 1676 2106 1732 Β

275 1803 282 1808 κ
347 1740 541 1804 Verit,
576 1741 664 1790 art
706 1739 757 1803 2,
791 1735 865 1788 ad
896 1737 946 1789 9.

601 1973 887 2011 CENSOBES.
1401 1971 1447 2009 S.
1489 1972 1848 2012 AUGUSTINUS.

419 2030 616 2083 Verum
660 2029 739 2082 hae
773 2041 947 2082 causa
1001 2031 1146 2093 sunt,
1296 2024 1440 2090 Quia
1509 2028 1772 2081 tenebras
1828 2032 2040 2082 vestras

341 2099 570 2177 o_b_qu_as
591 2100 932 2177 sanctiillius
951 2102 1007 2177 et
1035 2113 1153 2177 eru-
1224 2098 1596 2177 redarguunt,
1654 2099 1810 2177 vobis
1854 2099 2043 2153 lucida

343 2169 450 2241 diti
481 2170 712 2224 doctoris
759 2170 1032 2222 volumina
1076 2173 1151 2221 te-
1225 2183 1342 2221 non
1364 2169 1651 2241 videntur,
1689 2174 1746 2224 et
1771 2186 2040 2241 quincun-

345 2240 524 2294 nebris
553 2245 603 2293 et
640 2241 873 2307 caligine
910 2254 1157 2308 respersa
1234 2254 1345 2308 que
1405 2239 1563 2292 vobis
1627 2256 1728 2294 sua
1775 2239 2043 2306 radiante

348 2315 494 2376 sunt,
525 2313 663 2364 sicut
719 2327 754 2363 a
804 2309 1160 2364 celeberrimis
1233 2309 1358 2362 luce
1397 2311 1636 2364 molesta
1664 2316 1816 2377 sunt,
1846 2315 2046 2366 contra

350 2382 604 2450 theologis
630 2385 708 2436 est
731 2381 1086 2435 observatum.
1233 2379 1334 2433 illa
1362 2396 1460 2433 cor
1499 2381 1780 2448 clauditis,
1812 2399 1884 2436 ne
1913 2381 2046 2436 inde

1236 2465 1349 2503 nox
1373 2450 1605 2520 fugetur
1650 2452 1884 2508 erroris.
1924 2453 2042 2507 Lib.

348 2538 429 2586 III,
453 2526 639 2578 contra
661 2522 809 2589 Jul.,
839 2522 998 2590 Oper.
1029 2522 1349 2590 imperfect.,
1377 2537 1499 2590 cap.
1531 2525 1619 2576 61.

667 2635 1051 2692 RllEMIGIUS
1089 2635 1720 2691 ANTlSIODORENSIS

423 2746 626 2799 Beatus
663 2741 1015 2813 Augustinus
1063 2756 1260 2796 rerum
1314 2741 1688 2796 obscurarum
1742 2742 2046 2798 subtilissi-

351 2848 478 2888 mus
507 2831 824 2902 indagator,
846 2831 1029 2903 Einter
1076 2830 1255 2884 ardua
1313 2829 1434 2884 sine
1485 2830 1800 2886 offensione
1849 2832 2049 2886 decur-

351 2935 502 2975 rens.
558 2923 628 3012 Iit
675 2924 862 3012 antea:
919 2918 1030 2974 Alii
1076 2918 1790 3012 doctores-comparantur
1853 2921 2051 2987 stellis,
2085 2958 2122 3012 Ο

353 3009 701 3081 Augustinus
729 3008 866 3074 soli;
897 3023 1034 3062 nam
1064 3005 1210 3061 sicut
1238 3006 1417 3062 stella:
1447 3007 1645 3062 lumen
1678 3025 1712 3061 a
1741 3009 1858 3062 sole
1916 3009 2055 3063 reci-

355 3097 543 3169 piunt,
578 3097 658 3151 sic
699 3113 898 3152 omnes
925 3097 1181 3151 doctores
1229 3095 1428 3148 lumen
1475 3094 1767 3166 recipiunt
1821 3095 1892 3150 ab
1941 3098 2053 3150 Au-

357 3186 606 3257 gustino.
643 3187 702 3240 In
733 3187 889 3254 epist.
932 3201 970 3238 ιι
994 3183 1069 3238 ad
1089 3183 1418 3239 Corinthios.

622 3393 915 3432 CENSORBS.
1431 3391 1474 3428 S.
1519 3390 1878 3430 AUGUSTINUS.

435 3449 667 3516 Quando
742 3450 984 3517 (sanctus
1058 3450 1176 3501 Au-
1282 3445 1419 3517 _llle
1459 3445 1650 3517 itaque
1683 3445 1832 3500 dicat
1875 3447 2058 3502 Eccle-

365 3514 682 3594 gustinus)_
722 3514 940 3594 videtur
990 3517 1178 3594 defert:
1251 3514 1393 3570 siam
1444 3514 1753 3594 aliquando
1819 3517 1880 3571 in
1948 3519 2061 3594 lide

366 3587 490 3648 dere
529 3587 1056 3660 praedestinationem
1102 3588 1178 3642 ad
1251 3603 1354 3641 sua
1383 3603 1497 3640 non
1550 3587 1820 3660 habuisse
1853 3589 2062 3660 verita-

366 3657 596 3732 gloriam
625 3665 750 3714 ante
779 3663 1012 3732 praevisa
1061 3675 1178 3713 me-
1248 3661 1367 3732 tem
1409 3657 1928 3732 praedestinationis
1956 3661 2062 3714 hu-

368 3729 481 3789 rita
520 3734 816 3798 hominum,
845 3746 948 3785 non
995 3731 1177 3798 loqui-
1246 3730 1342 3800 jus
1393 3734 1450 3783 et
1472 3729 1691 3800 gratiae,
1734 3746 1863 3799 quae
1913 3747 2065 3784 nunc

369 3811 458 3860 tur
507 3809 567 3857 ut
611 3803 907 3868 oraculum,
956 3817 1049 3854 nec
1086 3802 1179 3870 ip—
1253 3804 1454 3853 contra
1527 3815 1702 3853 novos
1766 3801 2065 3854 haereticos

369 3879 481 3932 sius
517 3875 785 3927 sententia
830 3872 898 3925 ab
936 3872 1179 3926 Ecclesia
1251 3886 1387 3924 cura
1436 3869 1784 3940 diligentiori
1815 3871 2066 3926 defendi-

373 3945 728 4016 approbatur,
798 3958 892 3997 nec
1001 3956 1179 3996 omnes
1253 3946 1365 3995 tur.
1394 3942 1513 4016 Lib.
1543 3941 1610 3995 de
1650 3945 1794 3996 Dono
1825 3957 2066 4011 persae,

373 4014 606 4082 theologi
659 4015 809 4068 illam
860 4018 1179 4082 sequuntur,
1255 4027 1374 4082 cap.
1409 4014 1498 4066 23.

371 4091 478 4140 imo
511 4087 607 4155 qui
639 4101 756 4138 eum
787 4087 962 4151 magis
1001 4085 1182 4153 suspi-

375 4157 544 4224 ciunt,
576 4171 694 4210 eum
716 4155 986 4210 deserunt.

853 4267 1166 4324 SYNODUS
1219 4267 1590 4323 BYZACENA.

448 4357 619 4428 Cujus
659 4354 1181 4426 prmdestinationis
1237 4354 1561 4408 veritatem.
1621 4370 1734 4425 qua
1791 4371 1897 4409 nos
1938 4359 2070 4409 ante

378 4446 580 4503 mundi
612 4443 1079 4499 constitutionem
1108 4441 1542 4512 prtedestinatos
1571 4439 1631 4494 in
1659 4442 1880 4496 Christo
1905 4446 2074 4497 testa-

379 4539 474 4590 tur
500 4532 825 4604 Apostolus,
859 4531 906 4585 si
936 4531 1063 4602 quis
1093 4530 1367 4584 detrectat
1407 4529 1588 4584 sordis
1620 4531 1953 4586 credulitate
1983 4548 2073 4586 re-

381 4622 588 4692 cipere,
623 4621 709 4673 vel
737 4619 850 4673 oris
878 4616 1229 4672 confessione
1258 4617 1539 4686 proferre,
1574 4616 1621 4670 si
1643 4625 1773 4671 ante
1803 4619 2072 4674 ultimum

381 4710 536 4766 diem
567 4707 707 4761 'vitaa
759 4704 1058 4776 praesentis
1106 4704 1414 4776 impietatis
1473 4721 1590 4758 suae
1637 4707 2072 4774 contumaciam,

379 4821 494 4880 qua
524 4806 639 4860 Deo
670 4802 796 4857 vivo
829 4807 886 4856 et
910 4817 1042 4856 vero
1074 4802 1300 4858 rebellis
1332 4801 1575 4870 obsistit,
1618 4817 1733 4856 non
1784 4802 2074 4874 abjecerit,

381 4894 749 4952 manifestum
792 4895 876 4946 est
900 4907 1030 4946 eum
1062 4908 1182 4946 non
1209 4891 1496 4963 pertinere
1527 4891 1596 4946 ad
1628 4907 1828 4946 eorum
1873 4909 2080 4948 nume-

381 5001 509 5040 rum
532 4999 674 5056 quos
706 4983 853 5037 Deus
874 4980 934 5035 in
967 4980 1186 5036 Christo
1217 4987 1346 5036 ante
1377 4980 1582 5036 mundi
1610 4980 2078 5037 constitutionem

383 5073 558 5145 gratis
588 5071 759 5143 elegit
787 5074 843 5124 et
870 5069 1299 5140 praedestinavit
1327 5071 1400 5125 ad
1435 5085 1698 5140 regnum.
1729 5071 1944 5139 Epilog.
1980 5070 2075 5124 lib.

384 5161 450 5216 de
485 5162 711 5216 Incarn.
742 5163 792 5214 et
811 5161 982 5228 grat.,
1011 5159 1154 5230 inter
1182 5172 1344 5226 opera
1374 5157 1431 5213 S.
1459 5158 1757 5224 Fulgentii.

1152 5261 1324 5314 LXVI.

645 5366 929 5406 CENSORES.
1459 5364 1503 5400 8ο
1544 5365 1895 5403 AUGUSTINUS.

456 5423 766 5478 Mortalium
903 5422 1203 5478 doctissimi
1346 5419 1495 5473 PLua
1571 5419 1734 5486 mihi,
1824 5418 2080 5486 Domine,

385 5493 601 5561 aliquid
657 5507 812 5562 aquae
875 5492 1201 5560 suﬁ'undunt
1275 5489 1666 5560 mitigationes
1706 5489 1788 5562 Ain
1843 5506 1962 5562 cor,
2025 5497 2086 5544 ut

387 5560 504 5632 igni
550 5560 834 5619 verborum
875 5565 1052 5618 sancti
1083 5565 1199 5617 Λα·
1273 5562 1558 5632 patienter
1630 5560 1784 5632 tales
1879 5560 2080 5615 feram.

385 5631 610 5704 gustini,
1275 5631 1392 5687 Lib.
1465 5649 1540 5686 xu
1613 5631 1887 5699 Confess.,
1955 5648 2079 5702 cap.

1272 5706 1360 5756 ‘25.

1326 259 1876 316 SUPPLEMENTU“
1916 263 2006 316 AD
2043 261 2274 318 OPERA
2313 261 2368 316 S.
2410 259 2793 316 AUGUSTINI.

2100 4277 2143 4332 D
2183 4240 2762 4332 ἕίξὲῗξίθί-.ἔὲξῖ⁷ἔῖ⁷’²ί1ἶ³η
2775 4242 2994 4332 itii?!

3669 267 3744 318 856

2696 383 2752 438 S.
2779 382 3242 437 HIERONYMUS.

2194 475 2324 528 Haec
2355 473 2424 529 de
2444 471 2756 544 Augustino
2798 473 2869 549 ad
2901 471 3167 526 eumdem
3196 470 3408 525 scribit:
3443 475 3540 540 Qui
3596 481 3755 534 contra

2122 566 2311 632 flantes
2339 567 2514 618 ventos
2543 561 2739 616 ardore
2773 562 2903 630 ﬁdei
2930 562 3240 630 perstitisti.
3300 561 3463 631 Epist.
3514 566 3575 618 25
3628 567 3756 634 apud

2124 655 2401 723 August.;
2436 656 2491 705 et
2533 653 2741 706 Paulus
2771 650 3024 710 Orosius,
3058 664 3228 718 quem
3259 649 3500 704 Romana
3552 653 3763 721 synodus

2126 742 2229 795 sub
2275 741 2493 794 Gelasio
2523 742 2704 793 virum
2743 739 3169 793 eruditissimum
3209 743 3384 806 vocat,
3428 739 3503 792 ita
3546 746 3763 796 sanctum

2126 829 2511 900 Augustinum
2575 828 2915 898 alloquitur:
2986 828 3200 882 Necesse
3255 843 3333 880 me
3384 828 3486 893 fuit
3549 831 3766 893 festinato

2128 919 2301 987 edere,
2343 923 2393 972 et
2423 933 2733 972 coacervare
2789 920 2843 969 in
2898 931 3062 970 unum
3092 930 3266 969 omnes
3320 917 3657 984 perditionum
3701 935 3767 971 ar-

2132 1007 2280 1061 bores
2325 1022 2444 1061 cum
2492 1005 2771 1060 radicibus
2800 1009 2850 1058 et
2876 1005 3047 1058 ramis
3098 1006 3233 1071 suis,
3286 1009 3334 1056 et
3372 1005 3552 1072 offerre
3578 1007 3768 1072 ignienti

2131 1097 2356 1163 spiritui
2383 1099 2490 1148 tuo.
2527 1095 2590 1148 In
2621 1094 2837 1164 praefat.
2879 1090 3342 1160 'Commonitorii,
3374 1096 3520 1146 tomo
3552 1094 3626 1157 Vl,
3664 1100 3767 1150 ante

2133 1181 2344 1235 librum
2373 1186 2572 1235 contra
2596 1179 3070 1234 Priscillianistas.

2883 1285 3085 1340 LXVII.

2401 1410 2690 1449 CENSORES.
3219 1409 3262 1446 S.
3307 1407 3636 1446 AUGUSTINUS.

2210 1467 2399 1519 Fateor
2423 1481 2552 1519 sane
2592 1463 2839 1532 quzedam
2875 1463 2951 1516 ab
3065 1463 3160 1533 VIn
3196 1457 3527 1516 lectionibus
3555 1464 3777 1533 apostoli-

2140 1537 2468 1602 Augustino,
2523 1551 2640 1605 qua:
2697 1535 2770 1588 ad
2807 1549 2951 1588 asse-
3025 1532 3105 1587 cis
3175 1532 3596 1605 superioribus,
3670 1550 3781 1604 quas

2140 1607 2367 1661 rendam
2411 1604 2710 1660 libertatem
2759 1611 2810 1660 et
2844 1608 2952 1659 vim
3031 1604 3295 1658 charitati
3360 1609 3572 1668 vestrae,
3639 1620 3782 1674 quan-

2144 1679 2530 1746 cooperationis
2611 1681 2809 1731 nostra
2891 1691 2959 1730 ea:
3032 1679 3158 1728 tum
3229 1675 3496 1728 Dominus
3560 1674 3783 1744 adjuvare

2143 1750 2330 1815 gratia
2387 1750 2676 1815 pertinent,
2720 1749 2959 1816 potuisse
3033 1746 3303 1816 dignatus
3327 1750 3429 1809 est,
3453 1746 3658 1814 exposui

2144 1819 2412 1888 emplicari
2460 1820 2518 1872 in
2585 1819 2683 1871 hac
2731 1819 2962 1871 materia

2146 1892 2367 1955 clarius,
2402 1905 2520 1957 qua
2546 1891 2604 1942 in
2634 1888 2959 1957 quibusdam

2148 1961 2295 2025 locis,
2342 1959 2438 2013 ubi
2495 1966 2790 2028 opportune
2847 1959 2960 2012 dici

2144 2035 2416 2100 poterant,
2472 2033 2695 2094 .omisit;
2757 2029 2854 2083 ubi
2902 2029 2956 2082 in

2151 2106 2365 2170 septem
2422 2100 2848 2171 quaestionibus,
2889 2100 2958 2153 de

2152 2172 2336 2242 gratia
2388 2170 2695 2242 assignant
2728 2170 2960 2224 modum

2153 2241 2265 2313 quo
2295 2241 2480 2313 loqui
2503 2241 2782 2313 Idebebat
2849 2244 2965 2294 Au-

3033 1745 3303 1816 dignatus
3327 1750 3429 1809 est,
3453 1746 3781 1814 exposuimus,

3034 1818 3280 1869 multum
3311 1816 3556 1870 laborem
3593 1821 3642 1869 et
3666 1817 3785 1868 solli-

3033 1887 3345 1940 citudinem
3421 1886 3563 1955 passi
3611 1902 3784 1940 sumus.

3031 1958 3532 2027 Compatiebamur
3573 1958 3706 2010 vobis
3747 1963 3788 2008 et

3033 2029 3260 2082 solliciti
3310 2043 3530 2081 eramus
3600 2033 3649 2080 et
3707 2043 3785 2096 pro

3033 2099 3196 2152 nobis
3228 2103 3285 2152 et
3314 2114 3416 2167 pro
3447 2097 3614 2151 vobis.
3644 2099 3789 2162 Quan-

3033 2175 3156 2223 tum
3190 2175 3384 2223 autem
3429 2169 3688 2234 existimo,
3720 2168 3791 2220 ad-

3033 2240 3184 2310 juvit
3235 2245 3291 2294 et
3315 2257 3416 2294 nos
3450 2245 3503 2293 et
3531 2256 3619 2292 vos
3645 2239 3792 2292 Domi—

2155 2312 2418 2384 gustinus
2439 2312 2513 2366 ad
2542 2315 2845 2384 animorum
2866 2327 2966 2365 ne-
3039 2327 3164 2384 nus,
3200 2316 3282 2384 et
3330 2327 3397 2364 ea
3443 2327 3573 2384 quas
3608 2324 3794 2384 prorsus

3040 2380 3381 2436 difﬁcillima
3463 2380 3792 2440 'videbantur,

3040 2452 3118 2505 sic
3168 2469 3276 2522 per
3319 2468 3422 2506 nos
3471 2451 3689 2506 enodare
3740 2449 3795 2502 di-

2158 2545 2361 2622 gnatus
2391 2545 2496 2608 est,
2519 2544 2580 2596 ut
2606 2541 2762 2622 nulla
2790 2541 3030 2622 quaestio
3055 2548 3533 2622 remaneret-quae
3553 2538 3796 2618 conturbet

2159 2611 2410 2666 mentem
2441 2629 2634 2678 suam;
2675 2611 2858 2682 Impia
2887 2611 3040 2666 enim
3081 2628 3244 2665 mens
3299 2612 3420 2665 odit
3449 2611 3614 2665 etiam
3647 2611 3795 2678 ipsum

2159 2684 2534 2750 intellectum,
2591 2688 2697 2738 etc.
2749 2683 2918 2738 Serm.
2982 2686 3042 2736 l3
3111 2682 3176 2736 de
3222 2684 3381 2738 Verb.
3434 2685 3615 2751 Apost.
3653 2684 3797 2734 contra

2160 2756 2502 2823 Pelagianos.

2570 2859 2898 2915 ECCLESIA
2940 2858 3450 2914 LUGDUNENSIS.

2234 2967 2344 3021 Iste
2374 2982 2506 3020 vero
2531 2981 2662 3020 cum
2691 2966 2812 3020 haec
2836 2965 3066 3037 legisset
3089 2968 3204 3018 tam
3231 2965 3452 3020 utiliter
3480 2968 3534 3019 et
3557 2960 3805 3016 salubriter

2165 3055 2234 3110 ad
2265 3054 2746 3110 illuminationem
2804 3059 3014 3109 nostra:
3047 3054 3178 3110 fidei
3224 3053 3398 3121 dicta,
3429 3069 3541 3107 non
3584 3058 3660 3105 est
3703 3065 3803 3104 con-

2165 3146 2359 3197 tentus
2416 3142 2806 3197 moderamine
2858 3147 2914 3196 et
2961 3142 3174 3213 pietate
3209 3143 3393 3196 sancti
3442 3140 3671 3196 doctoris
3718 3141 3804 3191 Au-

2168 3231 2402 3302 gustini,
2430 3247 2502 3286 ne
2532 3231 2808 3286 terminos
2856 3232 2926 3286 ab
2957 3247 3023 3285 eo
3079 3231 3350 3302 praefixos
3400 3231 3693 3292 excederet,
3733 3222 3806 3277 sed

2168 3319 2390 3374 addidit
2417 3320 2486 3374 de
2525 3337 2648 3375 suo.
2688 3321 2813 3375 Lib.
2868 3324 3056 3374 contra
3104 3321 3278 3374 Joan.
3333 3322 3572 3386 Erigen.,
3621 3331 3724 3384 cap.
3768 3315 3805 3366 8.

2170 3409 2378 3463 Floruit
2403 3423 2494 3462 an.
2525 3410 2647 3462 852.

2155 2383 2446 2439 cessariam
2458 2383 2890 2438 consolationem.

2907 3505 3135 3560 LXVIII.

2436 3616 2724 3655 CENSOBES.

2243 3671 2339 3726 Ad
2379 3673 2620 3726 tribunal
2663 3673 2839 3726 sancti
2865 3672 2982 3725 Au-

2172 3745 2385 3812 gustini
2422 3743 2762 3812 disputatum
2801 3743 2985 3796 hacte-

2173 3830 2276 3869 nus
2321 3818 2418 3877 est,
2469 3820 2518 3867 et
2567 3813 2798 3868 liberata
2853 3813 2985 3881 ﬁdes

2176 3901 2340 3955 quam
2359 3885 2754 3955 obligaveram,
2787 3885 2881 3938 hoc
2909 3888 2988 3937 est

2171 3954 2446 4026 probandi
2466 3954 2738 4026 quidquid
2761 3955 2849 4008 ille
2867 3971 2989 4026 pro-

2179 4025 2351 4093 baret,
2416 4025 2764 4094 improbandi
2820 4025 2987 4092 quid-

2179 4097 2320 4166 quid
2349 4097 2439 4150 ille
2453 4097 2848 4164 improbaret...
2874 4098 2990 4149 Una

2178 4171 2418 4237 superest
2465 4167 2641 4220 adhuc
2703 4167 2991 4221 tractanda

3250 3616 3298 3655 S.
3341 3613 3678 3654 AUGUSTINUS.

3129 3670 3369 3724 Illorum
3402 3669 3551 3723 enim
3575 3669 3706 3722 dicta
3732 3679 3816 3717 non

3059 3741 3338 3807 defendis,
3389 3746 3454 3794 ut
3507 3737 3816 3809 promisepas.

3059 3812 3156 3866 sed
3258 3805 3645 3882 reprehendis.
3729 3805 3817 3858 Tuo

3060 3883 3278 3954 quippe
3327 3884 3587 3952 dogmate
3613 3893 3738 3954 cum_
3758 3891 3821 3954 co-

3061 3946 3338 4024 garis-illa
3368 3946 3592 4022 culpare
3628 3955 3678 4024 et
3717 3946 3822 4000 falsa

3062 4021 3182 4077 esse
3207 4021 3530 4091 ostendere,
3569 4021 3708 4075 nullo
3735 4031 3824 4070 me-

3064 4094 3136 4148 do
3177 4094 3384 4148 sineris
3415 4092 3715 4147 auctoribus
3751 4102 3821 4138 eo-

3066 4181 3194 4218 rum
3240 4165 3642 4226 defensionem,
3689 4169 3824 4230 quam

3067 4237 3502 4308 spoponderas,
3585 4230 3822 4308 exhibere.

3067 4307 3204 4376 (Ιιιίει
3275 4313 3334 4360 et
3390 4306 3449 4358 in
3522 4306 3825 4376 accusatione

3067 4370 3336 4430 adulator
3365 4392 3484 4430 esse
3524 4370 3745 4434 conaris,
3786 4371 3826 4418 et

3068 4447 3130 4501 in
3177 4446 3501 4502 adulatione
3549 4441 3826 4514 deprehen-

3069 4518 3221 4572 deris
3278 4521 3586 4571 accusator.
3620 4513 3741 4567 'Lib.
3791 4521 3825 4558 ιν

3067 4595 3253 4643 contra
3277 4590 3412 4656 Jul.,
3445 4589 3598 4656 Oper.
3629 4580 3827 4651 imper],

3069 4675 3190 4728 cap.
3229 4665 3246 4714 1
3267 4663 3349 4714 l2.

2178 4312 2350 4376 fuerit
2391 4309 2612 4376 hujusce
2671 4309 2994 4361 conditionis

2178 4383 2430 4450 aequitas,
2454 4384 2502 4432 et
2533 4383 2739 4448 quanta
2769 4380 2994 4432 necessi-

2183 4457 2266 4506 tas
2307 4451 2574 4505 subeundi
2613 4451 2775 4517 legem
2819 4451 2990 4511 illam,

2183 4538 2346 4591 quam
2381 4523 2511 4589 quia
2551 4521 2637 4574 illi
2676 4525 2876 4588 putant
2926 4520 2994 4572 ab

2181 4594 2420 4648 Ecclesra
2463 4593 2797 4659 impositam,
2826 4591 2994 4643 audi-

2183 4680 2240 4717 re
2244 4665 2408 4731 juvat
2420 4665 2717 4730 praecipuos
2736 4661 2997 4728 quosdam

2182 4735 2419 4804 ejusdem
2440 4733 2684 4788 Ecclesiae
2701 4734 2994 4800 principes,

2179 4825 2531 4891 pastoresque
2563 4819 2946 4883 celeberrimos,
2971 4824 3021 4872 et
3051 4819 3287 4872 doctores
3322 4815 3692 4871 scientissimos
3733 4821 3831 4862 sen-

2184 4907 2342 4947 suum
2367 4892 2864 4956 ecclesiasticorum,
2892 4892 3213 4958 minimeque
3239 4893 3532 4957 suspectos.

2722 4994 3106 5050 EUGYPPIUS
3145 4993 3344 5048 abbas.

2259 5087 2415 5141 Inter
2443 5098 2679 5153 magnos
2729 5085 2988 5138 Ecclesiae
3030 5083 3326 5138 catholicae
3359 5082 3612 5136 doctores
3645 5069 3837 5146 praecla-

2188 5187 2316 5228 rum
2336 5172 2509 5228 fuisse
2539 5175 2596 5225 et
2625 5189 2746 5226 esse
2776 5174 3006 5228 beatum
3053 5171 3438 5241 Augustinum
3469 5166 3592 5238 quis
3652 5157 3839 5232 ignorat

2192 5261 2564 5332 episcopum?
2592 5276 2764 5331 quem
2810 5260 3000 5316 divina
3045 5259 3364 5313 eruditione
3407 5252 3709 5308 mirabilem
3741 5251 3836 5298 tum

2193 5364 2386 5402 omnes
2416 5348 2715 5404 orthodoxi
2752 5349 2813 5402 in
2841 5352 2960 5402 toto
2993 5352 3275 5401 terrarum
3331 5343 3466 5397 orbe
3513 5335 3833 5393 venerantur.

2191 5438 2477 5508 praecipue
2498 5442 2693 5491 tamen
2719 5437 3041 5508 apostolicae
3060 5435 3207 5489 sedis
3227 5432 3504 5487 antistites
3524 5427 3716 5495 scripta
3739 5418 3835 5508 ejus

2191 5541 2292 5579 sua
2324 5524 2654 5579 auctoritate
2687 5505 2998 5589 firmantes,
3048 5527 3206 5576 tanto
3261 5517 3462 5589 majori
3509 5511 3680 5568 studio
3725 5505 3833 5558 sim-

2191 5614 2412 5684 pliciter
2444 5613 2689 5685 amplexi
2719 5616 2870 5680 sunt,
2921 5616 3134 5684 quanto
3187 5605 3452 5678 ampliori
3481 5599 3666 5657 solatio
3695 5594 3835 5685 είς-δε

2194 5719 2321 5755 usos
2350 5719 2469 5756 esse
2502 5706 2804 5756 testantur:
2857 5718 2988 5756 nam
3025 5704 3224 5754 contra
3275 5695 3483 5750 multos
3538 5691 3713 5744 hostes
3760 5679 3836 5732 Ec-
