3914 6186
75 249 206 303 857

1398 255 1720 312 νιΝῡιειιΕ
1758 256 2298 316 ΑυϐυὸΤΙΝΙΑΝίΕ.

3509 244 3627 325 858

79 373 292 428 clesia:
322 373 676 442 dimicantes,
727 377 784 429 et
812 374 1059 430 maxime
1106 379 1302 431 contra
1331 377 1657 449 versipelles
1686 378 1797 433 ini-
1835 386 1878 438 A
1907 383 1963 434 et
2040 381 2342 453 diligenter
2405 383 2617 455 legant.
2677 386 2796 441 Lib.
2855 403 2911 441 ιιι
2979 387 3136 444 Rhet.
3184 389 3417 458 Eccles.,
3480 406 3606 461 cap.

83 461 282 516 micos
311 461 510 531 gratias
542 461 642 516 Dei
683 462 944 516 doctrina
991 464 1112 533 ejus
1165 463 1451 531 instructi,
1497 466 1585 519 vel
1616 466 1807 536 potius

87 549 304 605 eadem
333 549 603 606 illustrati
627 551 809 620 gratia
839 567 1064 622 semper
1096 553 1356 606 exstitere
1408 553 1665 620 victores,
1699 560 1801 609 etc.

87 641 174 693 In
195 641 518 708 prwfatione
540 641 743 694 collect.
783 656 849 693 ea:
888 641 1041 694 libris
1069 641 1124 695 S.
1172 641 1489 708 Augustini.
1541 643 1660 697 Hic
1689 647 1803 697 Eu-

91 728 342 794 gyppius
388 726 445 780 S.
487 726 768 793 Fulgentii
809 729 1011 780 amicus
1047 729 1177 794 fuit,
1220 729 1295 781 ad
1328 745 1483 797 quem
1513 733 1676 784 etiam
1707 732 1804 784 lit-

92 819 251 866 teras
297 814 464 868 dedit.
517 816 654 882 Lege
707 815 764 870 S.
818 816 1082 869 [siderum
1133 817 1198 870 de
1241 819 1441 886 Script.
1490 820 1802 882 ecclesiast.,

84 918 224 970 cap.
270 905 352 956 l3.

876 992 1046 1046 LXIX.

368 1095 652 1133 CENSORES.
1170 1099 1217 1135 S.
1267 1097 1626 1137 AUGUSTINUS.

172 1149 436 1214 Quamvis
513 1153 653 1204 enim
725 1153 920 1218 praefe-
1066 1152 1201 1205 Ecce
1250 1152 1399 1205 inter
1428 1169 1584 1207 meos
1613 1157 1802 1220 testes,

82 1221 276 1274 renda
308 1222 379 1274 sit
411 1235 474 1273 ea
503 1224 768 1274 sententia
801 1237 920 1289 quae
996 1223 1082 1275 vel
1133 1223 1284 1276 inter
1332 1229 1555 1277 nostros
1594 1225 1804 1278 consti-

86 1291 267 1365 talem
313 1292 528 1365 modum
554 1292 919 1360 'prwdeslina-
993 1296 1116 1365 tuto
1163 1293 1406 1361 judices,
1475 1310 1648 1365 quem
1699 1311 1806 1364 pu-

85 1363 271 1415 tionis
328 1364 540 1416 omnino
591 1368 771 1430 negat,
835 1369 918 1416 ta-
995 1364 1122 1416 tasti
1219 1363 1529 1418 l’atronum
1617 1363 1803 1433 tuum,

81 1447 223 1485 men
305 1437 366 1486 ut
422 1433 683 1506 damnata
756 1437 920 1486 etiam
995 1435 1194 1504 Lib.,1.
1229 1441 1418 1490 contra
1453 1437 1560 1490 Jul.
1594 1452 1716 1506 cap.
1748 1441 1800 1491 6.

80 1507 385 1557 censeatur
438 1504 538 1556 illa
595 1519 712 1572 quae
767 1507 920 1572 afﬁr-

83 1593 240 1657 mat,
272 1590 564 1644 videndum
614 1593 716 1644 erit
756 1606 919 1658 quam
948 1594 1019 1646 sit
1056 1595 1351 1647 necessario
1398 1609 1637 1648 connexa
1685 1611 1804 1649 cum

82 1680 356 1733 articulis
386 1696 418 1732 a
444 1680 721 1736 Cwlestino
767 1679 1024 1748 deﬁnitis.
1079 1683 1139 1736 Si
1164 1685 1306 1735 enim
1347 1697 1450 1736 non
1479 1685 1572 1749 sit,
1606 1699 1799 1751 quam-
1836 1671 1875 1724 Β

80 1768 183 1820 vis
219 1768 562 1834 Augustinus
587 1771 645 1822 in
675 1771 1010 1822 contrarium
1036 1771 1391 1840 propendeat,
1440 1773 1809 1840 permittenda

84 1859 287 1908 tamen
325 1858 426 1909 erit
456 1857 619 1925 hujus
649 1858 960 1925 quaestionis
991 1857 1364 1913 determinatio
1399 1861 1576 1914 liberas
1615 1861 1806 1930 dispu-

87 1945 344 1996 tantium
397 1945 658 2014 elect-iani,
720 1944 864 2012 quod
911 1948 1116 2000 censuit
1148 1949 1312 2002 etiam
1354 1947 1656 2004 cardinalis
1703 1951 1808 2004 Ba-

87 2046 318 2086 romus.

607 2135 956 2193 BARONIUS
971 2139 1304 2210 Icardinalis.

173 2228 320 2281 Cum
349 2225 547 2298 {igitur
602 2226 792 2281 Fausti
844 2229 1142 2283 sententiae
1172 2229 1386 2300 ubique
1438 2233 1508 2287 ab
1566 2233 1810 2288 Ecclesia

89 2315 284 2370 fuerit
313 2315 748 2382 contradictum,
781 2315 1012 2370 videant
1041 2323 1256 2388 quanto
1287 2320 1542 2390 periculo
1576 2322 1808 2393 quidam

92 2422 173 2459 ex
238 2404 672 2470 recentioribus,
728 2404 864 2458 dum
923 2405 985 2458 in
1043 2412 1346 2462 novatores
1405 2415 1720 2482 exsurgunt
1751 2416 1812 2466 ut

91 2510 205 2548 eos
234 2493 545 2559 confutent,
579 2509 613 2547 a
650 2492 830 2546 sancti
859 2495 1166 2565 Augustini
1208 2496 1276 2550 de
1310 2498 1809 2566 praedestinatione

92 2582 394 2637 sententia
448 2581 742 2648 recedunt,
802 2598 933 2636 cum
963 2583 1197 2655 _alioqui
1258 2602 1417 2640 arma
1462 2603 1579 2641 non
1623 2589 1811 2644 desint

95 2670 322 2742 quibus
350 2669 654 2725 adversarii
687 2671 1087 2742 prolligentur.
1123 2673 1217 2728 Ad
1247 2690 1338 2728 an.
1373 2676 1499 2742 490,
1527 2691 1586 2744 p.
1611 2679 1735 2731 444.

892 2759 1039 2816 LXX.

369 2861 658 2900 CENSORES.

181 2915 333 2979 Quid
376 2917 604 2986 (nempe
657 2917 926 2972 cardina-

96 2986 177 3039 lis
215 2987 538 3058 Perronius)
591 2989 925 3056 probabilem

97 3062 325 3111 tantum
380 3073 490 3112 esse
539 3059 676 3113 dicit
731 3061 923 3128 Augu-

95 3130 247 3182 stini
279 3132 615 3194 sententiam,
679 3130 806 3183 dum
847 3133 925 3185 lo-

97 3201 304 3268 quitur
340 3205 400 3253 ut
437 3203 687 3268 privatus
717 3202 918 3269 doctor,

94 3275 156 3323 et
242 3269 708 3339 dementrativam,
793 3273 923 3326 dum

97 3361 372 3412 consentit
401 3361 601 3413 caeteris
631 3360 906 3426 Patribus,
948 3363 1084 3416 satis
1116 3361 1327 3416 indicat
1357 3364 1596 3423 jminime
1628 3380 1810 3419 neces-

97 3447 320 3501 sarium
347 3461 457 3502 esse
513 3447 786 3502 adhaerere
812 3449 1143 3518 Augustino,
1183 3453 1296 3504 nisi
1324 3451 1420 3504 ubi
1466 3454 1669 3507 caeteris
1699 3455 1809 3507 Pa-

98 3537 288 3591 tribus
321 3537 412 3591 ille
441 3540 691 3591 concinit.

575 3644 974 3700 PERRONIUS
1014 3645 1344 3702 cardinalis.

183 3729 554 3800 Augustinus,
580 3731 862 3786 maximus
888 3737 1014 3802 post
1041 3734 1329 3803 apostolos
1359 3735 1812 3803 praedestinatio-

103 3819 201 3873 nis
230 3820 446 3886 doctor,
469 3819 585 3874 imo
613 3837 674 3874 os
703 3825 759 3874 et
788 3821 991 3891 lingua
1009 3821 1214 3875 veteris
1245 3821 1503 3875 Ecclesiae
1528 3829 1811 3894 quantum

103 3907 182 3962 ad
213 3907 369 3961 illam
409 3909 478 3962 de
518 3908 702 3978 gratia
749 3909 1084 3964 doctrinam.
1135 3909 1252 3964 Lib.
1311 3926 1328 3962 ι
1379 3925 1520 3980 resp.
1570 3912 1644 3966 ad
1695 3929 1806 3980 reg.

1185 2867 1228 2902 S.
1271 2865 1625 2905 AUGUSTINUS.

1069 2919 1162 2972 Vis
1194 2921 1388 2974 audire
1444 2921 1581 2991 quid
1633 2921 1805 2976 etiam

998 2989 1122 3060 ipse
1170 2991 1240 3044 de
1286 2991 1394 3044 hac
1422 2989 1484 3044 re
1518 2994 1808 3061 apertissi-

997 3077 1088 3114 me
1148 3061 1398 3115 dixerit?
1456 3064 1589 3117 Ecce
1638 3063 1809 3118 etiam

997 3131 1187 3202 ipsum
1217 3148 1458 3187 numero
1488 3133 1570 3186 illi
1600 3135 1809 3204 adjun-

996 3219 1069 3274 go
1091 3209 1438 3258 sanctorum.
1471 3205 1698 3259 Ibidem.

1915 471 2004 524 43.

2670 581 2868 636 LXXII.

2180 679 2466 722 CENSORES.

1989 732 2314 788 Referentes
2355 737 2720 793 Catharinum

1915 803 2078 882 plura
2109 810 2723 882 contra_Augustinum
2797 828 3020 882 cunque

2551 883 2725 935 Tanta
2796 883 2917 936 Lib.
2961 899 3010 936 ιν
3058 891 3244 938 contra
3289 886 3436 952 Jul.,
3486 901 3605 955 cap.

1915 875 2142 938 dixisse,
2222 875 2462 933 addunt:

1913 950 2222 1000 ceterorum
2271 949 2543 1004 doctorum
2601 967 2723 1004 con-

1913 1018 2145 1084 Spiratio
2183 1022 2319 1073 satis
2359 1022 2591 1075 ostendit
2621 1023 2726 1076 Ca-

2982 689 3027 724 S.
3070 687 3427 727 AUGUSTINUS.

2868 740 2909 795 O
2973 742 3221 796 frontem
3245 813 3250 814 ί
3314 742 3606 814 qualium-

3166 813 3605 883 episcoporum!

2803 956 2885 1006 ll.

1915 1088 2194 1166 thurinum
2225 1093 2384 1166 inea
2414 1108 2490 1166 re,
2535 1108 2651 1166 non
2684 1098 2742 1146 ut
2781 1095 3155 1166 Gathai'inum,
3189 1098 3287 1164 qui
3311 1111 3406 1150 suo
3460 1113 3602 1166 sape

1913 1159 2126 1224 ingenio
2175 1163 2400 1214 nimium
2453 1163 2700 1225 indulsit,
2759 1165 2852 1217 sed
2907 1170 2965 1218 ut
3024 1159 3296 1220 catholicae
3360 1159 3606 1223 Ecclesiae

1914 1230 2372 1300 archiepiscopum
2401 1237 2450 1287 et
2479 1233 2742 1287 doctorem
2772 1235 2833 1287 id
2861 1238 3106 1302 sensisse,
3141 1242 3247 1290 etc.

2550 1340 2601 1393 S.
2633 1340 2963 1395 BASILIUS.

1985 1443 2443 1498 Contemnuntur
2473 1447 2702 1501 Patrum
2750 1447 3403 1517 dogmata,'apostolicze
3434 1449 3605 1503 tradi-

1913 1530 2098 1585 tiones
2123 1532 2534 1601 anniliilantur,
2570 1551 2849 1589 novorum
2882 1535 3182 1590 hominum
3232 1536 3464 1590 inventa
3510 1538 3599 1591 in-

1913 1619 2311 1676 troducuntur.
2347 1623 2655 1694 Episcopus
2685 1629 2874 1678 autem
2906 1625 3002 1679 ille
3029 1631 3112 1680 est
3159 1625 3259 1695 qui
3290 1630 3476 1679 custos
3522 1629 3607 1678 est

1916 1707 2188 1763 doctrinas
2237 1712 2489 1780 Patrum,
2523 1716 2577 1766 et
2632 1713 2816 1767 omnis
2845 1713 3132 1783 [novitatis
3181 1713 3377 1767 hostis.
3436 1713 3611 1782 Apud

1916 1797 2273 1853 Slocolovium
2304 1799 2398 1853 lib.
2433 1817 2493 1853 ιιι
2544 1801 2608 1855 de
2635 1817 2772 1857 verm
2801 1805 2851 1855 et
2892 1803 3052 1869 falsae
3095 1803 3346 1857 Ecclesia:
3405 1803 3605 1856 discri-

1917 1887 2076 1952 mine,
2106 1901 2226 1954 cap.
2261 1889 2342 1941 l4.

2655 1996 2879 2050 LXXIII.

2176 2114 2465 2154 CENSORES.

1992 2167 2188 2222 Vellem
2254 2175 2303 2224 et
2362 2173 2456 2225 hoc
2502 2175 2552 2225 et
2613 2173 2727 2226 alia

1916 2238 2163 2311 quaedam
2218 2239 2452 2311 (nempe
2531 2248 2726 2296 contra

1913 2308 2299 2384 Augustinum
2379 2308 2726 2384 testimonia)

1916 2395 2034 2447 quae
2124 2381 2220 2434 sub
2217 2382 2452 2450 jungam
2543 2381 2728 2439 mitius

1916 2456 2186 2518 concepta,
2246 2453 2341 2506 sed
2383 2456 2558 2520 refero
2605 2460 2730 2508 tan-

1917 2524 2049 2587 tum,
2079 2537 2184 2575 non
2221 2525 2408 2592 probo,
2465 2528 2514 2578 si
2562 2527 2728 2594 quid-

1917 2607 2082 2659 quam
2157 2593 2321 2661 justee
2419 2593 2728 2664 offensionis

1917 2677 2135 2715 causam
2169 2663 2275 2718 det.
2310 2663 2479 2720 Item:
2531 2667 2728 2722 Omitto

1918 2732 2132 2804 honoris
2199 2751 2363 2788 causa
2438 2737 2582 2804 quod
2664 2738 2728 2792 de

1916 2803 2221 2869 Augustino
2245 2803 2546 2875 subjungit.

2987 2118 3032 2155 S.
3075 2117 3424 2156 AUGUSTINUS.

2871 2171 3006 2226 Vide
3035 2189 3164 2242 quas
3223 2177 3428 2238 taceas,
3481 2188 3610 2242 quae

2801 2244 2970 2298 dicas.
3008 2245 3147 2296 Puto
3182 2242 3336 2312 quod
3374 2249 3428 2296 te
3459 2259 3607 2312 pun-

2803 2320 2898 2383 gat
2940 2312 3306 2379 conscientia,
3363 2313 3459 2366 sed
3491 2314 3612 2366 vin-

2803 2386 2879 2438 cit
2915 2389 3131 2437 rectum
3161 2383 3450 2449 timorem,
3483 2399 3613 2436 cum

2802 2455 3013 2526 ingerit
3065 2469 3396 2526 perversum
3430 2455 3610 2526 pudo-

2801 2525 2945 2591 rem,
2995 2541 3227 2595 quoquo
3275 2525 3440 2579 modo
3484 2525 3606 2595 jam

2800 2594 3154 2651 defendenda
3172 2665 3189 2666 ﬁ
3234 2665 3238 2666 ν
3263 2594 3614 2666 praecipitata

2801 2667 3100 2720 sententia.
3153 2665 3276 2719 Lib;
3334 2681 3369 2721 ν
3426 2669 3611 2719 contra

2799 2739 2944 2803 Jul.,
2979 2753 3097 2806 cap.
3132 2739 3182 2790 9.

2481 2895 2536 2949 S.
2573 2895 3043 2951 HIERONYMUS.

1839 2949 1878 3004 ο
1987 2979 2148 3034 Absit
2177 2986 2368 3036 autem
2389 3000 2421 3037 a
2451 2999 2542 3038 me
2576 2949 3086 3056 utquidquamﬁde
3119 2982 3276 3037 libris
3307 2982 3610 3038 beatitudi-

1919 3067 2006 3121 nis
2033 3071 2146 3122 tua:
2181 3069 2459 3141 attingere
2494 3072 2769 3139 audeam;
2819 3073 3030 3128 sufﬁcit
3085 3073 3241 3126 enim
3289 3071 3430 3125 mihi
3481 3087 3614 3142 pro-

1918 3155 2052 3209 bare
2087 3171 2232 3223 mea,
2269 3163 2324 3212 et
2361 3159 2549 3214 aliena
2574 3161 2701 3230 :non
2732 3177 2982 3232 carpere,
3017 3163 3195 3229 Epist.
3248 3163 3308 3215 13
3365 3160 3439 3213 ad
3494 3159 3613 3214 Au-

1916 3247 2212 3314 gustinum,
2245 3250 2380 3301 tome
2415 3264 2449 3301 ιι
2474 3250 2711 3318 Operam
2751 3252 2813 3306 S.
2844 3250 3172 3317 Augustini.

2648 3339 2867 3393 LXXIV.

2184 3437 2474 3478 CENSORES.

1987 3489 2128 3544 Haec
2173 3508 2266 3560 ego
2312 3497 2452 3550 inter
2500 3498 2614 3550 alia
2670 3498 2730 3551 id

1917 3573 2083 3636 genus
2138 3565 2324 3626 multa,
2389 3583 2508 3636 qua
2574 3569 2732 3622 habet

1919 3630 2152 3704 (nempe
2236 3630 2472 3704 Pighius
2535 3645 2732 3693 contra

1917 3703 2349 3778 Augustinum),
2411 3710 2550 3762 dumi
2603 3726 2728 3778 pro-

1913 3775 2182 3840 ponenda,
2244 3775 2316 3832 ut
2360 3775 2728 3846 intelligamus

1917 3857 2024 3895 non
2106 3849 2268 3900 nimis
2348 3848 2730 3904 inverecundos

1917 3914 2055 3981 fore,
2087 3920 2138 3970 si
2164 3921 2261 3986 qui
2307 3921 2449 3984 forte
2495 3936 2600 3973 non
2650 3925 2730 3973 ita

2993 3441 3038 3479 3.
3079 3441 3435 3480 AUGUSTINUS.

2873 3497 2916 3552 Ο
2958 3497 3102 3550 mira
3151 3496 3433 3550 defensio!
3479 3497 3616 3550 Tam

2804 3567 3044 3622 densum
3101 3575 3157 3620 et
3214 3575 3431 3620 arctum
3511 3573 3616 3632 est,

2807 3640 2901 3692 ubi
2923 3639 3003 3691 eis
3032 3637 3396 3691 adhmserunt
3419 3637 3611 3708 pedes,

2803 3715 2865 3762 ut
2897 3725 2993 3762 eos
3034 3710 3273 3762 evellere
3322 3713 3613 3769 conantes,

2802 3781 3010 3832 frustra
3050 3784 3106 3831 et
3155 3795 3378 3842 manus,
3410 3785 3467 3831 et
3513 3794 3614 3847 pe-

2805 3850 2922 3916 des,
2972 3854 3027 3901 et
3078 3856 3247 3918 caput
3303 3850 3503 3916 ligant,
3562 3852 3619 3901 et

2803 3921 2865 3973 in
2923 3919 3123 3973 eodem
3175 3920 3292 3971 luto
3342 3918 3615 3971 haesitan-

102 3999 324 4052 Britan.
359 4013 478 4066 cap.
510 4001 594 4052 12.

886 4086 1058 4140 LXXI.

373 4190 654 4230 CENSORES.

182 4245 525 4312 Augustinus
667 4245 925 4301 Valerius

104 4315 414 4369 cardinalis
465 4319 523 4369 in
577 4331 678 4370 sua
731 4317 925 4371 Rheto-

103 4389 229 4439 rica
269 4389 626 4441 ecclesiastica
664 4388 772 4440 haec
817 4389 923 4440 cle-

104 4459 251 4511 ricos
281 4463 483 4511 monet:
535 4458 689 4512 Beati
729 4462 923 4527 Augu-

105 4527 245 4581 stini
275 4527 482 4597 scripta
525 4527 714 4581 clerici
763 4534 925 4581 caute

105 4599 426 4652 admodum
454 4600 664 4668 legant,
695 4603 799 4652 etc.
856 4601 927 4653 Et

105 4671 207 4723 hoc
228 4669 364 4737 quid
384 4670 539 4723 aliud
567 4675 646 4723 est
674 4685 838 4737 quam
865 4669 927 4722 id

105 4743 312 4808 ipsum,
399 4740 544 4808 quod
605 4746 926 4794 momentum

105 4811 422 4864 audivimus
465 4812 920 4878 Bonaventuram,

104 4882 481 4947 Augustinum
552 4883 678 4950 plus
750 4882 924 4935 dicere

1180 4191 1226 4229 S.
1267 4191 1619 4231 AUGUSTINUS.

1070 4243 1127 4299 Si
1166 4245 1402 4316 legisses
1450 4249 1537 4300 vel
1584 4247 1630 4301 si
1676 4248 1814 4306 lecta
1849 4260 1888 4314 1)

999 4314 1248 4370 ﬁdeliter
1299 4318 1657 4373 considerare
1712 4337 1811 4374 vo-

998 4386 1223 4461 Iuisses,
1301 4404 1596 4461 nunquam
1683 4407 1813 4461 pro-

998 4456 1143 4530 fecto
1178 4458 1263 4530 _de
1293 4456 1526 4530 _litteris
1563 4456 1702 4530 ejus'
1741 4464 1810 4518 ad

1000 4527 1372 4602 offun‘dendas
1394 4527 1629 4584 nebulas
1656 4533 1812 4602 igno-

999 4599 1256 4653 rantibus
1302 4615 1368 4653 ea
1397 4616 1526 4670 quae
1558 4599 1703 4657 nihil
1742 4605 1811 4659 ad

999 4670 1371 4739 questionem
1451 4687 1579 4741 quae
1663 4675 1812 4728 inter

998 4755 1103 4812 nos
1131 4741 1370 4812 vertitur
1397 4743 1707 4812 pertinent,
1749 4745 1811 4799 in

997 4811 1086 4864 his
1123 4811 1237 4865 tuis
1281 4813 1435 4886 libris
1480 4814 1667 4866 nescio
1693 4811 1811 4886 qua

999 4887 1187 4936 mente
1255 4884 1557 4950 posuisses.
1622 4884 1735 4940 Lib}
1793 4905 1808 4940 ι

104 4953 429 5021 aliquando,
462 4958 512 5006 et
565 4956 743 5006 minus
793 4954 925 5006 velle

105 5023 345 5090 intelligi
359 5026 386 5076 ?

609 5093 949 5148 VALERIUS
987 5092 1308 5148 cardinalis.

182 5181 341 5236 Beati
387 5181 692 5254 Augustini
716 5181 944 5251 iscripta
973 5181 1163 5236 clerici
1193 5185 1356 5236 caute
1387 5181 1694 5246 admodum
1726 5185 1804 5239 le-

104 5275 280 5342 gant;
312 5271 390 5325 ita
419 5271 575 5325 enim
603 5270 868 5325 acumine
886 5270 1416 5342 ingeniiprzestitit,
1452 5275 1508 5325 et
1537 5271 1606 5326 de
1636 5273 1806 5328 rebus

105 5359 440 5415 difﬁcilibus
468 5364 588 5415 tam
617 5359 902 5414 subtiliter
929 5359 1254 5430 disputavit,
1291 5364 1356 5414 ut
1374 5352 1502 5414 hon
1529 5361 1807 5416 mediocri

105 5449 345 5519 ingenio
382 5449 607 5519 praediti
637 5448 746 5502 viri
792 5449 914 5520 ejus
944 5449 1119 5504 libros
1166 5449 1417 5520 legentes
1469 5449 1530 5502 in
1583 5465 1805 5504 errores

105 5539 417 5610 aliquando
443 5538 586 5609 lapsi
613 5538 750 5594 sint.
790 5538 899 5594 Sed
930 5540 1050 5609 ejus
1082 5537 1253 5593 libros
1296 5537 1710 5608 pulcherrimos
1739 5538 1808 5594 de

107 5626 378 5682 Doctrina
405 5626 743 5694 Christiana,
776 5630 832 5682 et
860 5626 1122 5699 egregios
1173 5643 1462 5682 sermones
1517 5643 1659 5699 quos
1703 5627 1806 5683 ha-

105 5715 235 5772 buit
264 5716 401 5772 dum
432 5716 728 5787 episcopus
758 5716 829 5770 ad
859 5715 1142 5788 populum
1169 5717 1625 5784 concionaretur,
1654 5735 1804 5789 stripe

995 4958 1183 5006 contra
1200 4954 1334 5020 Jul.,
1357 4970 1478 5025 cap.
1514 4958 1572 5009 5.

1917 3996 1972 4034 se
1997 3986 2189 4048 faciles
2218 3991 2527 4054 exhibeant,
2559 3993 2618 4044 in
2661 3993 2730 4044 iis
2801 3995 2908 4055 tes,
2953 3990 3162 4043 arctius
3223 3988 3611 4042 involvantur.

1917 4057 2162 4130 omnibus
2210 4059 2564 4114 admittendis
2612 4076 2731 4130 quae
2803 4061 2926 4114 Lib.
3025 4064 3211 4113 contra
3292 4059 3614 4112 Donatistas

1916 4125 2092 4179 videri
2119 4131 2358 4197 cuipiam
2377 4134 2589 4198 possint
2605 4125 2730 4199 pro-
2797 4136 2920 4199 post
2953 4131 3304 4198 collationem,
3338 4144 3458 4198 cap.
3491 4132 3573 4182 19.

1914 4200 2096 4261 posita
2115 4201 2289 4266 fuisse
2309 4200 2377 4254 ab
2398 4203 2724 4270 Augustino.

2522 4290 2583 4346 S.
2630 4289 3010 4344 ANSELMUS.

1994 4376 2144 4430 Nihil
2177 4378 2340 4448 potui
2368 4379 2626 4433 invenire
2649 4396 2737 4434 me
2759 4378 2964 4434 dixisse
2995 4378 3150 4449 quod
3182 4377 3428 4432 maxime
3458 4376 3608 4431 beati

1919 4466 2224 4536 Augustini
2277 4467 2442 4522 dictis
2498 4485 2610 4523 non
2668 4469 2965 4523 cohasreat.
3025 4470 3250 4534 Prw/at.
3305 4469 3610 4534 Menologii.

1921 4554 2032 4608 Nec
2061 4555 2275 4610 crimen
2331 4557 2544 4623 renuis,
2601 4557 2694 4611 sed
2752 4556 3192 4612 criminosorum
3237 4556 3466 4610 turbam
3520 4571 3616 4609 re-

1920 4643 2118 4714 quiris.
2144 4645 2199 4700 S.
2239 4647 2589 4713 Hieronymus
2617 4647 2843 4715 Apolog.
2879 4649 2913 4700 2
2944 4650 3128 4701 contra
3158 4647 3432 4714 Ruﬁnum.

2676 4752 2866 4806 LXXV.

2179 4864 2466 4902 CENSORES.
2988 4867 3032 4903 S.
3074 4864 3431 4904 AUGUSTINUS.

1987 4916 2251 4997 Quidlad
2292 4919 2484 4997 hoc,_o
2528 4919 2728 4974 Baiani
2837 4921 3185 4997 _Repen_dite
3216 4918 3357 4973 mihi
3396 4917 3612 4997 beneﬁ-

1914 4988 2545 5067 scholastico-mastigeS.
2646 5008 2723 5044 86-
2801 4988 2982 5067 ςίμιωξ
3025 4991 3074 5044 εἰ
3132 4988 3610 5067 ωεηῐηειϐίδίῖεέξη

1910 5059 2166 5126 pelienda
2234 5056 2556 5116 scholastica
2615 5068 2721 5126 est,
2803 5063 3045 5115 libenter
3097 5059 3324 5122 vocatis,
3397 5056 3612 5111 reddite

1914 5134 1975 5181 ut
2029 5145 2168 5184 unus
2222 5136 2406 5196 regnet
2457 5134 2728 5198 Augusti-
2804 5132 2945 5186 mihi
2975 5129 3310 5184 mercedem.
3346 5128 3465 5182 Lib.
3505 5127 3615 5181 ide

1913 5203 2058 5253 nus?
2081 5202 2171 5254 An
2225 5204 2566 5268 Augustinus
2624 5220 2726 5272 po-
2803 5203 3022 5269 Ordine,
3045 5215 3163 5268 cap.
3203 5203 3287 5254 l0.

1917 5273 2024 5325 tius
2092 5273 2342 5337 legendus
2411 5275 2487 5329 ad
2563 5275 2728 5327 lucem

1915 5343 2262 5406 scholastica,
2294 5350 2344 5398 et
2377 5345 2451 5398 ad
2480 5345 2597 5413 ejus
2628 5345 2887 5398 amussim
2916 5340 3253 5410 exigendus?

2431 5451 2755 5506 ECCLESIA
2795 5447 3107 5504 ROMANA.

1989 5537 2342 5608 Augustinus
2379 5543 2496 5592 tam
2551 5537 2732 5591 multa
2758 5535 2873 5607 pie,
2933 5533 3218 5590 subtiliter
3268 5539 3324 5590 et
3381 5537 3612 5607 copiose

1916 5627 2158 5698 scripsit,
2208 5632 2273 5682 ut
2342 5625 2720 5683 Christianam
2773 5624 3092 5681 doctrinam
3151 5625 3398 5680 maxime
3459 5627 3612 5680 illus-

1915 5715 2099 5777 trarit,
2133 5732 2305 5787 quem
2354 5712 2637 5785 imprimis
2665 5713 2842 5770 secuti
2897 5718 3046 5779 sunt,
3082 5714 3179 5784 qui
3224 5720 3416 5786 postea
3450 5715 3606 5769 theo-
