1954 3090
163 117 215 143 859

163 224 235 250 viar.
251 224 337 257 Rom.,
355 224 412 250 lect.
431 226 457 251 6.

534 267 644 294 LXXVI.

700 321 723 339 S.
744 321 910 340 AUGUSTINUS
917 335 922 341 .

647 348 710 374 Non
748 349 827 375 valde
855 357 935 382 curo,
969 349 1016 375 in-

611 391 709 423 quam,
725 384 914 424 superborum
929 385 1017 424 impe-

612 418 792 453 ritorumque
800 419 918 453 judicia,
927 418 1017 454 quisi-

612 454 718 480 militer
731 454 759 480 in
782 455 914 488 legendos
930 455 1017 481 libros

610 492 694 524 atque
708 490 736 516 in
748 490 910 516 salutandos
927 490 1018 516 homi-

609 533 660 551 nes
672 525 794 551 irruunt.
810 525 870 552 Lib.
879 534 888 551 1
899 526 1015 560 deOrd.,

609 567 669 594 cap.
686 561 728 587 ll.

533 594 655 622 LXXVII.

292 645 441 665 CENSORES.
700 648 723 666 Β.
744 648 922 668 AUGUSTINUS.

201 673 293 710 Neque
322 673 388 710 adeo
419 681 574 707 perversum
645 675 791 702 Auxilium
823 675 873 702 Dei
899 675 1014 710 quaaris,

166 710 205 745 est
225 708 274 734 hoc
300 709 449 740 consilium,
474 712 505 736 ut
528 710 576 736 ha-
611 712 643 737 ut
666 710 841 745 impleantur
860 708 925 737 veni
949 711 1015 738 libri

168 742 228 784 bere
253 751 306 770 non
323 745 410 778 possit
423 744 574 779 adjutorem
611 746 663 784 tui,
680 742 781 784 etnon
795 746 900 784 qumris
913 749 945 773 ut
959 755 1016 773 cor-

166 779 258 805 Deum.
610 779 741 821 rigantur
765 779 892 821 perversi
916 790 1015 821 sensus

298 319 441 338 CENSORES.

202 346 277 372 Licet
294 354 328 373 ea:
343 347 499 379 Augustino
514 347 573 373 Au-

166 382 271 413 gustini
288 381 439 408 doctrinam
459 383 575 409 aliorum

165 418 327 450 scriptorum
343 417 450 450 judicio
470 425 575 444 censen-

166 451 230 477 dum
247 459 386 485 etc-ponere,
402 453 463 479 licet
476 456 499 479 et
510 461 573 487 pro-

165 494 235 520 prio,
252 486 334 521 idque
349 488 426 514 salva
441 486 573 523 honoriﬁ-

163 523 258 548 centia.

608 817 658 843 tui.
689 817 749 843 Lib.
772 825 800 843 ιιι
828 820 921 844 contra
944 817 1013 851 Jul.,
1035 824 1055 851 Β

608 852 687 886 Oper.
700 853 822 886 imperf.,
839 854 919 880 initio
925 873 932 879 .

479 895 506 922 S.
528 896 695 924 PROSPER.

206 937 284 964 Unde
308 946 376 973 ergo
397 939 458 966 hinc
474 940 613 967 sententia
633 943 690 967 tam
707 941 797 967 severi
819 941 936 968 emersit
951 949 1015 968 exa-

165 981 270 1009 minis?
285 983 364 1009 Unde
389 983 419 1010 in
442 983 522 1019 hanc}
536 984 731 1012 austeritatem
748 985 933 1020 supercilium
955 987 1016 1012 tam

166 1025 274 1053 tetricae
299 1026 401 1054 frontis
425 1036 454 1054 se
478 1029 608 1061 armavit,
634 1031 666 1055 ut
692 1037 840 1056 mensuras
867 1038 1014 1063 sensuum,

165 1070 294 1104 pondera
309 1071 498 1106 locutionum,
514 1080 648 1100 numeros
667 1073 840 1109 syllabarum
864 1073 1016 1101 insidiosus

165 1116 306 1141 scrutator
321 1115 476 1149 eventilet,’
487 1124 682 1152 magnumque
697 1126 725 1144 se
748 1118 856 1153 aliquid
877 1118 1016 1145 conﬁcere

164 1161 331 1193 prmsumat,
349 1160 373 1186 si
387 1160 527 1187 catholico
546 1161 727 1196 praedicatori
755 1162 874 1197 (scilicet
902 1164 1015 1197 Augus-

166 1202 240 1236 tino)
253 1205 349 1229 notam
365 1204 470 1231 erroris
481 1204 587 1240 afﬁgat,
604 1206 686 1240 quasi
701 1206 878 1241 incognitum
900 1207 1015 1242 aliquod

166 1254 249 1280 opus,
266 1249 294 1273 et
307 1247 383 1282 quod
411 1247 549 1275 hactenus
572 1249 688 1276 latuerit
710 1250 876 1285 impetatur,
894 1258 930 1277 an
958 1258 1016 1277 non

162 1289 211 1316 illa
227 1289 262 1316 iis
277 1290 420 1317 morsibus
430 1291 559 1319 doctrina
575 1293 708 1326 lanietur,
723 1302 787 1329 quae
803 1302 942 1322 novorum
956 1296 1015 1324 hae-

164 1333 320 1360 reticorum
336 1338 498 1362 commenta
525 1336 645 1371 disjecit,
673 1339 701 1364 et
726 1337 1015 1374 diabolicumLtumo-

164 1384 226 1404 rem
243 1377 403 1413 Pelagianae
424 1379 556 1407 elationis
571 1380 665 1407 elisit?
678 1382 790 1414 Prae/at.
811 1382 940 1411 adversus
954 1384 1016 1420 ιοοι-

164 1421 284 1448 latorem.

521 1468 655 1496 LXXVIII.

296 1517 440 1537 CENSORES.

203 1544 285 1571 Vides
305 1547 384 1573 tertio
408 1548 572 1581 quantopere

166 1579 283 1606 alienum
302 1583 378 1614 putet
399 1579 571 1615 Augustinus

162 1623 180 1641 α
198 1616 249 1649 pia
273 1615 389 1643 doctoris
407 1617 569 1651 humilitate,

701 1521 723 1540 S.
745 1522 923 1542 AUGUSTINUS.

643 1547 697 1579 Qui
710 1549 810 1584 legunt
825 1551 895 1581 hac,
926 1551 948 1577 si
966 1551 1014 1578 in-

607 1583 751 1621 telligunt;
767 1589 853 1620 agant
869 1587 925 1613 Deo
948 1595 1013 1621 gra-

607 1618 673 1655 tias;
691 1621 740 1655 qui
752 1618 914 1648 autemnon
929 1618 1013 1649 idtel-

162 1652 188 1676 et
202 1652 294 1677 veraci
312 1651 344 1677 de
355 1659 382 1678 se
392 1653 450 1686 ipso
464 1654 569 1686 cogita-

163 1686 243 1722 tione,
261 1687 334 1720 quod
351 1688 416 1714 velit
430 1690 478 1714 aut
493 1691 572 1722 putet

162 1720 245 1748 libros
260 1729 321 1748 suos
335 1724 435 1749 erroris
449 1720 570 1757 ewpcrtcs

163 1763 227 1793 esse.
248 1757 310 1783 Fuit
327 1758 414 1790 igitur
428 1759 509 1785 etiam
524 1760 570 1793 ip-

165 1792 222 1818 sius
241 1792 400 1826 Augustini,
417 1796 442 1820 et
456 1795 502 1827 pia
517 1792 571 1821 hac

164 1827 316 1861 humilitas,
341 1831 366 1855 et
386 1836 471 1856 cerua;
495 1829 527 1856 de
544 1837 572 1856 se

164 1863 224 1896 ipso
239 1865 384 1897 cogitatio;
397 1872 428 1890 ac
446 1865 570 1898 proinde,

167 1898 215 1932 qui
227 1898 260 1924 de
269 1900 355 1932 ipsius
366 1900 477 1933 scriptis
493 1901 574 1927 aliter

161 1934 290 1966 sentiunt,
333 1935 485 1962 mendacem
530 1937 572 1967 fa-

161 1969 247 2006 ciunt,
266 1977 326 2006 qua
345 1977 430 1997 cerua:
454 1973 572 2006 supponi

608 1654 711 1688 ligunt,
742 1659 825 1683 orent
852 1659 884 1683 ut
915 1665 1014 1684 eorum

606 1688 656 1715 ille
671 1690 709 1716 sit
731 1691 832 1718 doctor
851 1692 980 1724 interior,
999 1701 1014 1719 ιι

608 1725 690 1763 cujus
704 1725 775 1753 facie
791 1729 833 1763 est
855 1727 973 1754 scientia
987 1730 1015 1755 et

606 1761 778 1788 intellectus.
806 1762 860 1794 Qui
883 1771 949 1789 vero
968 1771 1014 1790 er-

608 1802 671 1822 rare
686 1804 732 1823 me
744 1797 916 1832 existimant,
927 1799 1013 1825 etiam

608 1835 694 1866 atque
709 1832 794 1859 etiam
805 1841 870 1867 quae
879 1836 944 1860 sunt
955 1834 1013 1860 dic-

610 1869 636 1893 ta
650 1867 840 1901 considerent,
859 1877 895 1895 ne
918 1869 1015 1895 fortas-

609 1903 647 1929 sis
659 1903 714 1938 ipsi
729 1905 833 1930 errent.
851 1905 886 1930 In
904 1906 957 1938 ﬁne
979 1905 1013 1931 li-

612 1938 655 1965 bri
683 1938 716 1965 de
740 1940 813 1966 Dono
837 1947 1014 1974 perseveran-

609 1975 663 2000 tiae.

162 2003 238 2031 debet
251 2005 310 2039 ejus
327 2005 451 2032 intentio.

541 2051 636 2080 IDEM.

200 2090 302 2125 Magna
317 2092 394 2119 enim
416 2094 509 2128 gloria
536 2103 586 2123 sua
599 2096 725 2124 humano
749 2097 848 2132 generi
863 2099 1011 2126 consulue-
1027 2107 1049 2135 D

164 2132 232 2165 rint,
263 2134 287 2160 si
315 2136 508 2170 Augustinum
537 2139 573 2166 ab
603 2147 699 2167 errore
726 2142 934 2175 revocaverint;
959 2142 1014 2169 nisi

163 2176 237 2203 forte
252 2179 373 2206 modesti
397 2180 530 2209 homines
549 2191 668 2213 NOVIQUE
686 2192 818 2211 ceusones
842 2193 1012 2220 magnorum

163 2220 245 2254 prius
267 2222 437 2259 meritorum
465 2226 525 2252 seni
543 2226 750 2253 honorabiliter
771 2236 802 2254 ac
822 2228 1013 2257 misericordi-

163 2266 209 2290 ter
218 2269 351 2300 parcunt,
363 2270 392 2294 et
406 2268 507 2301 securi,
523 2270 590 2305 quia
607 2270 693 2297 libros
708 2271 769 2306 ejus
792 2280 877 2299 nemo
892 2281 1013 2309 usquam

165 2307 296 2343 recipiat,
323 2312 541 2346 conquiescunt,
568 2317 654 2349 atque
675 2314 846 2348 ignoverint.
866 2307 955 2351 Epist.
976 2318 1014 2345 ad

163 2353 302 2389 Ruﬁnum.

531 2402 591 2429 LXX
596 2403 627 2430 IX
632 2423 638 2430 .

294 2451 439 2471 CENSORES.
694 2456 717 2476 S.
746 2457 920 2476 AUGUSTINUS.

196 2478 282 2519 Quam
310 2481 488 2519 multi7ferre
515 2489 569 2519 non
615 2518 619 2519 7
642 2483 786 2517 lnvidetis,
803 2485 920 2519 inquam
937 2485 1012 2512 arri-

158 2516 282 2547 possunt,
305 2515 369 2542 istos
394 2516 514 2544 homines
532 2518 569 2544 ad
605 2518 684 2552 dens,
714 2515 853 2546 laud'ibus‘
871 2520 951 2547 meis.
977 2521 1011 2548 In

159 2556 288 2587 nauseam
313 2558 397 2585 usque
422 2553 566 2586 inculcare,
603 2555 656 2587 ﬁne
671 2554 718 2581 lib.
745 2563 774 2580 ιιι
799 2557 892 2582 contra
910 2556 1011 2583 Acade-

161 2584 359 2616 Augustinum’
373 2588 481 2615 Patrem
512 2584 568 2615 esse
603 2584 695 2616 micas.

160 2618 282 2652 Patrum,
312 2621 444 2649 doctorem
476 2623 565 2650 docto-

160 2660 231 2721 ;W".
245 2656 363 2716 Erlimum
369 2661 433 2692 post
446 2660 591 2693 scriptores
600 2660 749 2693 canonicos,
766 2660 929 2696 mirabilem,
939 2662 1008 2688 irre-

175 2696 244 2721 raga
263 2697 272 2716 t
286 2697 336 2717 em.

175 2696 336 2722 ragaouem.

539 2741 632 2769 LXXX.

288 2790 432 2811 CBNSORES.

196 2817 254 2844 Non
295 2817 369 2844 dixit
409 2819 563 2848 Caelestinus

693 2795 714 2814 5.
735 2795 913 2815 AUGUSTINUS.

635 2821 707 2853 Quid
722 2821 809 2857 igitur
834 2823 887 2850 tibi
909 2823 938 2850 in
955 2824 1008 2851 hoc

668 118 949 147 SUPI’LEMENTUM
970 120 1014 147 AD
1033 120 1150 148 OPERA
1169 122 1196 149 S.
1217 122 1411 150 AUGUSTINI.
1833 134 1877 161 360

160 177 283 213 logicam
300 178 481 213 disciplinam
493 179 539 206 via
553 181 581 206 et
605 179 716 207 ratione
730 180 921 209 tradiderunt.
948 181 1012 208 Bre-
1030 183 1054 209 Α
1069 183 1253 214 Augustinum
1283 191 1338 210 esse
1366 184 1476 211 Patrem

1513 191 1617 218 genere
1629 187 1789 221 tentationis,
1804 192 1882 219 Domi-

1514 228 1559 252 ne,
1574 221 1721 249 confiteor?
1740 225 1825 255 Quid?
1838 229 1882 255 nisi

1515 255 1645 293 delectari
1653 265 1694 284 me
1708 259 1833 293 laudibus,
1845 265 1883 289 sed

1515 291 1641 331 amplius
1679 293 1736 331 ipsa
1775 291 1883 331 veritate,

1514 334 1600 360 quam
1637 327 1766 356 laudibus.
1794 327 1883 359 Posteai

1515 362 1708 389 Verumtamen
1743 366 1837 392 nollem
1861 370 1885 394 ut

1513 397 1557 434 vel
1569 401 1682 434 augeret
1696 399 1760 425 milii
1771 402 1885 434 gaudium

1513 432 1661 466 cujuslibet
1685 433 1749 461 boni
1769 432 1820 462 mei
1839 438 1886 463 suf-

1513 467 1633 502 fragatio
1654 468 1707 495 oris
1730 470 1823 503 alieni;
1848 474 1885 498 sed

1513 506 1609 536 auget,
1621 503 1718 539 fateor,
1739 512 1791 531 non
1802 507 1884 539 solum,

1513 539 1561 564 sed
1577 541 1604 564 et
1616 538 1775 573 vituperatio
1794 541 1884 568 minuit.

1513 574 1573 600 Lib.
1591 582 1609 600 χ
1621 574 1745 609 Confess.,
1761 583 1814 610 cap.
1830 578 1866 603 37.

1352 626 1474 653 SANCTI
1494 626 1634 653 PATBES.

1103 669 1221 696 Sanctus
1236 670 1337 697 Praesul
1360 671 1533 704 Augustinus
1550 673 1702 706 assumptus
1722 674 1758 698 est
1776 680 1828 698 cum
1846 681 1887 699 an-

1069 714 1147 747 gelis,
1161 714 1209 740 ubi
1223 715 1323 747 gaudet
1333 723 1393 743 cum
1414 717 1564 750 prophetis,
1586 717 1691 743 lzetatur
1705 724 1759 743 cum
1771 717 1886 751 apostolis,

1070 765 1184 791 quorum
1195 759 1293 793 plenus
1308 761 1421 793 spiritu,
1444 768 1504 794 quae
1516 760 1704 795 prndixerunt
1718 761 1822 793 mystica
1838 761 1888 792 fecit

1070 801 1146 828 nobis
1161 803 1265 836 pervia,
1279 804 1342 836 post
1364 810 1429 836 quos
1444 804 1562 830 secunda
1586 803 1758 838 dispensandi
1775 802 1841 830 verbi
1852 805 1888 830 Dei

1067 846 1174 880 primus
1188 846 1298 878 refulsit
1317 847 1419 879 gratia.
1442 846 1563 873 Ecclesia
1577 847 1778 881 Augustiniana
1791 847 1817 874 in
1830 847 1888 873 auti-

1069 889 1167 924 phona
1193 889 1228 916 ad
1248 891 1417 924 Magni/teat,
1433 890 1463 917 in
1487 891 1617 925 ejusdem
1640 891 1819 918 solemnitate.
1843 892 1887 918 Ee-

1070 934 1262 961 cellentissimw
1287 936 1460 962 auctoritatis
1475 936 1565 962 virum
1588 937 1670 962 vocat
1693 935 1816 962 eumdem
1829 942 1888 961 sanc-

1069 979 1114 1004 tus
1128 978 1250 1012 Prosper
1263 977 1293 1004 in
1306 978 1387 1013 epist.
1406 979 1440 1006 ad
1459 979 1605 1007 Ruﬁnum.
1630 980 1804 1007 Admirabilis
1817 979 1890 1013 dispu-

1070 1024 1142 1049 tator
1157 1022 1261 1049 dicitur
1276 1022 1312 1049 ab
1326 1022 1427 1049 eodem
1443 1022 1473 1049 in
1485 1031 1560 1058 resp.
1578 1023 1612 1050 ad
1629 1023 1745 1050 dubium
1757 1024 1772 1050 8
1786 1023 1890 1050 Genuen-

1069 1065 1154 1092 sium.
1188 1066 1327 1098 Magister
1347 1067 1488 1094 mirabilis
1515 1075 1532 1093 a
1551 1067 1717 1094 Cassiodoro
1737 1066 1764 1093 in
1789 1066 1850 1101 prol.
1864 1065 1890 1092 ad

1070 1110 1203 1145 psalmos.
1221 1110 1272 1138 Cui
1299 1110 1484 1137 contradicere
1505 1112 1550 1144 fas
1574 1119 1628 1138 non
1654 1113 1699 1142 est,
1715 1113 1818 1137 sanctus
1831 1110 1890 1136 Iide-

1069 1153 1196 1188 phonsus
1212 1161 1298 1180 scrm.
1315 1155 1331 1180 2
1346 1153 1381 1180 de
1403 1154 1431 1180 Β.
1459 1153 1581 1188 Virgine.
1612 1155 1713 1181 Beatus
1730 1153 1855 1181 Jordanus
1865 1152 1890 1178 de

1069 1197 1189 1224 Saxonia
1203 1197 1264 1224 haec
1279 1197 1393 1224 scribit:
1415 1198 1484 1225 Post
1506 1199 1623 1225 Paulum
1651 1200 1776 1225 neminem
1806 1199 1889 1224 sancto-

1069 1248 1129 1267 rum
1143 1242 1260 1275 ποι-εἴατο
1288 1242 1317 1267 in
1338 1242 1463 1268 doctrina
1486 1242 1551 1276 fidei
1575 1243 1738 1277 Augustino,
1762 1241 1826 1268 unde
1848 1242 1890 1274 ipse

1069 1286 1179 1320 proprie
1193 1285 1296 1312 dicitur
1310 1286 1379 1313 alter
1393 1287 1512 1318 angelus.
1527 1286 1617 1314 Serm.
1638 1288 1696 1314 140.

1436 1330 1544 1357 LXXXI.

1199 1380 1346 1400 CKNSORES.
1608 1383 1632 1401 S.
1653 1381 1822 1402 AUGUSTINUS.

1105 1409 1210 1436 Novum
1243 1410 1343 1436 crimen
1372 1409 1477 1443 inquiet
1549 1410 1631 1437 Nunc
1655 1410 1707 1437 tibi
1727 1412 1806 1441 certe,
1832 1406 1891 1442 quod

1069 1445 1182 1484 aliquis,
1199 1446 1224 1470 et
1247 1444 1319 1478 quod
1342 1444 1476 1484 invidiam
1513 1446 1709 1484 tem7male7ac
1725 1445 1797 1484 falso
1809 1443 1838 1470 de
1859 1450 1891 1468 me

1068 1480 1177 1516 redolet,
1214 1487 1309 1506 vocare
1344 1480 1476 1516 hominem
1512 1480 1600 1516 f7ueris
1627 1481 1768 1516 opinatus,
1791 1480 1891 1516 ignosco.

1068 1516 1097 1541 in
1110 1515 1258 1549 judicium,
1279 1515 1350 1549 quod
1364 1517 1476 1548 Augus-
1512 1515 1574 1542 Lib.
1591 1524 1619 1543 iv
1639 1514 1718 1550 Oper.
1748 1514 1855 1549 imper/1,
1874 1520 1891 1538 ε.

1070 1551 1156 1577 tinum
1173 1551 1254 1576 nimis
1280 1550 1362 1584 effuse
1382 1550 1477 1577 lauda—
1513 1552 1540 1578 4.

1068 1585 1325 1624 cerit.7Absoluelur
1344 1593 1415 1624 reus,
1436 1586 1477 1612 vel
1564 1623 1568 1624 7
1738 1622 1743 1624 _
1811 1621 1818 1624 7

1068 1622 1127 1655 ipso
1141 1621 1296 1654 Augustino
1306 1621 1409 1660 judice,
1425 1629 1510 1660 neque
1524 1623 1597 1660 enim
1605 1622 1663 1660 7ulli
1683 1619 1893 1660 vertiamfacilius

1068 1654 1251 1690 impertimur,
1269 1654 1350 1690 quam
1364 1657 1405 1683 illi
1418 1654 1471 1690 qui
1484 1656 1516 1683 de
1528 1658 1623 1684 nimiis
1640 1666 1704 1692 erga
1718 1664 1763 1684 nos
1789 1654 1893 1683 laudibus

1068 1694 1221 1718 accusatur.

1071 219 1182 244 Patrum
1188 239 1194 250 ,
1222 219 1354 245 doctorem
1389 220 1477 246 docto-

1072 256 1135 285 tum,
1151 256 1270 286 primum
1284 255 1418 287 Angelum
1433 257 1475 281 in-

1072 291 1110 314 ter
1134 292 1239 315 ca'tcros
1264 292 1409 323 episcopos,
1431 292 1477 316 in—

1071 327 1110 349 ter
1125 332 1212 351 onnu‘s
1227 326 1475 352 arcellenlis\imum

1070 361 1094 385 ct
1112 368 1171 385 rore
1197 360 1421 394 irrefruyubilem,
1451 364 1477 388 et

1070 395 1239 427 inc/[ubilith
1256 396 1417 429 mirabilem,
1429 396 1476 423 sed

1071 430 1194 456 habitum
1215 439 1269 456 esse
1294 431 1361 458 dicit
1386 440 1403 457 α
1418 433 1475 458 suis

1067 466 1307 499 praedecessor-ibus
1352 467 1477 493 Innocen-

1071 503 1116 531 tio,
1133 503 1244 534 Zusimo,
1272 502 1411 534 Boni/acto
1436 504 1475 529 in-

1070 539 1110 563 ter
1127 538 1272 570 magistros
1287 538 1411 571 optimos.

1377 1736 1404 1763 S.
1422 1736 1609 1764 POSSIDIUS.

1102 1783 1136 1811 Si
1151 1786 1248 1812 cuncta
1269 1785 1321 1811 mei
1341 1786 1460 1818 corporis
1484 1785 1603 1811 membra
1634 1786 1797 1812 verterentur
1813 1784 1838 1809 in
1851 1782 1893 1808 lin-

1068 1837 1145 1863 guas,
1163 1829 1251 1856 adhuc
1277 1837 1331 1856 non
1355 1837 1435 1856 essm
1460 1830 1559 1863 dignus
1583 1833 1632 1857 aut
1656 1831 1789 1865 sufﬁciens
1803 1828 1835 1854 ad
1848 1828 1894 1853 lau-

1068 1874 1190 1900 dandum
1214 1875 1318 1900 tantum
1351 1874 1457 1901 Patrem
1482 1876 1506 1900 ct
1521 1874 1666 1907 doctorem,
1691 1876 1715 1901 et
1736 1875 1832 1900 tantum
1844 1869 1894 1905 ﬁdei

1067 1918 1209 1944 relucentis
1247 1918 1467 1944 illuminatorem.
1509 1918 1595 1953 Epist.
1631 1919 1668 1946 ad
1711 1915 1891 1945 Macedonium.

1068 1962 1186 1989 Sanctus
1204 1961 1327 1988 Thomas
1343 1962 1544 1988 Villanovanus
1566 1962 1623 1989 ait:
1641 1963 1663 1990 Ο
1682 1969 1761 1997 quem
1776 1961 1799 1988 te
1812 1965 1893 1986 memo-

1068 2014 1124 2033 rem
1151 2007 1258 2033 Patrem
1272 2007 1481 2040 Augustinum?
1498 2006 1589 2034 (Hunis
1606 2007 1667 2033 laus
1691 2006 1801 2039 inferior
1812 2006 1833 2030 te
1852 2004 1894 2029 est;

1068 2058 1148 2077 conc.
1167 2052 1176 2076 l
1199 2051 1233 2077 de
1248 2050 1275 2077 S.
1292 2050 1462 2085 Augustino.
1480 2051 1598 2084 Quorum
1613 2052 1736 2085 profecto
1763 2050 1893 2076 sanctorum

1068 2094 1189 2121 uirorum
1204 2094 1320 2129 (nempe
1334 2093 1483 2129 Augustini
1498 2095 1526 2120 et
1552 2094 1681 2128 Thomas)
1705 2100 1783 2129 penes
1803 2089 1894 2119 catholi-

1068 2144 1110 2165 cos
1126 2138 1264 2164 universos
1289 2138 1411 2170 ingentia
1438 2139 1463 2164 et
1482 2144 1584 2164 omnem
1611 2137 1720 2164 laudem
1742 2139 1894 2170 supergressa

1067 2182 1186 2214 nomina,
1198 2181 1425 2208 commendatione
1439 2182 1501 2208 novi
1524 2183 1655 2215 praeconii
1668 2182 1749 2216 plane
1762 2187 1811 2206 non
1822 2178 1891 2211 egent.

1067 2225 1228 2253 Alexander
1239 2225 1297 2258 VII,
1318 2224 1348 2251 in
1363 2225 1442 2252 bulla
1453 2224 1487 2251 ad
1503 2225 1702 2252 Lovanienses.

1433 2287 1552 2314 LXXXII.

1601 2339 1624 2358 S.
1646 2336 1819 2358 AUGUSTINUS.

1544 2366 1608 2398 Ora,
1639 2366 1764 2398 obsecro,
1795 2365 1823 2390 ut
1847 2367 1893 2387 non

1509 2397 1618 2438 laudari
1644 2402 1757 2438 volens,
1779 2399 1824 2438 sed
1846 2397 1892 2424 lau-

1510 2437 1580 2464 dans
1597 2437 1727 2473 invocem
1748 2437 1891 2473 Dominum.

1510 2475 1538 2499 et
1557 2473 1594 2499 ab
1615 2472 1739 2499 inimicis
1764 2469 1830 2497 meis
1849 2466 1892 2493 sal-

1509 2516 1559 2534 vus
1570 2543 1574 2544 7
1586 2508 1664 2534 tiam.
1676 2507 1799 2544 7Epist.”
1811 2505 1841 2529 22
1864 2499 1893 2527 ad

1507 2543 1660 2570 Paulinum.
1675 2542 1827 2578 Presertim
1836 2544 1892 2574 quo-

1506 2578 1583 2604 niam
1598 2577 1682 2605 multi
1698 2578 1763 2603 sunt
1777 2575 1819 2602 hic
1842 2578 1891 2606 qm,

1507 2612 1684 2640 detrahendo
1707 2611 1796 2642 nobis,
1822 2609 1892 2646 caete-

1506 2656 1604 2675 rorum
1626 2648 1747 2678 animos,
1766 2654 1781 2672 a
1802 2642 1891 2678 quibus

1507 2684 1589 2719 diligi
1616 2683 1755 2714 videmur,
1775 2679 1891 2719 adversus

1505 2716 1738 2755 nos'perturbare
1760 2716 1889 2755 conantur.

1505 2750 1592 2788 Epist.
1621 2756 1672 2781 227
1701 2752 1738 2780 ad
1764 2750 1888 2778 Albinum,

1506 2793 1558 2817 etc.

1200 2338 1341 2357 CENSORES.

1103 2367 1150 2393 Est
1164 2367 1234 2393 enim
1257 2367 1286 2392 in
1296 2373 1360 2400 Jure
1375 2366 1471 2392 titulus

1066 2401 1099 2427 de
1112 2402 1200 2435 pluris
1218 2402 1359 2435 positione,
1375 2402 1406 2426 ut
1424 2401 1472 2434 qui

1065 2436 1128 2470 plus
1157 2437 1280 2470 postulat
1308 2437 1399 2462 minus
1422 2436 1472 2462 ha-

1066 2472 1141 2502 beat;
1174 2474 1198 2498 et
1223 2471 1298 2498 nobis
1329 2480 1346 2497 a
1371 2473 1473 2498 natura

1065 2509 1251 2541 comparatum
1283 2509 1322 2533 est
1355 2509 1385 2533 ut
1413 2514 1473 2534 cum

1065 2543 1165 2576 aliquis
1182 2543 1244 2576 plus
1266 2542 1340 2576 justo
1362 2543 1469 2569 extolli-

1065 2580 1119 2610 tur,
1136 2578 1258 2605 naturali
1269 2577 1387 2611 quadam
1406 2585 1471 2611 pro—

1061 2615 1190 2648 pensione
1226 2620 1349 2640 conemur
1390 2613 1469 2640 illum

1064 2648 1224 2683 deprimere,
1245 2650 1270 2674 et
1291 2648 1385 2674 laudes
1399 2649 1470 2675 ultro

1063 2691 1116 2710 non
1147 2684 1257 2717 roganti
1291 2683 1468 2716 concedimus,

1062 2719 1104 2745 vel
1136 2718 1305 2746 obtrudimus
1333 2720 1470 2745 recusanti

1064 2754 1136 2788 quod
1145 2762 1194 2787 pro
1209 2761 1257 2781 suo
1268 2754 1332 2788 jure
1348 2755 1469 2787 exigenti

1061 2797 1230 2822 negaremus.
1269 2789 1337 2820 Quae
1370 2792 1469 2824 postea

1062 2824 1185 2859 applicat
1198 2826 1294 2851 sancto
1309 2825 1469 2859 Augustino
