3914 6186
68 264 171 316 861

1402 263 1720 319 \‘INDICIAS
1759 263 2299 320 AUGUSTINIANIE.

641 384 698 439 S.
742 384 1207 441 HIERONYMUS.

149 473 317 527 Certe
364 471 644 543 quidquid
685 473 795 526 dici
835 474 1038 543 potuit,
1090 478 1146 526 et
1192 471 1423 527 sublimi
1452 472 1683 545 ingenio
1715 473 1784 527 de

75 562 505 632 Scripturarum
536 566 862 615 sanctarum
892 561 1114 615 hauriri
1146 561 1417 627 fontibus,
1452 579 1481 615 a
1514 568 1567 615 te
1623 563 1783 632 posi-

80 655 207 704 tum
272 654 443 720 atque
504 650 811 704 dissertum
854 656 958 705 est.
1005 650 1114 705 Sed
1160 667 1354 722 quasso
1403 651 1784 705 reverentiam

82 745 242 791 tuam
284 754 597 808 parumper
626 739 861 808 patiaris
891 755 982 792 me
1009 744 1173 793 tuum
1195 740 1429 795 laudare
1463 739 1779 811 ingenium.

78 828 271 896 Epist.
302 828 369 881 3O
394 827 468 880 ad
487 829 721 894 August.

798 916 1068 971 LXXXIII.

350 1021 633 1058 CENSORES.

150 1076 404 1130 Ecclesia:
494 1078 713 1131 interest
802 1091 903 1130 sua

75 1150 263 1199 omnia
305 1148 440 1215 jura
480 1163 585 1199 non
632 1149 729 1200 uni
769 1164 903 1200 com-

74 1220 295 1270 mittere
316 1237 330 1281 ;
351 1219 694 1285 periclitatur
711 1220 904 1271 emerci-

75 1292 167 1341 tus
226 1289 381 1354 cujus
416 1289 582 1341 robur
622 1292 781 1342 unius
814 1290 903 1342 ho-

72 1361 250 1411 minis
276 1361 473 1411 virtute
502 1361 715 1412 nititur.
760 1359 901 1424 Quid

70 1432 225 1481 enim
251 1431 300 1482 si
329 1430 565 1483 haeretici
592 1433 704 1483 suis
733 1447 901 1496 argu-

74 1504 175 1552 tiis
208 1505 421 1568 possent
443 1503 679 1553 evincere
708 1516 763 1553 se
793 1518 901 1553 non

71 1586 195 1623 esse
242 1574 423 1637 aperte
469 1572 537 1623 ab
590 1573 901 1639 Augustino

69 1641 368 1694 damnatos
388 1644 415 1694 ?
442 1642 689 1695 Ecclesia."
730 1657 895 1695 causa

71 1712 377 1765 deserenda
402 1716 555 1774 esset,
589 1719 637 1765 et
676 1715 892 1780 insufﬂ-

71 1786 229 1835 ciens
249 1784 388 1847 foret
408 1785 645 1836 omnium
667 1784 897 1836 aliorum

71 1856 310 1907 Patrum
389 1868 694 1918 consensus,
760 1857 898 1921 quia

69 1928 120 1977 Α
132 1927 426 1990 ugustinus
439 1928 515 1977 est
526 1928 857 1978 necessarius
873 1928 900 1977 Ξ)

69 1997 281 2061 Iniqua
310 2000 445 2048 certe
482 1999 616 2048 esset
651 1997 899 2049 Ecclesiae

72 2066 339 2131 conditio,
382 2068 469 2118 cui
498 2069 633 2119 Deus
655 2082 757 2119 non
774 2068 897 2119 uni-

72 2152 207 2188 cum
227 2136 509 2203 doctorem,
538 2137 632 2190 sed
662 2137 898 2191 doctores

69 2209 354 2275 promisit,
387 2213 445 2259 ut
472 2222 577 2260 non
607 2211 897 2274 circumfe-

74 2294 277 2331 ramur
287 2281 431 2331 omni
446 2283 599 2332 vento
617 2279 895 2334 doctrinae.

1154 1022 1199 1058 S.
1258 1021 1606 1060 AUGUSTINUS.

1048 1076 1251 1129 Desine
1330 1077 1560 1142 talibus,
1636 1093 1789 1129 unus

975 1146 1146 1201 homo
1177 1162 1323 1213 sum,
1354 1148 1613 1201 Ecclesia:
1640 1148 1790 1201 inter

977 1233 1079 1270 nos
1102 1216 1290 1286 agitur
1303 1234 1488 1282 causa,
1507 1234 1622 1271 non
1642 1234 1786 1285 mea,

980 1288 1258 1355 Ecclesiae,
1279 1288 1537 1358 inquam,
1570 1305 1699 1358 quae
1729 1290 1790 1342 in

975 1359 1130 1411 nullo
1156 1359 1386 1412 homine
1401 1376 1559 1428 spem
1579 1375 1790 1429 ponere

974 1446 1005 1481 a
1028 1446 1128 1482 suo
1161 1429 1359 1483 didicit
1387 1431 1786 1500 Redemptore.

975 1500 1313 1569 Quanquam
1338 1517 1443 1554 nec
1462 1502 1530 1554 de
1554 1517 1643 1554 me
1668 1502 1788 1570 ipso

975 1570 1154 1635 vobis,
1185 1571 1408 1624 etiamsi
1445 1588 1633 1625 meam
1661 1588 1791 1625 con-

967 1641 1345 1726 versationem
1395 1642 1676 1722 nossetis,‘
1705 1658 1786 1695 re-
1816 1673 1856 1726 Β
1899 1644 2246 1726 honorarium
2292 1645 2350 1695 in
2388 1642 2516 1694 aliis
2553 1642 2707 1694 illum

969 1717 1053 1765 cte
1121 1712 1447 1766 crederetur
1515 1712 1783 1766 inimicus

968 1782 1131 1837 mihi.
1171 1783 1257 1836 Ad
1302 1783 1783 1837 existimationem

971 1852 1270 1907 hominum
1302 1868 1509 1923 magna
1549 1855 1783 1907 testium

972 1925 1073 1993 qui
1100 1939 1193 1976 me
1224 1930 1509 1977 noverunt
1534 1925 1785 1994 suppetit

972 1994 1154 2063 copia,
1207 1995 1277 2048 ad
1329 1995 1425 2049 Dei
1476 2011 1606 2048 vero
1641 2011 1783 2048 con-

972 2070 1229 2135 spectum
1259 2066 1380 2118 sola
1409 2066 1779 2131 conscientia,

973 2152 1147 2207 quam
1194 2141 1389 2189 contra
1436 2137 1783 2190 criminatio-

974 2224 1074 2260 nes
1124 2210 1335 2259 vestras
1385 2223 1513 2259 cum
1544 2207 1783 2277 intrepi-

975 2278 1103 2331 dam
1120 2293 1338 2346 geram,
1358 2294 1470 2330 non
1489 2284 1783 2331 metamen

971 2349 1073 2401 sub
1133 2348 1311 2401 oculis
1368 2348 1786 2419 Omnipotentis

3477 266 3583 319 862

1814 389 1857 441 Α
1891 385 2051 440 decet
2081 386 2299 440 honore
2329 389 2629 439 veneratus
2658 401 2804 452 sum,
2834 390 2890 439 et
2918 384 3274 440 habitantem
3312 385 3373 439 in
3414 390 3468 439 te
3498 386 3588 440 di-

1892 473 2004 526 lexi
2035 474 2342 527 Dominum
2371 473 2754 539 Salvatorem;
2785 475 2883 528 sed
2912 491 3081 534 nunc,
3116 474 3164 526 si
3202 474 3326 526 ﬁeri
3374 478 3582 544 potest,

1891 563 2119 615 cumulo
2147 563 2361 632 aliquid
2394 562 2679 629 addimus,
2703 568 2758 616 et
2779 564 2946 633 plena
2964 564 3338 631 complemus,
3361 567 3424 614 ut
3454 562 3582 615 abs-

1894 666 2005 720 que
2034 650 2119 702 tui
2164 650 2413 703 nominis
2454 650 2736 703 mentione
2790 666 2857 703 ne
2913 666 3089 703 unam
3121 650 3353 720 quidem
3384 651 3584 703 horam

1892 738 2185 807 prasterire
2243 738 2547 807 patiamur.
2604 741 2824 792 Postea:
2873 740 3044 791 Macte
3094 738 3298 790 virtute
3338 737 3398 789 in
3448 737 3584 789 urbe

1894 827 2215 893 celebraris,
2267 826 2527 879 catholici
2573 832 2627 879 te
2677 827 3029 880 conditorem
3072 825 3321 895 antiquae
3361 841 3586 877 rursum

1895 915 2029 970 ﬁdei
2062 920 2408 969 venerantur
2464 920 2630 985 atque
2681 915 3012 985 suspiciunt,
3067 918 3139 977 et,
3176 914 3326 983 quod
3358 913 3589 982 signum

1896 1006 2129 1075 majoris
2177 1004 2373 1074 gloria1
2448 1008 2550 1070 est,
2624 1019 2821 1057 omnes
2885 1002 3137 1056 haeretici
3207 1002 3580 1055 detestantur.

1896 1096 2077 1163 Epist.
2112 1096 2178 1146 25
2210 1093 2284 1146 ad
2312 1095 2455 1159 Aug.

2610 1196 2877 1253 LXXXVI.

2166 1304 2456 1341 CENSORES.
2969 1303 3013 1339 S.
3055 1301 3412 1339 AUGUSTINUS.

1969 1360 2073 1425 Qui
2131 1362 2289 1427 prius
2345 1360 2712 1424 Augustinum
2857 1358 2980 1410 Non
3028 1357 3180 1409 enim
3230 1353 3593 1427 vos‘oblitos

1898 1434 1955 1484 in
1979 1424 2222 1493 omnibus
2244 1430 2595 1498 deposcebant
2610 1430 2711 1495 ju—
2786 1428 2973 1490 credo,
2993 1427 3202 1497 judicis
3221 1424 3592 1498 mihiimunus

1899 1502 2089 1563 dicem,
2134 1516 2274 1553 nunc
2306 1496 2431 1552 'sibi
2487 1500 2712 1552 liberum
2783 1499 2956 1551 fuisse
3000 1496 3296 1549 delatum.
3363 1496 3483 1548 Lib.
3558 1512 3594 1547 ιι

1893 1577 2093 1641 putant
2122 1587 2187 1624 ne
2206 1572 2423 1639 quidem
2442 1570 2709 1623 arbitrum
2780 1575 2916 1641 cont.
2967 1569 3496 1641 Academicos,__cap.
3540 1567 3593 1618 8.

2782 1640 2947 1709 (Sane
2997 1640 3257 1693 Clemens
3302 1638 3423 1689 VIII
3444 1650 3595 1709 Asan-

2780 1705 2935 1763 ctum
2995 1708 3379 1777 Augustinum
3433 1705 3593 1777 judi-

2780 1796 2904 1833 cem
2934 1776 3231 1833 constituit
3250 1778 3308 1830 in
3324 1776 3593 1847 quaestio-

2780 1851 2950 1904 nibus
2986 1852 3054 1904 de
3087 1849 3364 1917 auxiliis.)

2529 1959 2582 2013 S.
2618 1959 2956 2013 PROSPER.

1963 2049 2256 2117 Tantaqua
2304 2046 2609 2100 insolentia
2664 2046 2919 2100 domnati
2949 2044 3216 2098 foventur
3262 2058 3504 2108 errores,
3533 2044 3596 2094 ut

1892 2135 2447 2207 pravitatisinvidia,
2481 2141 2538 2188 et
2566 2139 2826 2188 auctores
2858 2133 3039 2187 nostri
3086 2134 3389 2203 pulsentur
3419 2135 3475 2183 et
3497 2130 3593 2198 ju-

1894 2223 2067 2277 dices.
2106 2224 2330 2288 Prae/“at.
2388 2226 2572 2275 contra
2621 2222 2956 2288 Collatorem,
3002 2236 3105 2289 pro
3164 2221 3228 2275 S.
3287 2218 3594 2285 Augustini

1894 2311 2141 2366 doctrina
2161 2311 2501 2376 defendenda
2516 2352 2528 2365 .

2610 2416 2895 2471 LXXXVII.

1895 1713 2200 1769 admittere.

70 2435 394 2507 justiﬁcare
425 2437 627 2491 audeo.
659 2437 782 2491 Lib.
815 2454 875 2491 ιιι
896 2441 1083 2491 contra
1114 2438 1480 2505 Cresconium,
1531 2452 1651 2506 cap.
1694 2440 1780 2492 80.

724 2526 774 2580 S.
808 2526 1146 2581 PROSPER.

158 2614 370 2685 Viginti
396 2615 643 2685 amplius
663 2614 828 2667 annis
875 2620 1073 2668 contra
1118 2612 1383 2667 inimicos
1435 2613 1633 2684 gratim
1683 2614 1784 2668 Dei

78 2704 362 2758 catholica
390 2703 537 2757 acies
560 2704 732 2773 hujus
762 2720 873 2757 vuu
904 2704 1078 2757 ductu
1110 2709 1328 2773 pugnat
1357 2707 1413 2756 et
1433 2702 1606 2757 vincit
1632 2719 1645 2769 ;
1667 2703 1784 2755 vin-

77 2790 161 2844 cit
188 2790 327 2858 dico,
363 2791 499 2861 quia
546 2806 659 2843 non
712 2790 928 2861 patitur
974 2790 1257 2859 respirare
1293 2806 1434 2860 quos
1465 2791 1616 2844 vicit.
1646 2794 1784 2845 Prw-

76 2882 193 2945 fat.
222 2884 401 2933 contra
424 2879 758 2935 Collatorem.
796 2878 859 2931 Et
886 2876 949 2930 in
979 2876 1241 2930 Carmine
1269 2881 1465 2930 contra
1505 2878 1779 2948 Ingratos,

78 2982 213 3036 cap.
255 2970 283 3020 3
318 2983 331 3020 :

212 3055 375 3103 Istius
405 3068 529 3117 ergo
552 3054 689 3102 inter
718 3057 967 3117 cunctos,
990 3054 1082 3117 qui
1109 3053 1173 3101 de
1202 3067 1357 3117 grege
1386 3058 1569 3102 sancto

216 3118 432 3179 Insanas
453 3116 701 3179 pepulere
722 3116 878 3176 feras,
914 3116 1173 3179 industria
1195 3116 1382 3178 major,

217 3178 385 3241 Majus
406 3177 555 3241 opus,
584 3182 754 3227 totum
786 3178 1121 3241 praestantius
1146 3177 1558 3241 imbUitorbem.

216 3240 343 3303 Nam
374 3240 693 3303 quocunque
713 3240 937 3301 gradum
971 3240 1231 3303 convertit
1254 3240 1476 3288 callidus
1507 3240 1690 3299 hostis,

216 3302 556 3373 Quaqueper
584 3303 832 3373 ambages
852 3316 1046 3365 anceps
1081 3302 1180 3373 iter
1208 3303 1559 3373 egit_apertas,

216 3364 381 3427 Hujus
408 3366 474 3414 ab
504 3378 727 3413 occursu
754 3364 837 3413 est
870 3368 1189 3427 praeventus,
1227 3364 1598 3413 mille’viarum

216 3426 421 3475 lnsidiis
447 3427 649 3475 aditum
670 3439 781 3475 non
809 3426 1228 3489 repperientibus
1254 3427 1443 3475 ullum.

797 3504 1070 3560 LXXXIV.

352 3610 638 3649 CENSORES.
1167 3612 1212 3649 S.
1244 3611 1599 3650 AUGUSTINUS.

166 3666 289 3730 Quae
319 3672 456 3719 certe
476 3681 580 3718 non
619 3680 675 3718 eo
718 3668 896 3719 consi-
1044 3664 1133 3719 Sic
1178 3666 1373 3719 audire
1415 3667 1595 3720 debeo
1655 3682 1786 3719 cou-

78 3740 157 3790 lio
198 3753 229 3789 a
278 3752 359 3789 me
401 3741 896 3807 commemorantur,
972 3736 1236 3789 tumelias
1291 3741 1436 3799 tuas,
1502 3738 1789 3807 quomodo

82 3814 147 3860 ut
180 3808 391 3875 aliquid
406 3808 706 3873 Augustini
724 3806 900 3860 laudi-
974 3806 1170 3860 laudes
1214 3810 1358 3859 tuas.
1410 3806 1537 3861 Lib.’
1568 3824 1629 3860 III
1659 3823 1789 3860 con-

89 3881 187 3931 bus
214 3877 513 3931 detractum
561 3880 751 3943 velim;
784 3879 900 3931 uti—
977 3882 1063 3929 tra
1126 3878 1260 3942 Jul.,
1320 3877 1477 3944 Oper.
1546 3879 1785 3945 imperii,

88 3965 214 4002 nam
242 3949 418 4015 major
443 3949 555 4001 illis
582 3964 697 4001 mea
734 3963 899 4017 opera
972 3963 1095 4016 cap.
1135 3950 1218 4002 10.

87 4022 208 4087 ﬁeri
227 4024 406 4088 posset
424 4022 686 4073 accessio!

815 4107 969 4162 PIUS
1001 4107 1071 4160 II.

160 4196 390 4264 Magnus
430 4194 802 4265 Augustinus,
853 4192 1110 4247 doctrina
1149 4197 1205 4247 et
1254 4194 1595 4248 verecundia
1619 4195 1783 4265 juxta

90 4283 317 4349 nobilis,
362 4284 525 4353 cujus
569 4287 726 4336 tanta
764 4282 949 4353 gloria
996 4286 1080 4335 est
1131 4286 1196 4335 ut
1241 4282 1458 4336 nullius
1520 4282 1784 4337 laudibus

91 4376 323 4439 crescat,
380 4371 868 4441 vituperationeve
904 4369 1217 4425 minuatur.
1251 4372 1383 4427 Cum
1411 4376 1545 4425 esset
1594 4374 1786 4427 Encas

86 4462 321 4528 Sylvius,
351 4463 510 4531 epist.
537 4463 638 4516 130
666 4460 740 4515 ad
770 4460 1103 4514 cardinalem
1129 4460 1561 4528 Caravajalium.

825 4547 1062 4602 LXXXV.

1157 4651 1205 4688 S.
1247 4650 1605 4689 AUGUSTINUS.

1044 4705 1238 4775 Neque
1272 4710 1462 4758 tamen
1490 4705 1624 4759 huic
1668 4708 1786 4758 tam

972 4774 1240 4829 familiari
1260 4776 1442 4829 amico
1462 4791 1587 4829 meo
1617 4776 1785 4829 velim

974 4846 1191 4917 credas,
1240 4862 1368 4917 qua!
1417 4846 1487 4900 de
1522 4862 1611 4900 me
1643 4847 1785 4899 forte

972 4916 1207 4970 laudans
1264 4916 1524 4971 idixerit.
1626 4917 1787 4971 Sensi

971 4987 1126 5040 enim
1180 4986 1353 5041 etiam
1402 4987 1590 5057 ipsum
1635 5004 1785 5057 δωρεᾶ

970 5074 1083 5111 ιιοιι
1111 5058 1425 5111 mentiendi
1450 5058 1658 5123 studio,
1688 5059 1782 5112 sed

354 4651 646 4689 CENSORES.

155 4707 261 4762 Sed
306 4711 517 4760 tantum
562 4710 623 4759 ut
662 4707 897 4771 manife-

74 4784 214 4833 stem
272 4793 436 4846 quam
469 4777 607 4830 male
650 4776 714 4829 de
776 4790 900 4828 vero

74 4852 394 4914 Augustino
443 4848 666 4901 meritus
695 4848 768 4900 sit
804 4848 901 4899 iste

72 4921 479 4987 supposititius,
538 4917 640 4985 qui
682 4933 895 4983 compa-

72 4992 387 5043 rationibus
416 4989 617 5043 odiosis
644 4993 694 5041 et
725 4987 897 5041 laudi-

74 5063 179 5115 bus
213 5060 555 5129 hyperbolice
584 5074 755 5127 supra
785 5073 896 5111 om-

1824 4240 1867 4294 D
1901 4240 2040 4292 tione

2141 2504 2435 2541 CENSORES.

1964 2560 2067 2613 Nec
2095 2575 2278 2612 verum
2317 2565 2393 2611 est
2416 2559 2560 2626 quod
2598 2560 2713 2626 ipse

1896 2635 2008 2684 tum
2052 2632 2150 2683 alii
2203 2630 2542 2694 dogmatislae
2590 2632 2710 2693 fre—

1895 2705 2115 2769 quenter
2134 2701 2373 2767 jactant,
2399 2702 2708 2752 universam

1894 2773 2070 2825 sancti
2087 2775 2136 2824 Α
2148 2772 2392 2836 ugustim‘
2411 2770 2712 2823 doctrinam

1894 2846 2080 2895 contra
2150 2843 2467 2908 Pelagianos
2540 2842 2711 2904 fuisse

1895 2912 2254 2980 approbatum
2315 2911 2382 2963 ab
2446 2911 2708 2976 Ecclesia,

1818 2956 1858 3011 δ
1894 2956 2254 3053 plliribusque
2281 2984 2505 3034 summis
2533 2956 2709 3048 ponti:

1893 3053 2102 3121 ﬁcibus,
2154 3053 2388 3120 adeoque
2431 3056 2629 3105 certam
2660 3055 2711 3104 et

1894 3127 2261 3178 inconcussam
2275 3138 2385 3177 esse
2396 3122 2601 3175 debere.

2976 2503 3020 2539 S.
3053 2500 3405 2539 AUGUSTINUS.

2860 2557 3060 2610 Utrum
3091 2556 3470 2609 etiamnoster
3501 2554 3594 2623 (ri-
3670 2604 3679 2623 η

2783 2628 2992 2695 vulus),
3038 2627 3168 2679 licet
3218 2626 3478 2694 exiguus,
3532 2639 3597 2677 ex

2783 2699 2985 2750 eodem
3017 2713 3130 2765 quo
3162 2696 3331 2748 etiam
3362 2700 3493 2748 tuus
3524 2710 3594 2765 a-
3624 2724 3635 2731 -

2784 2764 3068 2831 bundans,
3121 2770 3348 2819 emanet
3411 2764 3596 2833 capite

2784 2838 3154 2900 ﬂuentorum,
3189 2837 3295 2889 hoc
3324 2840 3433 2888 ate
3463 2850 3597 2904 pro-

2783 2908 2904 2961 bari
2938 2909 3218 2973 volumus,
3250 2906 3475 2975 tuisque
3508 2920 3595 2957 re-

2783 2979 3009 3048 scriptis
3040 2978 3109 3031 de
3135 2976 3429 3031 communi
3466 2990 3596 3048 par-

2784 3046 3109 3119 ticipatione
3174 3048 3347 3101 unius
3398 3046 3597 3119 gratias

2783 3115 3085 3173 con—solari.
3151 3121 3329 3186 Epist.
3396 3120 3462 3171 65
3525 3115 3600 3169 ad

2779 3192 3142 3245 Innocentium
3170 3204 3373 3258 papam
3411 3192 3599 3241 contra

2781 3263 3121 3329 Pelagianos.

2400 3370 2454 3424 S.
2499 3367 2896 3424 HORMISDAS
2928 3384 3097 3437 papa.

1972 3463 2047 3515 De
2071 3459 2306 3515 arbitrio
2325 3462 2522 3512 tamen
2549 3458 2731 3511 libero
2753 3461 2810 3511 et
2826 3458 3012 3527 gratia
3029 3456 3129 3510 Dei
3146 3454 3284 3526 quid
3308 3455 3589 3517 Romana,

1897 3550 2004 3604 hoc
2036 3555 2121 3603 est
2150 3548 2425 3602 catholica
2450 3551 2724 3617 sequatur
2754 3550 2809 3599 et
2852 3550 3036 3599 servet
3077 3543 3342 3608 Ecclesia,
3376 3544 3506 3597 licet
3533 3540 3593 3593 in

1896 3638 2067 3691 variis
2087 3638 2246 3692 libris
2268 3636 2419 3691 beati
2447 3634 2771 3702 Augustini,
2795 3640 2851 3689 et
2880 3633 3126 3687 maxime
3154 3634 3223 3685 ad
3250 3634 3596 3701 Prosperum

1899 3732 1957 3780 et
2006 3726 2283 3780 Hilarium
2338 3724 2565 3778 abunde
2627 3722 2805 3793 possit
2864 3720 3148 3790 cognosci,
3198 3724 3392 3772 tamen
3442 3722 3497 3771 et
3539 3716 3600 3768 in

1900 3814 2123 3868 scriniis
2170 3812 2562 3868 ecclesiasticis
2619 3825 2881 3880 expressa
2933 3807 3183 3879 capitula
3211 3806 3595 3860 continentur.

1899 3905 2078 3971 Epist.
2110 3906 2174 3955 77
2202 3901 2275 3954 ad
2305 3903 2679 3954 Possessorem.

2611 4003 2921 4057 LXXXVIII.

2158 4108 2451 4146 CENSORES.

1971 4169 2059 4221 Ea:
2090 4164 2188 4217 hac
2226 4168 2403 4217 autem
2434 4161 2713 4230 approba-

2101 4235 2334 4303 (nempe
2396 4231 2712 4286 Innocentii

1895 4307 2080 4378 papas)
2146 4304 2459 4378 hujusmodi
2508 4304 2713 4356 littera-

1894 4377 2017 4432 rum
2037 4378 2102 4430 de
2132 4392 2235 4430 uno
2265 4380 2361 4428 aut
2391 4377 2558 4428 altero
2596 4379 2711 4428 tan-

1895 4456 2008 4504 tum
2033 4463 2211 4502 errore
2237 4448 2583 4515 loquentium,
2616 4448 2711 4498 in—

1892 4524 2039 4587 ferre
2065 4520 2195 4573 velle
2224 4524 2388 4572 totam
2418 4520 2481 4570 D.
2516 4517 2708 4581 Augu-

1895 4594 2029 4645 stini
2070 4591 2373 4644 doctrinam
2419 4588 2484 4641 de
2526 4590 2710 4653 gratia

1892 4665 2067 4728 fuisse
2092 4661 2400 4729 specialiter
2431 4658 2497 4711 ab
2544 4659 2709 4711 Inno-

1895 4734 2065 4786 centio
2095 4730 2475 4799 approbatam,
2505 4732 2581 4780 est
2605 4744 2712 4781 ma-

1895 4804 2067 4857 litiose
2085 4798 2423 4869 simplicibus
2462 4798 2708 4865 illudere,

1894 4880 1943 4927 et
1972 4873 2305 4926 eruditorum
2334 4870 2599 4938 patientia
2628 4871 2706 4922 in-

1894 4943 2245 4998 tolerabiliter
2274 4941 2446 4994 abuti.

2979 4107 3024 4142 S.
3057 4102 3417 4141 AUGUSTINUS.

2856 4159 3196 4230 Scripsimus
3260 4156 3441 4230 etiam
3527 4157 3599 4210 ad

2785 4231 2965 4285 beatae
2981 4228 2996 4230 ’
3031 4228 3324 4282 memoriae
3389 4244 3599 4296 papam

2788 4301 3204 4363 Innocentium,
3229 4303 3438 4370 praeter
3467 4314 3599 4370 con-

2783 4372 3047 4426 ciliorum
3081 4369 3404 4435 relationes,
3440 4369 3593 4422 litte-

2784 4459 2875 4497 ras
2905 4442 3234 4505 familiares,
3264 4440 3363 4495 ubi
3385 4441 3454 4493 de
3474 4440 3597 4510 ipsa

2783 4530 2949 4567 causa
3022 4513 3316 4567 aliquanto
3383 4510 3599 4564 diutius

2783 4585 3022 4655 egimus.
3054 4582 3472 4655 Adomnia‘ille
3504 4597 3601 4634 no-

2782 4653 2873 4709 bis
2901 4654 3192 4724 rescripsit
3228 4653 3431 4707 eodem
3476 4668 3597 4704 mo-

2784 4727 2855 4781 do
2922 4743 3037 4797 quo
3092 4725 3174 4778 fas
3233 4728 3354 4797 erat
3424 4726 3595 4797 atque

2785 4792 3082 4867 oportebat
3099 4795 3425 4865 apostolicae
3442 4792 3595 4867 sedis

2783 4861 3346 4935 ahtistitemepist.
3400 4864 3497 4917 106
3526 4861 3599 4915 ad

2784 4940 3093 4993 Paulinum.

2358 5046 2412 5101 S.
2446 5045 2913 5101 INNOCENTIUS
2936 5060 3105 5115 papa.

69 5147 199 5185 nem
250 5132 613 5184 adulationem
670 5144 897 5196 exagge-

969 5128 1199 5181 amandi
1233 5128 1611 5199 propensione
1664 5129 1784 5182 falli

70 5203 243 5264 ratis,
314 5202 439 5269 plus
501 5202 587 5253 illi
652 5200 895 5253 detraxit
961 5199 1546 5269 judicantem.rEpit.
1599 5201 1679 5269 32
1712 5199 1786 5252 ad

70 5287 248 5341 quam
314 5268 601 5325 addiderit
663 5272 897 5325 auctori-
972 5271 1280 5341 Paulinum.
1323 5268 1390 5341 Si;
1430 5268 1686 5323 laudanti
1722 5286 1782 5322 a-

71 5345 233 5397 tatis.

970 5340 1116 5393 mico
1151 5339 1499 5393 credendum
1530 5356 1646 5392 non
1678 5344 1781 5405 est,

968 5425 1073 5463 nec
1136 5409 1369 5463 inimico
1441 5410 1781 5464 detrahenti.

649 5499 774 5553 Lib.
804 5514 863 5552 ιιι
890 5503 1076 5552 contra
1109 5499 1318 5553 litteras
1348 5500 1532 5565 Petit,
1565 5514 1685 5568 cap.
1724 5501 1777 5553 2.

666 5586 721 5642 S.
756 5586 1223 5641 HIERONYMUS.

146 5676 321 5734 Omni
344 5675 576 5748 quidem
608 5680 867 5747 tempore
898 5674 1307 5731 beatitudinem
1338 5679 1497 5730 tuam
1547 5691 1613 5730 eo
1665 5692 1780 5746 quo

1966 5135 2198 5191 Librum
2227 5150 2381 5200 sane,
2433 5133 2531 5204 qui
2584 5135 2706 5204 ejus
2738 5136 2963 5204 (nempe
2998 5128 3237 5198 Pelagii)
3280 5144 3401 5180 esse
3441 5126 3595 5180 dice-

1894 5229 2068 5291 retur,
2103 5222 2268 5277 nobis
2300 5239 2332 5275 a
2370 5228 2556 5276 vestra
2598 5221 2872 5274 charitate
2927 5217 3323 5274 transmissum
3373 5215 3592 5268 evolvi-

1892 5328 2041 5380 mus,
2073 5312 2133 5365 in
2162 5327 2275 5383 quo
2303 5312 2482 5365 multa
2509 5308 2889 5379 blasphemia,
2922 5307 3067 5360 nihil
3098 5305 3252 5377 quod
3319 5306 3595 5375 placeret,

1892 5400 2034 5453 nihil
2062 5400 2209 5470 quod
2243 5415 2362 5455 non
2392 5398 2621 5470 penitus
2649 5396 2976 5466 displiceret
3003 5410 3037 5448 a
3067 5393 3266 5465 quovis
3307 5394 3589 5448 damnan-

1892 5490 2031 5543 dum
2068 5493 2236 5560 atque
2283 5487 2636 5553 calcandum,
2670 5483 2763 5537 cui
2806 5482 3038 5549 similia,
3072 5481 3182 5536 nisi
3202 5481 3301 5553 qui
3329 5482 3436 5535 ista
3460 5480 3594 5534 scri—

1892 5581 2101 5648 pserat,
2128 5593 2299 5636 nemo
2331 5578 2471 5634 alter
2492 5575 2553 5628 in
2571 5576 2823 5627 mentem
2843 5570 3124 5642 reciperet
3139 5574 3311 5640 atque
3333 5570 3589 5624 sentiret.

1892 5676 2065 5743 Epist.
2100 5677 2169 5731 96
2220 5681 2295 5737 ad
2338 5672 2723 5741 Augustinum,
2774 5685 2889 5738 quae
2916 5671 3143 5738 incipit:
3185 5668 3584 5721 Fraternitatis
