  <div class='ocr_page' id='page_1' title='image "/cluster/home/n/w/nwhite01/storage/ocr_20150623/47/hvd.32044096580683/437.png"; bbox 0 0 3908 6180; ppageno 0'>
   <div class='ocr_carea' id='block_1_1' title="bbox 343 244 445 295">
    <p class='ocr_par' dir='ltr' id='par_1_1' title="bbox 343 244 445 295">
     <span class='ocr_line' id='line_1_1' title="bbox 343 244 445 295; baseline 0.01 -1"><span class='ocrx_word' id='word_1_1' title='bbox 343 244 445 295; x_wconf 78' lang='lat'>863</span> 
     </span>
    </p>
   </div>
   <div class='ocr_carea' id='block_1_2' title="bbox 338 448 976 522">
    <p class='ocr_par' dir='ltr' id='par_1_2' title="bbox 338 448 976 522">
     <span class='ocr_line' id='line_1_2' title="bbox 338 448 976 522; baseline 0.009 -20"><span class='ocrx_word' id='word_1_2' title='bbox 338 448 538 520; x_wconf 80' lang='lat' dir='ltr'>vigore</span> <span class='ocrx_word' id='word_1_3' title='bbox 567 449 842 522; x_wconf 81' lang='lat' dir='ltr'>ﬁrmatas,</span> <span class='ocrx_word' id='word_1_4' title='bbox 872 458 976 508; x_wconf 90' lang='lat' dir='ltr'>etc.</span> 
     </span>
    </p>
   </div>
   <div class='ocr_carea' id='block_1_3' title="bbox 1354 213 2842 316">
    <p class='ocr_par' dir='ltr' id='par_1_3' title="bbox 1354 213 2842 316">
     <span class='ocr_line' id='line_1_3' title="bbox 1354 213 2842 316; baseline 0.007 -14"><span class='ocrx_word' id='word_1_5' title='bbox 1354 249 1912 309; x_wconf 74' lang='lat' dir='ltr'>SUPPLEMENTUM</span> <span class='ocrx_word' id='word_1_6' title='bbox 1953 256 2044 310; x_wconf 85' lang='lat' dir='ltr'>AD</span> <span class='ocrx_word' id='word_1_7' title='bbox 2083 256 2317 314; x_wconf 73' lang='lat' dir='ltr'><strong>OPEBA</strong></span> <span class='ocrx_word' id='word_1_8' title='bbox 2455 261 2842 316; x_wconf 84' lang='lat' dir='ltr'><strong>AUGUSTINI.</strong></span> 
     </span>
    </p>
   </div>
   <div class='ocr_carea' id='block_1_4' title="bbox 333 361 3775 452">
    <p class='ocr_par' dir='ltr' id='par_1_4' title="bbox 333 361 3775 452">
     <span class='ocr_line' id='line_1_4' title="bbox 333 361 3775 452; baseline 0.011 -38"><span class='ocrx_word' id='word_1_9' title='bbox 333 364 539 452; x_wconf 68' lang='lat' dir='ltr'>vestrae</span> <span class='ocrx_word' id='word_1_10' title='bbox 566 361 746 452; x_wconf 72' lang='lat' dir='ltr'>lineas</span> <span class='ocrx_word' id='word_1_11' title='bbox 767 365 965 436; x_wconf 89' lang='lat' dir='ltr'>plenas</span> <span class='ocrx_word' id='word_1_12' title='bbox 993 366 1148 434; x_wconf 82' lang='lat' dir='ltr'>ﬁdei,</span> <span class='ocrx_word' id='word_1_13' title='bbox 1172 369 1406 440; x_wconf 86' lang='lat' dir='ltr'>totoque</span> <span class='ocrx_word' id='word_1_14' title='bbox 1426 370 1723 442; x_wconf 82' lang='lat' dir='ltr'>religionis</span> <span class='ocrx_word' id='word_1_15' title='bbox 1746 373 2038 430; x_wconf 78' lang='lat' dir='ltr'>catholicae</span> <span class='ocrx_word' id='word_1_16' title='bbox 2066 379 2109 432; x_wconf 87' lang='lat' dir='ltr'><strong>A</strong></span> <span class='ocrx_word' id='word_1_17' title='bbox 2147 381 2598 452; x_wconf 70' lang='lat' dir='ltr'><strong><em>iitAugustinus</em></strong></span> <span class='ocrx_word' id='word_1_18' title='bbox 2643 384 2727 438; x_wconf 75' lang='lat' dir='ltr'><strong><em>vel</em></strong></span> <span class='ocrx_word' id='word_1_19' title='bbox 2771 387 2968 440; x_wconf 87' lang='lat' dir='ltr'><strong><em>sentire</em></strong></span> <span class='ocrx_word' id='word_1_20' title='bbox 3041 400 3159 440; x_wconf 90' lang='lat' dir='ltr'><strong><em>cum</em></strong></span> <span class='ocrx_word' id='word_1_21' title='bbox 3208 388 3389 443; x_wconf 65' lang='lat' dir='ltr'><strong><em>littera:</em></strong></span> <span class='ocrx_word' id='word_1_22' title='bbox 3434 392 3485 446; x_wconf 91' lang='lat' dir='ltr'><strong>S.</strong></span> <span class='ocrx_word' id='word_1_23' title='bbox 3529 395 3775 452; x_wconf 77' lang='lat' dir='ltr'>Innocentii</span> 
     </span>
    </p>
   </div>
   <div class='ocr_carea' id='block_1_5' title="bbox 1055 558 1314 616">
    <p class='ocr_par' dir='ltr' id='par_1_5' title="bbox 1055 558 1314 616">
     <span class='ocr_line' id='line_1_5' title="bbox 1055 558 1314 616; baseline 0.015 -4"><span class='ocrx_word' id='word_1_24' title='bbox 1055 558 1314 616; x_wconf 79' lang='lat' dir='ltr'>LXXXIX.</span> 
     </span>
    </p>
   </div>
   <div class='ocr_carea' id='block_1_6' title="bbox 605 679 892 718">
    <p class='ocr_par' dir='ltr' id='par_1_6' title="bbox 605 679 892 718">
     <span class='ocr_line' id='line_1_6' title="bbox 605 679 892 718; baseline 0.003 -1"><span class='ocrx_word' id='word_1_25' title='bbox 605 679 892 718; x_wconf 78' lang='lat' dir='ltr'><strong>CENSORES.</strong></span> 
     </span>
    </p>
   </div>
   <div class='ocr_carea' id='block_1_7' title="bbox 418 735 1163 799">
    <p class='ocr_par' dir='ltr' id='par_1_7' title="bbox 418 735 1163 799">
     <span class='ocr_line' id='line_1_7' title="bbox 418 735 1163 799; baseline 0.005 -13"><span class='ocrx_word' id='word_1_26' title='bbox 418 735 589 799; x_wconf 85' lang='lat' dir='ltr'><strong><em>Quam</em></strong></span> <span class='ocrx_word' id='word_1_27' title='bbox 652 736 810 788; x_wconf 90' lang='lat' dir='ltr'><strong><em>multi</em></strong></span> <span class='ocrx_word' id='word_1_28' title='bbox 877 736 992 788; x_wconf 90' lang='lat' dir='ltr'><strong><em>sine</em></strong></span> <span class='ocrx_word' id='word_1_29' title='bbox 1054 737 1163 790; x_wconf 89' lang='lat' dir='ltr'><strong><em>ullo</em></strong></span> 
     </span>
    </p>
   </div>
   <div class='ocr_carea' id='block_1_8' title="bbox 342 805 1156 872">
    <p class='ocr_par' dir='ltr' id='par_1_8' title="bbox 342 805 1156 872">
     <span class='ocr_line' id='line_1_8' title="bbox 342 805 1156 872; baseline 0.002 -14"><span class='ocrx_word' id='word_1_30' title='bbox 342 805 654 858; x_wconf 71' lang='lat' dir='ltr'><strong><em>discrimine</em></strong></span> <span class='ocrx_word' id='word_1_31' title='bbox 711 807 1015 872; x_wconf 74' lang='lat' dir='ltr'>Augustini</span> <span class='ocrx_word' id='word_1_32' title='bbox 1057 823 1156 860; x_wconf 91' lang='lat' dir='ltr'>au-</span> 
     </span>
    </p>
   </div>
   <div class='ocr_carea' id='block_1_9' title="bbox 342 875 1160 945">
    <p class='ocr_par' dir='ltr' id='par_1_9' title="bbox 342 875 1160 945">
     <span class='ocr_line' id='line_1_9' title="bbox 342 875 1160 945; baseline 0.005 -17"><span class='ocrx_word' id='word_1_33' title='bbox 342 877 642 928; x_wconf 84' lang='lat' dir='ltr'><strong><em>ctoritatem</em></strong></span> <span class='ocrx_word' id='word_1_34' title='bbox 659 875 1040 942; x_wconf 73' lang='lat' dir='ltr'>admittebant,</span> <span class='ocrx_word' id='word_1_35' title='bbox 1064 881 1160 945; x_wconf 90' lang='lat' dir='ltr'>qui</span> 
     </span>
    </p>
   </div>
   <div class='ocr_carea' id='block_1_10' title="bbox 340 945 1153 1016">
    <p class='ocr_par' dir='ltr' id='par_1_10' title="bbox 340 945 1153 1016">
     <span class='ocr_line' id='line_1_10' title="bbox 340 945 1153 1016; baseline 0.006 -19"><span class='ocrx_word' id='word_1_36' title='bbox 340 959 481 997; x_wconf 90' lang='lat' dir='ltr'><strong><em>nunc</em></strong></span> <span class='ocrx_word' id='word_1_37' title='bbox 549 945 744 999; x_wconf 86' lang='lat' dir='ltr'><strong><em>audita</em></strong></span> <span class='ocrx_word' id='word_1_38' title='bbox 810 947 1153 1016; x_wconf 86' lang='lat' dir='ltr'><strong><em>limitatione,</em></strong></span> 
     </span>
    </p>
   </div>
   <div class='ocr_carea' id='block_1_11' title="bbox 346 1016 1161 1086">
    <p class='ocr_par' dir='ltr' id='par_1_11' title="bbox 346 1016 1161 1086">
     <span class='ocr_line' id='line_1_11' title="bbox 346 1016 1161 1086; baseline 0.01 -21"><span class='ocrx_word' id='word_1_39' title='bbox 346 1030 509 1081; x_wconf 90' lang='lat' dir='ltr'><strong><em>quam</em></strong></span> <span class='ocrx_word' id='word_1_40' title='bbox 585 1016 700 1083; x_wconf 85' lang='lat' dir='ltr'><strong><em>ejus</em></strong></span> <span class='ocrx_word' id='word_1_41' title='bbox 777 1019 1161 1086; x_wconf 87' lang='lat' dir='ltr'><strong><em>approbationi</em></strong></span> 
     </span>
    </p>
   </div>
   <div class='ocr_carea' id='block_1_12' title="bbox 342 1086 1155 1156">
    <p class='ocr_par' dir='ltr' id='par_1_12' title="bbox 342 1086 1155 1156">
     <span class='ocr_line' id='line_1_12' title="bbox 342 1086 1155 1156; baseline 0.005 -16"><span class='ocrx_word' id='word_1_42' title='bbox 342 1086 651 1156; x_wconf 70' lang='lat' dir='ltr'><strong><em>Caelestinus</em></strong></span> <span class='ocrx_word' id='word_1_43' title='bbox 699 1087 972 1156; x_wconf 88' lang='lat' dir='ltr'><strong><em>apposuit,</em></strong></span> <span class='ocrx_word' id='word_1_44' title='bbox 1028 1090 1155 1144; x_wconf 89' lang='lat' dir='ltr'><strong><em>dum</em></strong></span> 
     </span>
    </p>
   </div>
   <div class='ocr_carea' id='block_1_13' title="bbox 340 1155 1156 1227">
    <p class='ocr_par' dir='ltr' id='par_1_13' title="bbox 340 1155 1156 1227">
     <span class='ocr_line' id='line_1_13' title="bbox 340 1155 1156 1227; baseline 0.009 -20"><span class='ocrx_word' id='word_1_45' title='bbox 340 1155 572 1208; x_wconf 81' lang='lat' dir='ltr'><strong><em>audiunt</em></strong></span> <span class='ocrx_word' id='word_1_46' title='bbox 609 1155 824 1225; x_wconf 85' lang='lat' dir='ltr'><strong><em>aliquid</em></strong></span> <span class='ocrx_word' id='word_1_47' title='bbox 862 1175 928 1212; x_wconf 76' lang='lat' dir='ltr'><strong><em>ea:</em></strong></span> <span class='ocrx_word' id='word_1_48' title='bbox 963 1161 1156 1227; x_wconf 76' lang='lat' dir='ltr'><strong><em>Augu-</em></strong></span> 
     </span>
    </p>
   </div>
   <div class='ocr_carea' id='block_1_14' title="bbox 342 1228 1150 1298">
    <p class='ocr_par' dir='ltr' id='par_1_14' title="bbox 342 1228 1150 1298">
     <span class='ocr_line' id='line_1_14' title="bbox 342 1228 1150 1298; baseline 0.01 -21"><span class='ocrx_word' id='word_1_49' title='bbox 342 1228 484 1279; x_wconf 91' lang='lat' dir='ltr'><strong><em>stino</em></strong></span> <span class='ocrx_word' id='word_1_50' title='bbox 531 1231 783 1298; x_wconf 81' lang='lat' dir='ltr'>proponi,</span> <span class='ocrx_word' id='word_1_51' title='bbox 821 1234 1150 1298; x_wconf 79' lang='lat' dir='ltr'><strong><em>quaeritant:</em></strong></span> 
     </span>
    </p>
   </div>
   <div class='ocr_carea' id='block_1_15' title="bbox 344 1297 1152 1370">
    <p class='ocr_par' dir='ltr' id='par_1_15' title="bbox 344 1297 1152 1370">
     <span class='ocr_line' id='line_1_15' title="bbox 344 1297 1152 1370; baseline 0.009 -22"><span class='ocrx_word' id='word_1_52' title='bbox 344 1299 510 1370; x_wconf 71' lang='lat' dir='ltr'><strong><em>Estne</em></strong></span> <span class='ocrx_word' id='word_1_53' title='bbox 535 1297 629 1352; x_wconf 90' lang='lat' dir='ltr'>hoc</span> <span class='ocrx_word' id='word_1_54' title='bbox 660 1299 724 1351; x_wconf 89' lang='lat' dir='ltr'>de</span> <span class='ocrx_word' id='word_1_55' title='bbox 773 1297 884 1352; x_wconf 84' lang='lat' dir='ltr'><strong><em>illis</em></strong></span> <span class='ocrx_word' id='word_1_56' title='bbox 921 1305 1152 1370; x_wconf 82' lang='lat' dir='ltr'><strong><em>profun-</em></strong></span> 
     </span>
    </p>
   </div>
   <div class='ocr_carea' id='block_1_16' title="bbox 341 1367 1158 1440">
    <p class='ocr_par' dir='ltr' id='par_1_16' title="bbox 341 1367 1158 1440">
     <span class='ocr_line' id='line_1_16' title="bbox 341 1367 1158 1440; baseline 0.01 -21"><span class='ocrx_word' id='word_1_57' title='bbox 341 1367 584 1422; x_wconf 88' lang='lat' dir='ltr'><strong><em>dioribus</em></strong></span> <span class='ocrx_word' id='word_1_58' title='bbox 602 1367 1008 1439; x_wconf 75' lang='lat' dir='ltr'><strong><em>quaestionibus,</em></strong></span> <span class='ocrx_word' id='word_1_59' title='bbox 1022 1388 1158 1440; x_wconf 88' lang='lat' dir='ltr'>quas</span> 
     </span>
    </p>
   </div>
   <div class='ocr_carea' id='block_1_17' title="bbox 341 1442 1155 1508">
    <p class='ocr_par' dir='ltr' id='par_1_17' title="bbox 341 1442 1155 1508">
     <span class='ocr_line' id='line_1_17' title="bbox 341 1442 1155 1508; baseline 0.009 -18"><span class='ocrx_word' id='word_1_60' title='bbox 341 1452 447 1490; x_wconf 89' lang='lat' dir='ltr'><strong><em>non</em></strong></span> <span class='ocrx_word' id='word_1_61' title='bbox 507 1455 712 1493; x_wconf 90' lang='lat' dir='ltr'><strong><em>necesse</em></strong></span> <span class='ocrx_word' id='word_1_62' title='bbox 766 1442 1041 1508; x_wconf 73' lang='lat' dir='ltr'>judicavit</span> <span class='ocrx_word' id='word_1_63' title='bbox 1097 1460 1155 1497; x_wconf 84' lang='lat' dir='ltr'><strong><em>a-</em></strong></span> 
     </span>
    </p>
   </div>
   <div class='ocr_carea' id='block_1_18' title="bbox 341 1513 1160 1582">
    <p class='ocr_par' dir='ltr' id='par_1_18' title="bbox 341 1513 1160 1582">
     <span class='ocr_line' id='line_1_18' title="bbox 341 1513 1160 1582; baseline 0.009 -22"><span class='ocrx_word' id='word_1_64' title='bbox 341 1513 583 1582; x_wconf 86' lang='lat' dir='ltr'><strong><em>struere,_</em></strong></span> <span class='ocrx_word' id='word_1_65' title='bbox 618 1526 754 1582; x_wconf 88' lang='lat' dir='ltr'><strong><em>quas</em></strong></span> <span class='ocrx_word' id='word_1_66' title='bbox 826 1515 880 1564; x_wconf 88' lang='lat' dir='ltr'>in</span> <span class='ocrx_word' id='word_1_67' title='bbox 931 1517 1160 1582; x_wconf 85' lang='lat' dir='ltr'>ancipiti</span> 
     </span>
    </p>
   </div>
   <div class='ocr_carea' id='block_1_19' title="bbox 341 1579 1158 1653">
    <p class='ocr_par' dir='ltr' id='par_1_19' title="bbox 341 1579 1158 1653">
     <span class='ocr_line' id='line_1_19' title="bbox 341 1579 1158 1653; baseline 0.01 -21"><span class='ocrx_word' id='word_1_68' title='bbox 341 1579 607 1648; x_wconf 86' lang='lat' dir='ltr'>opinandi</span> <span class='ocrx_word' id='word_1_69' title='bbox 627 1581 880 1637; x_wconf 84' lang='lat' dir='ltr'><strong><em>libertate</em></strong></span> <span class='ocrx_word' id='word_1_70' title='bbox 896 1579 1158 1653; x_wconf 75' lang='lat' dir='ltr'>reliquit?</span> 
     </span>
    </p>
   </div>
   <div class='ocr_carea' id='block_1_20' title="bbox 1433 685 1863 727">
    <p class='ocr_par' dir='ltr' id='par_1_20' title="bbox 1433 685 1863 727">
     <span class='ocr_line' id='line_1_20' title="bbox 1433 685 1863 727; baseline 0.012 -5"><span class='ocrx_word' id='word_1_71' title='bbox 1433 685 1479 722; x_wconf 88' lang='lat' dir='ltr'>S.</span> <span class='ocrx_word' id='word_1_72' title='bbox 1511 686 1863 727; x_wconf 69' lang='lat' dir='ltr'>AUGUSTINUS.</span> 
     </span>
    </p>
   </div>
   <div class='ocr_carea' id='block_1_21' title="bbox 1297 737 2045 798">
    <p class='ocr_par' dir='ltr' id='par_1_21' title="bbox 1297 737 2045 798">
     <span class='ocr_line' id='line_1_21' title="bbox 1297 737 2045 798; baseline 0.008 -6"><span class='ocrx_word' id='word_1_73' title='bbox 1297 737 1403 794; x_wconf 88' lang='lat' dir='ltr'>Sed</span> <span class='ocrx_word' id='word_1_74' title='bbox 1455 743 1700 796; x_wconf 89' lang='lat' dir='ltr'>multum</span> <span class='ocrx_word' id='word_1_75' title='bbox 1749 759 1880 797; x_wconf 91' lang='lat' dir='ltr'>eum</span> <span class='ocrx_word' id='word_1_76' title='bbox 1937 743 2045 798; x_wconf 85' lang='lat' dir='ltr'>ista</span> 
     </span>
    </p>
   </div>
   <div class='ocr_carea' id='block_1_22' title="bbox 1237 807 2046 883">
    <p class='ocr_par' dir='ltr' id='par_1_22' title="bbox 1237 807 2046 883">
     <span class='ocr_line' id='line_1_22' title="bbox 1237 807 2046 883; baseline 0.01 -22"><span class='ocrx_word' id='word_1_77' title='bbox 1237 807 1618 883; x_wconf 82' lang='lat' dir='ltr'>fallitopinio.</span> <span class='ocrx_word' id='word_1_78' title='bbox 1645 813 1837 883; x_wconf 87' lang='lat' dir='ltr'>Longe</span> <span class='ocrx_word' id='word_1_79' title='bbox 1881 815 2046 868; x_wconf 81' lang='lat' dir='ltr'><strong><em>aliter</em></strong></span> 
     </span>
    </p>
   </div>
   <div class='ocr_carea' id='block_1_23' title="bbox 1231 880 2042 954">
    <p class='ocr_par' dir='ltr' id='par_1_23' title="bbox 1231 880 2042 954">
     <span class='ocr_line' id='line_1_23' title="bbox 1231 880 2042 954; baseline 0.012 -24"><span class='ocrx_word' id='word_1_80' title='bbox 1231 893 1288 932; x_wconf 90' lang='lat' dir='ltr'>se</span> <span class='ocrx_word' id='word_1_81' title='bbox 1305 880 1514 935; x_wconf 86' lang='lat' dir='ltr'>habent</span> <span class='ocrx_word' id='word_1_82' title='bbox 1531 880 1876 954; x_wconf 67' lang='lat' dir='ltr'>quaestiones</span> <span class='ocrx_word' id='word_1_83' title='bbox 1897 885 2042 952; x_wconf 72' lang='lat' dir='ltr'>istae,</span> 
     </span>
    </p>
   </div>
   <div class='ocr_carea' id='block_1_24' title="bbox 1232 955 2040 1024">
    <p class='ocr_par' dir='ltr' id='par_1_24' title="bbox 1232 955 2040 1024">
     <span class='ocr_line' id='line_1_24' title="bbox 1232 955 2040 1024; baseline 0.01 -22"><span class='ocrx_word' id='word_1_84' title='bbox 1232 966 1373 1024; x_wconf 81' lang='lat' dir='ltr'>quas</span> <span class='ocrx_word' id='word_1_85' title='bbox 1435 969 1554 1006; x_wconf 88' lang='lat' dir='ltr'>esse</span> <span class='ocrx_word' id='word_1_86' title='bbox 1602 959 1810 1024; x_wconf 82' lang='lat' dir='ltr'>praeter</span> <span class='ocrx_word' id='word_1_87' title='bbox 1871 955 2040 1010; x_wconf 80' lang='lat' dir='ltr'>ﬁdem</span> 
     </span>
    </p>
   </div>
   <div class='ocr_carea' id='block_1_25' title="bbox 1231 1021 2043 1094">
    <p class='ocr_par' dir='ltr' id='par_1_25' title="bbox 1231 1021 2043 1094">
     <span class='ocr_line' id='line_1_25' title="bbox 1231 1021 2043 1094; baseline 0.009 -21"><span class='ocrx_word' id='word_1_88' title='bbox 1231 1021 1558 1094; x_wconf 83' lang='lat' dir='ltr'>arbitratur,</span> <span class='ocrx_word' id='word_1_89' title='bbox 1578 1021 1750 1094; x_wconf 83' lang='lat' dir='ltr'>quam</span> <span class='ocrx_word' id='word_1_90' title='bbox 1773 1032 1906 1079; x_wconf 86' lang='lat' dir='ltr'>sunt</span> <span class='ocrx_word' id='word_1_91' title='bbox 1929 1027 2043 1080; x_wconf 71' lang='lat' dir='ltr'>illae</span> 
     </span>
    </p>
   </div>
   <div class='ocr_carea' id='block_1_26' title="bbox 1229 1090 2045 1168">
    <p class='ocr_par' dir='ltr' id='par_1_26' title="bbox 1229 1090 2045 1168">
     <span class='ocr_line' id='line_1_26' title="bbox 1229 1090 2045 1168; baseline 0.01 -25"><span class='ocrx_word' id='word_1_92' title='bbox 1229 1090 1289 1168; x_wconf 48' lang='grc' dir='ltr'>ιιι</span> <span class='ocrx_word' id='word_1_93' title='bbox 1320 1093 1548 1168; x_wconf 81' lang='lat' dir='ltr'>quibus,</span> <span class='ocrx_word' id='word_1_94' title='bbox 1580 1090 1731 1148; x_wconf 82' lang='lat' dir='ltr'>salva</span> <span class='ocrx_word' id='word_1_95' title='bbox 1777 1096 1888 1150; x_wconf 84' lang='lat' dir='ltr'>ﬁde</span> <span class='ocrx_word' id='word_1_96' title='bbox 1931 1113 2045 1168; x_wconf 88' lang='lat' dir='ltr'>qua</span> 
     </span>
    </p>
   </div>
   <div class='ocr_carea' id='block_1_27' title="bbox 1231 1160 2045 1231">
    <p class='ocr_par' dir='ltr' id='par_1_27' title="bbox 1231 1160 2045 1231">
     <span class='ocr_line' id='line_1_27' title="bbox 1231 1160 2045 1231; baseline 0.01 -17"><span class='ocrx_word' id='word_1_97' title='bbox 1231 1160 1535 1217; x_wconf 75' lang='lat' dir='ltr'>Christiani</span> <span class='ocrx_word' id='word_1_98' title='bbox 1622 1181 1839 1231; x_wconf 88' lang='lat' dir='ltr'>sumus,</span> <span class='ocrx_word' id='word_1_99' title='bbox 1947 1160 2045 1222; x_wconf 74' lang='lat' dir='ltr'>aut</span> 
     </span>
    </p>
   </div>
   <div class='ocr_carea' id='block_1_28' title="bbox 1229 1231 2038 1306">
    <p class='ocr_par' dir='ltr' id='par_1_28' title="bbox 1229 1231 2038 1306">
     <span class='ocr_line' id='line_1_28' title="bbox 1229 1231 2038 1306; baseline 0.011 -23"><span class='ocrx_word' id='word_1_100' title='bbox 1229 1231 1538 1306; x_wconf 9' lang='lat' dir='ltr'>ignoratur,</span> <span class='ocrx_word' id='word_1_101' title='bbox 1555 1237 1703 1306; x_wconf 90' lang='lat' dir='ltr'>quod</span> <span class='ocrx_word' id='word_1_102' title='bbox 1723 1254 1923 1291; x_wconf 89' lang='lat' dir='ltr'>verum</span> <span class='ocrx_word' id='word_1_103' title='bbox 1945 1239 2038 1304; x_wconf 88' lang='lat' dir='ltr'>sit,</span> 
     </span>
    </p>
   </div>
   <div class='ocr_carea' id='block_1_29' title="bbox 1228 1305 2043 1363">
    <p class='ocr_par' dir='ltr' id='par_1_29' title="bbox 1228 1305 2043 1363">
     <span class='ocr_line' id='line_1_29' title="bbox 1228 1305 2043 1363; baseline 0.007 -8"><span class='ocrx_word' id='word_1_104' title='bbox 1228 1309 1283 1355; x_wconf 93' lang='lat' dir='ltr'>et</span> <span class='ocrx_word' id='word_1_105' title='bbox 1303 1305 1588 1359; x_wconf 79' lang='lat' dir='ltr'>sententia</span> <span class='ocrx_word' id='word_1_106' title='bbox 1605 1307 1894 1361; x_wconf 84' lang='lat' dir='ltr'>deﬁnitiva</span> <span class='ocrx_word' id='word_1_107' title='bbox 1928 1326 2043 1363; x_wconf 91' lang='lat' dir='ltr'>sus-</span> 
     </span>
    </p>
   </div>
   <div class='ocr_carea' id='block_1_30' title="bbox 1230 1377 2043 1448">
    <p class='ocr_par' dir='ltr' id='par_1_30' title="bbox 1230 1377 2043 1448">
     <span class='ocr_line' id='line_1_30' title="bbox 1230 1377 2043 1448; baseline 0.007 -21"><span class='ocrx_word' id='word_1_108' title='bbox 1230 1377 1517 1448; x_wconf 80' lang='lat' dir='ltr'>penditur,</span> <span class='ocrx_word' id='word_1_109' title='bbox 1551 1382 1652 1431; x_wconf 88' lang='lat' dir='ltr'>aut</span> <span class='ocrx_word' id='word_1_110' title='bbox 1681 1379 1846 1432; x_wconf 86' lang='lat' dir='ltr'><strong><em>aliter</em></strong></span> <span class='ocrx_word' id='word_1_111' title='bbox 1869 1396 2043 1448; x_wconf 90' lang='lat' dir='ltr'>quam</span> 
     </span>
    </p>
   </div>
   <div class='ocr_carea' id='block_1_31' title="bbox 1233 1446 2046 1508">
    <p class='ocr_par' dir='ltr' id='par_1_31' title="bbox 1233 1446 2046 1508">
     <span class='ocr_line' id='line_1_31' title="bbox 1233 1446 2046 1508; baseline 0.009 -11"><span class='ocrx_word' id='word_1_112' title='bbox 1233 1450 1332 1508; x_wconf 83' lang='lat' dir='ltr'>est,</span> <span class='ocrx_word' id='word_1_113' title='bbox 1392 1446 1643 1500; x_wconf 88' lang='lat' dir='ltr'>humana</span> <span class='ocrx_word' id='word_1_114' title='bbox 1699 1454 1754 1501; x_wconf 91' lang='lat' dir='ltr'><strong><em>et</em></strong></span> <span class='ocrx_word' id='word_1_115' title='bbox 1815 1446 2046 1504; x_wconf 74' lang='lat' dir='ltr'>infirma</span> 
     </span>
    </p>
   </div>
   <div class='ocr_carea' id='block_1_32' title="bbox 1232 1517 2041 1586">
    <p class='ocr_par' dir='ltr' id='par_1_32' title="bbox 1232 1517 2041 1586">
     <span class='ocr_line' id='line_1_32' title="bbox 1232 1517 2041 1586; baseline 0.006 -17"><span class='ocrx_word' id='word_1_116' title='bbox 1232 1517 1552 1586; x_wconf 84' lang='lat' dir='ltr'>suspicione</span> <span class='ocrx_word' id='word_1_117' title='bbox 1575 1518 1894 1586; x_wconf 60' lang='lat' dir='ltr'>conjicitur.</span> <span class='ocrx_word' id='word_1_118' title='bbox 1918 1521 2041 1575; x_wconf 87' lang='lat' dir='ltr'><em>Lib.</em></span> 
     </span>
    </p>
   </div>
   <div class='ocr_carea' id='block_1_33' title="bbox 1231 1587 1900 1660">
    <p class='ocr_par' dir='ltr' id='par_1_33' title="bbox 1231 1587 1900 1660">
     <span class='ocr_line' id='line_1_33' title="bbox 1231 1587 1900 1660; baseline 0.009 -20"><span class='ocrx_word' id='word_1_119' title='bbox 1231 1587 1296 1641; x_wconf 86' lang='lat' dir='ltr'>de</span> <span class='ocrx_word' id='word_1_120' title='bbox 1321 1590 1436 1642; x_wconf 90' lang='lat' dir='ltr'><strong><em>Pec.</em></strong></span> <span class='ocrx_word' id='word_1_121' title='bbox 1461 1591 1623 1657; x_wconf 86' lang='lat' dir='ltr'><strong><em>orig.,</em></strong></span> <span class='ocrx_word' id='word_1_122' title='bbox 1656 1606 1775 1660; x_wconf 88' lang='lat' dir='ltr'>cap.</span> <span class='ocrx_word' id='word_1_123' title='bbox 1811 1593 1900 1646; x_wconf 83' lang='lat'>23.</span> 
     </span>
    </p>
   </div>
   <div class='ocr_carea' id='block_1_34' title="bbox 769 1688 1620 1750">
    <p class='ocr_par' dir='ltr' id='par_1_34' title="bbox 769 1688 1620 1750">
     <span class='ocr_line' id='line_1_34' title="bbox 769 1688 1620 1750; baseline 0.009 -9"><span class='ocrx_word' id='word_1_124' title='bbox 769 1688 1094 1744; x_wconf 85' lang='lat' dir='ltr'>ECCLESIA</span> <span class='ocrx_word' id='word_1_125' title='bbox 1127 1693 1620 1750; x_wconf 87' lang='lat' dir='ltr'><strong>LUGDUNENSIS.</strong></span> 
     </span>
    </p>
   </div>
   <div class='ocr_carea' id='block_1_35' title="bbox 423 1773 2049 1854">
    <p class='ocr_par' dir='ltr' id='par_1_35' title="bbox 423 1773 2049 1854">
     <span class='ocr_line' id='line_1_35' title="bbox 423 1773 2049 1854; baseline 0.007 -28"><span class='ocrx_word' id='word_1_126' title='bbox 423 1773 628 1827; x_wconf 86' lang='lat' dir='ltr'>Beatus</span> <span class='ocrx_word' id='word_1_127' title='bbox 653 1790 803 1845; x_wconf 90' lang='lat' dir='ltr'>papa</span> <span class='ocrx_word' id='word_1_128' title='bbox 846 1778 1178 1833; x_wconf 89' lang='lat' dir='ltr'>Coelestinus</span> <span class='ocrx_word' id='word_1_129' title='bbox 1227 1781 1296 1835; x_wconf 92' lang='lat' dir='ltr'>de</span> <span class='ocrx_word' id='word_1_130' title='bbox 1327 1782 1664 1852; x_wconf 90' lang='lat' dir='ltr'>quibusdam</span> <span class='ocrx_word' id='word_1_131' title='bbox 1711 1783 2049 1854; x_wconf 91' lang='lat' dir='ltr'>profundio-</span> 
     </span>
    </p>
   </div>
   <div class='ocr_carea' id='block_1_36' title="bbox 369 1861 2050 1942">
    <p class='ocr_par' dir='ltr' id='par_1_36' title="bbox 369 1861 2050 1942">
     <span class='ocr_line' id='line_1_36' title="bbox 369 1861 2050 1942; baseline 0.008 -28"><span class='ocrx_word' id='word_1_132' title='bbox 369 1861 530 1915; x_wconf 89' lang='lat' dir='ltr'>ribus</span> <span class='ocrx_word' id='word_1_133' title='bbox 561 1862 978 1931; x_wconf 74' lang='lat' dir='ltr'>quaestionibus</span> <span class='ocrx_word' id='word_1_134' title='bbox 1007 1867 1068 1921; x_wconf 87' lang='lat' dir='ltr'>in</span> <span class='ocrx_word' id='word_1_135' title='bbox 1097 1868 1334 1922; x_wconf 79' lang='lat' dir='ltr'>decretis</span> <span class='ocrx_word' id='word_1_136' title='bbox 1359 1871 1476 1924; x_wconf 88' lang='lat' dir='ltr'>suis</span> <span class='ocrx_word' id='word_1_137' title='bbox 1506 1872 1698 1942; x_wconf 84' lang='lat' dir='ltr'>posuit</span> <span class='ocrx_word' id='word_1_138' title='bbox 1739 1872 1932 1926; x_wconf 91' lang='lat' dir='ltr'>dicens</span> <span class='ocrx_word' id='word_1_139' title='bbox 1981 1873 2050 1928; x_wconf 91' lang='lat' dir='ltr'>de</span> 
     </span>
    </p>
   </div>
   <div class='ocr_carea' id='block_1_37' title="bbox 357 1941 2060 2028">
    <p class='ocr_par' dir='ltr' id='par_1_37' title="bbox 357 1941 2060 2028">
     <span class='ocr_line' id='line_1_37' title="bbox 357 1941 2060 2028; baseline 0.008 -26"><span class='ocrx_word' id='word_1_140' title='bbox 357 1941 461 2015; x_wconf 73' lang='lat' dir='ltr'>eis,</span> <span class='ocrx_word' id='word_1_141' title='bbox 508 1950 635 2016; x_wconf 62' lang='lat' dir='ltr'>Qum</span> <span class='ocrx_word' id='word_1_142' title='bbox 678 1954 818 2008; x_wconf 85' lang='lat' dir='ltr'>sicut</span> <span class='ocrx_word' id='word_1_143' title='bbox 863 1969 968 2008; x_wconf 91' lang='lat' dir='ltr'><strong><em>non</em></strong></span> <span class='ocrx_word' id='word_1_144' title='bbox 1006 1957 1264 2013; x_wconf 86' lang='lat' dir='ltr'>audemus</span> <span class='ocrx_word' id='word_1_145' title='bbox 1311 1965 1655 2028; x_wconf 82' lang='lat' dir='ltr'><strong><em>contemnere,</em></strong></span> <span class='ocrx_word' id='word_1_146' title='bbox 1703 1963 1783 2015; x_wconf 85' lang='lat' dir='ltr'><strong><em>ita</em></strong></span> <span class='ocrx_word' id='word_1_147' title='bbox 1825 1978 1930 2016; x_wconf 88' lang='lat' dir='ltr'><strong><em>non</em></strong></span> <span class='ocrx_word' id='word_1_148' title='bbox 1959 1960 2060 2015; x_wconf 13' lang='lat' dir='ltr'>ne-V</span> 
     </span>
    </p>
   </div>
   <div class='ocr_carea' id='block_1_38' title="bbox 357 2041 2052 2120">
    <p class='ocr_par' dir='ltr' id='par_1_38' title="bbox 357 2041 2052 2120">
     <span class='ocr_line' id='line_1_38' title="bbox 357 2041 2052 2120; baseline 0.008 -27"><span class='ocrx_word' id='word_1_149' title='bbox 357 2053 495 2094; x_wconf 87' lang='lat' dir='ltr'><strong><em>cesse</em></strong></span> <span class='ocrx_word' id='word_1_150' title='bbox 524 2041 777 2096; x_wconf 84' lang='lat' dir='ltr'><strong><em>habemus</em></strong></span> <span class='ocrx_word' id='word_1_151' title='bbox 808 2047 1066 2099; x_wconf 81' lang='lat' dir='ltr'><strong><em>astruere.</em></strong></span> <span class='ocrx_word' id='word_1_152' title='bbox 1101 2047 1184 2100; x_wconf 85' lang='lat' dir='ltr'>Sit</span> <span class='ocrx_word' id='word_1_153' title='bbox 1222 2063 1357 2118; x_wconf 89' lang='lat' dir='ltr'>ergo</span> <span class='ocrx_word' id='word_1_154' title='bbox 1389 2048 1538 2102; x_wconf 89' lang='lat' dir='ltr'>inter</span> <span class='ocrx_word' id='word_1_155' title='bbox 1562 2065 1667 2104; x_wconf 90' lang='lat' dir='ltr'>nos</span> <span class='ocrx_word' id='word_1_156' title='bbox 1712 2051 1808 2120; x_wconf 88' lang='lat' dir='ltr'>pia</span> <span class='ocrx_word' id='word_1_157' title='bbox 1833 2053 2052 2106; x_wconf 83' lang='lat' dir='ltr'>cautela</span> 
     </span>
    </p>
   </div>
   <div class='ocr_carea' id='block_1_39' title="bbox 356 2128 2050 2202">
    <p class='ocr_par' dir='ltr' id='par_1_39' title="bbox 356 2128 2050 2202">
     <span class='ocr_line' id='line_1_39' title="bbox 356 2128 2050 2202; baseline 0.009 -22"><span class='ocrx_word' id='word_1_158' title='bbox 356 2133 411 2182; x_wconf 90' lang='lat' dir='ltr'>et</span> <span class='ocrx_word' id='word_1_159' title='bbox 440 2128 778 2193; x_wconf 84' lang='lat' dir='ltr'><strong><em>moderatio,</em></strong></span> <span class='ocrx_word' id='word_1_160' title='bbox 813 2137 1094 2202; x_wconf 82' lang='lat' dir='ltr'>quatenus</span> <span class='ocrx_word' id='word_1_161' title='bbox 1143 2138 1350 2190; x_wconf 80' lang='lat' dir='ltr'>sanctis</span> <span class='ocrx_word' id='word_1_162' title='bbox 1380 2138 1641 2193; x_wconf 89' lang='lat' dir='ltr'>Patribus</span> <span class='ocrx_word' id='word_1_163' title='bbox 1684 2139 1908 2194; x_wconf 89' lang='lat' dir='ltr'>debitus</span> <span class='ocrx_word' id='word_1_164' title='bbox 1933 2157 2050 2194; x_wconf 80' lang='lat' dir='ltr'>aer-</span> 
     </span>
    </p>
   </div>
   <div class='ocr_carea' id='block_1_40' title="bbox 349 2217 2052 2296">
    <p class='ocr_par' dir='ltr' id='par_1_40' title="bbox 349 2217 2052 2296">
     <span class='ocr_line' id='line_1_40' title="bbox 349 2217 2052 2296; baseline 0.008 -27"><span class='ocrx_word' id='word_1_165' title='bbox 349 2220 513 2270; x_wconf 90' lang='lat' dir='ltr'>vetur</span> <span class='ocrx_word' id='word_1_166' title='bbox 555 2217 760 2284; x_wconf 88' lang='lat' dir='ltr'><strong><em>honor,</em></strong></span> <span class='ocrx_word' id='word_1_167' title='bbox 822 2224 878 2273; x_wconf 86' lang='lat' dir='ltr'>et</span> <span class='ocrx_word' id='word_1_168' title='bbox 925 2222 1182 2291; x_wconf 88' lang='lat' dir='ltr'>quolibet</span> <span class='ocrx_word' id='word_1_169' title='bbox 1221 2224 1348 2294; x_wconf 89' lang='lat' dir='ltr'>quis</span> <span class='ocrx_word' id='word_1_170' title='bbox 1399 2227 1718 2296; x_wconf 90' lang='lat' dir='ltr'>acquiescat</span> <span class='ocrx_word' id='word_1_171' title='bbox 1762 2229 1935 2282; x_wconf 94' lang='lat' dir='ltr'>modo</span> <span class='ocrx_word' id='word_1_172' title='bbox 1985 2246 2052 2283; x_wconf 82' lang='lat' dir='ltr'>ex</span> 
     </span>
    </p>
   </div>
   <div class='ocr_carea' id='block_1_41' title="bbox 352 2307 2036 2389">
    <p class='ocr_par' dir='ltr' id='par_1_41' title="bbox 352 2307 2036 2389">
     <span class='ocr_line' id='line_1_41' title="bbox 352 2307 2036 2389; baseline 0.007 -28"><span class='ocrx_word' id='word_1_173' title='bbox 352 2307 470 2362; x_wconf 90' lang='lat' dir='ltr'>illis</span> <span class='ocrx_word' id='word_1_174' title='bbox 499 2310 760 2364; x_wconf 89' lang='lat' dir='ltr'>sensibus</span> <span class='ocrx_word' id='word_1_175' title='bbox 790 2311 888 2381; x_wconf 90' lang='lat' dir='ltr'>qui</span> <span class='ocrx_word' id='word_1_176' title='bbox 917 2312 986 2366; x_wconf 89' lang='lat' dir='ltr'>de</span> <span class='ocrx_word' id='word_1_177' title='bbox 1016 2313 1120 2368; x_wconf 89' lang='lat' dir='ltr'><strong><em>hac</em></strong></span> <span class='ocrx_word' id='word_1_178' title='bbox 1148 2316 1428 2370; x_wconf 82' lang='lat' dir='ltr'>sententia</span> <span class='ocrx_word' id='word_1_179' title='bbox 1456 2317 1526 2372; x_wconf 90' lang='lat' dir='ltr'>ab</span> <span class='ocrx_word' id='word_1_180' title='bbox 1567 2319 1648 2371; x_wconf 88' lang='lat' dir='ltr'>eis</span> <span class='ocrx_word' id='word_1_181' title='bbox 1678 2318 1851 2389; x_wconf 87' lang='lat' dir='ltr'>positi</span> <span class='ocrx_word' id='word_1_182' title='bbox 1884 2324 2036 2385; x_wconf 89' lang='lat' dir='ltr'>sunt,</span> 
     </span>
    </p>
   </div>
   <div class='ocr_carea' id='block_1_42' title="bbox 361 2398 2054 2469">
    <p class='ocr_par' dir='ltr' id='par_1_42' title="bbox 361 2398 2054 2469">
     <span class='ocr_line' id='line_1_42' title="bbox 361 2398 2054 2469; baseline 0.008 -20"><span class='ocrx_word' id='word_1_183' title='bbox 361 2413 479 2451; x_wconf 92' lang='lat' dir='ltr'>non</span> <span class='ocrx_word' id='word_1_184' title='bbox 537 2398 864 2469; x_wconf 88' lang='lat' dir='ltr'>judicemus</span> <span class='ocrx_word' id='word_1_185' title='bbox 913 2416 1034 2455; x_wconf 90' lang='lat' dir='ltr'><strong><em>esse</em></strong></span> <span class='ocrx_word' id='word_1_186' title='bbox 1100 2402 1454 2459; x_wconf 69' lang='lat' dir='ltr'>haereticum.</span> <span class='ocrx_word' id='word_1_187' title='bbox 1528 2407 1650 2462; x_wconf 86' lang='lat' dir='ltr'>Lib.</span> <span class='ocrx_word' id='word_1_188' title='bbox 1705 2408 1771 2462; x_wconf 90' lang='lat' dir='ltr'>de</span> <span class='ocrx_word' id='word_1_189' title='bbox 1825 2409 2054 2463; x_wconf 86' lang='lat' dir='ltr'><strong><em>tenenda</em></strong></span> 
     </span>
    </p>
   </div>
   <div class='ocr_carea' id='block_1_43' title="bbox 367 2488 1636 2558">
    <p class='ocr_par' dir='ltr' id='par_1_43' title="bbox 367 2488 1636 2558">
     <span class='ocr_line' id='line_1_43' title="bbox 367 2488 1636 2558; baseline 0.007 -18"><span class='ocrx_word' id='word_1_190' title='bbox 367 2489 523 2542; x_wconf 72' lang='lat' dir='ltr'><strong><em>terit.</em></strong></span> <span class='ocrx_word' id='word_1_191' title='bbox 557 2488 795 2558; x_wconf 87' lang='lat' dir='ltr'><strong><em>Script.,</em></strong></span> <span class='ocrx_word' id='word_1_192' title='bbox 829 2504 949 2558; x_wconf 86' lang='lat' dir='ltr'>cap.</span> <span class='ocrx_word' id='word_1_193' title='bbox 989 2493 1071 2558; x_wconf 84' lang='lat' dir='ltr'>l2,</span> <span class='ocrx_word' id='word_1_194' title='bbox 1105 2497 1235 2547; x_wconf 91' lang='lat' dir='ltr'><strong><em>tom.</em></strong></span> <span class='ocrx_word' id='word_1_195' title='bbox 1277 2510 1325 2548; x_wconf 81' lang='lat' dir='ltr'>1x</span> <span class='ocrx_word' id='word_1_196' title='bbox 1357 2494 1494 2548; x_wconf 84' lang='lat' dir='ltr'>Bibl.</span> <span class='ocrx_word' id='word_1_197' title='bbox 1527 2496 1636 2549; x_wconf 90' lang='lat' dir='ltr'>PP.</span> 
     </span>
    </p>
   </div>
   <div class='ocr_carea' id='block_1_44' title="bbox 1135 2599 1241 2656">
    <p class='ocr_par' dir='ltr' id='par_1_44' title="bbox 1135 2599 1241 2656">
     <span class='ocr_line' id='line_1_44' title="bbox 1135 2599 1241 2656; baseline 0.019 -2"><span class='ocrx_word' id='word_1_198' title='bbox 1135 2599 1241 2656; x_wconf 81' lang='lat' dir='ltr'>XC.</span> 
     </span>
    </p>
   </div>
   <div class='ocr_carea' id='block_1_45' title="bbox 611 2698 903 2738">
    <p class='ocr_par' dir='ltr' id='par_1_45' title="bbox 611 2698 903 2738">
     <span class='ocr_line' id='line_1_45' title="bbox 611 2698 903 2738; baseline 0.01 -3"><span class='ocrx_word' id='word_1_199' title='bbox 611 2698 903 2738; x_wconf 76' lang='lat' dir='ltr'><strong>CENSORES.</strong></span> 
     </span>
    </p>
   </div>
   <div class='ocr_carea' id='block_1_46' title="bbox 420 2751 1158 2822">
    <p class='ocr_par' dir='ltr' id='par_1_46' title="bbox 420 2751 1158 2822">
     <span class='ocr_line' id='line_1_46' title="bbox 420 2751 1158 2822; baseline 0.003 -14"><span class='ocrx_word' id='word_1_200' title='bbox 420 2751 526 2808; x_wconf 86' lang='lat' dir='ltr'><strong><em>Sed</em></strong></span> <span class='ocrx_word' id='word_1_201' title='bbox 590 2767 761 2822; x_wconf 87' lang='lat' dir='ltr'><strong><em>neque</em></strong></span> <span class='ocrx_word' id='word_1_202' title='bbox 813 2770 997 2808; x_wconf 76' lang='lat' dir='ltr'><strong><em>verum</em></strong></span> <span class='ocrx_word' id='word_1_203' title='bbox 1065 2759 1158 2819; x_wconf 91' lang='lat' dir='ltr'><strong><em>est,</em></strong></span> 
     </span>
    </p>
   </div>
   <div class='ocr_carea' id='block_1_47' title="bbox 1435 2703 1870 2745">
    <p class='ocr_par' dir='ltr' id='par_1_47' title="bbox 1435 2703 1870 2745">
     <span class='ocr_line' id='line_1_47' title="bbox 1435 2703 1870 2745; baseline 0.009 -4"><span class='ocrx_word' id='word_1_204' title='bbox 1435 2703 1480 2741; x_wconf 88' lang='lat' dir='ltr'>S.</span> <span class='ocrx_word' id='word_1_205' title='bbox 1513 2703 1870 2745; x_wconf 72' lang='lat' dir='ltr'>AUGUSTINUS.</span> 
     </span>
    </p>
   </div>
   <div class='ocr_carea' id='block_1_48' title="bbox 1310 2759 2052 2829">
    <p class='ocr_par' dir='ltr' id='par_1_48' title="bbox 1310 2759 2052 2829">
     <span class='ocr_line' id='line_1_48' title="bbox 1310 2759 2052 2829; baseline 0.001 -17"><span class='ocrx_word' id='word_1_206' title='bbox 1310 2759 1439 2812; x_wconf 75' lang='lat' dir='ltr'><strong><em>Htec</em></strong></span> <span class='ocrx_word' id='word_1_207' title='bbox 1470 2773 1606 2828; x_wconf 91' lang='lat' dir='ltr'>ergo</span> <span class='ocrx_word' id='word_1_208' title='bbox 1647 2775 1774 2829; x_wconf 62' lang='lat' dir='ltr'>quas</span> <span class='ocrx_word' id='word_1_209' title='bbox 1816 2759 1955 2827; x_wconf 88' lang='lat' dir='ltr'>istis,</span> <span class='ocrx_word' id='word_1_210' title='bbox 1993 2764 2052 2814; x_wconf 91' lang='lat' dir='ltr'>ut</span> 
     </span>
    </p>
   </div>
   <div class='ocr_carea' id='block_1_49' title="bbox 2155 451 2416 507">
    <p class='ocr_par' dir='ltr' id='par_1_49' title="bbox 2155 451 2416 507">
     <span class='ocr_line' id='line_1_49' title="bbox 2155 451 2416 507; baseline 0.015 -4"><span class='ocrx_word' id='word_1_211' title='bbox 2155 451 2416 507; x_wconf 76' lang='lat' dir='ltr'><strong><em>debuerit.</em></strong></span> 
     </span>
    </p>
   </div>
   <div class='ocr_carea' id='block_1_50' title="bbox 3693 279 3770 332">
    <p class='ocr_par' dir='ltr' id='par_1_50' title="bbox 3693 279 3770 332">
     <span class='ocr_line' id='line_1_50' title="bbox 3693 279 3770 332; baseline 0.052 -4"><span class='ocrx_word' id='word_1_212' title='bbox 3693 279 3770 332; x_wconf 65' lang='grc'>863</span> 
     </span>
    </p>
   </div>
   <div class='ocr_carea' id='block_1_51' title="bbox 3040 459 3777 532">
    <p class='ocr_par' dir='ltr' id='par_1_51' title="bbox 3040 459 3777 532">
     <span class='ocr_line' id='line_1_51' title="bbox 3040 459 3777 532; baseline 0.018 -23"><span class='ocrx_word' id='word_1_213' title='bbox 3040 473 3198 532; x_wconf 57' lang='lat' dir='ltr'>papa</span> <span class='ocrx_word' id='word_1_214' title='bbox 3221 459 3464 515; x_wconf 70' lang='lat' dir='ltr'><strong><em>adversus</em></strong></span> <span class='ocrx_word' id='word_1_215' title='bbox 3496 465 3777 532; x_wconf 82' lang='lat' dir='ltr'>Pelagianos</span> 
     </span>
    </p>
   </div>
   <div class='ocr_carea' id='block_1_52' title="bbox 3042 530 3779 650">
    <p class='ocr_par' dir='ltr' id='par_1_52' title="bbox 3042 530 3779 650">
     <span class='ocr_line' id='line_1_52' title="bbox 3042 530 3779 650; baseline 0.019 -70"><span class='ocrx_word' id='word_1_216' title='bbox 3042 530 3207 650; x_wconf 58' lang='lat' dir='ltr'><strong><em>Roma</em></strong></span> <span class='ocrx_word' id='word_1_217' title='bbox 3234 531 3286 583; x_wconf 89' lang='lat' dir='ltr'><strong><em>in</em></strong></span> <span class='ocrx_word' id='word_1_218' title='bbox 3305 532 3536 598; x_wconf 81' lang='lat' dir='ltr'><strong><em>Africam</em></strong></span> <span class='ocrx_word' id='word_1_219' title='bbox 3551 530 3779 604; x_wconf 71' lang='lat' dir='ltr'><strong><em>pervenis-</em></strong></span> 
     </span>
     <span class='ocr_line' id='line_1_53' title="bbox 3042 613 3172 650; baseline 0 0"><span class='ocrx_word' id='word_1_220' title='bbox 3042 613 3130 650; x_wconf 89' lang='lat' dir='ltr'>sen</span> <span class='ocrx_word' id='word_1_221' title='bbox 3161 639 3172 650; x_wconf 92' lang='lat'>.</span> 
     </span>
    </p>
   </div>
   <div class='ocr_carea' id='block_1_53' title="bbox 3039 613 3172 652">
    <p class='ocr_par' dir='ltr' id='par_1_53' title="bbox 3039 613 3172 652">
     <span class='ocr_line' id='line_1_54' title="bbox 3039 613 3172 652; baseline 0.008 -1"><span class='ocrx_word' id='word_1_222' title='bbox 3039 613 3172 652; x_wconf 74' lang='grc' dir='ltr'><em>ερηι.</em></span> 
     </span>
    </p>
   </div>
   <div class='ocr_carea' id='block_1_54' title="bbox 2908 687 3091 742">
    <p class='ocr_par' dir='ltr' id='par_1_54' title="bbox 2908 687 3091 742">
     <span class='ocr_line' id='line_1_55' title="bbox 2908 687 3091 742; baseline 0.005 -1"><span class='ocrx_word' id='word_1_223' title='bbox 2908 687 3091 742; x_wconf 85' lang='lat' dir='ltr'>IDEM.</span> 
     </span>
    </p>
   </div>
   <div class='ocr_carea' id='block_1_55' title="bbox 2226 771 3781 855">
    <p class='ocr_par' dir='ltr' id='par_1_55' title="bbox 2226 771 3781 855">
     <span class='ocr_line' id='line_1_56' title="bbox 2226 771 3781 855; baseline 0.01 -32"><span class='ocrx_word' id='word_1_224' title='bbox 2226 771 2348 824; x_wconf 93' lang='lat' dir='ltr'>Imo</span> <span class='ocrx_word' id='word_1_225' title='bbox 2373 773 2637 826; x_wconf 86' lang='lat' dir='ltr'>noverint</span> <span class='ocrx_word' id='word_1_226' title='bbox 2668 788 2785 826; x_wconf 93' lang='lat' dir='ltr'>non</span> <span class='ocrx_word' id='word_1_227' title='bbox 2824 774 3009 828; x_wconf 89' lang='lat' dir='ltr'>solum</span> <span class='ocrx_word' id='word_1_228' title='bbox 3059 776 3366 831; x_wconf 81' lang='lat' dir='ltr'>Romanam</span> <span class='ocrx_word' id='word_1_229' title='bbox 3401 780 3781 855; x_wconf 83' lang='lat' dir='ltr'>Africanamque</span> 
     </span>
    </p>
   </div>
   <div class='ocr_carea' id='block_1_56' title="bbox 2154 857 3780 942">
    <p class='ocr_par' dir='ltr' id='par_1_56' title="bbox 2154 857 3780 942">
     <span class='ocr_line' id='line_1_57' title="bbox 2154 857 3780 942; baseline 0.009 -32"><span class='ocrx_word' id='word_1_230' title='bbox 2154 857 2476 918; x_wconf 86' lang='lat' dir='ltr'>Ecclesiam,</span> <span class='ocrx_word' id='word_1_231' title='bbox 2512 860 2608 912; x_wconf 91' lang='lat' dir='ltr'>sed</span> <span class='ocrx_word' id='word_1_232' title='bbox 2627 866 2684 914; x_wconf 92' lang='lat' dir='ltr'><strong><em>et</em></strong></span> <span class='ocrx_word' id='word_1_233' title='bbox 2708 878 2903 916; x_wconf 90' lang='lat' dir='ltr'>omnes</span> <span class='ocrx_word' id='word_1_234' title='bbox 2926 864 3130 918; x_wconf 89' lang='lat' dir='ltr'>mundi</span> <span class='ocrx_word' id='word_1_235' title='bbox 3155 870 3358 934; x_wconf 89' lang='lat' dir='ltr'>partes,</span> <span class='ocrx_word' id='word_1_236' title='bbox 3383 868 3648 923; x_wconf 84' lang='lat' dir='ltr'>universos</span> <span class='ocrx_word' id='word_1_237' title='bbox 3672 888 3780 942; x_wconf 85' lang='lat' dir='ltr'>pro-</span> 
     </span>
    </p>
   </div>
   <div class='ocr_carea' id='block_1_57' title="bbox 2152 945 3782 1026">
    <p class='ocr_par' dir='ltr' id='par_1_57' title="bbox 2152 945 3782 1026">
     <span class='ocr_line' id='line_1_58' title="bbox 2152 945 3782 1026; baseline 0.009 -28"><span class='ocrx_word' id='word_1_238' title='bbox 2152 945 2438 1000; x_wconf 89' lang='lat' dir='ltr'>missionis</span> <span class='ocrx_word' id='word_1_239' title='bbox 2479 947 2625 1002; x_wconf 87' lang='lat' dir='ltr'>lilios</span> <span class='ocrx_word' id='word_1_240' title='bbox 2655 967 2783 1003; x_wconf 89' lang='lat' dir='ltr'>cum</span> <span class='ocrx_word' id='word_1_241' title='bbox 2827 951 3086 1004; x_wconf 87' lang='lat' dir='ltr'>doctrina</span> <span class='ocrx_word' id='word_1_242' title='bbox 3117 953 3282 1022; x_wconf 85' lang='lat' dir='ltr'>hujus</span> <span class='ocrx_word' id='word_1_243' title='bbox 3319 953 3419 1007; x_wconf 81' lang='lat' dir='ltr'>viri</span> <span class='ocrx_word' id='word_1_244' title='bbox 3448 954 3651 1026; x_wconf 86' lang='lat' dir='ltr'>(nempe</span> <span class='ocrx_word' id='word_1_245' title='bbox 3688 962 3782 1011; x_wconf 82' lang='lat' dir='ltr'>Au-</span> 
     </span>
    </p>
   </div>
   <div class='ocr_carea' id='block_1_58' title="bbox 2151 1034 3781 1111">
    <p class='ocr_par' dir='ltr' id='par_1_58' title="bbox 2151 1034 3781 1111">
     <span class='ocr_line' id='line_1_59' title="bbox 2151 1034 3781 1111; baseline 0.008 -25"><span class='ocrx_word' id='word_1_246' title='bbox 2151 1034 2390 1105; x_wconf 89' lang='lat' dir='ltr'>gustini)</span> <span class='ocrx_word' id='word_1_247' title='bbox 2423 1079 2436 1101; x_wconf 91' lang='lat'>,</span> <span class='ocrx_word' id='word_1_248' title='bbox 2471 1037 2620 1090; x_wconf 88' lang='lat' dir='ltr'>sicut</span> <span class='ocrx_word' id='word_1_249' title='bbox 2644 1037 2703 1090; x_wconf 93' lang='lat' dir='ltr'>in</span> <span class='ocrx_word' id='word_1_250' title='bbox 2735 1042 2851 1092; x_wconf 89' lang='lat' dir='ltr'>tota</span> <span class='ocrx_word' id='word_1_251' title='bbox 2881 1039 3010 1106; x_wconf 86' lang='lat' dir='ltr'>fide,</span> <span class='ocrx_word' id='word_1_252' title='bbox 3048 1039 3128 1094; x_wconf 90' lang='lat' dir='ltr'>ila</span> <span class='ocrx_word' id='word_1_253' title='bbox 3158 1039 3217 1094; x_wconf 89' lang='lat' dir='ltr'>in</span> <span class='ocrx_word' id='word_1_254' title='bbox 3247 1042 3436 1111; x_wconf 65' lang='lat' dir='ltr'>gratia:</span> <span class='ocrx_word' id='word_1_255' title='bbox 3479 1046 3781 1099; x_wconf 84' lang='lat' dir='ltr'>confessione</span> 
     </span>
    </p>
   </div>
   <div class='ocr_carea' id='block_1_59' title="bbox 2151 1125 3098 1196">
    <p class='ocr_par' dir='ltr' id='par_1_59' title="bbox 2151 1125 3098 1196">
     <span class='ocr_line' id='line_1_60' title="bbox 2151 1125 3098 1196; baseline 0.004 -20"><span class='ocrx_word' id='word_1_256' title='bbox 2151 1139 2488 1193; x_wconf 84' lang='lat' dir='ltr'>congruere.</span> <span class='ocrx_word' id='word_1_257' title='bbox 2525 1125 2700 1194; x_wconf 80' lang='lat' dir='ltr'><strong><em>Epist.</em></strong></span> <span class='ocrx_word' id='word_1_258' title='bbox 2735 1127 2808 1180; x_wconf 90' lang='lat' dir='ltr'><strong><em>ad</em></strong></span> <span class='ocrx_word' id='word_1_259' title='bbox 2827 1130 3098 1196; x_wconf 83' lang='lat' dir='ltr'><strong><em>Ruﬁnum.</em></strong></span> 
     </span>
    </p>
   </div>
   <div class='ocr_carea' id='block_1_60' title="bbox 2929 1217 3082 1271">
    <p class='ocr_par' dir='ltr' id='par_1_60' title="bbox 2929 1217 3082 1271">
     <span class='ocr_line' id='line_1_61' title="bbox 2929 1217 3082 1271; baseline 0.007 -1"><span class='ocrx_word' id='word_1_260' title='bbox 2929 1217 3082 1271; x_wconf 84' lang='lat' dir='ltr'><strong>XCII.</strong></span> 
     </span>
    </p>
   </div>
   <div class='ocr_carea' id='block_1_61' title="bbox 2420 1318 2708 1358">
    <p class='ocr_par' dir='ltr' id='par_1_61' title="bbox 2420 1318 2708 1358">
     <span class='ocr_line' id='line_1_62' title="bbox 2420 1318 2708 1358; baseline 0.007 -3"><span class='ocrx_word' id='word_1_261' title='bbox 2420 1318 2708 1358; x_wconf 75' lang='lat' dir='ltr'>CENSORES.</span> 
     </span>
    </p>
   </div>
   <div class='ocr_carea' id='block_1_62' title="bbox 2221 1373 2964 1444">
    <p class='ocr_par' dir='ltr' id='par_1_62' title="bbox 2221 1373 2964 1444">
     <span class='ocr_line' id='line_1_63' title="bbox 2221 1373 2964 1444; baseline 0.004 -19"><span class='ocrx_word' id='word_1_262' title='bbox 2221 1373 2584 1444; x_wconf 84' lang='lat' dir='ltr'>Augustinus,</span> <span class='ocrx_word' id='word_1_263' title='bbox 2629 1381 2680 1428; x_wconf 88' lang='lat' dir='ltr'>et</span> <span class='ocrx_word' id='word_1_264' title='bbox 2722 1377 2818 1444; x_wconf 89' lang='lat' dir='ltr'>qui</span> <span class='ocrx_word' id='word_1_265' title='bbox 2849 1376 2964 1444; x_wconf 87' lang='lat' dir='ltr'>ejus</span> 
     </span>
    </p>
   </div>
   <div class='ocr_carea' id='block_1_63' title="bbox 2153 1441 2968 1511">
    <p class='ocr_par' dir='ltr' id='par_1_63' title="bbox 2153 1441 2968 1511">
     <span class='ocr_line' id='line_1_64' title="bbox 2153 1441 2968 1511; baseline 0.006 -17"><span class='ocrx_word' id='word_1_266' title='bbox 2153 1441 2218 1495; x_wconf 83' lang='lat' dir='ltr'>de</span> <span class='ocrx_word' id='word_1_267' title='bbox 2253 1441 2747 1511; x_wconf 48' lang='lat' dir='ltr'><strong><em>praedestinatione&#39;</em></strong></span> <span class='ocrx_word' id='word_1_268' title='bbox 2769 1441 2968 1500; x_wconf 83' lang='lat' dir='ltr'><strong><em>senten-</em></strong></span> 
     </span>
    </p>
   </div>
   <div class='ocr_carea' id='block_1_64' title="bbox 2155 1515 2966 1585">
    <p class='ocr_par' dir='ltr' id='par_1_64' title="bbox 2155 1515 2966 1585">
     <span class='ocr_line' id='line_1_65' title="bbox 2155 1515 2966 1585; baseline 0.007 -21"><span class='ocrx_word' id='word_1_269' title='bbox 2155 1515 2286 1566; x_wconf 88' lang='lat' dir='ltr'><strong><em>tiam</em></strong></span> <span class='ocrx_word' id='word_1_270' title='bbox 2315 1521 2631 1582; x_wconf 87' lang='lat' dir='ltr'><strong><em>sequuntur,</em></strong></span> <span class='ocrx_word' id='word_1_271' title='bbox 2673 1519 2728 1569; x_wconf 91' lang='lat' dir='ltr'><strong><em>in</em></strong></span> <span class='ocrx_word' id='word_1_272' title='bbox 2765 1518 2966 1585; x_wconf 66' lang='lat' dir='ltr'><strong><em>praede-</em></strong></span> 
     </span>
    </p>
   </div>
   <div class='ocr_carea' id='block_1_65' title="bbox 2151 1587 2966 1653">
    <p class='ocr_par' dir='ltr' id='par_1_65' title="bbox 2151 1587 2966 1653">
     <span class='ocr_line' id='line_1_66' title="bbox 2151 1587 2966 1653; baseline 0.002 -15"><span class='ocrx_word' id='word_1_273' title='bbox 2151 1587 2496 1638; x_wconf 88' lang='lat' dir='ltr'><strong><em>stinationem</em></strong></span> <span class='ocrx_word' id='word_1_274' title='bbox 2521 1589 2782 1653; x_wconf 78' lang='lat' dir='ltr'><strong><em>refe-runt,</em></strong></span> <span class='ocrx_word' id='word_1_275' title='bbox 2827 1589 2966 1640; x_wconf 87' lang='lat' dir='ltr'><strong><em>hunc</em></strong></span> 
     </span>
    </p>
   </div>
   <div class='ocr_carea' id='block_1_66' title="bbox 2079 1657 2968 1727">
    <p class='ocr_par' dir='ltr' id='par_1_66' title="bbox 2079 1657 2968 1727">
     <span class='ocr_line' id='line_1_67' title="bbox 2079 1657 2968 1727; baseline 0.004 -20"><span class='ocrx_word' id='word_1_276' title='bbox 2079 1659 2118 1714; x_wconf 86' lang='grc' dir='ltr'><strong>Β</strong></span> <span class='ocrx_word' id='word_1_277' title='bbox 2161 1657 2324 1722; x_wconf 86' lang='lat' dir='ltr'><strong><em>trahi,</em></strong></span> <span class='ocrx_word' id='word_1_278' title='bbox 2346 1657 2498 1708; x_wconf 89' lang='lat' dir='ltr'><strong><em>illum</em></strong></span> <span class='ocrx_word' id='word_1_279' title='bbox 2518 1673 2622 1710; x_wconf 90' lang='lat' dir='ltr'>non</span> <span class='ocrx_word' id='word_1_280' title='bbox 2644 1659 2811 1721; x_wconf 84' lang='lat' dir='ltr'><strong><em>trahi,</em></strong></span> <span class='ocrx_word' id='word_1_281' title='bbox 2835 1661 2968 1727; x_wconf 84' lang='lat' dir='ltr'>quia</span> 
     </span>
    </p>
   </div>
   <div class='ocr_carea' id='block_1_67' title="bbox 2159 1727 2964 1795">
    <p class='ocr_par' dir='ltr' id='par_1_67' title="bbox 2159 1727 2964 1795">
     <span class='ocr_line' id='line_1_68' title="bbox 2159 1727 2964 1795; baseline 0.004 -17"><span class='ocrx_word' id='word_1_282' title='bbox 2159 1727 2243 1779; x_wconf 88' lang='lat' dir='ltr'>hic</span> <span class='ocrx_word' id='word_1_283' title='bbox 2294 1727 2713 1795; x_wconf 74' lang='lat' dir='ltr'><strong><em>praedestinatus</em></strong></span> <span class='ocrx_word' id='word_1_284' title='bbox 2762 1732 2964 1795; x_wconf 86' lang='lat' dir='ltr'><strong><em>fuerat,</em></strong></span> 
     </span>
    </p>
   </div>
   <div class='ocr_carea' id='block_1_68' title="bbox 2157 1797 2970 1867">
    <p class='ocr_par' dir='ltr' id='par_1_68' title="bbox 2157 1797 2970 1867">
     <span class='ocr_line' id='line_1_69' title="bbox 2157 1797 2970 1867; baseline 0.005 -19"><span class='ocrx_word' id='word_1_285' title='bbox 2157 1797 2247 1849; x_wconf 85' lang='lat' dir='ltr'><strong><em>ille</em></strong></span> <span class='ocrx_word' id='word_1_286' title='bbox 2275 1812 2378 1850; x_wconf 90' lang='lat' dir='ltr'>non</span> <span class='ocrx_word' id='word_1_287' title='bbox 2408 1799 2610 1864; x_wconf 78' lang='lat' dir='ltr'><strong><em>fuerat,</em></strong></span> <span class='ocrx_word' id='word_1_288' title='bbox 2654 1802 2838 1867; x_wconf 86' lang='lat' dir='ltr'>itaque</span> <span class='ocrx_word' id='word_1_289' title='bbox 2865 1815 2970 1852; x_wconf 89' lang='lat' dir='ltr'>non</span> 
     </span>
    </p>
   </div>
   <div class='ocr_carea' id='block_1_69' title="bbox 2157 1869 2964 1936">
    <p class='ocr_par' dir='ltr' id='par_1_69' title="bbox 2157 1869 2964 1936">
     <span class='ocr_line' id='line_1_70' title="bbox 2157 1869 2964 1936; baseline 0.005 -17"><span class='ocrx_word' id='word_1_290' title='bbox 2157 1869 2332 1934; x_wconf 86' lang='lat' dir='ltr'><strong><em>magis</em></strong></span> <span class='ocrx_word' id='word_1_291' title='bbox 2412 1869 2758 1936; x_wconf 69' lang='lat' dir='ltr'><strong><em>quaerendum</em></strong></span> <span class='ocrx_word' id='word_1_292' title='bbox 2838 1885 2964 1934; x_wconf 88' lang='lat' dir='ltr'><strong><em>esse,</em></strong></span> 
     </span>
    </p>
   </div>
   <div class='ocr_carea' id='block_1_70' title="bbox 2159 1939 2972 2006">
    <p class='ocr_par' dir='ltr' id='par_1_70' title="bbox 2159 1939 2972 2006">
     <span class='ocr_line' id='line_1_71' title="bbox 2159 1939 2972 2006; baseline 0.006 -17"><span class='ocrx_word' id='word_1_293' title='bbox 2159 1953 2326 2006; x_wconf 89' lang='lat' dir='ltr'><strong><em>quare</em></strong></span> <span class='ocrx_word' id='word_1_294' title='bbox 2348 1939 2431 1990; x_wconf 79' lang='lat' dir='ltr'><strong><em>hic</em></strong></span> <span class='ocrx_word' id='word_1_295' title='bbox 2453 1941 2726 2002; x_wconf 84' lang='lat' dir='ltr'><strong><em>trahatur,</em></strong></span> <span class='ocrx_word' id='word_1_296' title='bbox 2749 1942 2838 1994; x_wconf 83' lang='lat' dir='ltr'><strong><em>ille</em></strong></span> <span class='ocrx_word' id='word_1_297' title='bbox 2867 1957 2972 1994; x_wconf 89' lang='lat' dir='ltr'>non</span> 
     </span>
    </p>
   </div>
   <div class='ocr_carea' id='block_1_71' title="bbox 2159 2009 2973 2078">
    <p class='ocr_par' dir='ltr' id='par_1_71' title="bbox 2159 2009 2973 2078">
     <span class='ocr_line' id='line_1_72' title="bbox 2159 2009 2973 2078; baseline 0.006 -18"><span class='ocrx_word' id='word_1_298' title='bbox 2159 2009 2432 2072; x_wconf 87' lang='lat' dir='ltr'><strong><em>trahatur,</em></strong></span> <span class='ocrx_word' id='word_1_299' title='bbox 2466 2026 2627 2078; x_wconf 90' lang='lat' dir='ltr'><strong><em>quam</em></strong></span> <span class='ocrx_word' id='word_1_300' title='bbox 2653 2011 2843 2075; x_wconf 86' lang='lat' dir='ltr'><strong><em>dicere,</em></strong></span> <span class='ocrx_word' id='word_1_301' title='bbox 2878 2028 2973 2064; x_wconf 88' lang='lat' dir='ltr'><strong><em>cur</em></strong></span> 
     </span>
    </p>
   </div>
   <div class='ocr_carea' id='block_1_72' title="bbox 2159 2079 2965 2149">
    <p class='ocr_par' dir='ltr' id='par_1_72' title="bbox 2159 2079 2965 2149">
     <span class='ocr_line' id='line_1_73' title="bbox 2159 2079 2965 2149; baseline 0.005 -18"><span class='ocrx_word' id='word_1_302' title='bbox 2159 2079 2245 2132; x_wconf 90' lang='lat' dir='ltr'>hic</span> <span class='ocrx_word' id='word_1_303' title='bbox 2289 2080 2707 2147; x_wconf 61' lang='lat' dir='ltr'><strong><em>prwdestinatus</em></strong></span> <span class='ocrx_word' id='word_1_304' title='bbox 2779 2085 2965 2149; x_wconf 80' lang='lat' dir='ltr'><strong><em>fuerit,</em></strong></span> 
     </span>
    </p>
   </div>
   <div class='ocr_carea' id='block_1_73' title="bbox 2159 2150 2970 2222">
    <p class='ocr_par' dir='ltr' id='par_1_73' title="bbox 2159 2150 2970 2222">
     <span class='ocr_line' id='line_1_74' title="bbox 2159 2150 2970 2222; baseline 0.001 -18"><span class='ocrx_word' id='word_1_305' title='bbox 2159 2151 2248 2204; x_wconf 88' lang='lat' dir='ltr'><strong><em>ille</em></strong></span> <span class='ocrx_word' id='word_1_306' title='bbox 2284 2151 2600 2216; x_wconf 62' lang='lat' dir='ltr'><strong><em>nonffuerit.</em></strong></span> <span class='ocrx_word' id='word_1_307' title='bbox 2641 2150 2744 2205; x_wconf 86' lang='lat' dir='ltr'>Ubi</span> <span class='ocrx_word' id='word_1_308' title='bbox 2773 2159 2970 2222; x_wconf 88' lang='lat' dir='ltr'>postea</span> 
     </span>
    </p>
   </div>
   <div class='ocr_carea' id='block_1_74' title="bbox 3229 1323 3642 1362">
    <p class='ocr_par' dir='ltr' id='par_1_74' title="bbox 3229 1323 3642 1362">
     <span class='ocr_line' id='line_1_75' title="bbox 3229 1323 3642 1362; baseline 0.007 -3"><span class='ocrx_word' id='word_1_309' title='bbox 3229 1323 3254 1359; x_wconf 87' lang='lat' dir='ltr'>S</span> <span class='ocrx_word' id='word_1_310' title='bbox 3270 1350 3280 1362; x_wconf 91' lang='lat'>.</span> <span class='ocrx_word' id='word_1_311' title='bbox 3317 1323 3642 1362; x_wconf 72' lang='lat' dir='ltr'>AUGUSTINUS.</span> 
     </span>
    </p>
   </div>
   <div class='ocr_carea' id='block_1_75' title="bbox 3115 1377 3785 1446">
    <p class='ocr_par' dir='ltr' id='par_1_75' title="bbox 3115 1377 3785 1446">
     <span class='ocr_line' id='line_1_76' title="bbox 3115 1377 3785 1446; baseline 0.007 -16"><span class='ocrx_word' id='word_1_312' title='bbox 3115 1377 3258 1446; x_wconf 88' lang='lat' dir='ltr'>Ergo</span> <span class='ocrx_word' id='word_1_313' title='bbox 3311 1379 3450 1432; x_wconf 82' lang='lat' dir='ltr'>trahi</span> <span class='ocrx_word' id='word_1_314' title='bbox 3498 1396 3526 1431; x_wconf 88' lang='lat' dir='ltr'>a</span> <span class='ocrx_word' id='word_1_315' title='bbox 3569 1381 3709 1434; x_wconf 84' lang='lat' dir='ltr'>Patre</span> <span class='ocrx_word' id='word_1_316' title='bbox 3736 1383 3785 1434; x_wconf 88' lang='lat' dir='ltr'>ad</span> 
     </span>
    </p>
   </div>
   <div class='ocr_carea' id='block_1_76' title="bbox 3041 1447 3786 1512">
    <p class='ocr_par' dir='ltr' id='par_1_76' title="bbox 3041 1447 3786 1512">
     <span class='ocr_line' id='line_1_77' title="bbox 3041 1447 3786 1512; baseline 0.003 -10"><span class='ocrx_word' id='word_1_317' title='bbox 3041 1447 3348 1512; x_wconf 85' lang='lat' dir='ltr'>Christum,</span> <span class='ocrx_word' id='word_1_318' title='bbox 3415 1454 3466 1501; x_wconf 90' lang='lat' dir='ltr'>et</span> <span class='ocrx_word' id='word_1_319' title='bbox 3517 1451 3690 1503; x_wconf 91' lang='lat' dir='ltr'>audire</span> <span class='ocrx_word' id='word_1_320' title='bbox 3739 1469 3786 1504; x_wconf 85' lang='lat' dir='ltr'>ac</span> 
     </span>
    </p>
   </div>
   <div class='ocr_carea' id='block_1_77' title="bbox 3042 1518 3787 1585">
    <p class='ocr_par' dir='ltr' id='par_1_77' title="bbox 3042 1518 3787 1585">
     <span class='ocr_line' id='line_1_78' title="bbox 3042 1518 3787 1585; baseline 0.007 -15"><span class='ocrx_word' id='word_1_321' title='bbox 3042 1518 3256 1570; x_wconf 85' lang='lat' dir='ltr'><strong><em>discere</em></strong></span> <span class='ocrx_word' id='word_1_322' title='bbox 3287 1537 3316 1572; x_wconf 90' lang='lat' dir='ltr'>a</span> <span class='ocrx_word' id='word_1_323' title='bbox 3346 1521 3521 1585; x_wconf 83' lang='lat' dir='ltr'>Patre,</span> <span class='ocrx_word' id='word_1_324' title='bbox 3549 1526 3605 1573; x_wconf 91' lang='lat' dir='ltr'>ut</span> <span class='ocrx_word' id='word_1_325' title='bbox 3640 1523 3787 1575; x_wconf 85' lang='lat' dir='ltr'>veniat</span> 
     </span>
    </p>
   </div>
   <div class='ocr_carea' id='block_1_78' title="bbox 3041 1589 3786 1656">
    <p class='ocr_par' dir='ltr' id='par_1_78' title="bbox 3041 1589 3786 1656">
     <span class='ocr_line' id='line_1_79' title="bbox 3041 1589 3786 1656; baseline 0.005 -15"><span class='ocrx_word' id='word_1_326' title='bbox 3041 1590 3112 1642; x_wconf 88' lang='lat' dir='ltr'><strong><em>ad</em></strong></span> <span class='ocrx_word' id='word_1_327' title='bbox 3158 1589 3459 1656; x_wconf 84' lang='lat' dir='ltr'>Christum,</span> <span class='ocrx_word' id='word_1_328' title='bbox 3499 1591 3625 1644; x_wconf 88' lang='lat' dir='ltr'>nihil</span> <span class='ocrx_word' id='word_1_329' title='bbox 3666 1592 3786 1645; x_wconf 87' lang='lat' dir='ltr'>aliud</span> 
     </span>
    </p>
   </div>
   <div class='ocr_carea' id='block_1_79' title="bbox 3041 1661 3788 1731">
    <p class='ocr_par' dir='ltr' id='par_1_79' title="bbox 3041 1661 3788 1731">
     <span class='ocr_line' id='line_1_80' title="bbox 3041 1661 3788 1731; baseline 0.004 -20"><span class='ocrx_word' id='word_1_330' title='bbox 3041 1663 3124 1712; x_wconf 91' lang='lat' dir='ltr'>est</span> <span class='ocrx_word' id='word_1_331' title='bbox 3150 1676 3318 1726; x_wconf 90' lang='lat' dir='ltr'>quam</span> <span class='ocrx_word' id='word_1_332' title='bbox 3345 1661 3547 1714; x_wconf 91' lang='lat' dir='ltr'>donum</span> <span class='ocrx_word' id='word_1_333' title='bbox 3583 1663 3788 1731; x_wconf 86' lang='lat' dir='ltr'>accipere</span> 
     </span>
    </p>
   </div>
   <div class='ocr_carea' id='block_1_80' title="bbox 3043 1731 3790 1802">
    <p class='ocr_par' dir='ltr' id='par_1_80' title="bbox 3043 1731 3790 1802">
     <span class='ocr_line' id='line_1_81' title="bbox 3043 1731 3790 1802; baseline 0.004 -20"><span class='ocrx_word' id='word_1_334' title='bbox 3043 1731 3303 1802; x_wconf 15' lang='lat' dir='ltr'>arPatre,</span> <span class='ocrx_word' id='word_1_335' title='bbox 3366 1748 3473 1802; x_wconf 92' lang='lat' dir='ltr'>quo</span> <span class='ocrx_word' id='word_1_336' title='bbox 3540 1732 3705 1785; x_wconf 89' lang='lat' dir='ltr'>credat</span> <span class='ocrx_word' id='word_1_337' title='bbox 3745 1733 3790 1786; x_wconf 86' lang='lat' dir='ltr'>in</span> 
     </span>
    </p>
   </div>
   <div class='ocr_carea' id='block_1_81' title="bbox 3045 1801 3789 1872">
    <p class='ocr_par' dir='ltr' id='par_1_81' title="bbox 3045 1801 3789 1872">
     <span class='ocr_line' id='line_1_82' title="bbox 3045 1801 3789 1872; baseline 0.003 -19"><span class='ocrx_word' id='word_1_338' title='bbox 3045 1801 3351 1872; x_wconf 83' lang='lat' dir='ltr'>Christum.</span> <span class='ocrx_word' id='word_1_339' title='bbox 3385 1801 3398 1802; x_wconf 29' lang='grc' dir='ltr'>ί</span> <span class='ocrx_word' id='word_1_340' title='bbox 3425 1803 3601 1872; x_wconf 88' lang='lat' dir='ltr'>Neque</span> <span class='ocrx_word' id='word_1_341' title='bbox 3669 1803 3789 1856; x_wconf 87' lang='lat' dir='ltr'>enim</span> 
     </span>
    </p>
   </div>
   <div class='ocr_carea' id='block_1_82' title="bbox 3044 1871 3788 1942">
    <p class='ocr_par' dir='ltr' id='par_1_82' title="bbox 3044 1871 3788 1942">
     <span class='ocr_line' id='line_1_83' title="bbox 3044 1871 3788 1942; baseline 0 -18"><span class='ocrx_word' id='word_1_342' title='bbox 3044 1871 3341 1925; x_wconf 88' lang='lat' dir='ltr'>audientes</span> <span class='ocrx_word' id='word_1_343' title='bbox 3402 1871 3726 1942; x_wconf 86' lang='lat' dir='ltr'>Evangelium</span> <span class='ocrx_word' id='word_1_344' title='bbox 3767 1889 3788 1924; x_wconf 89' lang='lat' dir='ltr'><strong><em>a</em></strong></span> 
     </span>
    </p>
   </div>
   <div class='ocr_carea' id='block_1_83' title="bbox 3046 1943 3790 2009">
    <p class='ocr_par' dir='ltr' id='par_1_83' title="bbox 3046 1943 3790 2009">
     <span class='ocr_line' id='line_1_84' title="bbox 3046 1943 3790 2009; baseline 0 -15"><span class='ocrx_word' id='word_1_345' title='bbox 3046 1958 3157 1994; x_wconf 88' lang='lat' dir='ltr'>non</span> <span class='ocrx_word' id='word_1_346' title='bbox 3191 1943 3661 2009; x_wconf 84' lang='lat' dir='ltr'>audientibus,sed</span> <span class='ocrx_word' id='word_1_347' title='bbox 3695 1961 3790 1995; x_wconf 87' lang='lat' dir='ltr'><strong><em>cre-</em></strong></span> 
     </span>
    </p>
   </div>
   <div class='ocr_carea' id='block_1_84' title="bbox 3046 2013 3791 2067">
    <p class='ocr_par' dir='ltr' id='par_1_84' title="bbox 3046 2013 3791 2067">
     <span class='ocr_line' id='line_1_85' title="bbox 3046 2013 3791 2067; baseline -0.003 -3"><span class='ocrx_word' id='word_1_348' title='bbox 3046 2013 3244 2065; x_wconf 87' lang='lat' dir='ltr'>dentes</span> <span class='ocrx_word' id='word_1_349' title='bbox 3275 2030 3303 2066; x_wconf 91' lang='lat' dir='ltr'>a</span> <span class='ocrx_word' id='word_1_350' title='bbox 3347 2029 3459 2067; x_wconf 92' lang='lat' dir='ltr'>non</span> <span class='ocrx_word' id='word_1_351' title='bbox 3490 2014 3791 2066; x_wconf 72' lang='lat' dir='ltr'>credentibus</span> 
     </span>
    </p>
   </div>
   <div class='ocr_carea' id='block_1_85' title="bbox 3046 2083 3788 2153">
    <p class='ocr_par' dir='ltr' id='par_1_85' title="bbox 3046 2083 3788 2153">
     <span class='ocr_line' id='line_1_86' title="bbox 3046 2083 3788 2153; baseline -0.003 -17"><span class='ocrx_word' id='word_1_352' title='bbox 3046 2083 3420 2146; x_wconf 84' lang='lat' dir='ltr'>discernebat,</span> <span class='ocrx_word' id='word_1_353' title='bbox 3459 2086 3550 2153; x_wconf 87' lang='lat' dir='ltr'>qui</span> <span class='ocrx_word' id='word_1_354' title='bbox 3585 2085 3788 2137; x_wconf 66' lang='lat' dir='ltr'>dICt‘bﬂt:</span> 
     </span>
    </p>
   </div>
   <div class='ocr_carea' id='block_1_86' title="bbox 3043 2156 3792 2220">
    <p class='ocr_par' dir='ltr' id='par_1_86' title="bbox 3043 2156 3792 2220">
     <span class='ocr_line' id='line_1_87' title="bbox 3043 2156 3792 2220; baseline -0.005 -13"><span class='ocrx_word' id='word_1_355' title='bbox 3043 2156 3208 2207; x_wconf 82' lang='lat' dir='ltr'><strong><em>Nemo</em></strong></span> <span class='ocrx_word' id='word_1_356' title='bbox 3262 2159 3407 2208; x_wconf 77' lang='lat' dir='ltr'><strong><em>venit</em></strong></span> <span class='ocrx_word' id='word_1_357' title='bbox 3459 2158 3527 2206; x_wconf 81' lang='lat' dir='ltr'><strong><em>ad</em></strong></span> <span class='ocrx_word' id='word_1_358' title='bbox 3573 2171 3660 2220; x_wconf 88' lang='lat' dir='ltr'>me,</span> <span class='ocrx_word' id='word_1_359' title='bbox 3713 2157 3792 2205; x_wconf 82' lang='lat' dir='ltr'><strong><em>insi</em></strong></span> 
     </span>
    </p>
   </div>
   <div class='ocr_carea' id='block_1_87' title="bbox 2159 2226 3792 2290">
    <p class='ocr_par' dir='ltr' id='par_1_87' title="bbox 2159 2226 3792 2290">
     <span class='ocr_line' id='line_1_88' title="bbox 2159 2226 3792 2290; baseline 0.001 -18"><span class='ocrx_word' id='word_1_360' title='bbox 2159 2227 2408 2288; x_wconf 85' lang='lat' dir='ltr'>arguunt</span> <span class='ocrx_word' id='word_1_361' title='bbox 2457 2229 2712 2275; x_wconf 90' lang='lat' dir='ltr'>sanctum</span> <span class='ocrx_word' id='word_1_362' title='bbox 2771 2227 2963 2290; x_wconf 81' lang='lat' dir='ltr'>Augu-</span> <span class='ocrx_word' id='word_1_363' title='bbox 3039 2226 3210 2290; x_wconf 80' lang='lat' dir='ltr'><strong><em>fuerit</em></strong></span> <span class='ocrx_word' id='word_1_364' title='bbox 3260 2228 3310 2277; x_wconf 90' lang='lat' dir='ltr'>ei</span> <span class='ocrx_word' id='word_1_365' title='bbox 3364 2226 3541 2278; x_wconf 87' lang='lat' dir='ltr'><strong><em>datum</em></strong></span> <span class='ocrx_word' id='word_1_366' title='bbox 3583 2241 3611 2277; x_wconf 91' lang='lat' dir='ltr'>a</span> <span class='ocrx_word' id='word_1_367' title='bbox 3670 2227 3792 2278; x_wconf 83' lang='lat' dir='ltr'><strong><em>Patre</em></strong></span> 
     </span>
    </p>
   </div>
   <div class='ocr_carea' id='block_1_88' title="bbox 2158 2292 3790 2365">
    <p class='ocr_par' dir='ltr' id='par_1_88' title="bbox 2158 2292 3790 2365">
     <span class='ocr_line' id='line_1_89' title="bbox 2158 2292 3790 2365; baseline 0.002 -22"><span class='ocrx_word' id='word_1_368' title='bbox 2158 2292 2394 2365; x_wconf 85' lang='lat' dir='ltr'>stinum,</span> <span class='ocrx_word' id='word_1_369' title='bbox 2429 2293 2579 2365; x_wconf 91' lang='lat' dir='ltr'>quod</span> <span class='ocrx_word' id='word_1_370' title='bbox 2613 2292 2763 2365; x_wconf 64' lang='lat' dir='ltr'>dixit</span> <span class='ocrx_word' id='word_1_371' title='bbox 2801 2295 2969 2361; x_wconf 87' lang='lat' dir='ltr'>trahi,</span> <span class='ocrx_word' id='word_1_372' title='bbox 3047 2310 3196 2355; x_wconf 82' lang='lat' dir='ltr'><strong><em>meo;</em></strong></span> <span class='ocrx_word' id='word_1_373' title='bbox 3252 2295 3412 2349; x_wconf 85' lang='lat' dir='ltr'>Fides</span> <span class='ocrx_word' id='word_1_374' title='bbox 3453 2296 3614 2365; x_wconf 83' lang='lat' dir='ltr'>igitur</span> <span class='ocrx_word' id='word_1_375' title='bbox 3661 2301 3705 2346; x_wconf 88' lang='lat' dir='ltr'>et</span> <span class='ocrx_word' id='word_1_376' title='bbox 3727 2295 3790 2365; x_wconf 54' lang='lat' dir='ltr'>inf</span> 
     </span>
    </p>
   </div>
   <div class='ocr_carea' id='block_1_89' title="bbox 2160 2363 3791 2436">
    <p class='ocr_par' dir='ltr' id='par_1_89' title="bbox 2160 2363 3791 2436">
     <span class='ocr_line' id='line_1_90' title="bbox 2160 2363 3791 2436; baseline -0.001 -20"><span class='ocrx_word' id='word_1_377' title='bbox 2160 2363 2625 2433; x_wconf 71' lang='lat' dir='ltr'>etprazdestinari</span> <span class='ocrx_word' id='word_1_378' title='bbox 2647 2363 2800 2418; x_wconf 89' lang='lat' dir='ltr'>idem</span> <span class='ocrx_word' id='word_1_379' title='bbox 2827 2380 2967 2418; x_wconf 92' lang='lat' dir='ltr'>esse.</span> <span class='ocrx_word' id='word_1_380' title='bbox 3047 2365 3250 2418; x_wconf 89' lang='lat' dir='ltr'>choata</span> <span class='ocrx_word' id='word_1_381' title='bbox 3321 2371 3375 2419; x_wconf 89' lang='lat' dir='ltr'>et</span> <span class='ocrx_word' id='word_1_382' title='bbox 3453 2363 3676 2436; x_wconf 78' lang='lat' dir='ltr'>perfecta</span> <span class='ocrx_word' id='word_1_383' title='bbox 3721 2363 3791 2417; x_wconf 82' lang='lat' dir='ltr'>Dei</span> 
     </span>
    </p>
   </div>
   <div class='ocr_carea' id='block_1_90' title="bbox 3043 2437 3790 2491">
    <p class='ocr_par' dir='ltr' id='par_1_90' title="bbox 3043 2437 3790 2491">
     <span class='ocr_line' id='line_1_91' title="bbox 3043 2437 3790 2491; baseline -0.003 -3"><span class='ocrx_word' id='word_1_384' title='bbox 3043 2437 3259 2488; x_wconf 88' lang='lat' dir='ltr'>donum</span> <span class='ocrx_word' id='word_1_385' title='bbox 3290 2441 3391 2490; x_wconf 79' lang='lat' dir='ltr'>est.</span> <span class='ocrx_word' id='word_1_386' title='bbox 3433 2438 3525 2491; x_wconf 81' lang='lat' dir='ltr'>Lib</span> <span class='ocrx_word' id='word_1_387' title='bbox 3603 2437 3660 2488; x_wconf 86' lang='lat' dir='ltr'><strong><em>de</em></strong></span> <span class='ocrx_word' id='word_1_388' title='bbox 3684 2437 3790 2488; x_wconf 71' lang='lat' dir='ltr'>Pra-</span> 
     </span>
    </p>
   </div>
   <div class='ocr_carea' id='block_1_91' title="bbox 3043 2507 3712 2576">
    <p class='ocr_par' dir='ltr' id='par_1_91' title="bbox 3043 2507 3712 2576">
     <span class='ocr_line' id='line_1_92' title="bbox 3043 2507 3712 2576; baseline -0.001 -17"><span class='ocrx_word' id='word_1_389' title='bbox 3043 2507 3177 2560; x_wconf 87' lang='lat' dir='ltr'><strong><em>dest.</em></strong></span> <span class='ocrx_word' id='word_1_390' title='bbox 3209 2513 3527 2574; x_wconf 88' lang='lat' dir='ltr'><strong><em>sanctorum,</em></strong></span> <span class='ocrx_word' id='word_1_391' title='bbox 3544 2521 3651 2576; x_wconf 85' lang='lat' dir='ltr'><strong><em>cap.</em></strong></span> <span class='ocrx_word' id='word_1_392' title='bbox 3670 2509 3712 2559; x_wconf 91' lang='lat'><strong><em>8.</em></strong></span> 
     </span>
    </p>
   </div>
   <div class='ocr_carea' id='block_1_92' title="bbox 2733 2594 3296 2651">
    <p class='ocr_par' dir='ltr' id='par_1_92' title="bbox 2733 2594 3296 2651">
     <span class='ocr_line' id='line_1_93' title="bbox 2733 2594 3296 2651; baseline 0.007 -4"><span class='ocrx_word' id='word_1_393' title='bbox 2733 2594 2796 2648; x_wconf 92' lang='lat' dir='ltr'><strong>S.</strong></span> <span class='ocrx_word' id='word_1_394' title='bbox 2831 2595 3296 2651; x_wconf 81' lang='lat' dir='ltr'>PRUDENTIUS.</span> 
     </span>
    </p>
   </div>
   <div class='ocr_carea' id='block_1_93' title="bbox 2232 2679 3794 2753">
    <p class='ocr_par' dir='ltr' id='par_1_93' title="bbox 2232 2679 3794 2753">
     <span class='ocr_line' id='line_1_94' title="bbox 2232 2679 3794 2753; baseline -0.001 -21"><span class='ocrx_word' id='word_1_395' title='bbox 2232 2680 2367 2744; x_wconf 62' lang='lat' dir='ltr'><strong><em>Quae</em></strong></span> <span class='ocrx_word' id='word_1_396' title='bbox 2414 2679 2584 2735; x_wconf 84' lang='lat' dir='ltr'>verba</span> <span class='ocrx_word' id='word_1_397' title='bbox 2632 2685 2753 2750; x_wconf 89' lang='lat' dir='ltr'>tua,</span> <span class='ocrx_word' id='word_1_398' title='bbox 2785 2698 2958 2753; x_wconf 91' lang='lat' dir='ltr'>quam</span> <span class='ocrx_word' id='word_1_399' title='bbox 3007 2683 3122 2736; x_wconf 91' lang='lat' dir='ltr'>sint</span> <span class='ocrx_word' id='word_1_400' title='bbox 3173 2683 3590 2738; x_wconf 86' lang='lat' dir='ltr'>mendaciorum</span> <span class='ocrx_word' id='word_1_401' title='bbox 3622 2681 3794 2736; x_wconf 85' lang='lat' dir='ltr'>nebulis</span> 
     </span>
    </p>
   </div>
   <div class='ocr_carea' id='block_1_94' title="bbox 2162 2770 3795 2843">
    <p class='ocr_par' dir='ltr' id='par_1_94' title="bbox 2162 2770 3795 2843">
     <span class='ocr_line' id='line_1_95' title="bbox 2162 2770 3795 2843; baseline -0.002 -18"><span class='ocrx_word' id='word_1_402' title='bbox 2162 2770 2425 2841; x_wconf 86' lang='lat' dir='ltr'>caligata,</span> <span class='ocrx_word' id='word_1_403' title='bbox 2469 2771 2728 2840; x_wconf 87' lang='lat' dir='ltr'>ejusdem</span> <span class='ocrx_word' id='word_1_404' title='bbox 2771 2772 3110 2826; x_wconf 85' lang='lat' dir='ltr'>sanctissimi</span> <span class='ocrx_word' id='word_1_405' title='bbox 3153 2775 3340 2828; x_wconf 87' lang='lat' dir='ltr'>Patris</span> <span class='ocrx_word' id='word_1_406' title='bbox 3383 2773 3663 2843; x_wconf 80' lang='lat' dir='ltr'>Augustini</span> <span class='ocrx_word' id='word_1_407' title='bbox 3698 2787 3795 2823; x_wconf 70' lang='lat' dir='ltr'>rer-</span> 
     </span>
    </p>
   </div>
   <div class='ocr_carea' id='block_1_95' title="bbox 351 2823 2053 2900">
    <p class='ocr_par' dir='ltr' id='par_1_95' title="bbox 351 2823 2053 2900">
     <span class='ocr_line' id='line_1_96' title="bbox 351 2823 2053 2900; baseline 0.005 -25"><span class='ocrx_word' id='word_1_408' title='bbox 351 2823 496 2900; x_wconf 84' lang='lat' dir='ltr'><strong><em>quod</em></strong></span> <span class='ocrx_word' id='word_1_409' title='bbox 546 2830 847 2900; x_wconf 82' lang='lat' dir='ltr'><strong><em>assumunt,</em></strong></span> <span class='ocrx_word' id='word_1_410' title='bbox 899 2829 1165 2881; x_wconf 85' lang='lat' dir='ltr'><strong><em>Romanos</em></strong></span> <span class='ocrx_word' id='word_1_411' title='bbox 1238 2827 1373 2894; x_wconf 83' lang='lat' dir='ltr'><strong><em>dixi,</em></strong></span> <span class='ocrx_word' id='word_1_412' title='bbox 1417 2823 1635 2883; x_wconf 78' lang='lat' dir='ltr'>duabus</span> <span class='ocrx_word' id='word_1_413' title='bbox 1663 2823 1949 2900; x_wconf 45' lang='lat' dir='ltr'>&#39;epistolis&#39;</span> <span class='ocrx_word' id='word_1_414' title='bbox 1978 2831 2053 2884; x_wconf 91' lang='lat' dir='ltr'>il-</span> 
     </span>
    </p>
   </div>
   <div class='ocr_carea' id='block_1_96' title="bbox 344 2896 2051 2970">
    <p class='ocr_par' dir='ltr' id='par_1_96' title="bbox 344 2896 2051 2970">
     <span class='ocr_line' id='line_1_97' title="bbox 344 2896 2051 2970; baseline 0.005 -24"><span class='ocrx_word' id='word_1_415' title='bbox 344 2896 618 2963; x_wconf 87' lang='lat' dir='ltr'><strong><em>episcopos</em></strong></span> <span class='ocrx_word' id='word_1_416' title='bbox 641 2897 972 2970; x_wconf 81' lang='lat' dir='ltr'><strong><em>approbasse</em></strong></span> <span class='ocrx_word' id='word_1_417' title='bbox 985 2899 1168 2951; x_wconf 89' lang='lat' dir='ltr'>omnia</span> <span class='ocrx_word' id='word_1_418' title='bbox 1245 2901 1429 2953; x_wconf 90' lang='lat' dir='ltr'>lorum</span> <span class='ocrx_word' id='word_1_419' title='bbox 1463 2896 1778 2970; x_wconf 81' lang='lat' dir='ltr'>respondeo</span> <span class='ocrx_word' id='word_1_420' title='bbox 1796 2902 1864 2955; x_wconf 89' lang='lat' dir='ltr'>ad</span> <span class='ocrx_word' id='word_1_421' title='bbox 1894 2907 2051 2956; x_wconf 89' lang='lat' dir='ltr'>tuam</span> 
     </span>
    </p>
   </div>
   <div class='ocr_carea' id='block_1_97' title="bbox 349 2946 2122 3041">
    <p class='ocr_par' dir='ltr' id='par_1_97' title="bbox 349 2946 2122 3041">
     <span class='ocr_line' id='line_1_98' title="bbox 349 2946 2122 3041; baseline 0.003 -21"><span class='ocrx_word' id='word_1_422' title='bbox 349 2946 616 3041; x_wconf 65' lang='lat' dir='ltr'><strong><em>thnquhm</em></strong></span> <span class='ocrx_word' id='word_1_423' title='bbox 675 2946 980 3041; x_wconf 66' lang='lat' dir='ltr'><strong><em>necessaria</em></strong></span> <span class='ocrx_word' id='word_1_424' title='bbox 1052 2984 1170 3037; x_wconf 63' lang='lat' dir='ltr'>qum</span> <span class='ocrx_word' id='word_1_425' title='bbox 1243 2946 1601 3041; x_wconf 65' lang='lat' dir='ltr'>potissimum</span> <span class='ocrx_word' id='word_1_426' title='bbox 1634 2971 1880 3038; x_wconf 75' lang='lat' dir='ltr'>dirigere</span> <span class='ocrx_word' id='word_1_427' title='bbox 1923 2990 2052 3026; x_wconf 90' lang='lat' dir='ltr'>san-</span> <span class='ocrx_word' id='word_1_428' title='bbox 2085 2946 2122 3001; x_wconf 75' lang='lat' dir='ltr'>C</span> 
     </span>
    </p>
   </div>
   <div class='ocr_carea' id='block_1_98' title="bbox 349 3038 2054 3108">
    <p class='ocr_par' dir='ltr' id='par_1_98' title="bbox 349 3038 2054 3108">
     <span class='ocr_line' id='line_1_99' title="bbox 349 3038 2054 3108; baseline 0.006 -20"><span class='ocrx_word' id='word_1_429' title='bbox 349 3038 696 3108; x_wconf 79' lang='lat' dir='ltr'>Augustinus</span> <span class='ocrx_word' id='word_1_430' title='bbox 725 3039 784 3090; x_wconf 89' lang='lat' dir='ltr'>in</span> <span class='ocrx_word' id='word_1_431' title='bbox 827 3039 970 3092; x_wconf 88' lang='lat' dir='ltr'><strong><em>hisce</em></strong></span> <span class='ocrx_word' id='word_1_432' title='bbox 1030 3054 1170 3108; x_wconf 66' lang='lat' dir='ltr'>quai-</span> <span class='ocrx_word' id='word_1_433' title='bbox 1244 3038 1518 3103; x_wconf 75' lang='lat' dir='ltr'>ctitatem,</span> <span class='ocrx_word' id='word_1_434' title='bbox 1554 3058 1668 3096; x_wconf 92' lang='lat' dir='ltr'>non</span> <span class='ocrx_word' id='word_1_435' title='bbox 1694 3049 1809 3095; x_wconf 90' lang='lat' dir='ltr'>tam</span> <span class='ocrx_word' id='word_1_436' title='bbox 1839 3043 2054 3098; x_wconf 88' lang='lat' dir='ltr'><strong><em>discen-</em></strong></span> 
     </span>
    </p>
   </div>
   <div class='ocr_carea' id='block_1_99' title="bbox 347 3107 2051 3182">
    <p class='ocr_par' dir='ltr' id='par_1_99' title="bbox 347 3107 2051 3182">
     <span class='ocr_line' id='line_1_100' title="bbox 347 3107 2051 3182; baseline 0.004 -21"><span class='ocrx_word' id='word_1_437' title='bbox 347 3107 616 3182; x_wconf 68' lang='lat' dir='ltr'><strong><em>stionibus</em></strong></span> <span class='ocrx_word' id='word_1_438' title='bbox 660 3107 957 3182; x_wconf 67' lang='lat' dir='ltr'><strong><em>docuisset.</em></strong></span> <span class='ocrx_word' id='word_1_439' title='bbox 981 3107 1055 3163; x_wconf 82' lang='lat' dir='ltr'>Et</span> <span class='ocrx_word' id='word_1_440' title='bbox 1082 3126 1170 3182; x_wconf 89' lang='lat' dir='ltr'>re-</span> <span class='ocrx_word' id='word_1_441' title='bbox 1249 3113 1320 3166; x_wconf 91' lang='lat' dir='ltr'>da</span> <span class='ocrx_word' id='word_1_442' title='bbox 1392 3127 1565 3182; x_wconf 89' lang='lat' dir='ltr'>quam</span> <span class='ocrx_word' id='word_1_443' title='bbox 1651 3113 2051 3177; x_wconf 82' lang='lat' dir='ltr'>examinanda,</span> 
     </span>
    </p>
   </div>
   <div class='ocr_carea' id='block_1_100' title="bbox 349 3177 2053 3256">
    <p class='ocr_par' dir='ltr' id='par_1_100' title="bbox 349 3177 2053 3256">
     <span class='ocr_line' id='line_1_101' title="bbox 349 3177 2053 3256; baseline 0.005 -26"><span class='ocrx_word' id='word_1_444' title='bbox 349 3177 520 3256; x_wconf 79' lang='lat' dir='ltr'>citata</span> <span class='ocrx_word' id='word_1_445' title='bbox 570 3178 858 3256; x_wconf 28' lang='lat' dir='ltr'>Caelestini</span> <span class='ocrx_word' id='word_1_446' title='bbox 914 3180 1167 3256; x_wconf 81' lang='lat' dir='ltr'>clausula</span> <span class='ocrx_word' id='word_1_447' title='bbox 1240 3187 1296 3256; x_wconf 78' lang='lat' dir='ltr'>et</span> <span class='ocrx_word' id='word_1_448' title='bbox 1344 3177 1443 3256; x_wconf 71' lang='lat' dir='ltr'>ubi</span> <span class='ocrx_word' id='word_1_449' title='bbox 1515 3183 1754 3256; x_wconf 80' lang='lat' dir='ltr'>forsitan</span> <span class='ocrx_word' id='word_1_450' title='bbox 1837 3185 2053 3256; x_wconf 89' lang='lat' dir='ltr'>aliquid</span> 
     </span>
    </p>
   </div>
   <div class='ocr_carea' id='block_1_101' title="bbox 349 3247 2055 3322">
    <p class='ocr_par' dir='ltr' id='par_1_101' title="bbox 349 3247 2055 3322">
     <span class='ocr_line' id='line_1_102' title="bbox 349 3247 2055 3322; baseline 0.005 -20"><span class='ocrx_word' id='word_1_451' title='bbox 349 3247 515 3322; x_wconf 78' lang='lat' dir='ltr'>aiunt</span> <span class='ocrx_word' id='word_1_452' title='bbox 549 3249 788 3313; x_wconf 84' lang='lat' dir='ltr'>:Quibus</span> <span class='ocrx_word' id='word_1_453' title='bbox 817 3250 996 3304; x_wconf 74' lang='lat' dir='ltr'><strong><em>verbis</em></strong></span> <span class='ocrx_word' id='word_1_454' title='bbox 1025 3252 1167 3305; x_wconf 90' lang='lat' dir='ltr'><strong><em>clare</em></strong></span> <span class='ocrx_word' id='word_1_455' title='bbox 1241 3251 1614 3322; x_wconf 89' lang='lat' dir='ltr'>displicuerit,</span> <span class='ocrx_word' id='word_1_456' title='bbox 1698 3247 2055 3310; x_wconf 70' lang='lat' dir='ltr'>emendanda</span> 
     </span>
    </p>
   </div>
   <div class='ocr_carea' id='block_1_102' title="bbox 349 3320 2052 3396">
    <p class='ocr_par' dir='ltr' id='par_1_102' title="bbox 349 3320 2052 3396">
     <span class='ocr_line' id='line_1_103' title="bbox 349 3320 2052 3396; baseline 0.005 -26"><span class='ocrx_word' id='word_1_457' title='bbox 349 3320 1000 3396; x_wconf 71' lang='lat' dir='ltr'><strong><em>signiﬁcatessealiquas</em></strong></span> <span class='ocrx_word' id='word_1_458' title='bbox 1030 3337 1168 3390; x_wconf 88' lang='lat' dir='ltr'><strong><em>pro-</em></strong></span> <span class='ocrx_word' id='word_1_459' title='bbox 1243 3320 1531 3377; x_wconf 81' lang='lat' dir='ltr'>constitui.</span> <span class='ocrx_word' id='word_1_460' title='bbox 1624 3327 1856 3396; x_wconf 83' lang='lat' dir='ltr'><strong><em>Postea:</em></strong></span> <span class='ocrx_word' id='word_1_461' title='bbox 1930 3330 2052 3396; x_wconf 88' lang='lat' dir='ltr'>Ago</span> 
     </span>
    </p>
   </div>
   <div class='ocr_carea' id='block_1_103' title="bbox 347 3389 2056 3464">
    <p class='ocr_par' dir='ltr' id='par_1_103' title="bbox 347 3389 2056 3464">
     <span class='ocr_line' id='line_1_104' title="bbox 347 3389 2056 3464; baseline 0.004 -21"><span class='ocrx_word' id='word_1_462' title='bbox 347 3389 691 3464; x_wconf 86' lang='lat' dir='ltr'><strong><em>fundiorum_</em></strong></span> <span class='ocrx_word' id='word_1_463' title='bbox 745 3393 966 3464; x_wconf 71' lang='lat' dir='ltr'><strong><em>illarum</em></strong></span> <span class='ocrx_word' id='word_1_464' title='bbox 999 3389 1169 3464; x_wconf 12' lang='lat' dir='ltr'>iquz-</span> <span class='ocrx_word' id='word_1_465' title='bbox 1243 3398 1432 3448; x_wconf 87' lang='lat' dir='ltr'>autem</span> <span class='ocrx_word' id='word_1_466' title='bbox 1491 3395 1699 3464; x_wconf 89' lang='lat' dir='ltr'>gratias</span> <span class='ocrx_word' id='word_1_467' title='bbox 1751 3389 2056 3450; x_wconf 70' lang='lat' dir='ltr'>sincerissi-</span> 
     </span>
    </p>
   </div>
   <div class='ocr_carea' id='block_1_104' title="bbox 347 3461 2054 3532">
    <p class='ocr_par' dir='ltr' id='par_1_104' title="bbox 347 3461 2054 3532">
     <span class='ocr_line' id='line_1_105' title="bbox 347 3461 2054 3532; baseline 0.004 -18"><span class='ocrx_word' id='word_1_468' title='bbox 347 3461 604 3524; x_wconf 87' lang='lat' dir='ltr'><strong><em>stionum,</em></strong></span> <span class='ocrx_word' id='word_1_469' title='bbox 654 3461 720 3515; x_wconf 90' lang='lat' dir='ltr'>de</span> <span class='ocrx_word' id='word_1_470' title='bbox 763 3462 960 3530; x_wconf 86' lang='lat' dir='ltr'>quibus</span> <span class='ocrx_word' id='word_1_471' title='bbox 993 3463 1169 3532; x_wconf 86' lang='lat' dir='ltr'><strong><em>loqui-</em></strong></span> <span class='ocrx_word' id='word_1_472' title='bbox 1244 3481 1354 3518; x_wconf 73' lang='lat' dir='ltr'>mea</span> <span class='ocrx_word' id='word_1_473' title='bbox 1408 3466 1469 3518; x_wconf 93' lang='lat' dir='ltr'>in</span> <span class='ocrx_word' id='word_1_474' title='bbox 1497 3461 1606 3518; x_wconf 74' lang='lat' dir='ltr'>nos</span> <span class='ocrx_word' id='word_1_475' title='bbox 1644 3466 2054 3520; x_wconf 63' lang='lat' dir='ltr'>benevolentiae</span> 
     </span>
    </p>
   </div>
   <div class='ocr_carea' id='block_1_105' title="bbox 352 3533 2054 3606">
    <p class='ocr_par' dir='ltr' id='par_1_105' title="bbox 352 3533 2054 3606">
     <span class='ocr_line' id='line_1_106' title="bbox 352 3533 2054 3606; baseline 0.004 -22"><span class='ocrx_word' id='word_1_476' title='bbox 352 3535 462 3592; x_wconf 87' lang='lat' dir='ltr'><strong><em>tur.</em></strong></span> <span class='ocrx_word' id='word_1_477' title='bbox 496 3533 872 3606; x_wconf 73' lang='lat' dir='ltr'><strong><em>conclusiones</em></strong></span> <span class='ocrx_word' id='word_1_478' title='bbox 918 3533 987 3586; x_wconf 91' lang='lat' dir='ltr'><strong><em>ab</em></strong></span> <span class='ocrx_word' id='word_1_479' title='bbox 1044 3537 1170 3606; x_wconf 84' lang='lat' dir='ltr'>Au—</span> <span class='ocrx_word' id='word_1_480' title='bbox 1241 3540 1396 3606; x_wconf 67' lang='lat' dir='ltr'>tuae,</span> <span class='ocrx_word' id='word_1_481' title='bbox 1432 3536 1587 3606; x_wconf 91' lang='lat' dir='ltr'>quod</span> <span class='ocrx_word' id='word_1_482' title='bbox 1613 3551 1706 3590; x_wconf 89' lang='lat' dir='ltr'>eas</span> <span class='ocrx_word' id='word_1_483' title='bbox 1748 3553 1839 3590; x_wconf 91' lang='lat' dir='ltr'>me</span> <span class='ocrx_word' id='word_1_484' title='bbox 1879 3539 2054 3591; x_wconf 87' lang='lat' dir='ltr'>latere</span> 
     </span>
    </p>
   </div>
   <div class='ocr_carea' id='block_1_106' title="bbox 353 3603 2052 3673">
    <p class='ocr_par' dir='ltr' id='par_1_106' title="bbox 353 3603 2052 3673">
     <span class='ocr_line' id='line_1_107' title="bbox 353 3603 2052 3673; baseline 0.004 -19"><span class='ocrx_word' id='word_1_485' title='bbox 353 3603 572 3673; x_wconf 86' lang='lat' dir='ltr'><strong><em>gustino</em></strong></span> <span class='ocrx_word' id='word_1_486' title='bbox 626 3603 886 3668; x_wconf 87' lang='lat' dir='ltr'><strong><em>traditas,</em></strong></span> <span class='ocrx_word' id='word_1_487' title='bbox 921 3620 1040 3673; x_wconf 60' lang='lat' dir='ltr'>qua</span> <span class='ocrx_word' id='word_1_488' title='bbox 1077 3605 1168 3658; x_wconf 85' lang='lat' dir='ltr'>de-</span> <span class='ocrx_word' id='word_1_489' title='bbox 1245 3603 1481 3660; x_wconf 79' lang='lat' dir='ltr'>noluisti</span> <span class='ocrx_word' id='word_1_490' title='bbox 1524 3607 1740 3660; x_wconf 89' lang='lat' dir='ltr'>litteras</span> <span class='ocrx_word' id='word_1_491' title='bbox 1791 3607 2052 3661; x_wconf 91' lang='lat' dir='ltr'>inimico-</span> 
     </span>
    </p>
   </div>
   <div class='ocr_carea' id='block_1_107' title="bbox 355 3672 2056 3749">
    <p class='ocr_par' dir='ltr' id='par_1_107' title="bbox 355 3672 2056 3749">
     <span class='ocr_line' id='line_1_108' title="bbox 355 3672 2056 3749; baseline 0.004 -24"><span class='ocrx_word' id='word_1_492' title='bbox 355 3672 481 3749; x_wconf 80' lang='lat' dir='ltr'><strong><em>bent</em></strong></span> <span class='ocrx_word' id='word_1_493' title='bbox 517 3674 659 3749; x_wconf 85' lang='lat' dir='ltr'><strong><em>inter</em></strong></span> <span class='ocrx_word' id='word_1_494' title='bbox 694 3672 1001 3745; x_wconf 85' lang='lat' dir='ltr'><strong><em>adiaphora</em></strong></span> <span class='ocrx_word' id='word_1_495' title='bbox 1037 3691 1172 3730; x_wconf 75' lang='lat' dir='ltr'><strong><em>cem-</em></strong></span> <span class='ocrx_word' id='word_1_496' title='bbox 1245 3693 1375 3731; x_wconf 90' lang='lat' dir='ltr'>rum</span> <span class='ocrx_word' id='word_1_497' title='bbox 1403 3678 1600 3749; x_wconf 70' lang='lat' dir='ltr'>gratiae</span> <span class='ocrx_word' id='word_1_498' title='bbox 1624 3678 1743 3743; x_wconf 91' lang='lat' dir='ltr'>Dei,</span> <span class='ocrx_word' id='word_1_499' title='bbox 1769 3678 1828 3732; x_wconf 92' lang='lat' dir='ltr'>in</span> <span class='ocrx_word' id='word_1_500' title='bbox 1850 3679 2056 3749; x_wconf 85' lang='lat' dir='ltr'>quibus</span> 
     </span>
    </p>
   </div>
   <div class='ocr_carea' id='block_1_108' title="bbox 342 3745 2056 3872">
    <p class='ocr_par' dir='ltr' id='par_1_108' title="bbox 342 3745 2056 3872">
     <span class='ocr_line' id='line_1_109' title="bbox 342 3745 2056 3872; baseline 0.004 -76"><span class='ocrx_word' id='word_1_501' title='bbox 342 3745 554 3813; x_wconf 86' lang='lat' dir='ltr'><strong><em>putari.</em></strong></span> <span class='ocrx_word' id='word_1_502' title='bbox 1245 3745 1506 3872; x_wconf 73' lang='lat' dir='ltr'>reperisti</span> <span class='ocrx_word' id='word_1_503' title='bbox 1569 3764 1782 3802; x_wconf 90' lang='lat' dir='ltr'>nomen</span> <span class='ocrx_word' id='word_1_504' title='bbox 1861 3745 2056 3804; x_wconf 79' lang='lat' dir='ltr'>meum</span> 
     </span>
     <span class='ocr_line' id='line_1_110' title="bbox 1248 3819 2056 3872; baseline 0 0"><span class='ocrx_word' id='word_1_505' title='bbox 1248 3836 1309 3872; x_wconf 90' lang='lat' dir='ltr'>ca</span> <span class='ocrx_word' id='word_1_506' title='bbox 1337 3819 1596 3872; x_wconf 88' lang='lat' dir='ltr'>umniose</span> <span class='ocrx_word' id='word_1_507' title='bbox 1681 3824 1852 3872; x_wconf 83' lang='lat' dir='ltr'>atoue</span> <span class='ocrx_word' id='word_1_508' title='bbox 1948 3821 2056 3872; x_wconf 80' lang='lat' dir='ltr'>evi-</span> 
     </span>
    </p>
   </div>
   <div class='ocr_carea' id='block_1_109' title="bbox 1248 3819 2058 3890">
    <p class='ocr_par' dir='ltr' id='par_1_109' title="bbox 1248 3819 2058 3890">
     <span class='ocr_line' id='line_1_111' title="bbox 1248 3819 2058 3890; baseline 0.002 -18"><span class='ocrx_word' id='word_1_509' title='bbox 1248 3819 1596 3874; x_wconf 88' lang='lat' dir='ltr'>calumniose</span> <span class='ocrx_word' id='word_1_510' title='bbox 1681 3824 1852 3890; x_wconf 89' lang='lat' dir='ltr'>atque</span> <span class='ocrx_word' id='word_1_511' title='bbox 1948 3821 2058 3874; x_wconf 82' lang='lat' dir='ltr'>evi-</span> 
     </span>
    </p>
   </div>
   <div class='ocr_carea' id='block_1_110' title="bbox 360 3899 2054 3979">
    <p class='ocr_par' dir='ltr' id='par_1_110' title="bbox 360 3899 2054 3979">
     <span class='ocr_line' id='line_1_112' title="bbox 360 3899 2054 3979; baseline 0.005 -25"><span class='ocrx_word' id='word_1_512' title='bbox 360 3899 564 3955; x_wconf 88' lang='lat' dir='ltr'>denter</span> <span class='ocrx_word' id='word_1_513' title='bbox 622 3917 972 3974; x_wconf 87' lang='lat' dir='ltr'>expressum.</span> <span class='ocrx_word' id='word_1_514' title='bbox 1047 3905 1169 3960; x_wconf 94' lang='lat' dir='ltr'><strong><em>Lib.</em></strong></span> <span class='ocrx_word' id='word_1_515' title='bbox 1228 3923 1244 3959; x_wconf 93' lang='grc' dir='ltr'>ι</span> <span class='ocrx_word' id='word_1_516' title='bbox 1293 3907 1367 3960; x_wconf 90' lang='lat' dir='ltr'><strong><em>ad</em></strong></span> <span class='ocrx_word' id='word_1_517' title='bbox 1430 3907 1780 3974; x_wconf 56' lang='lat' dir='ltr'><strong><em>Boni/licium</em></strong></span> <span class='ocrx_word' id='word_1_518' title='bbox 1827 3924 2054 3979; x_wconf 84' lang='lat' dir='ltr'>papam,</span> 
     </span>
    </p>
   </div>
   <div class='ocr_carea' id='block_1_111' title="bbox 351 3995 557 4062">
    <p class='ocr_par' dir='ltr' id='par_1_111' title="bbox 351 3995 557 4062">
     <span class='ocr_line' id='line_1_113' title="bbox 351 3995 557 4062; baseline 0.005 -17"><span class='ocrx_word' id='word_1_519' title='bbox 351 4007 472 4062; x_wconf 88' lang='lat' dir='ltr'><strong><em>cap.</em></strong></span> <span class='ocrx_word' id='word_1_520' title='bbox 511 3995 557 4046; x_wconf 88' lang='grc'>1.</span> 
     </span>
    </p>
   </div>
   <div class='ocr_carea' id='block_1_112' title="bbox 990 4099 1426 4156">
    <p class='ocr_par' dir='ltr' id='par_1_112' title="bbox 990 4099 1426 4156">
     <span class='ocr_line' id='line_1_114' title="bbox 990 4099 1426 4156; baseline 0.002 -2"><span class='ocrx_word' id='word_1_521' title='bbox 990 4099 1044 4154; x_wconf 92' lang='lat' dir='ltr'><strong>S.</strong></span> <span class='ocrx_word' id='word_1_522' title='bbox 1086 4100 1426 4156; x_wconf 81' lang='lat' dir='ltr'>PROSPER.</span> 
     </span>
    </p>
   </div>
   <div class='ocr_carea' id='block_1_113' title="bbox 431 4185 2056 4260">
    <p class='ocr_par' dir='ltr' id='par_1_113' title="bbox 431 4185 2056 4260">
     <span class='ocr_line' id='line_1_115' title="bbox 431 4185 2056 4260; baseline 0.002 -20"><span class='ocrx_word' id='word_1_523' title='bbox 431 4185 780 4256; x_wconf 89' lang='lat' dir='ltr'>(Bonifacius</span> <span class='ocrx_word' id='word_1_524' title='bbox 811 4187 981 4260; x_wconf 91' lang='lat' dir='ltr'>papa)</span> <span class='ocrx_word' id='word_1_525' title='bbox 1020 4205 1149 4243; x_wconf 91' lang='lat' dir='ltr'>cum</span> <span class='ocrx_word' id='word_1_526' title='bbox 1183 4193 1330 4243; x_wconf 89' lang='lat' dir='ltr'>esset</span> <span class='ocrx_word' id='word_1_527' title='bbox 1376 4189 1757 4260; x_wconf 83' lang='lat' dir='ltr'>doctissimus,</span> <span class='ocrx_word' id='word_1_528' title='bbox 1789 4189 2056 4246; x_wconf 87' lang='lat' dir='ltr'>adversus</span> 
     </span>
    </p>
   </div>
   <div class='ocr_carea' id='block_1_114' title="bbox 361 4274 2055 4350">
    <p class='ocr_par' dir='ltr' id='par_1_114' title="bbox 361 4274 2055 4350">
     <span class='ocr_line' id='line_1_116' title="bbox 361 4274 2055 4350; baseline 0.002 -21"><span class='ocrx_word' id='word_1_529' title='bbox 361 4274 537 4330; x_wconf 88' lang='lat' dir='ltr'>libros</span> <span class='ocrx_word' id='word_1_530' title='bbox 568 4280 760 4330; x_wconf 87' lang='lat' dir='ltr'>tamen</span> <span class='ocrx_word' id='word_1_531' title='bbox 793 4277 1228 4348; x_wconf 87' lang='lat' dir='ltr'>Pelagianorum</span> <span class='ocrx_word' id='word_1_532' title='bbox 1264 4279 1330 4332; x_wconf 88' lang='grc' dir='ltr'>Β.</span> <span class='ocrx_word' id='word_1_533' title='bbox 1365 4279 1670 4348; x_wconf 81' lang='lat' dir='ltr'>Augustini</span> <span class='ocrx_word' id='word_1_534' title='bbox 1696 4279 1947 4350; x_wconf 89' lang='lat' dir='ltr'>episcopi</span> <span class='ocrx_word' id='word_1_535' title='bbox 1968 4297 2055 4334; x_wconf 90' lang='lat' dir='ltr'>re-</span> 
     </span>
    </p>
   </div>
   <div class='ocr_carea' id='block_1_115' title="bbox 362 4364 2055 4435">
    <p class='ocr_par' dir='ltr' id='par_1_115' title="bbox 362 4364 2055 4435">
     <span class='ocr_line' id='line_1_117' title="bbox 362 4364 2055 4435; baseline 0.002 -20"><span class='ocrx_word' id='word_1_536' title='bbox 362 4378 570 4433; x_wconf 89' lang='lat' dir='ltr'>sponsa</span> <span class='ocrx_word' id='word_1_537' title='bbox 598 4364 884 4434; x_wconf 89' lang='lat' dir='ltr'>poscebat.</span> <span class='ocrx_word' id='word_1_538' title='bbox 929 4365 1088 4419; x_wconf 86' lang='lat' dir='ltr'><strong><em>Unde</em></strong></span> <span class='ocrx_word' id='word_1_539' title='bbox 1118 4370 1175 4420; x_wconf 90' lang='lat' dir='ltr'>et</span> <span class='ocrx_word' id='word_1_540' title='bbox 1202 4365 1538 4420; x_wconf 86' lang='lat' dir='ltr'>venerabilis</span> <span class='ocrx_word' id='word_1_541' title='bbox 1570 4365 1863 4420; x_wconf 61' lang='lat' dir='ltr'>memoria;</span> <span class='ocrx_word' id='word_1_542' title='bbox 1910 4381 2055 4435; x_wconf 85' lang='lat' dir='ltr'>pon-</span> 
     </span>
    </p>
   </div>
   <div class='ocr_carea' id='block_1_116' title="bbox 357 4450 2057 4513">
    <p class='ocr_par' dir='ltr' id='par_1_116' title="bbox 357 4450 2057 4513">
     <span class='ocr_line' id='line_1_118' title="bbox 357 4450 2057 4513; baseline 0.002 -10"><span class='ocrx_word' id='word_1_543' title='bbox 357 4450 501 4505; x_wconf 83' lang='lat' dir='ltr'>tifex</span> <span class='ocrx_word' id='word_1_544' title='bbox 556 4451 912 4513; x_wconf 81' lang='lat' dir='ltr'>Ccelestinus,</span> <span class='ocrx_word' id='word_1_545' title='bbox 966 4458 1074 4507; x_wconf 88' lang='lat' dir='ltr'>etc.</span> <span class='ocrx_word' id='word_1_546' title='bbox 1131 4456 1238 4508; x_wconf 88' lang='lat' dir='ltr'>Per</span> <span class='ocrx_word' id='word_1_547' title='bbox 1266 4453 1418 4506; x_wconf 92' lang='lat' dir='ltr'>hunc</span> <span class='ocrx_word' id='word_1_548' title='bbox 1448 4453 1635 4506; x_wconf 91' lang='lat' dir='ltr'>virum</span> <span class='ocrx_word' id='word_1_549' title='bbox 1664 4453 1815 4508; x_wconf 88' lang='lat' dir='ltr'>intra</span> <span class='ocrx_word' id='word_1_550' title='bbox 1851 4454 2057 4508; x_wconf 87' lang='lat' dir='ltr'>Gallias</span> 
     </span>
    </p>
   </div>
   <div class='ocr_carea' id='block_1_117' title="bbox 355 4538 2058 4612">
    <p class='ocr_par' dir='ltr' id='par_1_117' title="bbox 355 4538 2058 4612">
     <span class='ocr_line' id='line_1_119' title="bbox 355 4538 2058 4612; baseline 0.003 -21"><span class='ocrx_word' id='word_1_551' title='bbox 355 4539 478 4593; x_wconf 86' lang='lat' dir='ltr'>istis</span> <span class='ocrx_word' id='word_1_552' title='bbox 536 4538 696 4609; x_wconf 83' lang='lat' dir='ltr'>ipsis.</span> <span class='ocrx_word' id='word_1_553' title='bbox 750 4541 850 4611; x_wconf 88' lang='lat' dir='ltr'>qui</span> <span class='ocrx_word' id='word_1_554' title='bbox 899 4547 1108 4596; x_wconf 69' lang='lat' dir='ltr'>sanctae</span> <span class='ocrx_word' id='word_1_555' title='bbox 1154 4540 1450 4596; x_wconf 65' lang='lat' dir='ltr'>memoriae</span> <span class='ocrx_word' id='word_1_556' title='bbox 1498 4541 1804 4611; x_wconf 86' lang='lat' dir='ltr'>Augustini</span> <span class='ocrx_word' id='word_1_557' title='bbox 1849 4541 2058 4612; x_wconf 85' lang='lat' dir='ltr'>scripta</span> 
     </span>
    </p>
   </div>
   <div class='ocr_carea' id='block_1_118' title="bbox 360 4626 2052 4702">
    <p class='ocr_par' dir='ltr' id='par_1_118' title="bbox 360 4626 2052 4702">
     <span class='ocr_line' id='line_1_120' title="bbox 360 4626 2052 4702; baseline 0.004 -23"><span class='ocrx_word' id='word_1_558' title='bbox 360 4626 818 4696; x_wconf 89' lang='lat' dir='ltr'>reprehendunt,</span> <span class='ocrx_word' id='word_1_559' title='bbox 874 4630 1337 4700; x_wconf 69' lang='lat' dir='ltr'>maleloquentiae</span> <span class='ocrx_word' id='word_1_560' title='bbox 1393 4635 1473 4684; x_wconf 91' lang='lat' dir='ltr'>est</span> <span class='ocrx_word' id='word_1_561' title='bbox 1506 4631 1773 4702; x_wconf 89' lang='lat' dir='ltr'>adempta</span> <span class='ocrx_word' id='word_1_562' title='bbox 1799 4630 2052 4685; x_wconf 85' lang='lat' dir='ltr'>libertas.</span> 
     </span>
    </p>
   </div>
   <div class='ocr_carea' id='block_1_119' title="bbox 359 4715 2060 4788">
    <p class='ocr_par' dir='ltr' id='par_1_119' title="bbox 359 4715 2060 4788">
     <span class='ocr_line' id='line_1_121' title="bbox 359 4715 2060 4788; baseline 0.001 -17"><span class='ocrx_word' id='word_1_563' title='bbox 359 4717 569 4779; x_wconf 84' lang='lat' dir='ltr'><strong><em>Postea,</em></strong></span> <span class='ocrx_word' id='word_1_564' title='bbox 611 4715 804 4770; x_wconf 87' lang='lat' dir='ltr'><strong><em>celebri</em></strong></span> <span class='ocrx_word' id='word_1_565' title='bbox 848 4719 942 4772; x_wconf 92' lang='lat' dir='ltr'><strong><em>illo</em></strong></span> <span class='ocrx_word' id='word_1_566' title='bbox 985 4719 1264 4773; x_wconf 77' lang='lat' dir='ltr'><strong><em>Ca&#39;lestini</em></strong></span> <span class='ocrx_word' id='word_1_567' title='bbox 1291 4719 1357 4773; x_wconf 87' lang='lat' dir='ltr'>de</span> <span class='ocrx_word' id='word_1_568' title='bbox 1385 4722 1696 4787; x_wconf 80' lang='lat' dir='ltr'><strong><em>Augustino</em></strong></span> <span class='ocrx_word' id='word_1_569' title='bbox 1725 4720 1897 4788; x_wconf 78' lang='lat' dir='ltr'><strong><em>elogio</em></strong></span> <span class='ocrx_word' id='word_1_570' title='bbox 1927 4721 2060 4773; x_wconf 88' lang='lat' dir='ltr'><strong><em>reci-</em></strong></span> 
     </span>
    </p>
   </div>
   <div class='ocr_carea' id='block_1_120' title="bbox 361 4805 2060 4874">
    <p class='ocr_par' dir='ltr' id='par_1_120' title="bbox 361 4805 2060 4874">
     <span class='ocr_line' id='line_1_122' title="bbox 361 4805 2060 4874; baseline 0.001 -15"><span class='ocrx_word' id='word_1_571' title='bbox 361 4810 498 4874; x_wconf 89' lang='lat' dir='ltr'><strong><em>tato,</em></strong></span> <span class='ocrx_word' id='word_1_572' title='bbox 523 4805 830 4860; x_wconf 72' lang='lat' dir='ltr'><strong><em>emclamant</em></strong></span> <span class='ocrx_word' id='word_1_573' title='bbox 865 4821 877 4860; x_wconf 92' lang='lat'>:</span> <span class='ocrx_word' id='word_1_574' title='bbox 913 4805 1124 4861; x_wconf 88' lang='lat' dir='ltr'>Contra</span> <span class='ocrx_word' id='word_1_575' title='bbox 1153 4807 1320 4861; x_wconf 87' lang='lat' dir='ltr'>istam</span> <span class='ocrx_word' id='word_1_576' title='bbox 1355 4808 1680 4862; x_wconf 66' lang='lat' dir='ltr'>clarissimas</span> <span class='ocrx_word' id='word_1_577' title='bbox 1711 4807 2060 4862; x_wconf 88' lang='lat' dir='ltr'>laudationis</span> 
     </span>
    </p>
   </div>
   <div class='ocr_carea' id='block_1_121' title="bbox 360 4892 2056 4966">
    <p class='ocr_par' dir='ltr' id='par_1_121' title="bbox 360 4892 2056 4966">
     <span class='ocr_line' id='line_1_123' title="bbox 360 4892 2056 4966; baseline 0.001 -20"><span class='ocrx_word' id='word_1_578' title='bbox 360 4893 584 4959; x_wconf 90' lang='lat' dir='ltr'>tubam,</span> <span class='ocrx_word' id='word_1_579' title='bbox 617 4900 814 4946; x_wconf 88' lang='lat' dir='ltr'>contra</span> <span class='ocrx_word' id='word_1_580' title='bbox 841 4892 1007 4947; x_wconf 89' lang='lat' dir='ltr'>istam</span> <span class='ocrx_word' id='word_1_581' title='bbox 1041 4895 1408 4949; x_wconf 87' lang='lat' dir='ltr'>sacratissimi</span> <span class='ocrx_word' id='word_1_582' title='bbox 1435 4895 1754 4950; x_wconf 87' lang='lat' dir='ltr'>testimonii</span> <span class='ocrx_word' id='word_1_583' title='bbox 1811 4895 2056 4966; x_wconf 87' lang='lat' dir='ltr'>dignita-</span> 
     </span>
    </p>
   </div>
   <div class='ocr_carea' id='block_1_122' title="bbox 358 4981 2057 5056">
    <p class='ocr_par' dir='ltr' id='par_1_122' title="bbox 358 4981 2057 5056">
     <span class='ocr_line' id='line_1_124' title="bbox 358 4981 2057 5056; baseline 0.001 -21"><span class='ocrx_word' id='word_1_584' title='bbox 358 4985 477 5036; x_wconf 88' lang='lat' dir='ltr'>tem</span> <span class='ocrx_word' id='word_1_585' title='bbox 523 4981 696 5035; x_wconf 88' lang='lat' dir='ltr'>audet</span> <span class='ocrx_word' id='word_1_586' title='bbox 742 4981 1045 5052; x_wconf 89' lang='lat' dir='ltr'>quisquam</span> <span class='ocrx_word' id='word_1_587' title='bbox 1079 4983 1348 5055; x_wconf 72' lang='lat' dir='ltr'>malignie</span> <span class='ocrx_word' id='word_1_588' title='bbox 1382 4984 1871 5056; x_wconf 87' lang='lat' dir='ltr'>interpretationis</span> <span class='ocrx_word' id='word_1_589' title='bbox 1900 5000 2057 5037; x_wconf 89' lang='lat' dir='ltr'>mur-</span> 
     </span>
    </p>
   </div>
   <div class='ocr_carea' id='block_1_123' title="bbox 359 5069 2054 5141">
    <p class='ocr_par' dir='ltr' id='par_1_123' title="bbox 359 5069 2054 5141">
     <span class='ocr_line' id='line_1_125' title="bbox 359 5069 2054 5141; baseline 0.002 -19"><span class='ocrx_word' id='word_1_590' title='bbox 359 5085 491 5123; x_wconf 92' lang='lat' dir='ltr'>mur</span> <span class='ocrx_word' id='word_1_591' title='bbox 565 5069 876 5124; x_wconf 87' lang='lat' dir='ltr'>emittere?</span> <span class='ocrx_word' id='word_1_592' title='bbox 941 5073 1004 5124; x_wconf 90' lang='lat' dir='ltr'>In</span> <span class='ocrx_word' id='word_1_593' title='bbox 1077 5070 1186 5141; x_wconf 82' lang='lat' dir='ltr'>ﬁne</span> <span class='ocrx_word' id='word_1_594' title='bbox 1271 5071 1402 5126; x_wconf 88' lang='lat' dir='ltr'><strong><em>libri</em></strong></span> <span class='ocrx_word' id='word_1_595' title='bbox 1470 5079 1656 5128; x_wconf 88' lang='lat' dir='ltr'><strong><em>contra</em></strong></span> <span class='ocrx_word' id='word_1_596' title='bbox 1721 5073 2054 5139; x_wconf 76' lang='lat' dir='ltr'><strong><em>Collatorem,</em></strong></span> 
     </span>
    </p>
   </div>
   <div class='ocr_carea' id='block_1_124' title="bbox 357 5158 596 5225">
    <p class='ocr_par' dir='ltr' id='par_1_124' title="bbox 357 5158 596 5225">
     <span class='ocr_line' id='line_1_126' title="bbox 357 5158 596 5225; baseline 0.013 -16"><span class='ocrx_word' id='word_1_597' title='bbox 357 5171 477 5225; x_wconf 88' lang='lat' dir='ltr'><strong><em>cap.</em></strong></span> <span class='ocrx_word' id='word_1_598' title='bbox 508 5158 596 5212; x_wconf 87' lang='grc'>43.</span> 
     </span>
    </p>
   </div>
   <div class='ocr_carea' id='block_1_125' title="bbox 1132 5265 1262 5320">
    <p class='ocr_par' dir='ltr' id='par_1_125' title="bbox 1132 5265 1262 5320">
     <span class='ocr_line' id='line_1_127' title="bbox 1132 5265 1262 5320; baseline 0 0"><span class='ocrx_word' id='word_1_599' title='bbox 1132 5265 1262 5320; x_wconf 92' lang='lat' dir='ltr'>XCI.</span> 
     </span>
    </p>
   </div>
   <div class='ocr_carea' id='block_1_126' title="bbox 626 5365 1876 5409">
    <p class='ocr_par' dir='ltr' id='par_1_126' title="bbox 626 5365 1876 5409">
     <span class='ocr_line' id='line_1_128' title="bbox 626 5365 1876 5409; baseline 0.004 -7"><span class='ocrx_word' id='word_1_600' title='bbox 626 5365 914 5408; x_wconf 74' lang='lat' dir='ltr'>CENSORES.</span> <span class='ocrx_word' id='word_1_601' title='bbox 1437 5371 1481 5408; x_wconf 86' lang='lat' dir='ltr'>S.</span> <span class='ocrx_word' id='word_1_602' title='bbox 1518 5369 1876 5409; x_wconf 80' lang='lat' dir='ltr'>AUGUSTINUS.</span> 
     </span>
    </p>
   </div>
   <div class='ocr_carea' id='block_1_127' title="bbox 429 5419 2060 5493">
    <p class='ocr_par' dir='ltr' id='par_1_127' title="bbox 429 5419 2060 5493">
     <span class='ocr_line' id='line_1_129' title="bbox 429 5419 2060 5493; baseline 0.005 -22"><span class='ocrx_word' id='word_1_603' title='bbox 429 5419 491 5493; x_wconf 82' lang='lat' dir='ltr'><strong>Si</strong></span> <span class='ocrx_word' id='word_1_604' title='bbox 547 5422 635 5493; x_wconf 83' lang='lat' dir='ltr'><strong><em>cui</em></strong></span> <span class='ocrx_word' id='word_1_605' title='bbox 689 5426 865 5493; x_wconf 88' lang='lat' dir='ltr'><strong><em>tamen</em></strong></span> <span class='ocrx_word' id='word_1_606' title='bbox 928 5429 1048 5492; x_wconf 89' lang='lat' dir='ltr'><strong><em>post</em></strong></span> <span class='ocrx_word' id='word_1_607' title='bbox 1097 5429 1172 5479; x_wconf 89' lang='lat' dir='ltr'><strong><em>tot</em></strong></span> <span class='ocrx_word' id='word_1_608' title='bbox 1317 5423 1454 5478; x_wconf 91' lang='lat' dir='ltr'>Inde</span> <span class='ocrx_word' id='word_1_609' title='bbox 1536 5425 1710 5480; x_wconf 89' lang='lat' dir='ltr'>etiam</span> <span class='ocrx_word' id='word_1_610' title='bbox 1786 5423 2060 5493; x_wconf 87' lang='lat' dir='ltr'>rescripta</span> 
     </span>
    </p>
   </div>
   <div class='ocr_carea' id='block_1_128' title="bbox 359 5491 2057 5550">
    <p class='ocr_par' dir='ltr' id='par_1_128' title="bbox 359 5491 2057 5550">
     <span class='ocr_line' id='line_1_130' title="bbox 359 5491 2057 5550; baseline 0.005 -11"><span class='ocrx_word' id='word_1_611' title='bbox 359 5491 662 5542; x_wconf 88' lang='lat' dir='ltr'><strong><em>testimonia</em></strong></span> <span class='ocrx_word' id='word_1_612' title='bbox 690 5491 943 5547; x_wconf 82' lang='lat' dir='ltr'><strong><em>obscurus</em></strong></span> <span class='ocrx_word' id='word_1_613' title='bbox 996 5495 1172 5549; x_wconf 87' lang='lat' dir='ltr'><strong><em>adhuc</em></strong></span> <span class='ocrx_word' id='word_1_614' title='bbox 1245 5498 1549 5550; x_wconf 89' lang='lat' dir='ltr'>venerunt.</span> <span class='ocrx_word' id='word_1_615' title='bbox 1629 5497 1807 5549; x_wconf 88' lang='lat' dir='ltr'>Causa</span> <span class='ocrx_word' id='word_1_616' title='bbox 1895 5491 2057 5549; x_wconf 75' lang='lat' dir='ltr'>ﬁnita</span> 
     </span>
    </p>
   </div>
   <div class='ocr_carea' id='block_1_129' title="bbox 358 5557 2056 5637">
    <p class='ocr_par' dir='ltr' id='par_1_129' title="bbox 358 5557 2056 5637">
     <span class='ocr_line' id='line_1_131' title="bbox 358 5557 2056 5637; baseline 0.005 -25"><span class='ocrx_word' id='word_1_617' title='bbox 358 5557 634 5637; x_wconf 81' lang='lat' dir='ltr'><strong><em>videbitur</em></strong></span> <span class='ocrx_word' id='word_1_618' title='bbox 648 5564 950 5637; x_wconf 77' lang='lat' dir='ltr'><strong><em>Augustini</em></strong></span> <span class='ocrx_word' id='word_1_619' title='bbox 965 5580 1170 5637; x_wconf 85' lang='lat' dir='ltr'><strong><em>sensus,</em></strong></span> <span class='ocrx_word' id='word_1_620' title='bbox 1247 5569 1352 5631; x_wconf 92' lang='lat' dir='ltr'>est,</span> <span class='ocrx_word' id='word_1_621' title='bbox 1375 5581 1532 5637; x_wconf 87' lang='lat' dir='ltr'>error</span> <span class='ocrx_word' id='word_1_622' title='bbox 1551 5565 1772 5637; x_wconf 89' lang='lat' dir='ltr'>utinam</span> <span class='ocrx_word' id='word_1_623' title='bbox 1802 5566 2056 5637; x_wconf 89' lang='lat' dir='ltr'>aliquan-</span> 
     </span>
    </p>
   </div>
   <div class='ocr_carea' id='block_1_130' title="bbox 362 5634 2060 5702">
    <p class='ocr_par' dir='ltr' id='par_1_130' title="bbox 362 5634 2060 5702">
     <span class='ocr_line' id='line_1_132' title="bbox 362 5634 2060 5702; baseline 0.006 -21"><span class='ocrx_word' id='word_1_624' title='bbox 362 5634 627 5702; x_wconf 70' lang='lat' dir='ltr'><strong><em>emspectet</em></strong></span> <span class='ocrx_word' id='word_1_625' title='bbox 677 5635 962 5702; x_wconf 85' lang='lat' dir='ltr'><strong><em>tantisper,</em></strong></span> <span class='ocrx_word' id='word_1_626' title='bbox 1030 5635 1176 5688; x_wconf 86' lang='lat' dir='ltr'><strong><em>brevi</em></strong></span> <span class='ocrx_word' id='word_1_627' title='bbox 1250 5637 1322 5690; x_wconf 89' lang='lat' dir='ltr'><strong><em>do</em></strong></span> <span class='ocrx_word' id='word_1_628' title='bbox 1371 5636 1630 5691; x_wconf 82' lang='lat' dir='ltr'>ﬁniatur!</span> <span class='ocrx_word' id='word_1_629' title='bbox 1683 5637 1850 5692; x_wconf 85' lang='lat' dir='ltr'><strong><em>Serm.</em></strong></span> <span class='ocrx_word' id='word_1_630' title='bbox 1899 5634 1934 5691; x_wconf 63' lang='grc' dir='ltr'>Ξ</span> <span class='ocrx_word' id='word_1_631' title='bbox 1996 5637 2060 5691; x_wconf 86' lang='lat' dir='ltr'><strong><em>de</em></strong></span> 
     </span>
    </p>
   </div>
   <div class='ocr_carea' id='block_1_131' title="bbox 362 5699 2056 5778">
    <p class='ocr_par' dir='ltr' id='par_1_131' title="bbox 362 5699 2056 5778">
     <span class='ocr_line' id='line_1_133' title="bbox 362 5699 2056 5778; baseline 0.007 -28"><span class='ocrx_word' id='word_1_632' title='bbox 362 5699 611 5768; x_wconf 84' lang='lat' dir='ltr'><strong><em>loquetur</em></strong></span> <span class='ocrx_word' id='word_1_633' title='bbox 640 5703 806 5755; x_wconf 85' lang='lat' dir='ltr'>Roma</span> <span class='ocrx_word' id='word_1_634' title='bbox 835 5699 971 5770; x_wconf 78' lang='lat' dir='ltr'><strong><em>quid</em></strong></span> <span class='ocrx_word' id='word_1_635' title='bbox 1007 5719 1175 5758; x_wconf 85' lang='lat' dir='ltr'><strong><em>sense-</em></strong></span> <span class='ocrx_word' id='word_1_636' title='bbox 1256 5708 1413 5761; x_wconf 79' lang='lat' dir='ltr'><strong><em>Verb.</em></strong></span> <span class='ocrx_word' id='word_1_637' title='bbox 1485 5708 1754 5778; x_wconf 82' lang='lat' dir='ltr'><strong><em>Apostoli,</em></strong></span> <span class='ocrx_word' id='word_1_638' title='bbox 1812 5710 1868 5761; x_wconf 88' lang='lat' dir='ltr'>in</span> <span class='ocrx_word' id='word_1_639' title='bbox 1933 5711 2056 5777; x_wconf 86' lang='lat' dir='ltr'><strong><em>ﬁne,</em></strong></span> 
     </span>
    </p>
   </div>
   <div class='ocr_carea' id='block_1_132' title="bbox 2161 2859 3794 2930">
    <p class='ocr_par' dir='ltr' id='par_1_132' title="bbox 2161 2859 3794 2930">
     <span class='ocr_line' id='line_1_134' title="bbox 2161 2859 3794 2930; baseline -0.002 -15"><span class='ocrx_word' id='word_1_640' title='bbox 2161 2859 2250 2915; x_wconf 90' lang='lat' dir='ltr'>bis</span> <span class='ocrx_word' id='word_1_641' title='bbox 2279 2860 2518 2915; x_wconf 85' lang='lat' dir='ltr'>eluceat.</span> <span class='ocrx_word' id='word_1_642' title='bbox 2561 2861 2681 2916; x_wconf 91' lang='lat' dir='ltr'>Lib.</span> <span class='ocrx_word' id='word_1_643' title='bbox 2739 2861 2805 2916; x_wconf 90' lang='lat' dir='ltr'>de</span> <span class='ocrx_word' id='word_1_644' title='bbox 2833 2862 3094 2917; x_wconf 76' lang='lat' dir='ltr'><strong><em>Praedest.</em></strong></span> <span class='ocrx_word' id='word_1_645' title='bbox 3148 2869 3337 2918; x_wconf 87' lang='lat' dir='ltr'><strong><em>contra</em></strong></span> <span class='ocrx_word' id='word_1_646' title='bbox 3359 2866 3589 2930; x_wconf 85' lang='lat' dir='ltr'><strong><em>Erigen.,</em></strong></span> <span class='ocrx_word' id='word_1_647' title='bbox 3634 2876 3732 2930; x_wconf 88' lang='lat' dir='ltr'><strong><em>cap.</em></strong></span> <span class='ocrx_word' id='word_1_648' title='bbox 3758 2862 3794 2912; x_wconf 88' lang='lat'>8.</span> 
     </span>
    </p>
   </div>
   <div class='ocr_carea' id='block_1_133' title="bbox 2919 2950 3105 3005">
    <p class='ocr_par' dir='ltr' id='par_1_133' title="bbox 2919 2950 3105 3005">
     <span class='ocr_line' id='line_1_135' title="bbox 2919 2950 3105 3005; baseline 0.011 -2"><span class='ocrx_word' id='word_1_649' title='bbox 2919 2950 3105 3005; x_wconf 81' lang='lat' dir='ltr'><strong>XCIII.</strong></span> 
     </span>
    </p>
   </div>
   <div class='ocr_carea' id='block_1_134' title="bbox 2411 3052 2781 3092">
    <p class='ocr_par' dir='ltr' id='par_1_134' title="bbox 2411 3052 2781 3092">
     <span class='ocr_line' id='line_1_136' title="bbox 2411 3052 2781 3092; baseline 0.003 -1"><span class='ocrx_word' id='word_1_650' title='bbox 2411 3052 2712 3092; x_wconf 78' lang='lat' dir='ltr'>CENSORES.</span> <span class='ocrx_word' id='word_1_651' title='bbox 2779 3058 2781 3061; x_wconf 83' lang='lat'>&#39;</span> 
     </span>
    </p>
   </div>
   <div class='ocr_carea' id='block_1_135' title="bbox 2234 3109 2973 3177">
    <p class='ocr_par' dir='ltr' id='par_1_135' title="bbox 2234 3109 2973 3177">
     <span class='ocr_line' id='line_1_137' title="bbox 2234 3109 2973 3177; baseline -0.005 -13"><span class='ocrx_word' id='word_1_652' title='bbox 2234 3110 2383 3166; x_wconf 87' lang='lat' dir='ltr'><strong><em>Certe</em></strong></span> <span class='ocrx_word' id='word_1_653' title='bbox 2408 3109 2747 3177; x_wconf 85' lang='lat' dir='ltr'><strong><em>probabilior</em></strong></span> <span class='ocrx_word' id='word_1_654' title='bbox 2769 3113 2818 3162; x_wconf 89' lang='lat' dir='ltr'>et</span> <span class='ocrx_word' id='word_1_655' title='bbox 2850 3124 2973 3162; x_wconf 86' lang='lat' dir='ltr'>ma-</span> 
     </span>
    </p>
   </div>
   <div class='ocr_carea' id='block_1_136' title="bbox 2161 3181 2975 3248">
    <p class='ocr_par' dir='ltr' id='par_1_136' title="bbox 2161 3181 2975 3248">
     <span class='ocr_line' id='line_1_138' title="bbox 2161 3181 2975 3248; baseline 0.001 -16"><span class='ocrx_word' id='word_1_656' title='bbox 2161 3183 2243 3246; x_wconf 87' lang='lat' dir='ltr'>gis</span> <span class='ocrx_word' id='word_1_657' title='bbox 2273 3181 2530 3248; x_wconf 72' lang='lat' dir='ltr'><strong><em>empedita</em></strong></span> <span class='ocrx_word' id='word_1_658' title='bbox 2549 3182 2822 3246; x_wconf 85' lang='lat' dir='ltr'><strong><em>responsio</em></strong></span> <span class='ocrx_word' id='word_1_659' title='bbox 2844 3181 2975 3233; x_wconf 89' lang='lat' dir='ltr'><strong><em>alio-</em></strong></span> 
     </span>
    </p>
   </div>
   <div class='ocr_carea' id='block_1_137' title="bbox 2161 3251 2974 3316">
    <p class='ocr_par' dir='ltr' id='par_1_137' title="bbox 2161 3251 2974 3316">
     <span class='ocr_line' id='line_1_139' title="bbox 2161 3251 2974 3316; baseline -0.001 -13"><span class='ocrx_word' id='word_1_660' title='bbox 2161 3267 2281 3304; x_wconf 91' lang='lat' dir='ltr'>rum</span> <span class='ocrx_word' id='word_1_661' title='bbox 2307 3254 2403 3314; x_wconf 90' lang='lat' dir='ltr'><strong><em>est,</em></strong></span> <span class='ocrx_word' id='word_1_662' title='bbox 2435 3251 2572 3303; x_wconf 88' lang='lat' dir='ltr'><strong><em>hunc</em></strong></span> <span class='ocrx_word' id='word_1_663' title='bbox 2613 3251 2780 3316; x_wconf 87' lang='lat' dir='ltr'><strong><em>trahi,</em></strong></span> <span class='ocrx_word' id='word_1_664' title='bbox 2822 3251 2974 3303; x_wconf 88' lang='lat' dir='ltr'><strong><em>illum</em></strong></span> 
     </span>
    </p>
   </div>
   <div class='ocr_carea' id='block_1_138' title="bbox 2161 3321 2974 3390">
    <p class='ocr_par' dir='ltr' id='par_1_138' title="bbox 2161 3321 2974 3390">
     <span class='ocr_line' id='line_1_140' title="bbox 2161 3321 2974 3390; baseline 0.001 -17"><span class='ocrx_word' id='word_1_665' title='bbox 2161 3336 2266 3374; x_wconf 89' lang='lat' dir='ltr'>non</span> <span class='ocrx_word' id='word_1_666' title='bbox 2289 3322 2454 3383; x_wconf 86' lang='lat' dir='ltr'><strong><em>trahi,</em></strong></span> <span class='ocrx_word' id='word_1_667' title='bbox 2488 3323 2619 3390; x_wconf 88' lang='lat' dir='ltr'>quia</span> <span class='ocrx_word' id='word_1_668' title='bbox 2649 3321 2733 3374; x_wconf 88' lang='lat' dir='ltr'>hic</span> <span class='ocrx_word' id='word_1_669' title='bbox 2763 3322 2974 3375; x_wconf 89' lang='lat' dir='ltr'><strong><em>trahen-</em></strong></span> 
     </span>
    </p>
   </div>
   <div class='ocr_carea' id='block_1_139' title="bbox 2163 3393 2974 3460">
    <p class='ocr_par' dir='ltr' id='par_1_139' title="bbox 2163 3393 2974 3460">
     <span class='ocr_line' id='line_1_141' title="bbox 2163 3393 2974 3460; baseline 0 -16"><span class='ocrx_word' id='word_1_670' title='bbox 2163 3397 2265 3445; x_wconf 86' lang='lat' dir='ltr'>tem</span> <span class='ocrx_word' id='word_1_671' title='bbox 2333 3393 2498 3444; x_wconf 88' lang='lat' dir='ltr'><strong><em>Deum</em></strong></span> <span class='ocrx_word' id='word_1_672' title='bbox 2563 3395 2718 3460; x_wconf 85' lang='lat' dir='ltr'><strong><em>sequi</em></strong></span> <span class='ocrx_word' id='word_1_673' title='bbox 2781 3393 2974 3457; x_wconf 82' lang='lat' dir='ltr'><strong><em>voluit,</em></strong></span> 
     </span>
    </p>
   </div>
   <div class='ocr_carea' id='block_1_140' title="bbox 2161 3462 2971 3531">
    <p class='ocr_par' dir='ltr' id='par_1_140' title="bbox 2161 3462 2971 3531">
     <span class='ocr_line' id='line_1_142' title="bbox 2161 3462 2971 3531; baseline -0.001 -15"><span class='ocrx_word' id='word_1_674' title='bbox 2161 3464 2252 3516; x_wconf 85' lang='lat' dir='ltr'><strong><em>ille</em></strong></span> <span class='ocrx_word' id='word_1_675' title='bbox 2291 3463 2485 3527; x_wconf 90' lang='lat' dir='ltr'><strong><em>noluit,</em></strong></span> <span class='ocrx_word' id='word_1_676' title='bbox 2547 3462 2690 3531; x_wconf 89' lang='lat' dir='ltr'><strong><em>quod</em></strong></span> <span class='ocrx_word' id='word_1_677' title='bbox 2739 3465 2853 3531; x_wconf 88' lang='lat' dir='ltr'><strong><em>ipse</em></strong></span> <span class='ocrx_word' id='word_1_678' title='bbox 2907 3465 2971 3516; x_wconf 92' lang='lat' dir='ltr'><strong><em>D.</em></strong></span> 
     </span>
    </p>
   </div>
   <div class='ocr_carea' id='block_1_141' title="bbox 2161 3535 2974 3600">
    <p class='ocr_par' dir='ltr' id='par_1_141' title="bbox 2161 3535 2974 3600">
     <span class='ocr_line' id='line_1_143' title="bbox 2161 3535 2974 3600; baseline -0.001 -13"><span class='ocrx_word' id='word_1_679' title='bbox 2161 3535 2504 3600; x_wconf 84' lang='lat' dir='ltr'><strong><em>Augustinus</em></strong></span> <span class='ocrx_word' id='word_1_680' title='bbox 2553 3535 2721 3598; x_wconf 82' lang='lat' dir='ltr'><strong><em>fateri</em></strong></span> <span class='ocrx_word' id='word_1_681' title='bbox 2763 3538 2974 3586; x_wconf 83' lang='lat' dir='ltr'>coactus</span> 
     </span>
    </p>
   </div>
   <div class='ocr_carea' id='block_1_142' title="bbox 2163 3603 2972 3658">
    <p class='ocr_par' dir='ltr' id='par_1_142' title="bbox 2163 3603 2972 3658">
     <span class='ocr_line' id='line_1_144' title="bbox 2163 3603 2972 3658; baseline 0 -1"><span class='ocrx_word' id='word_1_682' title='bbox 2163 3609 2240 3657; x_wconf 87' lang='lat' dir='ltr'><strong><em>est</em></strong></span> <span class='ocrx_word' id='word_1_683' title='bbox 2282 3607 2339 3656; x_wconf 91' lang='lat' dir='ltr'>in</span> <span class='ocrx_word' id='word_1_684' title='bbox 2379 3604 2470 3656; x_wconf 85' lang='lat' dir='ltr'><strong><em>tib.</em></strong></span> <span class='ocrx_word' id='word_1_685' title='bbox 2504 3603 2569 3656; x_wconf 89' lang='lat' dir='ltr'>de</span> <span class='ocrx_word' id='word_1_686' title='bbox 2613 3603 2972 3658; x_wconf 71' lang='lat' dir='ltr'><strong><em>Preedestina-</em></strong></span> 
     </span>
    </p>
   </div>
   <div class='ocr_carea' id='block_1_143' title="bbox 3218 3053 3654 3094">
    <p class='ocr_par' dir='ltr' id='par_1_143' title="bbox 3218 3053 3654 3094">
     <span class='ocr_line' id='line_1_145' title="bbox 3218 3053 3654 3094; baseline -0.005 -2"><span class='ocrx_word' id='word_1_687' title='bbox 3218 3056 3265 3093; x_wconf 85' lang='lat' dir='ltr'><strong>S.</strong></span> <span class='ocrx_word' id='word_1_688' title='bbox 3318 3053 3630 3094; x_wconf 66' lang='lat' dir='ltr'><strong>AUGUSTINUS</strong></span> <span class='ocrx_word' id='word_1_689' title='bbox 3643 3077 3654 3090; x_wconf 90' lang='lat'><strong>.</strong></span> 
     </span>
    </p>
   </div>
   <div class='ocr_carea' id='block_1_144' title="bbox 3117 3110 3796 3164">
    <p class='ocr_par' dir='ltr' id='par_1_144' title="bbox 3117 3110 3796 3164">
     <span class='ocr_line' id='line_1_146' title="bbox 3117 3110 3796 3164; baseline -0.006 -3"><span class='ocrx_word' id='word_1_690' title='bbox 3117 3110 3293 3164; x_wconf 81' lang='lat' dir='ltr'><strong><em>Valde</em></strong></span> <span class='ocrx_word' id='word_1_691' title='bbox 3325 3119 3537 3164; x_wconf 87' lang='lat' dir='ltr'>remota</span> <span class='ocrx_word' id='word_1_692' title='bbox 3559 3114 3632 3161; x_wconf 77' lang='lat' dir='ltr'>est</span> <span class='ocrx_word' id='word_1_693' title='bbox 3652 3124 3678 3160; x_wconf 75' lang='grc' dir='ltr'>ιι</span> <span class='ocrx_word' id='word_1_694' title='bbox 3703 3122 3796 3158; x_wconf 75' lang='lat' dir='ltr'>sen-</span> 
     </span>
    </p>
   </div>
   <div class='ocr_carea' id='block_1_145' title="bbox 3048 3177 3795 3235">
    <p class='ocr_par' dir='ltr' id='par_1_145' title="bbox 3048 3177 3795 3235">
     <span class='ocr_line' id='line_1_147' title="bbox 3048 3177 3795 3235; baseline -0.007 -3"><span class='ocrx_word' id='word_1_695' title='bbox 3048 3179 3204 3233; x_wconf 90' lang='lat' dir='ltr'>sibus</span> <span class='ocrx_word' id='word_1_696' title='bbox 3254 3181 3437 3234; x_wconf 88' lang='lat' dir='ltr'>carnis</span> <span class='ocrx_word' id='word_1_697' title='bbox 3483 3181 3594 3234; x_wconf 41' lang='lat' dir='ltr'>base</span> <span class='ocrx_word' id='word_1_698' title='bbox 3629 3177 3795 3235; x_wconf 84' lang='lat' dir='ltr'><strong><em>schola,</em></strong></span> 
     </span>
    </p>
   </div>
   <div class='ocr_carea' id='block_1_146' title="bbox 3048 3249 3798 3324">
    <p class='ocr_par' dir='ltr' id='par_1_146' title="bbox 3048 3249 3798 3324">
     <span class='ocr_line' id='line_1_148' title="bbox 3048 3249 3798 3324; baseline -0.021 -13"><span class='ocrx_word' id='word_1_699' title='bbox 3048 3251 3106 3324; x_wconf 71' lang='lat' dir='ltr'><strong><em>in</em></strong></span> <span class='ocrx_word' id='word_1_700' title='bbox 3165 3268 3283 3321; x_wconf 90' lang='lat' dir='ltr'>qua</span> <span class='ocrx_word' id='word_1_701' title='bbox 3332 3254 3492 3324; x_wconf 88' lang='lat' dir='ltr'>Pater</span> <span class='ocrx_word' id='word_1_702' title='bbox 3527 3249 3798 3324; x_wconf 71' lang='lat' dir='ltr'>auditur_et</span> 
     </span>
    </p>
   </div>
   <div class='ocr_carea' id='block_1_147' title="bbox 3050 3317 3798 3390">
    <p class='ocr_par' dir='ltr' id='par_1_147' title="bbox 3050 3317 3798 3390">
     <span class='ocr_line' id='line_1_149' title="bbox 3050 3317 3798 3390; baseline -0.011 -15"><span class='ocrx_word' id='word_1_703' title='bbox 3050 3317 3230 3390; x_wconf 71' lang='lat' dir='ltr'>docet,</span> <span class='ocrx_word' id='word_1_704' title='bbox 3268 3328 3330 3375; x_wconf 91' lang='lat' dir='ltr'>ut</span> <span class='ocrx_word' id='word_1_705' title='bbox 3361 3323 3604 3376; x_wconf 85' lang='lat' dir='ltr'>veniatur</span> <span class='ocrx_word' id='word_1_706' title='bbox 3637 3317 3798 3390; x_wconf 90' lang='lat' dir='ltr'>ad_Fi-</span> 
     </span>
    </p>
   </div>
   <div class='ocr_carea' id='block_1_148' title="bbox 3051 3387 3796 3465">
    <p class='ocr_par' dir='ltr' id='par_1_148' title="bbox 3051 3387 3796 3465">
     <span class='ocr_line' id='line_1_150' title="bbox 3051 3387 3796 3465; baseline -0.015 -19"><span class='ocrx_word' id='word_1_707' title='bbox 3051 3387 3223 3446; x_wconf 72' lang='lat' dir='ltr'>lium.</span> <span class='ocrx_word' id='word_1_708' title='bbox 3260 3394 3378 3448; x_wconf 90' lang='lat' dir='ltr'><strong><em>Lib.</em></strong></span> <span class='ocrx_word' id='word_1_709' title='bbox 3431 3411 3442 3446; x_wconf 93' lang='grc' dir='ltr'>ι</span> <span class='ocrx_word' id='word_1_710' title='bbox 3501 3392 3562 3446; x_wconf 90' lang='lat' dir='ltr'>de</span> <span class='ocrx_word' id='word_1_711' title='bbox 3593 3387 3796 3465; x_wconf 73' lang='lat' dir='ltr'><strong><em>Praedest.</em></strong></span> 
     </span>
    </p>
   </div>
   <div class='ocr_carea' id='block_1_149' title="bbox 3047 3459 3801 3532">
    <p class='ocr_par' dir='ltr' id='par_1_149' title="bbox 3047 3459 3801 3532">
     <span class='ocr_line' id='line_1_151' title="bbox 3047 3459 3801 3532; baseline -0.013 -15"><span class='ocrx_word' id='word_1_712' title='bbox 3047 3469 3250 3529; x_wconf 57' lang='lat' dir='ltr'><strong><em>sanet,</em></strong></span> <span class='ocrx_word' id='word_1_713' title='bbox 3312 3480 3430 3532; x_wconf 87' lang='lat' dir='ltr'><strong><em>cap.</em></strong></span> <span class='ocrx_word' id='word_1_714' title='bbox 3489 3465 3538 3516; x_wconf 93' lang='lat'>8.</span> <span class='ocrx_word' id='word_1_715' title='bbox 3586 3461 3662 3529; x_wconf 87' lang='lat' dir='ltr'>(At</span> <span class='ocrx_word' id='word_1_716' title='bbox 3694 3459 3801 3511; x_wconf 79' lang='lat' dir='ltr'>liber</span> 
     </span>
    </p>
   </div>
   <div class='ocr_carea' id='block_1_150' title="bbox 3048 3533 3802 3608">
    <p class='ocr_par' dir='ltr' id='par_1_150' title="bbox 3048 3533 3802 3608">
     <span class='ocr_line' id='line_1_152' title="bbox 3048 3533 3802 3608; baseline -0.012 -21"><span class='ocrx_word' id='word_1_717' title='bbox 3048 3534 3117 3608; x_wconf 83' lang='lat' dir='ltr'><strong><em>de</em></strong></span> <span class='ocrx_word' id='word_1_718' title='bbox 3142 3533 3802 3608; x_wconf 36' lang='lat' dir='ltr'>Prmdestinatione-etgral-</span> 
     </span>
    </p>
   </div>
   <div class='ocr_carea' id='block_1_151' title="bbox 3048 3600 3802 3673">
    <p class='ocr_par' dir='ltr' id='par_1_151' title="bbox 3048 3600 3802 3673">
     <span class='ocr_line' id='line_1_153' title="bbox 3048 3600 3802 3673; baseline -0.011 -16"><span class='ocrx_word' id='word_1_719' title='bbox 3048 3604 3126 3657; x_wconf 89' lang='lat' dir='ltr'>tia</span> <span class='ocrx_word' id='word_1_720' title='bbox 3154 3621 3276 3658; x_wconf 89' lang='lat' dir='ltr'>non</span> <span class='ocrx_word' id='word_1_721' title='bbox 3316 3610 3399 3657; x_wconf 91' lang='lat' dir='ltr'>est</span> <span class='ocrx_word' id='word_1_722' title='bbox 3444 3600 3802 3673; x_wconf 73' lang='lat' dir='ltr'>A_Iigustini,_et</span> 
     </span>
    </p>
   </div>
   <div class='ocr_carea' id='block_1_152' title="bbox 3049 3665 3802 3734">
    <p class='ocr_par' dir='ltr' id='par_1_152' title="bbox 3049 3665 3802 3734">
     <span class='ocr_line' id='line_1_154' title="bbox 3049 3665 3802 3734; baseline -0.015 -6"><span class='ocrx_word' id='word_1_723' title='bbox 3049 3675 3401 3729; x_wconf 89' lang='lat' dir='ltr'>contrarium</span> <span class='ocrx_word' id='word_1_724' title='bbox 3449 3665 3616 3734; x_wconf 68' lang='lat' dir='ltr'>docet,</span> <span class='ocrx_word' id='word_1_725' title='bbox 3661 3687 3713 3724; x_wconf 91' lang='lat' dir='ltr'><strong><em>ac</em></strong></span> <span class='ocrx_word' id='word_1_726' title='bbox 3743 3665 3802 3719; x_wconf 91' lang='lat' dir='ltr'>illi</span> 
     </span>
    </p>
   </div>
   <div class='ocr_carea' id='block_1_153' title="bbox 3050 3745 3800 3816">
    <p class='ocr_par' dir='ltr' id='par_1_153' title="bbox 3050 3745 3800 3816">
     <span class='ocr_line' id='line_1_155' title="bbox 3050 3745 3800 3816; baseline -0.016 -16"><span class='ocrx_word' id='word_1_727' title='bbox 3050 3747 3272 3800; x_wconf 88' lang='lat' dir='ltr'>auctori</span> <span class='ocrx_word' id='word_1_728' title='bbox 3303 3747 3616 3816; x_wconf 87' lang='lat' dir='ltr'>imponunt,</span> <span class='ocrx_word' id='word_1_729' title='bbox 3645 3745 3699 3794; x_wconf 92' lang='lat' dir='ltr'>ut</span> <span class='ocrx_word' id='word_1_730' title='bbox 3727 3754 3800 3807; x_wconf 83' lang='lat' dir='ltr'>pa-</span> 
     </span>
    </p>
   </div>
   <div class='ocr_carea' id='block_1_154' title="bbox 2592 3826 3800 3905">
    <p class='ocr_par' dir='ltr' id='par_1_154' title="bbox 2592 3826 3800 3905">
     <span class='ocr_line' id='line_1_156' title="bbox 2592 3826 3800 3905; baseline -0.008 -18"><span class='ocrx_word' id='word_1_731' title='bbox 2592 3836 2672 3887; x_wconf 91' lang='lat' dir='ltr'>tet</span> <span class='ocrx_word' id='word_1_732' title='bbox 2699 3848 2820 3904; x_wconf 87' lang='lat' dir='ltr'>cap.</span> <span class='ocrx_word' id='word_1_733' title='bbox 2866 3836 2948 3900; x_wconf 83' lang='lat' dir='ltr'>l5,</span> <span class='ocrx_word' id='word_1_734' title='bbox 2984 3833 3012 3904; x_wconf 86' lang='lat'>§</span> <span class='ocrx_word' id='word_1_735' title='bbox 3043 3837 3142 3889; x_wconf 87' lang='lat' dir='ltr'><strong><em>Hic</em></strong></span> <span class='ocrx_word' id='word_1_736' title='bbox 3186 3838 3490 3905; x_wconf 88' lang='lat' dir='ltr'><strong><em>quicunque</em></strong></span> <span class='ocrx_word' id='word_1_737' title='bbox 3530 3826 3800 3901; x_wconf 77' lang='lat' dir='ltr'><strong><em>respondetl</em></strong></span> 
     </span>
    </p>
   </div>
   <div class='ocr_carea' id='block_1_155' title="bbox 2818 3923 3203 3979">
    <p class='ocr_par' dir='ltr' id='par_1_155' title="bbox 2818 3923 3203 3979">
     <span class='ocr_line' id='line_1_157' title="bbox 2818 3923 3203 3979; baseline 0.005 -3"><span class='ocrx_word' id='word_1_738' title='bbox 2818 3923 2874 3976; x_wconf 89' lang='lat' dir='ltr'><strong>S.</strong></span> <span class='ocrx_word' id='word_1_739' title='bbox 2906 3923 3203 3979; x_wconf 81' lang='lat' dir='ltr'><strong>THOMAS.</strong></span> 
     </span>
    </p>
   </div>
   <div class='ocr_carea' id='block_1_156' title="bbox 2235 4002 3800 4083">
    <p class='ocr_par' dir='ltr' id='par_1_156' title="bbox 2235 4002 3800 4083">
     <span class='ocr_line' id='line_1_158' title="bbox 2235 4002 3800 4083; baseline -0.009 -16"><span class='ocrx_word' id='word_1_740' title='bbox 2235 4002 2419 4077; x_wconf 82' lang='lat' dir='ltr'>Quare</span> <span class='ocrx_word' id='word_1_741' title='bbox 2449 4017 2640 4067; x_wconf 88' lang='lat' dir='ltr'>autem</span> <span class='ocrx_word' id='word_1_742' title='bbox 2669 4011 2729 4066; x_wconf 90' lang='lat' dir='ltr'>in</span> <span class='ocrx_word' id='word_1_743' title='bbox 2761 4012 2993 4083; x_wconf 90' lang='lat' dir='ltr'>speciali</span> <span class='ocrx_word' id='word_1_744' title='bbox 3023 4013 3214 4066; x_wconf 87' lang='lat' dir='ltr'>trahat</span> <span class='ocrx_word' id='word_1_745' title='bbox 3233 4014 3404 4077; x_wconf 90' lang='lat' dir='ltr'>hunc,</span> <span class='ocrx_word' id='word_1_746' title='bbox 3433 4015 3488 4065; x_wconf 89' lang='lat' dir='ltr'>et</span> <span class='ocrx_word' id='word_1_747' title='bbox 3530 4009 3676 4064; x_wconf 87' lang='lat' dir='ltr'>illum</span> <span class='ocrx_word' id='word_1_748' title='bbox 3716 4018 3800 4057; x_wconf 89' lang='lat' dir='ltr'>non</span> 
     </span>
    </p>
   </div>
   <div class='ocr_carea' id='block_1_157' title="bbox 2167 4097 3801 4171">
    <p class='ocr_par' dir='ltr' id='par_1_157' title="bbox 2167 4097 3801 4171">
     <span class='ocr_line' id='line_1_159' title="bbox 2167 4097 3801 4171; baseline -0.006 -18"><span class='ocrx_word' id='word_1_749' title='bbox 2167 4100 2374 4167; x_wconf 89' lang='lat' dir='ltr'>trahat,</span> <span class='ocrx_word' id='word_1_750' title='bbox 2433 4115 2550 4154; x_wconf 92' lang='lat' dir='ltr'>non</span> <span class='ocrx_word' id='word_1_751' title='bbox 2597 4103 2681 4154; x_wconf 89' lang='lat' dir='ltr'>est</span> <span class='ocrx_word' id='word_1_752' title='bbox 2720 4099 2867 4154; x_wconf 90' lang='lat' dir='ltr'>ratio</span> <span class='ocrx_word' id='word_1_753' title='bbox 2916 4099 3128 4171; x_wconf 89' lang='lat' dir='ltr'>aliqua,</span> <span class='ocrx_word' id='word_1_754' title='bbox 3177 4099 3293 4153; x_wconf 89' lang='lat' dir='ltr'>nisi</span> <span class='ocrx_word' id='word_1_755' title='bbox 3321 4097 3801 4170; x_wconf 69' lang='lat' dir='ltr'>beneplacitumvo-</span> 
     </span>
    </p>
   </div>
   <div class='ocr_carea' id='block_1_158' title="bbox 2170 4185 3804 4259">
    <p class='ocr_par' dir='ltr' id='par_1_158' title="bbox 2170 4185 3804 4259">
     <span class='ocr_line' id='line_1_160' title="bbox 2170 4185 3804 4259; baseline -0.007 -15"><span class='ocrx_word' id='word_1_756' title='bbox 2170 4191 2410 4245; x_wconf 90' lang='lat' dir='ltr'>luntatis</span> <span class='ocrx_word' id='word_1_757' title='bbox 2441 4191 2647 4245; x_wconf 71' lang='lat' dir='ltr'>divinas</span> <span class='ocrx_word' id='word_1_758' title='bbox 2678 4207 2692 4258; x_wconf 90' lang='lat'><strong>;</strong></span> <span class='ocrx_word' id='word_1_759' title='bbox 2718 4191 2869 4244; x_wconf 91' lang='lat' dir='ltr'>unde</span> <span class='ocrx_word' id='word_1_760' title='bbox 2899 4189 3034 4244; x_wconf 90' lang='lat' dir='ltr'>dicit</span> <span class='ocrx_word' id='word_1_761' title='bbox 3062 4188 3457 4259; x_wconf 85' lang='lat' dir='ltr'>Augustinus:</span> <span class='ocrx_word' id='word_1_762' title='bbox 3488 4207 3513 4239; x_wconf 77' lang='grc' dir='ltr'><strong><em>ι(</em></strong></span> <span class='ocrx_word' id='word_1_763' title='bbox 3544 4187 3702 4250; x_wconf 88' lang='lat' dir='ltr'>Quem</span> <span class='ocrx_word' id='word_1_764' title='bbox 3724 4185 3804 4232; x_wconf 82' lang='lat' dir='ltr'>tra-</span> 
     </span>
    </p>
   </div>
   <div class='ocr_carea' id='block_1_159' title="bbox 2089 4255 3804 4348">
    <p class='ocr_par' dir='ltr' id='par_1_159' title="bbox 2089 4255 3804 4348">
     <span class='ocr_line' id='line_1_161' title="bbox 2089 4255 3804 4348; baseline -0.008 -16"><span class='ocrx_word' id='word_1_765' title='bbox 2089 4255 2131 4310; x_wconf 79' lang='lat' dir='ltr'><strong>D</strong></span> <span class='ocrx_word' id='word_1_766' title='bbox 2171 4277 2276 4344; x_wconf 89' lang='lat' dir='ltr'>hit,</span> <span class='ocrx_word' id='word_1_767' title='bbox 2305 4281 2361 4331; x_wconf 89' lang='lat' dir='ltr'>et</span> <span class='ocrx_word' id='word_1_768' title='bbox 2389 4293 2559 4348; x_wconf 88' lang='lat' dir='ltr'>quem</span> <span class='ocrx_word' id='word_1_769' title='bbox 2591 4255 2707 4331; x_wconf 86' lang='lat' dir='ltr'>non</span> <span class='ocrx_word' id='word_1_770' title='bbox 2737 4276 2930 4342; x_wconf 88' lang='lat' dir='ltr'>trahit,</span> <span class='ocrx_word' id='word_1_771' title='bbox 2963 4291 3138 4347; x_wconf 87' lang='lat' dir='ltr'>quare</span> <span class='ocrx_word' id='word_1_772' title='bbox 3158 4255 3329 4330; x_wconf 76' lang='lat' dir='ltr'>illum</span> <span class='ocrx_word' id='word_1_773' title='bbox 3355 4275 3556 4338; x_wconf 88' lang='lat' dir='ltr'>trahat,</span> <span class='ocrx_word' id='word_1_774' title='bbox 3595 4275 3644 4325; x_wconf 89' lang='lat' dir='ltr'>et</span> <span class='ocrx_word' id='word_1_775' title='bbox 3678 4268 3804 4321; x_wconf 86' lang='lat' dir='ltr'>illum</span> 
     </span>
    </p>
   </div>
   <div class='ocr_carea' id='block_1_160' title="bbox 2169 4354 3803 4434">
    <p class='ocr_par' dir='ltr' id='par_1_160' title="bbox 2169 4354 3803 4434">
     <span class='ocr_line' id='line_1_162' title="bbox 2169 4354 3803 4434; baseline -0.009 -16"><span class='ocrx_word' id='word_1_776' title='bbox 2169 4381 2282 4418; x_wconf 93' lang='lat' dir='ltr'>non</span> <span class='ocrx_word' id='word_1_777' title='bbox 2323 4365 2532 4431; x_wconf 89' lang='lat' dir='ltr'>trahat,</span> <span class='ocrx_word' id='word_1_778' title='bbox 2560 4363 2679 4418; x_wconf 91' lang='lat' dir='ltr'>noli</span> <span class='ocrx_word' id='word_1_779' title='bbox 2721 4364 2996 4434; x_wconf 86' lang='lat' dir='ltr'>judicare,</span> <span class='ocrx_word' id='word_1_780' title='bbox 3042 4363 3090 4417; x_wconf 90' lang='lat' dir='ltr'>si</span> <span class='ocrx_word' id='word_1_781' title='bbox 3144 4379 3264 4416; x_wconf 92' lang='lat' dir='ltr'>non</span> <span class='ocrx_word' id='word_1_782' title='bbox 3294 4363 3376 4417; x_wconf 85' lang='lat' dir='ltr'>vis</span> <span class='ocrx_word' id='word_1_783' title='bbox 3408 4375 3605 4416; x_wconf 89' lang='lat' dir='ltr'>errare.</span> <span class='ocrx_word' id='word_1_784' title='bbox 3634 4376 3658 4408; x_wconf 73' lang='grc' dir='ltr'>ι</span> <span class='ocrx_word' id='word_1_785' title='bbox 3683 4354 3803 4407; x_wconf 85' lang='lat' dir='ltr'>Com-</span> 
     </span>
    </p>
   </div>
   <div class='ocr_carea' id='block_1_161' title="bbox 2171 4453 2797 4523">
    <p class='ocr_par' dir='ltr' id='par_1_161' title="bbox 2171 4453 2797 4523">
     <span class='ocr_line' id='line_1_163' title="bbox 2171 4453 2797 4523; baseline -0.002 -16"><span class='ocrx_word' id='word_1_786' title='bbox 2171 4455 2335 4508; x_wconf 89' lang='lat' dir='ltr'><strong><em>ment.</em></strong></span> <span class='ocrx_word' id='word_1_787' title='bbox 2359 4453 2432 4507; x_wconf 89' lang='lat' dir='ltr'><strong><em>ad</em></strong></span> <span class='ocrx_word' id='word_1_788' title='bbox 2448 4469 2567 4523; x_wconf 91' lang='lat' dir='ltr'><strong><em>cap.</em></strong></span> <span class='ocrx_word' id='word_1_789' title='bbox 2591 4456 2622 4508; x_wconf 89' lang='grc'>6</span> <span class='ocrx_word' id='word_1_790' title='bbox 2642 4455 2797 4508; x_wconf 85' lang='lat' dir='ltr'><strong><em>Joan.</em></strong></span> 
     </span>
    </p>
   </div>
   <div class='ocr_carea' id='block_1_162' title="bbox 2163 3676 2598 3742">
    <p class='ocr_par' dir='ltr' id='par_1_162' title="bbox 2163 3676 2598 3742">
     <span class='ocr_line' id='line_1_164' title="bbox 2163 3676 2598 3742; baseline 0 -14"><span class='ocrx_word' id='word_1_791' title='bbox 2163 3677 2306 3729; x_wconf 90' lang='lat' dir='ltr'><strong><em>tione</em></strong></span> <span class='ocrx_word' id='word_1_792' title='bbox 2330 3679 2380 3728; x_wconf 87' lang='lat' dir='ltr'>et</span> <span class='ocrx_word' id='word_1_793' title='bbox 2396 3676 2598 3742; x_wconf 87' lang='lat' dir='ltr'><strong><em>gratia.</em></strong></span> 
     </span>
    </p>
   </div>
   <div class='ocr_carea' id='block_1_163' title="bbox 2905 4539 3080 4594">
    <p class='ocr_par' dir='ltr' id='par_1_163' title="bbox 2905 4539 3080 4594">
     <span class='ocr_line' id='line_1_165' title="bbox 2905 4539 3080 4594; baseline 0 0"><span class='ocrx_word' id='word_1_794' title='bbox 2905 4539 3080 4594; x_wconf 87' lang='lat' dir='ltr'><strong>XCIV.</strong></span> 
     </span>
    </p>
   </div>
   <div class='ocr_carea' id='block_1_164' title="bbox 3242 4637 3666 4701">
    <p class='ocr_par' dir='ltr' id='par_1_164' title="bbox 3242 4637 3666 4701">
     <span class='ocr_line' id='line_1_166' title="bbox 3242 4637 3666 4701; baseline -0.009 -20"><span class='ocrx_word' id='word_1_795' title='bbox 3242 4645 3287 4681; x_wconf 93' lang='lat' dir='ltr'>s.</span> <span class='ocrx_word' id='word_1_796' title='bbox 3331 4637 3666 4701; x_wconf 60' lang='lat' dir='ltr'>sucusnsps.</span> 
     </span>
    </p>
   </div>
   <div class='ocr_carea' id='block_1_165' title="bbox 2239 4695 3806 4766">
    <p class='ocr_par' dir='ltr' id='par_1_165' title="bbox 2239 4695 3806 4766">
     <span class='ocr_line' id='line_1_167' title="bbox 2239 4695 3806 4766; baseline -0.01 -12"><span class='ocrx_word' id='word_1_797' title='bbox 2239 4701 2300 4756; x_wconf 91' lang='lat' dir='ltr'>Si</span> <span class='ocrx_word' id='word_1_798' title='bbox 2327 4701 2465 4754; x_wconf 87' lang='lat' dir='ltr'><strong><em>nihil</em></strong></span> <span class='ocrx_word' id='word_1_799' title='bbox 2495 4702 2827 4754; x_wconf 70' lang='lat' dir='ltr'><strong><em>Christianas</em></strong></span> <span class='ocrx_word' id='word_1_800' title='bbox 2863 4714 2982 4752; x_wconf 83' lang='lat' dir='ltr'><strong><em>eru-</em></strong></span> <span class='ocrx_word' id='word_1_801' title='bbox 3125 4699 3232 4753; x_wconf 86' lang='lat' dir='ltr'>Pro</span> <span class='ocrx_word' id='word_1_802' title='bbox 3295 4695 3672 4766; x_wconf 88' lang='lat' dir='ltr'>magnitudine</span> <span class='ocrx_word' id='word_1_803' title='bbox 3729 4701 3806 4766; x_wconf 72' lang='lat' dir='ltr'>sa—</span> 
     </span>
    </p>
   </div>
   <div class='ocr_carea' id='block_1_166' title="bbox 2165 4770 3806 4847">
    <p class='ocr_par' dir='ltr' id='par_1_166' title="bbox 2165 4770 3806 4847">
     <span class='ocr_line' id='line_1_168' title="bbox 2165 4770 3806 4847; baseline -0.009 -21"><span class='ocrx_word' id='word_1_804' title='bbox 2165 4771 2978 4847; x_wconf 60' lang='lat' dir='ltr'><strong><em>ditionipostAugustinumac-</em></strong></span> <span class='ocrx_word' id='word_1_805' title='bbox 3052 4770 3294 4847; x_wconf 42' lang='lat' dir='ltr'>pientis;</span> <span class='ocrx_word' id='word_1_806' title='bbox 3331 4774 3530 4847; x_wconf 50' lang='lat' dir='ltr'>vestrae</span> <span class='ocrx_word' id='word_1_807' title='bbox 3556 4777 3650 4847; x_wconf 34' lang='lat' dir='ltr'>.res</span> <span class='ocrx_word' id='word_1_808' title='bbox 3676 4771 3806 4847; x_wconf 50' lang='lat' dir='ltr'>miri:-</span> 
     </span>
    </p>
   </div>
   <div class='ocr_carea' id='block_1_167' title="bbox 2166 4834 3808 4908">
    <p class='ocr_par' dir='ltr' id='par_1_167' title="bbox 2166 4834 3808 4908">
     <span class='ocr_line' id='line_1_169' title="bbox 2166 4834 3808 4908; baseline -0.01 -12"><span class='ocrx_word' id='word_1_809' title='bbox 2166 4834 2400 4908; x_wconf 64' lang='lat' dir='ltr'><strong><em>cesserit,</em></strong></span> <span class='ocrx_word' id='word_1_810' title='bbox 2460 4834 2780 4896; x_wconf 76' lang='lat' dir='ltr'><strong><em>scholastica</em></strong></span> <span class='ocrx_word' id='word_1_811' title='bbox 2843 4843 2981 4894; x_wconf 91' lang='lat' dir='ltr'><strong><em>theo-</em></strong></span> <span class='ocrx_word' id='word_1_812' title='bbox 3053 4834 3194 4893; x_wconf 85' lang='lat' dir='ltr'>biles</span> <span class='ocrx_word' id='word_1_813' title='bbox 3241 4837 3451 4893; x_wconf 88' lang='lat' dir='ltr'>dicitis!</span> <span class='ocrx_word' id='word_1_814' title='bbox 3502 4834 3611 4890; x_wconf 87' lang='lat' dir='ltr'><strong><em>Lib.</em></strong></span> <span class='ocrx_word' id='word_1_815' title='bbox 3642 4847 3691 4885; x_wconf 86' lang='grc' dir='ltr'>ιιι</span> <span class='ocrx_word' id='word_1_816' title='bbox 3721 4841 3808 4880; x_wconf 85' lang='lat' dir='ltr'><strong><em>con-</em></strong></span> 
     </span>
    </p>
   </div>
   <div class='ocr_carea' id='block_1_168' title="bbox 2167 4910 3536 4982">
    <p class='ocr_par' dir='ltr' id='par_1_168' title="bbox 2167 4910 3536 4982">
     <span class='ocr_line' id='line_1_170' title="bbox 2167 4910 3536 4982; baseline -0.005 -14"><span class='ocrx_word' id='word_1_817' title='bbox 2167 4913 2314 4979; x_wconf 89' lang='lat' dir='ltr'><strong><em>logia</em></strong></span> <span class='ocrx_word' id='word_1_818' title='bbox 2335 4915 2556 4982; x_wconf 89' lang='lat' dir='ltr'><strong><em>penitus</em></strong></span> <span class='ocrx_word' id='word_1_819' title='bbox 2577 4911 2887 4982; x_wconf 83' lang='lat' dir='ltr'><strong><em>abjicienda</em></strong></span> <span class='ocrx_word' id='word_1_820' title='bbox 2905 4913 2984 4977; x_wconf 78' lang='lat' dir='ltr'>fo-</span> <span class='ocrx_word' id='word_1_821' title='bbox 3056 4916 3141 4965; x_wconf 90' lang='lat' dir='ltr'>tra</span> <span class='ocrx_word' id='word_1_822' title='bbox 3161 4910 3307 4975; x_wconf 88' lang='lat' dir='ltr'><strong><em>Jul.,</em></strong></span> <span class='ocrx_word' id='word_1_823' title='bbox 3333 4924 3459 4978; x_wconf 90' lang='lat' dir='ltr'><strong><em>cap.</em></strong></span> <span class='ocrx_word' id='word_1_824' title='bbox 3488 4910 3536 4960; x_wconf 92' lang='lat'>3.</span> 
     </span>
    </p>
   </div>
   <div class='ocr_carea' id='block_1_169' title="bbox 2164 4989 2264 5038">
    <p class='ocr_par' dir='ltr' id='par_1_169' title="bbox 2164 4989 2264 5038">
     <span class='ocr_line' id='line_1_171' title="bbox 2164 4989 2264 5038; baseline 0 0"><span class='ocrx_word' id='word_1_825' title='bbox 2164 4989 2264 5038; x_wconf 88' lang='lat' dir='ltr'><strong><em>ret.</em></strong></span> 
     </span>
    </p>
   </div>
   <div class='ocr_carea' id='block_1_170' title="bbox 2428 4644 2720 4684">
    <p class='ocr_par' dir='ltr' id='par_1_170' title="bbox 2428 4644 2720 4684">
     <span class='ocr_line' id='line_1_172' title="bbox 2428 4644 2720 4684; baseline 0.003 -1"><span class='ocrx_word' id='word_1_826' title='bbox 2428 4644 2720 4684; x_wconf 75' lang='lat' dir='ltr'><strong>CENSORES.</strong></span> 
     </span>
    </p>
   </div>
   <div class='ocr_carea' id='block_1_171' title="bbox 2941 5069 3088 5124">
    <p class='ocr_par' dir='ltr' id='par_1_171' title="bbox 2941 5069 3088 5124">
     <span class='ocr_line' id='line_1_173' title="bbox 2941 5069 3088 5124; baseline 0 -1"><span class='ocrx_word' id='word_1_827' title='bbox 2941 5069 3088 5124; x_wconf 88' lang='lat' dir='ltr'><strong>XCV.</strong></span> 
     </span>
    </p>
   </div>
   <div class='ocr_carea' id='block_1_172' title="bbox 2449 5165 3800 5216">
    <p class='ocr_par' dir='ltr' id='par_1_172' title="bbox 2449 5165 3800 5216">
     <span class='ocr_line' id='line_1_174' title="bbox 2449 5165 3800 5216; baseline -0.01 -4"><span class='ocrx_word' id='word_1_828' title='bbox 2449 5174 2736 5213; x_wconf 75' lang='lat' dir='ltr'>CENSORES.</span> <span class='ocrx_word' id='word_1_829' title='bbox 3231 5172 3276 5212; x_wconf 82' lang='lat'><strong>8.</strong></span> <span class='ocrx_word' id='word_1_830' title='bbox 3322 5165 3660 5209; x_wconf 70' lang='lat' dir='ltr'><strong>AUGUSTINUS.</strong></span> <span class='ocrx_word' id='word_1_831' title='bbox 3753 5215 3757 5216; x_wconf 15' lang='grc' dir='ltr'><em>γ</em></span> <span class='ocrx_word' id='word_1_832' title='bbox 3793 5208 3800 5216; x_wconf 36' lang='grc' dir='ltr'>ι</span> 
     </span>
    </p>
   </div>
   <div class='ocr_carea' id='block_1_173' title="bbox 2241 5215 3802 5299">
    <p class='ocr_par' dir='ltr' id='par_1_173' title="bbox 2241 5215 3802 5299">
     <span class='ocr_line' id='line_1_175' title="bbox 2241 5215 3802 5299; baseline -0.012 -14"><span class='ocrx_word' id='word_1_833' title='bbox 2241 5232 2550 5299; x_wconf 80' lang='lat' dir='ltr'><strong><em>Augustini</em></strong></span> <span class='ocrx_word' id='word_1_834' title='bbox 2603 5231 2981 5284; x_wconf 85' lang='lat' dir='ltr'><strong><em>auctoritatem</em></strong></span> <span class='ocrx_word' id='word_1_835' title='bbox 3116 5227 3278 5299; x_wconf 69' lang='lat' dir='ltr'>modo</span> <span class='ocrx_word' id='word_1_836' title='bbox 3301 5231 3501 5299; x_wconf 77' lang='lat' dir='ltr'>autem</span> <span class='ocrx_word' id='word_1_837' title='bbox 3556 5237 3650 5299; x_wconf 33' lang='lat' dir='ltr'>vos.</span> <span class='ocrx_word' id='word_1_838' title='bbox 3668 5215 3802 5299; x_wconf 61' lang='lat' dir='ltr'>vestri</span> 
     </span>
    </p>
   </div>
   <div class='ocr_carea' id='block_1_174' title="bbox 2165 5289 3797 5398">
    <p class='ocr_par' dir='ltr' id='par_1_174' title="bbox 2165 5289 3797 5398">
     <span class='ocr_line' id='line_1_176' title="bbox 2165 5289 3797 5374; baseline -0.012 -19"><span class='ocrx_word' id='word_1_839' title='bbox 2165 5289 2627 5370; x_wconf 69' lang='lat' dir='ltr'><strong><em>interpbnentibus</em></strong></span> <span class='ocrx_word' id='word_1_840' title='bbox 2666 5299 2983 5368; x_wconf 85' lang='lat' dir='ltr'><strong><em>responderi</em></strong></span> <span class='ocrx_word' id='word_1_841' title='bbox 3056 5297 3314 5368; x_wconf 87' lang='lat' dir='ltr'>magistri</span> <span class='ocrx_word' id='word_1_842' title='bbox 3393 5311 3536 5374; x_wconf 44' lang='lat' dir='ltr'>esse.</span> <span class='ocrx_word' id='word_1_843' title='bbox 3572 5289 3797 5361; x_wconf 80' lang='lat' dir='ltr'>poteritis.</span> 
     </span>
     <span class='ocr_line' id='line_1_177' title="bbox 2165 5352 3797 5398; baseline 0 0"><span class='ocrx_word' id='word_1_844' title='bbox 2165 5378 2336 5398; x_wconf 58' lang='lat'>-..4--.</span> <span class='ocrx_word' id='word_1_845' title='bbox 2418 5373 2696 5398; x_wconf 66' lang='lat' dir='ltr'><strong><em>v-..r.....:......</em></strong></span> <span class='ocrx_word' id='word_1_846' title='bbox 2748 5373 2804 5398; x_wconf 58' lang='grc' dir='ltr'>έν.</span> <span class='ocrx_word' id='word_1_847' title='bbox 2871 5373 2979 5398; x_wconf 57' lang='grc' dir='ltr'>Μηη-</span> <span class='ocrx_word' id='word_1_848' title='bbox 3063 5371 3154 5398; x_wconf 67' lang='lat' dir='ltr'>In.</span> <span class='ocrx_word' id='word_1_849' title='bbox 3232 5386 3268 5398; x_wconf 83' lang='lat'><strong>..</strong></span> <span class='ocrx_word' id='word_1_850' title='bbox 3303 5368 3365 5398; x_wconf 73' lang='grc' dir='ltr'>Αο</span> <span class='ocrx_word' id='word_1_851' title='bbox 3409 5363 3594 5398; x_wconf 61' lang='lat' dir='ltr'>[la-Hum</span> <span class='ocrx_word' id='word_1_852' title='bbox 3635 5352 3797 5398; x_wconf 57' lang='lat'>0011-3.</span> 
     </span>
    </p>
   </div>
   <div class='ocr_carea' id='block_1_175' title="bbox 2162 5363 3799 5442">
    <p class='ocr_par' dir='ltr' id='par_1_175' title="bbox 2162 5363 3799 5442">
     <span class='ocr_line' id='line_1_178' title="bbox 2162 5363 3799 5442; baseline -0.01 -15"><span class='ocrx_word' id='word_1_853' title='bbox 2162 5363 2354 5442; x_wconf 70' lang='lat' dir='ltr'><strong><em>potest,</em></strong></span> <span class='ocrx_word' id='word_1_854' title='bbox 2406 5373 2699 5426; x_wconf 88' lang='lat' dir='ltr'><strong><em>Ecclesiam</em></strong></span> <span class='ocrx_word' id='word_1_855' title='bbox 2748 5363 2806 5423; x_wconf 82' lang='lat' dir='ltr'>in</span> <span class='ocrx_word' id='word_1_856' title='bbox 2868 5373 2980 5424; x_wconf 88' lang='lat' dir='ltr'><strong><em>suis</em></strong></span> <span class='ocrx_word' id='word_1_857' title='bbox 3054 5363 3181 5423; x_wconf 51' lang='lat' dir='ltr'><strong><em>Lib:</em></strong></span> <span class='ocrx_word' id='word_1_858' title='bbox 3232 5386 3268 5422; x_wconf 93' lang='grc' dir='ltr'>ιι</span> <span class='ocrx_word' id='word_1_859' title='bbox 3302 5368 3365 5420; x_wconf 88' lang='lat' dir='ltr'>de</span> <span class='ocrx_word' id='word_1_860' title='bbox 3409 5363 3612 5427; x_wconf 83' lang='lat' dir='ltr'><strong><em>Ordine,</em></strong></span> <span class='ocrx_word' id='word_1_861' title='bbox 3635 5370 3737 5425; x_wconf 85' lang='lat' dir='ltr'><strong><em>cap.</em></strong></span> <span class='ocrx_word' id='word_1_862' title='bbox 3763 5363 3799 5402; x_wconf 66' lang='lat'>&#39;6-</span> 
     </span>
    </p>
   </div>
   <div class='ocr_carea' id='block_1_176' title="bbox 2163 5442 2984 5514">
    <p class='ocr_par' dir='ltr' id='par_1_176' title="bbox 2163 5442 2984 5514">
     <span class='ocr_line' id='line_1_179' title="bbox 2163 5442 2984 5514; baseline -0.004 -18"><span class='ocrx_word' id='word_1_863' title='bbox 2163 5443 2297 5514; x_wconf 86' lang='lat' dir='ltr'><strong><em>ﬁliis</em></strong></span> <span class='ocrx_word' id='word_1_864' title='bbox 2329 5458 2496 5512; x_wconf 89' lang='lat' dir='ltr'><strong><em>usque</em></strong></span> <span class='ocrx_word' id='word_1_865' title='bbox 2555 5442 2710 5496; x_wconf 86' lang='lat' dir='ltr'><strong><em>hodie</em></strong></span> <span class='ocrx_word' id='word_1_866' title='bbox 2753 5455 2984 5494; x_wconf 86' lang='lat' dir='ltr'><strong><em>crescere</em></strong></span> 
     </span>
    </p>
   </div>
   <div class='ocr_carea' id='block_1_177' title="bbox 2164 5514 2560 5568">
    <p class='ocr_par' dir='ltr' id='par_1_177' title="bbox 2164 5514 2560 5568">
     <span class='ocr_line' id='line_1_180' title="bbox 2164 5514 2560 5568; baseline -0.003 -1"><span class='ocrx_word' id='word_1_867' title='bbox 2164 5516 2222 5568; x_wconf 90' lang='lat' dir='ltr'><strong><em>in</em></strong></span> <span class='ocrx_word' id='word_1_868' title='bbox 2244 5514 2560 5568; x_wconf 87' lang='lat' dir='ltr'><strong><em>eruditione.</em></strong></span> 
     </span>
    </p>
   </div>
   <div class='ocr_carea' id='block_1_178' title="bbox 2583 5612 3434 5672">
    <p class='ocr_par' dir='ltr' id='par_1_178' title="bbox 2583 5612 3434 5672">
     <span class='ocr_line' id='line_1_181' title="bbox 2583 5612 3434 5672; baseline -0.009 0"><span class='ocrx_word' id='word_1_869' title='bbox 2583 5615 2862 5672; x_wconf 83' lang='lat' dir='ltr'><strong>THOMAS</strong></span> <span class='ocrx_word' id='word_1_870' title='bbox 2894 5617 2960 5670; x_wconf 85' lang='lat' dir='ltr'><strong>VI</strong></span> <span class='ocrx_word' id='word_1_871' title='bbox 2969 5614 3330 5671; x_wconf 75' lang='lat' dir='ltr'>LLANOVAN</span> <span class='ocrx_word' id='word_1_872' title='bbox 3339 5612 3434 5668; x_wconf 92' lang='lat' dir='ltr'><strong>US.</strong></span> 
     </span>
    </p>
   </div>
   <div class='ocr_carea' id='block_1_179' title="bbox 2243 5696 3794 5777">
    <p class='ocr_par' dir='ltr' id='par_1_179' title="bbox 2243 5696 3794 5777">
     <span class='ocr_line' id='line_1_182' title="bbox 2243 5696 3794 5777; baseline -0.018 -16"><span class='ocrx_word' id='word_1_873' title='bbox 2243 5706 2595 5777; x_wconf 84' lang='lat' dir='ltr'>Augustinus</span> <span class='ocrx_word' id='word_1_874' title='bbox 2625 5704 2847 5776; x_wconf 85' lang='lat' dir='ltr'>primus</span> <span class='ocrx_word' id='word_1_875' title='bbox 2877 5704 3049 5776; x_wconf 88' lang='lat' dir='ltr'><strong><em>coepit</em></strong></span> <span class='ocrx_word' id='word_1_876' title='bbox 3077 5701 3370 5758; x_wconf 87' lang='lat' dir='ltr'>catholicas</span> <span class='ocrx_word' id='word_1_877' title='bbox 3411 5696 3650 5752; x_wconf 59' lang='lat' dir='ltr'>veritam</span> <span class='ocrx_word' id='word_1_878' title='bbox 3684 5698 3794 5738; x_wconf 86' lang='lat' dir='ltr'>enu-</span> 
     </span>
    </p>
   </div>
  </div>
