3914 6186
24 317 127 365 8(ὶὲ

31 1055 192 1106 stino.

1365 314 1686 372 νιΝῡιΟῐίΕ
1723 316 2262 374 ΑΠΕΟΞΤΙΝΙΑΝΑΞ.

23 434 226 496 cleare,
283 433 568 504 digerere,
625 432 960 501 dilucidare,
1021 435 1372 506 distinguere
1433 441 1602 510 atque
1672 440 1806 498 inA
1842 444 2068 494 mentem
2124 457 2298 502 suam,
2369 445 2655 498 asserenda

24 521 426 574 scholasticam
466 520 708 574 formam
759 521 1041 592 redigere,
1075 523 1284 578 docens
1317 525 1455 595 quid
1499 527 1556 580 in
1590 545 1731 598 quo-

28 610 159 662 libet
185 610 326 663 tidei
382 610 649 680 mysterio
694 611 1080 678 sentiendum,
1119 612 1258 682 quid
1293 615 1359 667 ad
1387 615 1610 684 objecta
1637 633 1731 670 re-

28 698 433 767 spondendum
481 703 646 766 esset,
712 699 860 752 unde
915 715 979 753 ex
1022 701 1330 770 Scripturis
1379 703 1736 773 colligendus

31 789 182 841 locus
209 787 278 840 ad
305 787 714 840 roborandum.
750 789 1027 858 Denique,
1053 789 1097 842 si
1129 790 1267 860 quid
1296 792 1364 844 de
1387 791 1496 844 Iide
1527 791 1734 845 distin-

27 879 108 926 cte
164 874 472 938 sentimus,
517 878 708 944 aperte
765 874 1030 942 dicimus,
1083 876 1352 930 audacter
1405 878 1734 944 asserimus,

27 963 78 1015 id
115 966 300 1016 totum
333 963 654 1033 Augustino
710 962 1003 1016 debemus.
1065 963 1219 1020 Conc.
1285 968 1304 1018 l
1364 965 1430 1018 de
1457 964 1516 1021 S.
1544 969 1738 1032 Augu-

805 1157 979 1212 XCVI.

294 1259 580 1298 CENSORES.

101 1343 188 1394 Ea:
223 1341 514 1409 ipsiusmet
550 1341 858 1410 Augustini

37 1417 83 1464 et
122 1414 355 1465 Patrum
403 1413 624 1464 consitio
654 1415 750 1465 hoc
781 1413 854 1464 le-

34 1485 286 1549 gitimum
319 1497 383 1535 ac
421 1484 625 1535 rationi
648 1485 857 1547 confor-

34 1569 111 1605 me
157 1559 643 1619 temperamentum
693 1569 854 1622 appo-

36 1639 116 1689 no,
149 1629 199 1676 et
247 1639 486 1676 errorem
533 1625 857 1690 Pelagiano-

37 1710 151 1746 rum
180 1695 408 1760 fugiens
456 1697 513 1747 in
557 1695 858 1760 Augustini

37 1780 279 1819 excessus
317 1781 428 1818 non
478 1765 676 1819 incido.

323 1906 537 1960 XCVII.

296 2029 589 2066 CENSORES.

103 2120 238 2172 Jam
265 2119 486 2187 pri/lem
517 2133 542 2170 e
581 2118 856 2172 catholicis

42 2190 263 2258 plurimi
289 2189 544 2242 doctrina
587 2195 636 2242 et
658 2192 859 2257 pietate

47 2261 343 2313 laudabiles
428 2261 660 2325 confessi
734 2264 861 2312 sunt

47 2337 284 2384 sanctum
333 2332 705 2397 Augustinum
762 2330 860 2382 Pe-

50 2402 359 2467 lagianismi
389 2403 512 2454 odio
552 2404 632 2454 ita
661 2404 718 2453 in
737 2416 860 2453 con-

51 2475 270 2525 trariam
301 2478 520 2540 partem
548 2473 854 2538 inclinasse,

51 2549 104 2594 ut
146 2558 384 2611 persaepe
424 2544 646 2598 Calvi-no
677 2545 858 2610 potius

53 2630 206 2680 quam
239 2614 574 2667 Tridentinis
603 2615 859 2667 Patribus

49 2689 224 2748 favere
265 2685 540 2738 videatur.

324 2825 556 2880 XCVIII.

296 2947 596 2986 CENSORES.

121 3039 210 3093 Vel
265 3039 501 3100 denique
547 3041 596 3091 si
649 3037 856 3104 aliquot

52 3110 165 3162 locis
184 3111 303 3178 plus
324 3109 562 3163 intendit
591 3111 642 3161 Α
654 3110 857 3175 ugusti-

51 3195 160 3242 nus,
187 3180 549 3249 applicandus
592 3181 701 3232 illis
730 3180 853 3239 erit,

53 3251 184 3317 quod
236 3255 290 3304 in
329 3267 388 3304 eo
428 3255 685 3304 notarunt
720 3250 852 3317 plu-

52 3336 126 3372 res
153 3327 199 3373 et
226 3337 421 3387 graves
477 3322 713 3374 doctores
758 3335 856 3372 ca—

59 3392 246 3455 tholici,
269 3393 564 3446 excessisse
590 3391 862 3444 interdum

56 3469 175 3514 aestu
238 3464 628 3531 disputationis
704 3463 860 3514 abre-

53 3537 210 3597 ptum,
231 3539 278 3586 et
301 3537 358 3586 in
393 3535 578 3586 odium
615 3533 856 3598 haeresis,

56 3617 201 3668 quam
231 3605 610 3674 impugnabat,
642 3603 715 3656 ad
733 3619 862 3655 con—

59 3677 274 3728 trarium
343 3680 645 3729 extremum
700 3675 860 3728 incli-

57 3758 218 3799 nasse.

367 3817 544 3871 XCIX.

299 3939 595 3977 CENSORES.

126 4029 185 4081 Ut
247 4033 318 4084 sit
360 4031 537 4083 nimia
612 4028 860 4098 quaedam

59 4101 293 4154 severitas
324 4108 374 4155 et
397 4103 592 4168 iniqua
621 4103 854 4166 vexatio,

61 4183 164 4242 quae
200 4173 433 4226 medium
476 4171 613 4224 illud
660 4173 716 4223 in
756 4187 859 4238 quo

1120 1263 1166 1298 S.
1199 1261 1552 1301 AUGUSTINUS.

1003 1341 1136 1422 Ecce
1169 1411 1180 1422 θ
1214 1342 1365 1422 unde
1402 1357 1491 1422 “se
1537 1345 1744 1422 putant

929 1411 1184 1465 haeretici
1221 1412 1353 1466 novi
1402 1411 1740 1466 Manichaeo-

927 1498 1057 1535 rum
1098 1483 1332 1537 nomine
1374 1483 1595 1552 objecto
1626 1484 1740 1536 vim

927 1554 1319 1622 subterfugere
1346 1554 1620 1620 veritatis,
1643 1555 1740 1608 sed

931 1640 1045 1676 non
1094 1626 1538 1695 subterfugiunt,
1591 1625 1743 1678 inse-

931 1696 1136 1779 quitur.
1171 1696 1381 1779 quippe
1415 1696 1530 1779 illa,
1554 1700 1622 1779 ‘et
1657 1695 1740 1775 ἐί-
1777 1727 1816 1779 Β

930 1767 1052 1818 mul
1091 1766 1428 1819 Manichaeos
1475 1766 1739 1834 Pelagia-

931 1852 1146 1906 nosque
1181 1836 1475 1889 subvertit.
1512 1839 1737 1890 Postea:

930 1905 1090 1969 Quod
1122 1905 1362 1959 dicimus
1396 1908 1579 1976 legem
1612 1923 1743 1958 san-

932 1984 1080 2029 ctam
1141 1977 1354 2045 justam
1431 1985 1487 2030 et
1534 1977 1742 2030 bonam

930 2063 1048 2100 non
1101 2047 1483 2116 justiticandis
1529 2048 1741 2117 impiis,

931 2117 1030 2170 sed
1056 2117 1455 2171 convincendis
1488 2119 1745 2188 superbis

933 2189 1416 2258 prmvaricationis
1432 2191 1617 2258 gratia
1638 2205 1710 2258 po
1723 2219 1746 2230 -

933 2259 1120 2324 sitam,
1181 2263 1237 2312 et
1293 2266 1493 2312 contra
1564 2259 1746 2313 Mani-

933 2330 1120 2383 chaeos
1150 2335 1253 2394 est,
1275 2331 1410 2397 quia
1432 2331 1746 2384 secundum

933 2403 1268 2470 Apostolum
1340 2401 1623 2465 laudatur,
1693 2407 1750 2454 et

931 2476 1129 2525 contra
1178 2472 1532 2540 Pelagianos,
1591 2471 1748 2541 quia,

933 2542 1244 2595 secundum
1267 2543 1616 2611 Apostolum.
1650 2558 1747 2595 ne-

934 2629 1028 2666 mo
1096 2629 1161 2665 cx
1210 2614 1336 2681 lege
1383 2613 1745 2681 jnstilicatur,

935 2689 990 2736 et
1042 2683 1168 2736 ideo
1220 2683 1606 2752 justiticandis
1669 2683 1750 2735 eis

936 2770 1078 2824 quos
1103 2755 1296 2806 littera
1325 2754 1546 2814 occidit,
1583 2753 1638 2806 id
1667 2759 1752 2806 est

936 2823 1078 2894 quos
1111 2826 1195 2877 lex
1229 2825 1379 2877 bona
1409 2823 1750 2892 praecipiens

936 2895 1398 2966 praevaricatione
1428 2910 1556 2966 reos
1594 2894 1746 2966 facit,

936 2965 1176 3036 Spiritus
1198 2965 1396 3034 gratiae
1418 2965 1599 3036 gratis
1621 2965 1746 3034 opi-

930 3035 1163 3090 tulatur.
1211 3038 1383 3090 Item:
1444 3035 1605 3098 Quod
1651 3051 1743 3087 ar-

929 3107 1164 3160 bitrium
1196 3106 1281 3160 sui
1309 3106 1368 3159 in
1413 3107 1628 3159 malum
1681 3106 1742 3158 li-

927 3177 1128 3231 berum
1168 3177 1426 3243 dicimus,
1463 3177 1530 3229 ad
1579 3192 1746 3247 agen-

931 3249 1066 3302 dum
1114 3249 1330 3301 bonum
1397 3247 1581 3317 gratia
1627 3246 1745 3300 ’Dei

929 3336 1049 3372 esse
1105 3319 1490 3383 liberandum,
1549 3323 1748 3371 contra

938 3389 1270 3458 Pelagianos
1308 3395 1430 3454 est;
1465 3389 1615 3458 quod
1645 3405 1736 3440 au-

935 3466 1047 3514 tem
1072 3461 1313 3514 dicimus
1351 3460 1421 3512 ab
1453 3460 1548 3512 illo
1575 3475 1746 3512 exor-

935 3535 1078 3596 tum,
1113 3533 1267 3601 quod
1297 3536 1466 3583 antca
1487 3546 1599 3583 non
1626 3535 1748 3583 erat

936 3603 1171 3668 malum,
1198 3606 1389 3654 contra
1412 3601 1748 3654 Manichzros

935 3677 1037 3737 est,
1079 3677 1184 3726 etc.
1240 3673 1534 3742 Utrosque
1571 3671 1750 3741 igitur

935 3743 1210 3797 catholica
1266 3741 1442 3803 ﬁdes;
1496 3741 1640 3795 sicut
1695 3747 1750 3796 et

936 3820 1170 3868 caeteros
1215 3813 1514 3866 hmreticos
1553 3813 1747 3866 adver-

936 3885 1115 3938 sarios
1181 3883 1416 3941 invenit.
1475 3888 1748 3953 utrosque

935 3955 1259 4009 divinorum
1288 3953 1748 4007 testimoniorum

933 4027 1267 4079 auctoritate
1293 4029 1347 4078 et
1390 4026 1512 4077 luce
1544 4025 1747 4076 verita-

932 4097 1002 4150 tis
1031 4096 1333 4150 convincit.
1378 4097 1496 4149 Lib.
1530 4110 1596 4148 m
1624 4110 1748 4148 con-

935 4171 1022 4220 tra
1052 4167 1188 4220 duas
1223 4169 1379 4235 epist.
1431 4167 1638 4234 Pclag.,
1692 4168 1749 4218 in

63 4243 239 4312 reritas
265 4244 412 4296 sedet
437 4242 749 4312 transgredi
766 4243 858 4308 ju-
929 4243 1034 4308 fine
1064 4254 1183 4308 cap.
1226 4241 1278 4292 9.

62 4307 151 4375 bet,
172 4315 219 4365 si
247 4317 450 4383 praeerit
491 4307 853 4380 Augustinus.

617 4418 676 4472 S.
701 4415 1180 4472 C(ELESTINUS.

126 4502 340 4560 Miriﬁce
385 4505 545 4576 prius
600 4504 833 4558 laudato
890 4509 1083 4558 sancto
1145 4503 1490 4573 Augustino,
1552 4501 1750 4557 addit:

1843 512 2060 579 aliquid
2084 528 2116 564 a
2145 517 2368 566 veritate
2393 518 2648 583 alienum,

1843 583 1987 650 quod
2041 588 2116 636 est
2173 588 2405 649 mentiri,
2451 588 2510 639 id
2552 593 2647 654 est,

1842 659 2028 706 contra
2063 661 2286 707 mentem
2314 658 2429 710 ire:
2465 672 2650 711 secun-

1844 724 1910 777 do
1951 727 2263 789 nescienter,
2306 731 2355 778 et
2396 728 2655 795 loquendo

1844 795 2062 862 quidem
2098 800 2158 847 ut
2203 798 2521 862 sentiebant,
2567 799 2660 852 sed

1843 871 1976 918 aestu
2007 866 2393 934 disputationis
2424 873 2473 920 et
2505 871 2660 922 vehe-

1845 939 2045 988 mentia
2071 940 2298 1004 spiritus
2334 939 2407 990 ad
2429 940 2658 992 alterum

1845 1011 2138 1060 extremum
2185 1009 2457 1062 interdum
2490 1010 2661 1063 decli-

1845 1083 2037 1131 nantes
2081 1080 2351 1133 intetlectu
2390 1095 2538 1147 aeque
2599 1097 2661 1134 ac

1845 1149 2043 1213 verbis,
2085 1149 2228 1217 quod
2263 1165 2369 1202 non
2413 1156 2489 1204 est
2525 1167 2661 1204 men-

1849 1221 1964 1282 tiri,
1995 1219 2088 1272 sed
2116 1221 2246 1285 falli
2273 1225 2320 1273 et
2345 1221 2520 1274 dicere
2545 1223 2656 1287 fal-

1847 1304 1966 1343 sum
1989 1293 2103 1343 sine
2125 1291 2425 1344 mendacio.
2465 1293 2658 1346 Secun-

1849 1360 1984 1414 dum
2023 1363 2307 1427 contigisse
2352 1363 2657 1428 Augustino

1849 1436 1898 1484 et
1948 1432 2074 1484 aliis
2122 1447 2228 1484 non
2286 1434 2455 1485 solum
2498 1437 2655 1499 afﬁr-

1848 1506 2000 1554 mant
2029 1507 2270 1556 auctores
2296 1505 2472 1568 citati,
2499 1505 2594 1557 sed
2612 1509 2663 1557 et

1849 1574 2031 1641 plures
2078 1574 2199 1625 alii.

3445 334 3550 387 866

2727 461 2873 515 cup.,
2931 463 3053 516 cap.
3123 451 3175 504 3.
3247 450 3542 520 Objecerat

2726 520 2880 571 enim
2949 520 3207 574 lulianus
3269 525 3542 592 Augusti-

2727 604 2885 661 num,
2928 606 3056 644 cum
3111 592 3340 661 longius
3377 611 3410 646 a
3443 596 3544 647 Pe-

2727 660 2953 727 lagiano
2976 660 3240 730 dogmate
3281 665 3543 718 recedere

2731 732 2917 794 vellet,
2967 733 3036 784 ad
3070 733 3406 786 Manichasos
3455 750 3546 787 ac-

2732 802 2950 865 cedere,
2986 821 3011 850 «
3045 802 3230 855 instar
3267 804 3540 870 ferarum,

2734 886 2861 940 qua:
2885 872 3309 926 circumdantur
3329 875 3543 944 pinnis,

2737 947 2796 1014 ut
2825 949 3103 1010 cogantur
3132 944 3192 996 in
3220 945 3379 1011 retia,
3411 945 3541 1014 qui-

2733 1011 2838 1063 bus
2881 1015 3152 1080 quoniam
3198 1014 3356 1068 deest
3400 1011 3542 1068 ratio

2734 1081 2793 1134 in
2845 1098 3043 1136 verum
3082 1084 3316 1138 exitium
3375 1101 3539 1152 vana,

2733 1151 3041 1206 formidine
3055 1156 3492 1209 contruduntur.
3514 1175 3541 1206 υ

2732 1225 2830 1277 Cui
2851 1225 2924 1296 _A_
2935 1227 3218 1296 ugustinus
3237 1242 3253 1278 :
3293 1248 3313 1273 ι
3355 1229 3542 1296 Agno-

2733 1308 2820 1345 sce
2847 1292 3023 1361 igitur
3050 1295 3109 1346 in
3141 1300 3237 1348 tuo
3281 1292 3548 1366 dogmate

2732 1379 2941 1416 nomen
2981 1369 3164 1430 tuum,
3211 1370 3267 1417 et
3316 1367 3551 1419 catholi-

2732 1434 2832 1500 cis,
2861 1450 2895 1486 a
2944 1435 3154 1504 q’uibus
3208 1437 3551 1502 confutaris,

2737 1505 2930 1557 desine
2949 1505 3195 1572 objicere
3209 1507 3484 1576 etdogma
3497 1513 3554 1560 et

2737 1591 2948 1628 nomen
2976 1576 3248 1629 alienum.
3289 1579 3430 1630 Nam
3458 1593 3554 1630 ve-

2738 1645 2873 1718 ritas
2925 1650 3195 1718 utrosque
3239 1648 3550 1718 redarguit,

2737 1720 2795 1769 et
2826 1716 3164 1770 Manichaeos
3196 1722 3251 1771 et
3279 1735 3396 1774 vos.
3419 1716 3449 1767 ἰι
3475 1719 3550 1772 Ib.

2478 1820 2532 1874 S.
2576 1821 2920 1878 PROSPER.

1920 1925 2097 1990 Multi,
2132 1923 2322 1995 inquis
2359 1927 2578 1991 singula
2625 1928 2733 1982 haec
2790 1927 3079 1993 credentes,
3129 1944 3196 1985 ac
3228 1930 3380 1998 justo
3426 1945 3553 1983 am—

1845 2014 1996 2082 plius
2028 2018 2322 2067 asserentes
2358 2017 2530 2068 variis
2559 2015 2772 2083 sibique
2801 2018 3087 2070 contrariis
3131 2022 3256 2072 sunt
3281 2018 3557 2072 erroribus

1852 2102 2104 2154 involuti.
2142 2101 2330 2154 Placet
2361 2101 2537 2171 igitur
2591 2101 2698 2154 tibi
2741 2119 2871 2156 cum
2902 2102 3183 2156 haereticis
3229 2105 3554 2167 catholicos.

1853 2203 1980 2242 cum
2013 2188 2172 2242 victis
2205 2188 2477 2242 damnare
2500 2188 2762 2256 victores,
2795 2193 2852 2243 et
2871 2205 2968 2243 eos
3002 2189 3212 2244 erroris
3243 2195 3380 2245 nota
3414 2191 3556 2244 adu-

1854 2294 1997 2344 rere,
2032 2277 2131 2346 qui
2179 2293 2433 2330 errorem
2464 2277 2537 2330 ab
2570 2277 2809 2330 Ecclesia
2841 2277 3206 2347 depulerunt.
3252 2279 3372 2333 Lib.
3430 2295 3558 2333 con-

1857 2371 1940 2420 ira
1958 2367 2292 2430 Collatorem,
2322 2381 2447 2434 cap.
2490 2367 2573 2419 lO.
2601 2365 2743 2418 Hinc
2763 2365 2986 2419 diccbat
3008 2381 3248 2436 magnus
3285 2367 3381 2421 ille
3403 2367 3562 2421 theo-

1856 2455 2022 2524 logus
2053 2453 2361 2523 Gregorius
2403 2453 2803 2519 Ariminensis,
2847 2453 3051 2507 abhinc
3100 2456 3202 2508 300
3230 2458 3286 2508 et
3314 2455 3559 2524 amplius

1855 2543 2020 2596 annis
2044 2559 2342 2613 supremus
2366 2541 2798 2611 Augustinianze
2824 2541 3152 2612 reipublicae
3186 2544 3517 2598 moderator
3545 2563 3557 2598 :

1861 2652 1887 2680 ‹‹
1911 2631 2032 2696 Qua
2062 2633 2342 2700 potestate
2375 2629 2570 2682 dicunt
2601 2629 2986 2698 Augustinum
3039 2630 3131 2683 hic
3159 2647 3272 2684 non
3321 2631 3554 2701 proprie

1857 2723 1914 2772 et
1941 2734 2094 2786 vere,
2134 2719 2232 2771 sed
2271 2716 2548 2770 excessive
2602 2718 2873 2782 locutum,
2923 2717 3073 2771 dicet
3103 2719 3245 2772 alius
3291 2719 3561 2774 similiter

1857 2807 1918 2860 in
1953 2807 2080 2861 aliis
2109 2805 2322 2876 regulis
2369 2820 2469 2875 per
2503 2804 2887 2874 Augustinum
2933 2805 3133 2875 pesitis
3175 2807 3348 2859 fuisse
3397 2807 3553 2862 locu-

1857 2901 1980 2950 tum
2037 2894 2315 2948 excessive
2345 2897 2400 2946 et
2429 2909 2545 2946 non
2586 2898 2649 2946 ut
2687 2897 2893 2946 sonant
2922 2893 3048 2946 illas
3089 2909 3210 2948 esse
3236 2896 3509 2949 tenendas
3538 2939 3552 2963 ,

1858 2985 1957 3038 sed
1987 2983 2065 3036 sic
2097 2981 2330 3036 dicendo
2358 2997 2476 3035 non
2531 2987 2616 3036 est
2654 2981 2894 3036 dubium
2942 2981 3188 3036 intuenti
3245 2983 3554 3055 diligenter

1854 3073 2008 3148 quod
2039 3073 2098 3126 in
2135 3072 2342 3124 multos
2395 3069 2525 3142 quis
2562 3070 2849 3125 laberetur
2894 3086 3131 3125 errores.
3161 3092 3189 3120 »
3232 3073 3290 3125 2.
3329 3072 3549 3128 Senten-

1855 3164 2081 3226 tiarum,
2117 3160 2246 3215 dist.
2283 3162 2371 3226 33,
2406 3164 2596 3230 quaest.
2632 3162 2684 3214 3.

2645 3265 2730 3321 CI.

2128 3390 2415 3430 CENSORES.

1927 3450 2010 3502 Ita
2066 3462 2204 3514 saepe
2257 3449 2312 3499 in
2369 3446 2521 3499 libris
2571 3447 2670 3500 Re-

1857 3521 2240 3573 tractationum
2323 3531 2378 3570 se
2467 3519 2670 3585 purgat

1856 3591 2215 3657 Augustinus,
2316 3586 2460 3656 quod
2543 3589 2670 3641 otim

1857 3668 2042 3714 contra
2074 3659 2392 3713 Manichaeos
2422 3657 2542 3728 (qui
2591 3658 2671 3710 di-

1857 3733 2058 3785 cebant
2087 3729 2280 3783 omnia
2314 3730 2464 3782 bona
2492 3745 2522 3780 a
2555 3729 2668 3782 Deo

1856 3802 2028 3866 bono,
2073 3801 2266 3854 omnia
2319 3801 2467 3853 mala
2493 3815 2526 3852 a
2557 3799 2670 3851 Deo

1858 3875 2009 3926 malo
2033 3872 2192 3942 quasi
2224 3872 2362 3942 fato,
2432 3885 2544 3942 non
2567 3885 2667 3942 au-

1859 3947 1973 3996 tem
2049 3940 2211 3994 liberi
2287 3941 2358 3993 ab
2440 3940 2672 3992 homine

1860 4011 2032 4081 (ﬁeri)
2059 4012 2313 4075 srribens,
2345 4012 2424 4062 ita
2454 4011 2679 4062 liberum

1859 4084 2151 4136 arbitrium
2226 4081 2565 4148 praedicarit,
2622 4084 2680 4132 ut

1859 4155 2052 4220 gratiae
2063 4153 2259 4205 oblitus
2277 4166 2386 4204 esse
2406 4150 2675 4217 videatur;

1859 4231 2044 4277 contra
2071 4228 2273 4291 postea,
2307 4227 2420 4274 orto
2462 4222 2676 4287 Pelagio

1867 4301 2011 4347 hoste
2041 4297 2248 4360 gratae.
2307 4296 2389 4346 ita
2438 4294 2678 4357 gratiam

1865 4367 2094 4429 extollit,
2142 4369 2202 4417 ut
2246 4363 2473 4418 liberum
2528 4364 2671 4414 arbi-

1861 4440 2027 4491 trium
2099 4435 2398 4504 deprimere
2465 4449 2678 4488 censea-

1863 4511 1970 4562 tur.

2930 3389 2974 3426 S.
3010 3389 3369 3429 AUGUSTINUS.

2811 3442 3079 3507 Quamvis
3124 3449 3181 3498 et
3235 3446 3294 3498 in
3352 3445 3440 3498 his
3486 3445 3552 3498 li-

2742 3513 2858 3567 bris
2884 3516 2982 3584 qui
3022 3530 3136 3569 non
3189 3521 3383 3569 contra
3420 3517 3556 3570 illos

2743 3587 2976 3638 omnino
3005 3585 3246 3656 (nempe
3299 3587 3558 3656 Pelagia-

2745 3659 2887 3721 nos),
2918 3655 3130 3726 quippe
3165 3658 3250 3710 illi
3296 3655 3557 3711 nondum

2745 3731 2925 3792 erant,
2978 3729 3076 3780 sed
3132 3733 3328 3781 contra
3383 3729 3563 3781 Mani-

2743 3798 2930 3850 chaaos
2963 3798 3264 3866 conscripti
3311 3805 3445 3851 sunt
3491 3799 3560 3851 de

2745 3867 2922 3920 libero
2972 3867 3228 3928 arbitrio,
3258 3883 3372 3920 non
3405 3869 3562 3921 omni

2755 3937 2924 4007 modo
2965 3938 3034 3990 de
3088 3937 3194 3989 ista
3245 3939 3345 3990 Dei
3382 3939 3565 4007 gratia

2753 4006 3104 4067 reticuimus,
3129 4023 3302 4077 quam
3326 4006 3570 4062 nefanda

2753 4078 3044 4147 impietate
3071 4084 3352 4130 conantur
3377 4080 3564 4132 aufer-

2752 4165 2812 4201 re
2849 4165 2862 4202 :
2897 4148 3143 4202 diximus
3183 4149 3418 4219 quippe,
3458 4155 3565 4202 etc.

2752 4221 2766 4288 (
2795 4224 2849 4271 et
2871 4235 3003 4289 eam
3039 4219 3098 4271 in
3129 4235 3250 4271 rem
3304 4220 3566 4289 pluribus

2751 4288 3096 4344 testimoniis
3125 4288 3322 4343 allatis
3340 4292 3566 4343 conclu-

2750 4359 2834 4414 dit
2889 4361 2921 4428 :)
2986 4361 3116 4413 Ecce
3161 4376 3335 4430 quam
3394 4362 3562 4429 longe

2753 4432 3390 4502 antequaml’elagiana
3445 4434 3566 4485 ha:-

2753 4501 2913 4556 resis’
2949 4501 3268 4566 exstitisset,
3325 4503 3403 4556 sic
3453 4504 3566 4557 dis-

71 4609 92 4637 «
116 4591 248 4654 Quia
275 4593 540 4649 nonnulli
580 4592 680 4663 qui
730 4593 1007 4647 catholico
1061 4591 1292 4646 nomine
1323 4590 1667 4661 gloriantur,
1691 4590 1753 4643 in

71 4674 332 4736 damnatis
358 4687 553 4736 autem
589 4680 989 4734 haereticorum
1041 4679 1298 4732 sensibus
1329 4695 1429 4732 seu
1470 4677 1752 4748 pravitate

72 4761 172 4818 sive
211 4766 497 4840 imperitia
553 4768 932 4833 demorantes,
979 4766 1252 4838 piissimis
1304 4765 1755 4837 dispulatoribus

72 4849 280 4910 obviare
309 4861 689 4928 prmsumunt,
741 4861 797 4910 et
848 4872 979 4910 cum
1012 4855 1309 4925 Pelagium
1359 4861 1532 4926 atque
1574 4855 1755 4909 (Scele-

71 4939 228 4997 stium
256 4945 734 5001 anathematizare
772 4961 891 4999 non
926 4945 1210 5010 dubitent,
1244 4944 1530 5013 magistris
1562 4948 1754 4998 tamen

71 5033 282 5100 nostris,
335 5041 610 5106 tanquam
665 5033 1053 5088 necessarium
1111 5034 1349 5087 modum
1391 5033 1758 5100 excesserint,

75 5115 471 5192 obloquuntur,
502 5143 530 5174 io
563 5129 668 5177 etc.
701 5126 862 5192 Epist
905 5123 978 5178 ad
999 5125 1269 5192 episcopos
1296 5123 1508 5188 Gallize,
1557 5137 1679 5192 cap.
1707 5125 1754 5190 3,

79 5209 129 5257 ut
181 5215 552 5283 censores,ipsi
593 5212 834 5266 tradunt.

877 5318 936 5373 C.

313 5423 596 5462 CENSORI-IS.
1136 5421 1180 5457 8.
1215 5420 1565 5459 AUGUSTINUS.

133 5471 437 5546 Bespondeo
455 5479 752 5546 dupliciter
783 5480 870 5531 in-
1019 5476 1142 5530 Non
1184 5477 1397 5530 estita.
1450 5483 1514 5529 ut
1571 5476 1765 5546 loque-

101 5542 246 5610 elligi
271 5563 434 5618 posse
487 5542 553 5604 BI.
613 5551 874 5615 Augusti—
949 5546 1395 5618 ris,quicunque
1416 5547 1526 5600 ista
1550 5542 1760 5613 dixisti,

122 5626 202 5666 um
228 5617 460 5688 aliosque
480 5620 675 5676 Patres
707 5623 882 5674 inter-
957 5617 1193 5673 non’est
1239 5617 1334 5684 ita,
1385 5619 1630 5672 multum
1672 5617 1771 5670 fal-

124 5696 205 5737 um
222 5695 478 5746 excessive
510 5694 709 5748 locutos
739 5706 882 5744 esse:

959 5689 1110 5752 leris,
1157 5688 1240 5743 vel
1290 5689 1487 5743 fallere
1538 5688 1772 5743 medita-

119 5757 246 5810 rimo
293 5765 530 5829 scienter,
601 5767 651 5816 et
700 5766 888 5817 contra
959 5761 1056 5827 ris,
1089 5761 1206 5814 Lib.
1243 5761 1366 5814 nde
1383 5763 1773 5832 Nupt.etcon—

2754 4572 3100 4642 putavimus,
3123 4573 3412 4644 velutjam
3442 4590 3570 4628 con-

2101 4668 2187 4718 tra
2216 4663 2341 4717 illos
2366 4662 2805 4733 disputaremus.
2841 4662 2966 4717 Lib.
3006 4665 3308 4732 IRetract.,
3342 4678 3462 4732 cal).
3499 4666 3560 4717 9.

2505 4779 2560 4833 S.
2585 4781 2927 4836 PROSPER.

1933 4869 2041 4925 Sed
2072 4869 2299 4923 videant
2339 4867 2628 4940 quomodo
2661 4885 2719 4923 se
2761 4885 2790 4922 a
2849 4868 3122 4923 dedecore
3169 4867 3330 4922 istius
3359 4870 3570 4921 exuant

1863 4957 2122 5012 falsitatis
2155 4956 2254 5027 qui
2303 4961 2540 5026 possunt
2594 4961 2713 5011 tam
2767 4956 2964 5028 inepta
3017 4956 3364 5025 contingere,
3407 4955 3454 5008 si
3506 4955 3568 5008 lii

1864 5064 2109 5120 quorum
2141 5048 2456 5101 abutuntur
2507 5048 2763 5114 auribus,
2799 5047 3220 5118 aliquantulum
3253 5044 3568 5114 diligentiae

1868 5138 1936 5192 ad
1993 5136 2384 5208 cognoscenda
2454 5152 2521 5190 ea
2575 5152 2704 5207 quae
2774 5133 3280 5206 prmstantissimus
3310 5134 3572 5187 minister

1866 5225 2063 5297 gratiae
2131 5223 2526 5294 (Augustinus)
2605 5222 2934 5293 disputavit,
2988 5219 3360 5274 intenderint.
3419 5221 3574 5276 Licet

1868 5328 2099 5368 omnem
2142 5311 2307 5364 istius
2353 5310 2746 5382 inquisitionis
2788 5324 3012 5363 moram
3061 5307 3170 5378 ipsi
3196 5308 3295 5378 qui
3325 5309 3448 5364 haec
3478 5310 3573 5363 lo-

1871 5405 2127 5472 quuntur
2182 5398 2498 5469 praevenire
2553 5399 2850 5464 deberent,
2909 5395 3251 5466 proferendo
3283 5403 3454 5468 atque
3487 5415 3574 5452 ex-

1870 5489 2134 5560 plicando
2193 5487 2386 5552 libros,
2438 5487 2686 5542 ullamve
2717 5501 2918 5539 eorum
2947 5484 3288 5556 particulam
3317 5487 3576 5542 demons-

1878 5578 2102 5646 trando,
2159 5594 2330 5648 quam
2388 5592 2490 5648 per
2546 5574 2782 5629 dubium
2837 5575 3038 5629 saltem
3095 5574 3448 5631 intellectum
3475 5576 3576 5630 tali

1880 5666 2338 5737 interpretationi
2369 5663 2673 5719 obnoxiam
2719 5663 2807 5719 vir
2836 5668 3062 5720 sanctus
3084 5663 3342 5721 ediderit.
3396 5669 3574 5735 Epist.

1882 5757 1956 5811 ad
1987 5759 2254 5824 Ruﬁnum.
