3914 6186
1343 287 1662 342 ἨΝΟΙΟΙᾸΕ
1701 289 2252 349 AUGUSTINIAN/E.

78 404 332 478 gulariter
365 406 421 455 et
461 401 742 466 discussit,
786 421 1126 461 consensum
1175 411 1368 462 tamen
1406 408 1476 464 ab
1503 414 1624 464 utra

683 404 742 466 it,
786 421 1126 461 consensum
1175 411 1368 462 tamen
1406 408 1476 464 ab
1503 414 1746 481 utraque
1781 418 1824 472 A
1862 431 2168 488 dissertum
2201 451 2229 488 ε

78 491 383 548 deﬁnitione
408 489 711 554 continuit,
746 508 816 545 ne
837 493 1095 548 laborem
1130 499 1303 549 tanta:
1348 496 1750 566 disputationis

79 581 301 636 inaniter
328 577 658 649 susciperet,
690 597 861 651 quem
893 583 1196 652 cujuslibet
1228 585 1528 638 sententiae
1568 591 1748 639 teme-

77 670 211 724 raria
233 666 481 722 deﬁnitio
525 674 806 723 vacuaret.
859 670 982 725 Lib.
1018 687 1076 724 ιιι
1101 672 1166 724 de
1207 674 1374 727 Verit.
1401 674 1657 742 praedast.
1702 678 1751 727 et

80 762 226 825 grat,
256 770 370 823 cap.
400 756 482 808 l8.
524 755 748 819 Quanto
779 772 915 826 ergo
945 759 1148 812 melius
1179 760 1249 813 ab
1281 760 1451 830 hujus
1487 764 1752 831 quaestio-

80 846 154 899 nis
179 841 474 897 certamine
500 847 912 915 temperamus,
943 846 1000 900 in
1024 863 1136 918 qua
1168 865 1272 902 nos
1302 849 1552 902 inaniter
1591 851 1750 903 labo-

77 948 185 986 rare
225 930 663 1001 cognoscimus?
709 933 1052 1003 przesertim,
1103 935 1238 1005 quia
1280 937 1432 1006 quod
1482 953 1516 990 a
1545 938 1754 990 sanctis

75 1020 192 1072 viris
234 1019 542 1088 majoribus
593 1021 800 1074 nostris
845 1022 1105 1076 videmus
1153 1024 1391 1078 minime
1423 1025 1753 1093 deﬁnitum,

77 1110 276 1178 oportet
299 1123 402 1160 nos
433 1112 592 1162 tanto
624 1109 845 1164 cautius
871 1116 1042 1181 atque
1075 1113 1490 1183 temperantius
1521 1130 1750 1184 qurere-

76 1213 142 1258 re,
171 1199 374 1266 quanto
413 1197 484 1250 ad
527 1198 649 1268 ejus
679 1200 855 1253 tinem
891 1200 1017 1254 illos
1045 1203 1348 1271 praeclaros
1388 1203 1540 1256 viros
1569 1203 1752 1257 cerui-

75 1301 185 1338 mus
212 1282 445 1338 minime
475 1286 820 1355 pervenisse.
855 1289 990 1358 Cap.
1023 1292 1114 1344 20.

825 1377 1004 1432 CVIII.

313 1478 595 1516 CENSORES.

131 1535 214 1586 Per
223 1548 403 1601 peram
437 1549 646 1602 quoque
691 1551 862 1603 empo-

69 1606 141 1657 nit
153 1604 208 1656 id
229 1603 366 1671 quod
381 1608 462 1657 ait
476 1606 768 1674 Apostolus
791 1608 864 1659 ad

69 1677 327 1740 Romanos,
386 1691 507 1743 cap.
562 1692 673 1742 xiv,
720 1693 859 1731 vers.

69 1749 158 1798 23:
203 1746 378 1799 Omne
428 1747 582 1815 quod
634 1763 750 1800 non
779 1753 863 1800 est

69 1831 126 1867 ex
153 1815 255 1868 tide
277 1824 567 1884 peccatum
601 1824 703 1884 est,
731 1835 864 1886 qua--

66 1888 109 1938 si
147 1888 269 1938 velit
325 1886 501 1940 dicere
571 1889 861 1955 Apostolus

67 1958 228 2008 omnia
255 1972 415 2024 opera
445 1958 747 2025 inﬁdelium
777 1975 857 2012 es-

64 2041 112 2078 se
132 2033 356 2093 peccata,
388 2033 441 2080 et
465 2033 582 2081 sine
608 2045 736 2083 vera
753 2031 860 2097 ﬁde

65 2099 252 2149 nullum
291 2113 445 2166 posse
501 2102 619 2156 ﬁeri
664 2101 857 2154 bonum

65 2182 200 2234 opus.
233 2170 358 2224 Cum
391 2176 568 2223 tamen
593 2171 854 2224 ibisermo

65 2241 126 2290 sit
168 2238 228 2290 de
269 2254 324 2292 eo
372 2241 519 2308 quod
555 2256 661 2294 non
688 2245 750 2309 ﬁt
791 2258 858 2294 ea:

66 2309 330 2362 dictamine
354 2314 689 2364 conscientia
711 2313 859 2380 judi-

67 2383 220 2432 cantis
251 2382 384 2434 bona
403 2383 511 2448 ﬁde
533 2383 742 2436 licitum
771 2399 858 2437 es-

64 2463 110 2500 se
136 2450 188 2502 id
215 2452 352 2517 quod
373 2456 459 2520 ﬁt,
492 2457 552 2506 ut
591 2469 660 2506 ea:
709 2459 860 2506 textu

62 2521 166 2586 ipso
215 2523 395 2590 liquet,
460 2529 510 2576 et
566 2527 857 2578 communis

62 2591 380 2658 intepretatio
424 2593 697 2648 doctorum
729 2611 859 2649 con—

64 2665 262 2714 tradicit
342 2666 674 2731 Augustino,
761 2669 858 2732 qui

59 2733 202 2785 etiam
231 2734 437 2803 aliquot
467 2737 613 2801 locis,
638 2740 698 2789 ut
723 2739 858 2790 alibi

61 2805 357 2869 notavimus,
423 2807 640 2860 videtur
716 2809 854 2860 hanc

60 2887 195 2924 suam
219 2878 568 2930 assertionem
613 2882 846 2931 restrin-

58 2958 164 3016 gere
193 2946 262 2997 ad
312 2947 509 3000 bonum
556 2963 688 3016 opus
718 2951 850 3002 utile

58 3015 166 3066 vita
190 3021 395 3072 aeternae
444 3015 842 3086 consequentiae,

58 3105 148 3152 etc.
214 3106 507 3174 Utrumque
583 3111 759 3161 tamen
824 3124 859 3161 a

57 3191 202 3245 citato
224 3193 390 3260 plane
420 3195 656 3248 alienum
675 3201 772 3249 est.

1128 1484 1170 1522 S.
1206 1483 1562 1522 AUGUSTINUS.

985 1537 1399 1592 Testimonium
1418 1539 1752 1609 illud,quod

937 1624 1002 1660 ex
1033 1610 1304 1679 Apostolo
1346 1609 1550 1678 posui:
1587 1612 1752 1666 Omne

935 1680 1080 1760 quod
1121 1696 1225 1760 non
1261 1685 1338 1759 est
1377 1681 1578 1760 emnﬁde
1600 1697 1751 1760 _pec—
1780 1706 1820 1758 Β

936 1757 1113 1802 catum
1134 1756 1230 1817 est,
1265 1751 1410 1804 sicut
1437 1752 1538 1804 tibi
1561 1751 1744 1804 visum

936 1825 1020 1873 est
1041 1821 1325 1890 accepisti,
1360 1827 1416 1874 et
1437 1822 1746 1890 exposuisti

935 1905 1054 1943 non
1084 1896 1147 1944 ut
1165 1893 1330 1960 sapit,
1357 1893 1454 1945 sed
1488 1899 1548 1944 ut
1572 1893 1740 1961 sapis.

937 1961 1013 2013 De
1061 1961 1202 2014 cibis
1241 1965 1393 2014 enim
1440 1965 1745 2031 Apostolus

931 2031 1306 2100 loquebatur;
1367 2048 1562 2086 verum
1615 2049 1746 2086 cum

933 2102 1184 2165 dixisset,
1237 2103 1348 2168 Qui
1399 2109 1576 2156 autem
1622 2104 1745 2157 dis-

932 2175 1104 2225 cernit
1176 2175 1226 2226 si
1308 2174 1741 2240 manducauerit,

931 2243 1221 2297 damnatus
1247 2249 1342 2308 est,
1373 2247 1504 2311 quia
1532 2261 1638 2298 non
1677 2262 1744 2298 ea:

929 2314 1052 2386 ﬁde,
1088 2317 1231 2367 hanc
1255 2316 1469 2383 peccati
1499 2316 1744 2386 speciem

933 2385 1003 2437 de
1047 2401 1160 2454 qua
1205 2386 1427 2454 agebat,
1490 2385 1745 2455 generali

930 2457 1111 2508 voluit
1153 2457 1393 2525 probare
1447 2457 1741 2517 sententia,

932 2541 1059 2577 mox
1092 2527 1378 2580 inferens:
1410 2527 1574 2582 Omne
1602 2531 1744 2580 enim

931 2596 1075 2664 quod
1120 2613 1226 2650 non
1263 2603 1341 2651 est
1385 2614 1452 2651 ea:
1478 2599 1584 2666 ﬁde
1615 2613 1744 2666 pec-

930 2673 1100 2720 catum
1142 2673 1238 2720 est.
1300 2668 1418 2721 Lib.
1479 2685 1530 2722 IV
1595 2673 1742 2721 cout.

927 2739 1062 2805 Jul.,
1116 2755 1238 2808 cap.
1287 2742 1337 2792 3.
1372 2739 1534 2793 Omne
1565 2740 1739 2803 enim,

928 2809 1065 2860 velis
1114 2811 1278 2873 nolis,
1337 2809 1481 2877 quod
1525 2825 1630 2863 non
1665 2814 1743 2863 est

925 2894 992 2931 ea:
1028 2879 1152 2947 ﬁde,
1203 2883 1477 2948 peccatum
1525 2886 1621 2933 est.
1656 2881 1745 2933 ln-

922 2955 1027 3015 tra,
1061 2949 1198 3003 ibid.

930 3123 1052 3162 vero
1105 3122 1264 3162 sensu
1318 3109 1574 3177 Apostoli
1623 3108 1731 3162 loco

533 3282 944 3338 BONIFACIUS
974 3284 1023 3337 lI
1053 3299 1228 3354 papa.

119 3366 236 3421 Illos
263 3373 458 3424 autem
489 3371 608 3441 qui,
638 3373 997 3441 praecedente
1027 3371 1161 3439 ﬁde,
1193 3375 1418 3439 caetera,
1457 3372 1602 3428 sicut
1642 3372 1731 3426 in-

3455 308 3560 359 8'70

2237 440 2308 490 st.
2358 456 2386 489 ››
2436 437 2673 491 Sanctus
2719 439 3084 508 Prudentius,
3129 443 3189 496 in
3218 444 3457 516 epistola
3486 449 3554 501 ad

1864 521 2230 577 Hincmarum
2276 528 2333 579 et
2375 527 2723 580 Pardulum:
2776 549 2802 575 ‹‹
2855 531 2969 582 Hoc
3017 531 3270 600 primum
3308 540 3557 590 vestram

1863 610 2244 665 sinceritatem
2273 629 2530 680 monens,
2558 620 2622 668 ut
2649 615 2967 670 doctrinam
3008 620 3323 675 beatissimi
3379 624 3560 677 Patris

1859 702 2169 770 Augustini
2214 703 2470 756 omnium
2525 705 2738 775 absque
2787 707 2905 760 ulla
2937 708 3224 764 dubietate
3259 712 3555 768 undecun-

1865 805 1974 860 que
2023 790 2356 858 doctissimi,
2402 797 2727 847 sanctarum
2772 795 3194 865 Scripturarum
3263 801 3560 856 autoritati

1861 878 1921 932 in
1951 879 2217 932 omnibus
2249 881 2750 936 concordissimam
2777 885 3021 955 ;quippe
3038 888 3228 941 nullus
3257 889 3553 945 doctorum

1863 967 2120 1021 abstrusa
2170 985 2368 1023 earum
2413 971 2802 1040 scrupulosius
2832 972 3072 1028 rimatus
3091 975 3424 1046 diligentius
3451 995 3544 1032 ex-

1863 1056 2144 1128 quisierit,
2173 1058 2364 1111 verius
2395 1059 2700 1126 invenerit,
2734 1061 2988 1115 veracius
3017 1065 3338 1133 protulerit,
3391 1067 3554 1120 lucu-

1862 1145 2089 1210 lentius,
2128 1145 2480 1211 enodaverit,
2499 1146 2723 1200 ﬁdelius
2740 1149 3011 1215 tenuerit,
3045 1151 3332 1206 robustius
3353 1153 3553 1208 defen-

1864 1234 2031 1300 derit,
2080 1235 2314 1288 effusius
2355 1234 2827 1302 disseminaverit,
2859 1255 2886 1286 »
2936 1242 3042 1291 etc.
3079 1239 3411 1310 Rhemigius
3440 1248 3554 1295 An-

1863 1321 2254 1377 tisiodorensis
2286 1323 2347 1377 in
2376 1327 2409 1377 2
2439 1323 2506 1377 ad
2540 1324 2793 1378 Corinth.
2825 1340 2838 1378 :
2876 1345 2898 1372 ι
2935 1325 3090 1379 Sicut
3119 1329 3203 1381 sol
3233 1329 3448 1383 excedit
3496 1331 3554 1384 in

1862 1410 2081 1464 lumine
2126 1427 2324 1465 omnes
2370 1413 2642 1482 planetas,
2694 1412 2775 1465 ita
2820 1414 3175 1483 Augustinus
3219 1433 3418 1471 omnes
3467 1435 3558 1472 ex-

1862 1500 2029 1555 cessit
2070 1500 2129 1554 in
2177 1500 2525 1569 exponendis
2593 1501 2764 1554 sacris
2834 1501 3214 1571 Scripturis.»
3274 1506 3432 1575 Hugo
3487 1507 3556 1560 de

1863 1590 2066 1644 Sancto
2111 1589 2354 1655 Victore,
2404 1605 2570 1642 serm.
2620 1592 2721 1642 25:
2755 1609 2782 1639 (ι
2833 1590 2970 1643 Inde
3021 1597 3078 1644 et
3108 1592 3176 1645 de
3209 1593 3330 1663 ipso
3363 1595 3420 1646 in
3452 1595 3558 1649 hac

1861 1679 1984 1748 ejus
2012 1678 2368 1731 solemnitate
2397 1677 2674 1743 canimus,
2703 1678 2852 1747 quod
2875 1680 3287 1748 prophetarum
3324 1686 3379 1734 et
3401 1698 3558 1751 apos-

1859 1767 2110 1820 tolorum
2160 1766 2366 1836 plenus
2415 1765 2641 1836 spiritu,
2686 1781 2816 1835 qua:
2858 1767 3252 1836 praedixerunt
3293 1770 3551 1839 mystica,

1856 1854 1988 1908 fecit
2027 1854 2191 1907 nobis
2240 1853 2450 1924 pervia,
2504 1858 2636 1922 post
2683 1869 2825 1923 quos
2885 1855 3134 1908 secunda
3179 1856 3547 1926 dispensandi

1855 1941 2014 1995 verbi
2043 1941 2139 1995 Dei
2170 1941 2390 2011 primus
2433 1939 2658 1994 refulsit
2710 1940 2912 2010 gratia,
2943 1961 2969 1992 »
2999 1947 3103 1998 etc.

2654 2045 2758 2100 CX.

2118 2169 2401 2206 CENSORES.
2931 2170 2977 2206 8.
3018 2169 3373 2209 AUGUSTINUS.

1951 2225 2160 2277 Durius
2192 2239 2400 2292 quoque
2427 2225 2667 2291 loquitur

1851 2297 2102 2364 pluribus
2158 2297 2283 2348 locis
2323 2295 2388 2347 de
2439 2297 2666 2348 veritate

1853 2369 2090 2433 corporis
2123 2367 2337 2418 Chri5ti
2357 2367 2414 2418 in
2444 2366 2663 2420 Eucha-

1851 2439 2030 2504 ristia,
2086 2441 2146 2489 ut
2194 2452 2363 2504 supra
2391 2438 2669 2490 indicavi-

1851 2522 1992 2572 mus,
2042 2523 2151 2576 qua
2197 2507 2263 2560 de
2309 2523 2474 2560 causa
2513 2522 2669 2560 suum

1847 2580 2012 2647 plane
2066 2579 2224 2632 illum
2266 2593 2374 2632 esse
2417 2580 2668 2643 glorian-

1855 2655 1962 2714 tur,
2010 2649 2104 2703 sed
2147 2650 2291 2714 falso
2334 2650 2666 2714 Calvinistz,

1854 2725 1904 2772 et
1929 2721 2378 2773 eminentissimus
2420 2719 2668 2772 doctrina

1852 2805 2001 2858 mque
2029 2805 2090 2843 ac
2120 2791 2390 2856 dignitate
2414 2790 2667 2842 cardina-

1855 2862 1921 2914 lis
1952 2862 2244 2914 Perronius
2274 2863 2331 2912 in
2359 2861 2497 2913 libro
2546 2862 2666 2914 sin-

1891 2932 2037 2984 ulari
2055 2935 2143 2985 cui
2195 2931 2390 2985 titulus
2429 2936 2526 2996 est,
2563 2933 2663 2984 He-

1771 2989 1809 3043 C
1847 2989 2050 3054 iutatio
2081 3001 2464 3071 objectionum
2504 2989 2569 3054 ex
2599 3003 2659 3056 D.

1844 3073 2162 3142 Augustino
2195 3077 2393 3126 contra
2448 3073 2504 3127 S.
2549 3073 2656 3126 Eu-

1843 3143 2124 3196 charistiae
2203 3145 2654 3208 Sacramentum,

1842 3229 1963 3282 cap.
2004 3217 2050 3279 t,
2082 3219 2199 3282 ipso
2229 3216 2406 3267 initio.
2453 3215 2657 3268 Idcirco

1841 3289 1997 3338 vocat
2023 3291 2268 3339 sanctum
2289 3285 2658 3352 Augustinum

1842 3371 2099 3422 magnum
2172 3361 2495 3424 praetensum
2552 3357 2656 3409 Sa-

2808 2222 3090 2296 Admonet
3119 2241 3208 2278 me
3259 2228 3442 2296 plane,
3490 2243 3554 2281 ac

2741 2292 2879 2346 mihi
2896 2294 3060 2363 jubet
3081 2292 3552 2351 suavis—simoim-

2738 2365 2896 2434 perio
2927 2366 3014 2418 lex
3050 2367 3277 2430 Christi,
3322 2369 3427 2420 hoc
3467 2373 3551 2422 est

2743 2436 3030 2508 charitas,
3061 2444 3123 2490 ut
3172 2453 3300 2491 cum
3332 2439 3550 2508 aliquid

2741 2505 2867 2558 falsi
2897 2507 2955 2560 in
2981 2507 3136 2560 libris
3157 2509 3298 2561 meis
3321 2524 3411 2561 me
3429 2505 3554 2563 sen-

2741 2576 2879 2629 sisse
2959 2577 3220 2631 homines
3327 2585 3553 2648 putant,

2740 2648 2892 2716 quod
2937 2663 3044 2716 ego
3093 2664 3208 2702 non
3253 2649 3422 2714 sensi,
3467 2654 3551 2702 at-

2741 2733 2852 2784 que
2881 2717 3134 2787 idipsum
3162 2719 3363 2772 falsum
3387 2719 3550 2772 alteri

2737 2787 3011 2855 displicet,
3101 2789 3265 2842 alteri
3344 2791 3549 2858 placet,

2740 2859 2936 2930 malim
2984 2875 3074 2912 me
3140 2860 3482 2930 reprehendi
3523 2877 3555 2912 a

2740 2929 3149 2997 reprehensore
3211 2929 3222 2930 ί
3265 2930 3546 2995 falsitatis,

2739 3015 2912 3068 quam
2959 3001 3029 3054 ab
3077 3001 3200 3068 ejus
3258 3001 3554 3055 laudatore

2738 3069 2976 3123 laudari.
3053 3072 3136 3124 Ab
3201 3069 3299 3124 illo
3399 3073 3552 3125 enim

2732 3141 2990 3211 quamvis
3040 3157 3144 3210 ego
3209 3159 3326 3195 non
3379 3148 3554 3208 recte,

2730 3211 2830 3280 qui
2860 3212 2964 3265 hoc
2981 3227 3100 3265 non
3144 3213 3440 3278 senserim,
3467 3229 3554 3266 er-

2731 3287 2869 3346 tror,
2900 3287 3095 3336 tamen
3124 3282 3246 3352 ipse
3286 3291 3436 3337 recte
3470 3284 3554 3337 vi-

2729 3357 3046 3424 tuperatur.
3075 3355 3161 3407 Ab
3192 3354 3299 3408 hoc
3353 3360 3546 3408 autem

58 3452 211 3522 dicas,
263 3461 468 3514 volunt
514 3460 713 3530 gratias
755 3460 1052 3529 deputare,
1084 3477 1187 3514 sua
1216 3460 1570 3531 professione
1601 3475 1733 3513 con-

53 3543 390 3615 stringimus,
424 3553 488 3602 ut
518 3549 699 3602 multo
728 3549 914 3618 magis
937 3549 1086 3602 dono
1116 3549 1316 3620 gratiae
1345 3549 1518 3603 etiam
1559 3549 1734 3601 fidem

54 3641 307 3702 cogantur
330 3637 630 3702 ascribere,
668 3642 879 3708 praeter
909 3655 1082 3708 quam
1113 3637 1258 3691 nihil
1289 3642 1372 3691 est
1391 3637 1548 3702 boni,
1577 3636 1732 3706 quod

55 3723 342 3780 secundum
396 3727 578 3780 Deum
629 3727 870 3796 quilibet
923 3727 1110 3780 valeat
1162 3725 1408 3794 operari,
1462 3726 1606 3778 sicut
1671 3727 1732 3779 Β.

54 3811 328 3877 Apostolus
366 3814 540 3868 dicit:
574 3815 738 3869 Omne
767 3815 912 3882 quod
935 3831 1002 3868 ea:
1041 3813 1147 3883 ﬁde
1176 3829 1281 3868 non
1322 3821 1420 3878 est,
1453 3819 1734 3882 peccatum

52 3904 132 3951 est.
163 3899 318 3963 Quod
349 3920 485 3958 cum
510 3904 590 3958 ita
621 3904 713 3969 sit,
746 3908 845 3958 aut
875 3904 1097 3956 nullum
1128 3902 1346 3955 bonum
1394 3901 1593 3972 gratiae
1635 3902 1734 3955 de-

50 3989 328 4058 putabunt,
392 3992 441 4046 si
485 3992 537 4046 ei
593 3992 767 4046 ﬁdem
831 3992 1163 4045 subtrahere
1195 3989 1529 4057 moliuntur,
1558 3994 1654 4043 aut
1687 3988 1738 4043 si

50 4079 187 4142 quod
230 4080 450 4135 bonum
499 4097 618 4135 esse
665 4081 864 4136 dicunt
913 4080 981 4134 de
1005 4079 1210 4150 gratia,
1258 4078 1386 4149 ipsa
1413 4077 1734 4132 necessario

48 4161 172 4218 tides
211 4167 319 4222 erit
365 4167 568 4239 gratiae
616 4167 969 4239 deputanda.
1017 4169 1198 4237 Epist.
1233 4166 1308 4220 ad
1333 4167 1389 4222 S.
1425 4167 1734 4221 Caesarium

51 4250 425 4310 Arelatensem.

1842 3430 2666 3497 cramentariorumpatronum.
2744 3440 2848 3478 nec
2899 3440 3004 3497 ego
3032 3425 3456 3497 _recte_l_audor,
3524 3443 3557 3479 a

2746 3511 2858 3566 quo
2884 3495 3177 3549 existimor
3204 3495 3263 3549 id
3292 3497 3553 3562 sensisse,

1846 3587 2001 3658 quod
2033 3587 2320 3658 vituperat
2349 3587 2574 3656 veritas,
2603 3603 2707 3641 nec
2737 3588 2859 3658 ipsa
2887 3585 3168 3639 sententia
3200 3601 3373 3656 quam
3414 3586 3556 3640 vitu-

1845 3681 2006 3748 perat
2036 3676 2260 3730 veritas.
2301 3677 2415 3730 Lib.
2451 3676 2556 3730 ide
2588 3679 2762 3742 Trin.,
2793 3691 2911 3744 cap.
2949 3677 3001 3729 3.

2301 3790 2514 3843 GUITM
2526 3789 2754 3842 UNDUS
2779 3787 3101 3857 episcopus.

1919 3878 2063 3942 Quid
2087 3878 2177 3932 hic
2204 3876 2510 3931 Umbratici
2535 3873 3006 3945 respondebunt?
3033 3870 3137 3925 L’hi
3155 3870 3211 3924 in
3235 3874 3394 3925 tanta
3425 3873 3551 3926 luce

1846 3965 2113 4034 lucifuga:
2160 3963 2342 4018 nostri
2396 3962 2661 4016 umbram
2707 3960 3044 4031 parabunt?
3072 3959 3206 4012 Ecce
3239 3957 3548 4028 Augustini

1847 4052 2315 4108 manifestissima
2373 4052 2720 4106 documenta
2768 4048 3101 4112 recitantur,
3153 4046 3298 4100 nihil
3358 4047 3418 4100 in
3471 4047 3554 4100 eis

1848 4140 2268 4212 scrupulosam,
2300 4137 2446 4192 nihil
2479 4137 2811 4208 ambiguum
2843 4151 2856 4201 ;
2891 4139 2989 4188 aut
3013 4134 3082 4188 de
3121 4134 3209 4188 his
3257 4150 3315 4187 se
3365 4133 3552 4205 expli-

1847 4234 1994 4298 cent,
2069 4232 2168 4283 aut
2238 4226 2620 4297 Augustinum
2692 4224 2860 4279 nobis
2930 4222 3178 4293 objicere
3249 4222 3548 4288 desistant_

819 4343 951 4398 CIX.

296 4447 588 4486 CENSORES.

59 4567 67 4576 _
111 4499 314 4576 Norant
340 4506 509 4556 etiam
543 4505 850 4571 quicunque

48 4571 98 4619 in
115 4571 223 4637 ejus
243 4575 464 4628 lectione
477 4578 682 4628 versati
700 4579 847 4643 sunt,

48 4650 142 4691 non
169 4643 297 4696 adeo
342 4645 558 4710 felicem
596 4648 652 4698 in
691 4646 849 4698 inda-

47 4711 210 4772 ganda
247 4715 483 4769 litterati
512 4730 669 4769 sensu
699 4717 847 4770 Scri-

43 4785 206 4843 ptura?
235 4787 508 4839 interdum
536 4789 726 4852 fuisse.
761 4790 848 4840 Em

48 4865 141 4915 quo
169 4857 344 4908 tamen
373 4860 651 4925 potissime
679 4873 845 4923 argu-

44 4927 381 4999 mentandum
437 4933 536 4995 est,
594 4929 850 4995 longeque

43 4992 122 5066 illi
148 4996 202 5048 in
232 4997 331 5050 hac
358 4992 530 5066 parte
545 4992 848 5066 praeferen-

44 5060 162 5137 dum
217 5083 328 5121 esse
358 5060 758 5137 'Hieronym'um
798 5073 849 5123 et

45 5133 487 5202 Chrysostomum.

1110 4447 1155 4484 S.
1185 4446 1542 4486 AUGUSTINUS.

994 4501 1136 4556 Cum
1215 4501 1302 4555 his
1372 4510 1563 4555 autem
1637 4500 1738 4571 qui

921 4578 1124 4626 cuncta
1152 4572 1250 4626 illa
1271 4588 1399 4643 quae
1430 4588 1562 4624 vera
1581 4577 1736 4637 sunt,

920 4644 1060 4697 falsa
1091 4660 1212 4696 esse
1236 4660 1350 4696 non
1375 4643 1590 4708 dicunt,
1633 4643 1736 4696 ho-

920 4721 1210 4780 norantes,
1268 4720 1325 4768 et
1379 4714 1439 4766 in
1491 4713 1738 4766 culmine

923 4787 1232 4855 sequendae
1258 4785 1610 4838 auctoritatis
1640 4801 1740 4837 no-

921 4856 1140 4909 hiscum
1194 4855 1606 4909 constituentes
1661 4855 1731 4907 il-

921 4928 1035 4980 lam
1074 4942 1177 4996 per
1227 4933 1488 4979 sanctum
1549 4927 1738 4978 Mosen

924 4998 1138 5050 editam
1188 5003 1441 5050 sanctam
1483 4996 1736 5064 Scriptu-

921 5084 1043 5121 ram
1073 5073 1251 5132 tuam,
1287 5072 1343 5120 et
1362 5073 1550 5120 tamen
1575 5066 1738 5120 nobis

921 5138 1136 5208 aliquid
1188 5137 1606 5201 contradicunt,
1660 5138 1738 5190 ita

921 5211 1154 5280 loquor:
1210 5210 1294 5262 Tu
1346 5213 1486 5274 esto,
1559 5209 1734 5276 Deus,

43 5296 226 5348 noster
255 5297 471 5352 arbiter
492 5298 642 5354 inter
670 5297 1054 5353 confessiones
1076 5313 1231 5351 meas
1258 5301 1315 5350 et
1339 5296 1738 5350 contradictio-

46 5393 138 5432 nes
168 5398 392 5440 eorum.
424 5387 543 5442 Lib.
578 5405 651 5441 xu
685 5389 924 5454 Confess.
959 5403 1079 5454 cap.
1117 5389 1199 5440 16.

606 5475 856 5529 SANCTI
912 5475 1096 5527 PA'I'R
1106 5473 1200 5526 ES.

112 5559 489 5634 Hieronymus
506 5563 747 5636 epistola
775 5567 842 5618 3O
862 5564 932 5618 ad
955 5561 1340 5633 Augustinum
1359 5559 1469 5614 ait:
1505 5578 1533 5610 ‹‹
1577 5559 1736 5614 Certe

44 5647 324 5722 quidquid
347 5652 458 5708 dici
488 5652 696 5725 potuit,
725 5657 781 5707 et
805 5651 1039 5708 sublimi
1067 5648 1301 5722 ingenio
1333 5648 1402 5702 de
1424 5647 1740 5719 Scriptura-

43 5750 167 5794 rum
197 5746 524 5801 sanctarum
569 5743 790 5801 hauriri
819 5743 1090 5810 fontibus,
1125 5759 1158 5797 a
1188 5745 1241 5797 te
1267 5739 1520 5813 positum
1566 5741 1740 5810 atque

1849 4413 1986 4463 tomo
2014 4407 2088 4461 XI
2114 4406 2256 4460 Bibl.
2281 4407 2385 4460 PP.

1778 4303 1820 4357 D
1847 4320 1966 4375 Lib.
1996 4335 2057 4372 ιιι
2102 4318 2167 4371 de
2213 4319 2456 4372 Veritate
2494 4316 2872 4379 Eucharistiaz,
2913 4318 3098 4368 contra
3138 4314 3548 4381 Berengarium,

2629 4509 2758 4565 CXI.

2115 4616 2402 4655 CENSORBS.

1918 4675 2050 4728 Item
2113 4673 2207 4726 lib.
2269 4689 2283 4724 I
2339 4671 2404 4724 de
2454 4673 2660 4740 peccat.

1847 4746 2028 4799 Merit.
2065 4748 2114 4796 et
2143 4745 2379 4807 remiss.,
2413 4757 2532 4810 cap.
2572 4743 2660 4804 20,

1847 4821 1897 4868 ct
1927 4817 2022 4868 lib.
2054 4814 2119 4866 de
2157 4813 2411 4867 Praedest.
2457 4817 2665 4866 sancto-

1847 4901 1988 4951 rum,
2037 4899 2156 4952 cap.
2228 4887 2312 4946 13,
2373 4888 2423 4936 et
2477 4883 2574 4936 lib.
2625 4898 2662 4934 ιι

1848 4957 2006 5024 Oper.
2057 4956 2278 5023 imperf.
2334 4958 2474 5008 cont.
2515 4953 2660 5016 Jul.,

1847 5043 1968 5094 cap.
2028 5028 2116 5089 ‘29,
2193 5026 2378 5078 docere
2449 5024 2668 5076 videtur

1847 5099 2238 5154 sacramentum
2319 5097 2668 5150 Eucharistia’

1845 5184 1952 5221 non
2004 5170 2182 5221 minus
2255 5182 2365 5220 esse
2423 5181 2663 5219 necessa-

1846 5241 1991 5293 rium
2032 5237 2280 5306 parvulis
2326 5237 2399 5290 ad
2436 5237 2664 5291 salutem

1847 5325 2010 5378 quam
2084 5310 2433 5376 baptismum,
2493 5321 2662 5374 neque

1847 5381 2027 5434 minus
2103 5379 2177 5431 ad
2238 5394 2321 5432 eos
2392 5380 2661 5446 pertinere

1847 5453 1992 5520 quod
2063 5449 2268 5503 dicitur
2337 5449 2508 5503 Joan.
2589 5464 2656 5505 vi,

1845 5537 1986 5576 vers.
2031 5523 2146 5574 54:
2209 5524 2410 5583 Amen,
2488 5532 2656 5570 amen

1849 5593 1974 5666 dico
2000 5591 2185 5666 vobis,
2217 5589 2663 5666 nisipian‘duca-

1847 5662 2044 5717 veritis
2073 5678 2306 5716 carnem
2331 5659 2460 5714 Filii
2480 5659 2664 5712 homi-

1850 5735 1957 5802 nis,
1991 5737 2046 5786 et
2069 5732 2334 5788 hiberitis
2366 5730 2489 5800 ejus
2525 5745 2659 5783 san-

2921 4614 2968 4650 S.
3001 4611 3358 4651 AUGUSTINUS.

2810 4667 3016 4722 Sancto
3050 4667 3382 4722 Innocentio
3426 4665 3551 4720 vide

2739 4738 2875 4808 quid
2904 4739 3270 4809 respondeas,
3321 4737 3422 4808 qui
3469 4736 3551 4809 ni-

2737 4806 2818 4862 hil
2841 4806 3096 4865 aliud—de
3144 4811 3251 4863 hac
3289 4806 3356 4861 re
3380 4806 3547 4876 sapit,

2737 4897 2911 4951 quam
2961 4881 3112 4952 quod
3163 4880 3278 4942 isti,
3320 4878 3378 4930 in
3405 4893 3548 4956 quo-

2740 4967 2867 5004 rum
2899 4957 2953 5005 te
2979 4955 3344 5012 conventum,
3374 4953 3420 4998 si
3457 4953 3547 4998 ta-

2740 5038 2872 5075 men
2919 5021 3150 5091 prodest
3198 5017 3448 5091 aliquid,
3495 5022 3549 5068 te

2740 5087 3049 5146 iutroduxi.
3079 5093 3217 5144 Cum
3247 5088 3336 5140 his
3375 5087 3549 5140 etiam

2736 5163 2856 5232 ipse
2931 5161 3206 5223 considet,
3287 5157 3392 5211 etsi
3451 5173 3551 5232 po-

2735 5228 2939 5286 sterior
3019 5236 3301 5298 tempore,
3389 5228 3551 5297 prior

2735 5305 2876 5362 loco.
2950 5305 3053 5354 etc.
3135 5300 3243 5363 Qui
3300 5299 3548 5368 denique

2733 5373 2997 5444 parvulos
3079 5369 3356 5444 deﬁnivit,
3437 5369 3549 5444 nisi

2733 5440 3443 5496 manducaverintcarnem
3467 5440 3546 5492 Εἰς

2733 5514 2794 5568 lii
2817 5513 3082 5575 hominis,
3111 5513 3284 5566 vitam
3319 5527 3548 5582 prorsus

2735 5585 2946 5638 habere
3002 5598 3119 5638 non
3169 5581 3374 5653 posse.
3411 5581 3550 5635 Huic

2737 5654 3041 5725 responde,
3112 5652 3230 5710 imo
3270 5652 3381 5724 ipsi
3422 5653 3548 5725 _Do-

2738 5723 2919 5796 mino,
2975 5726 3137 5798 cujus
3188 5723 3552 5780 ille’antistes
