3908 6180
367 273 461 324 871
1373 273 1935 331 SUPPLEMENTUM
1977 277 2067 332 AD
2105 277 2336 334 OPERA
2376 280 2432 334 S.
2475 279 2864 337 AUGUSTINI.
3713 302 3788 352 872

361 393 621 483 guinem,
653 409 767 483 non
788 393 1073 477 habebitis
1090 393 1184 483 lvi;
1251 409 1386 483 usus
1416 396 1875 483 e'st'testimonio.
1905 398 2058 453 Lib.1
2091 403 2131 454 A
2173 401 2243 455 sti
2267 401 2533 468 efﬁcitur,
2583 417 2688 457 nec
2737 402 2976 456 alienari
3023 403 3091 457 ab
3119 419 3185 456 eo
3215 404 3371 473 panis
3400 409 3670 483 calicisque
3696 433 3791 472 con-

359 471 475 517 tam
512 465 570 518 in
603 465 780 530 vobis,
820 481 982 534 quam
1019 465 1184 524 :istud
1256 472 1394 520 cont.
1427 468 1559 532 Jul.,
1581 484 1698 536 cap.
1726 471 1779 522 4.

363 537 521 590 Joan.
568 553 646 601 ιη,
709 551 845 590 vers.
906 541 973 589 6:
1060 538 1186 591 Nisi

369 620 497 690 quis
542 627 773 676 renatus
823 622 993 676 fuerit
1043 640 1108 676 ex
1151 640 1298 694 aqua
1343 628 1399 678 et
1449 624 1661 695 Spiritu
1713 630 1904 680 sancto
1948 643 2059 680 non

375 715 565 780 potest
589 710 830 765 introire
862 711 920 764 in
953 727 1192 781 regnum
1229 713 1347 766 Dei.

849 818 902 872 S.
930 819 1394 875 INNOCENTIL'S
1426 837 1593 892 papa.

440 923 583 978 Illud
613 939 744 977 vero
778 925 930 995 quod
964 940 1062 978 eos
1110 925 1427 995 (Pelagium
1476 943 1539 980 ac
1589 925 1933 995 leestium)
1963 945 2056 982 ve-

370 1015 486 1065 stra
536 1012 861 1066 fraternitas
906 1013 1106 1066 asserit
1147 1015 1454 1084 praedicare
1500 1017 1766 1086 parvulos
1819 1021 2052 1070 aeternas

360 1101 491 1154 vita:
523 1101 775 1172 prsemiis
808 1101 978 1155 etiam
1011 1101 1131 1155 sine
1164 1102 1519 1172 baptismatis
1546 1103 1727 1174 gratia
1761 1121 1924 1175 posse
1955 1105 2055 1159 do—

365 1188 512 1254 nari,
562 1189 892 1259 perfatuum
937 1193 1042 1243 est.
1075 1189 1188 1243 Nisi
1220 1190 1372 1244 enim
1422 1192 1888 1246 manducaverint
1933 1209 2053 1246 car-

360 1293 495 1331 nem
531 1277 656 1331 Filii
683 1277 953 1344 hominis,
1001 1281 1057 1332 et
1098 1278 1348 1332 biberint
1385 1280 1724 1350 sanguinem
1766 1281 1908 1350 ejus,
1937 1297 2052 1336 non

358 1365 654 1420 habebunt
685 1366 856 1420 vitam
895 1366 953 1419 in
1007 1367 1364 1437 semetipsis;
1409 1368 1508 1438 qui
1553 1373 1742 1422 autem
1795 1372 1940 1423 hanc
1971 1369 2052 1423 eis

362 1455 485 1506 sine
533 1455 966 1524 regeneratione
1019 1455 1356 1522 defendunt,
1391 1456 1654 1510 videntur
1681 1457 1823 1511 mihi
1863 1459 2048 1528 ipsum

355 1540 704 1612 baptismum
734 1543 875 1596 velle
908 1559 1146 1609 cassare,
1178 1558 1306 1596 cum
1348 1543 1661 1612 praedicant
1709 1561 1805 1598 eos
1840 1546 2050 1599 habere

358 1629 515 1699 quod
559 1629 618 1682 in
664 1647 758 1683 eos
807 1630 1056 1684 creditur
1098 1647 1214 1684 non
1246 1631 1356 1684 nisi
1388 1632 1724 1702 baptismate
1753 1633 2047 1687 conferen-

358 1718 515 1772 dum.
556 1721 736 1788 Epist.
784 1719 858 1773 ad
897 1722 1084 1774 Patres
1130 1722 1458 1776 Milevitana.”
1495 1723 1710 1792 synodi,
1741 1723 1891 1792 apud
1937 1725 2052 1778 Au-

351 1811 494 1876 gust.
527 1823 614 1876 ep.
649 1811 736 1863 93.

895 1915 950 1968 s.
988 1915 1320 1970 GELASIUS
1350 1931 1518 1986 papa.

434 2019 504 2072 Ut
531 2017 892 2088 providentia
925 2018 1024 2072 Dei
1057 2035 1257 2074 omnes
1281 2021 1723 2089 Pelagianorum
1767 2021 2051 2092 nequitias

359 2113 706 2178 amputaret,
757 2123 876 2160 non
919 2109 1103 2161 solum
1164 2109 1378 2162 dictum
1426 2115 1548 2162 est:
1597 2110 1702 2174 Qui
1736 2125 1841 2164 non
1882 2112 2051 2176 fuerit

355 2200 577 2249 renatus
619 2211 686 2249 ea:
742 2211 889 2263 aqua
927 2201 976 2248 et
1004 2196 1223 2264 Spiritu
1264 2203 1448 2251 sancto
1472 2212 1577 2250 non
1615 2198 1847 2251 intrabit
1872 2200 1929 2251 in
1959 2213 2050 2251 re—

354 2299 520 2349 gnum
567 2285 831 2350 cazlorum,
894 2283 991 2338 sed
1037 2284 1206 2338 etiam
1249 2285 1468 2354 pariter
1515 2285 1728 2339 dictum
1785 2291 1909 2340 est:
1944 2288 2053 2351 Qui

356 2388 462 2426 non
509 2372 919 2426 manducauerit
954 2388 1168 2426 carnem
1195 2375 1324 2427 Filii
1353 2375 1604 2440 hominis,
1633 2379 1682 2427 et
1710 2374 1902 2428 biberit
1933 2377 2049 2444 ejus

352 2461 692 2525 sanguinem,
735 2474 840 2513 non
889 2459 1102 2513 habebit
1140 2462 1312 2514 vitum
1357 2463 1414 2513 in
1459 2463 1762 2530 semetipso.
1815 2463 1890 2516 De
1934 2462 2051 2516 vita

351 2552 544 2600 autem
575 2552 788 2601 aeterna
818 2547 927 2600 hoc
957 2547 1170 2601 dictum
1205 2549 1394 2603 nullus
1425 2549 1742 2615 addubitat,
1776 2550 2047 2620 quoniam

353 2635 523 2688 multi
552 2651 668 2688 non
701 2635 1112 2689 manducantes
1142 2637 1245 2690 hoc
1266 2643 1685 2692 sacramentum
1717 2638 1889 2692 vitam
1947 2640 2046 2693 ha—

352 2723 486 2776 bere
545 2723 848 2778 videantur
900 2729 1264 2795 praesentem.
1313 2728 1490 2796 Epist.
1537 2727 1612 2781 ad
1653 2729 1924 2798 episcopos
1955 2731 2045 2783 Pi-

347 2827 460 2865 cem
469 2852 481 2866 .

1125 2920 1281 2974 CXII.

612 3039 897 3077 CENSORES.

415 3093 652 3162 Indeque
693 3095 981 3164 disputans
1037 3110 1159 3149 con-

347 3171 434 3218 tra
472 3165 790 3233 Pelagianos
837 3166 1032 3234 probat
1087 3169 1162 3218 in-

346 3238 546 3302 fantes,
630 3239 744 3290 sine
799 3239 1160 3290 Eucharistiae

346 3309 646 3375 sumptione
668 3321 779 3361 non
807 3323 962 3376 posse
986 3311 1157 3360 vitam

342 3383 597 3431 aeternam
660 3381 927 3445 consequi,
995 3394 1157 3446 quam

342 3451 697 3516 sumptionem
758 3449 1050 3514 distinguit
1124 3465 1158 3502 a

346 3519 634 3587 baptismo,
684 3523 846 3588 quasi
888 3521 1015 3572 relit
1070 3519 1158 3572 de-

345 3590 464 3642 bere
547 3592 787 3655 infantes
860 3593 1156 3643 necessario

343 3675 452 3713 esse
523 3662 706 3728 reipsa
786 3665 834 3713 et
906 3661 1156 3715 distincte

343 3734 626 3799 utriusque
669 3734 994 3785 sacramenti
1027 3748 1155 3802 par-

342 3803 529 3869 ticipes
577 3802 834 3871 baptismi
862 3808 910 3856 et
955 3804 1158 3857 Eucha-

341 3874 534 3938 ristiw,
584 3879 643 3926 ut
682 3877 852 3926 vitam
899 3879 1154 3928 aeternam

342 3942 635 3996 obtineant.
683 3946 776 3999 Sic
819 3947 960 3997 enim
991 3947 1157 4013 loqui-

339 4019 431 4066 tur
453 4030 573 4083 cap.
613 4015 705 4068 illo
747 4014 835 4078 20,
884 4015 975 4069 lib.
1023 4032 1058 4082 ι,
1091 4016 1157 4070 de

335 4100 448 4152 pec.
533 4087 756 4138 Merit:
854 4086 1157 4140 Auferatur

340 4171 477 4224 ergo
521 4156 639 4226 jam
691 4155 994 4220 dubitatio,
1056 4163 1152 4212 etc.

342 4227 473 4290 Qua:
513 4227 676 4279 verba
723 4231 848 4280 sunt
877 4228 1010 4280 adeo
1047 4244 1158 4282 ma-

337 4299 562 4361 nifesta,
611 4303 670 4350 ut
713 4299 1038 4366 difﬁcillime
1065 4315 1157 4366 pa-

341 4369 551 4419 tiantur
582 4368 865 4432 benignam
901 4371 1158 4438 interpre-

341 4440 617 4502 tationem,
637 4455 746 4506 qua
757 4440 1004 4506 plerique
1024 4441 1157 4492 theo-

342 4507 583 4573 logorum
645 4512 1020 4574 Augustinum
1086 4511 1153 4562 ab

341 4593 520 4630 errore
566 4593 822 4632 excusare
857 4583 1152 4645 conantur;

339 4663 491 4701 error
541 4650 681 4701 enim
733 4654 810 4702 est
860 4657 1076 4703 notatus
1105 4656 1155 4703 et

337 4718 632 4772 damnatus
685 4720 784 4772 sub
815 4721 1154 4774 anathemate

337 4806 371 4843 (ι
399 4791 623 4844 concilio
662 4791 997 4845 Tridentino.

917 4897 970 4951 S.
1004 4897 1452 4956 FULGENTIUS.

407 5006 611 5060 Beatus
659 5020 887 5075 quoque
931 5005 1284 5074 Augustinus
1329 5006 1398 5060 de
1445 5006 1548 5060 hac
1592 5022 1656 5060 re
1721 5023 2040 5061 sermonem

342 5094 476 5150 fecit
525 5095 834 5148 admodum
868 5093 1247 5164 luculentum,
1280 5099 1334 5148 et
1357 5099 1555 5164 aptum
1587 5094 1948 5149 mdiﬁcationi
1987 5099 2043 5149 et

335 5182 702 5236 instructioni
753 5182 1032 5239 ﬁdelium.
1096 5183 1183 5254 (Et
1236 5187 1355 5236 toto
1405 5198 1670 5237 sermone
1700 5182 1957 5248 recitato,
1982 5183 2042 5237 in

336 5286 460 5340 quo
510 5271 682 5324 verba
738 5272 996 5341 proxime
1050 5271 1330 5326 recensita
1378 5272 1672 5342 leguntur,
1706 5273 1724 5340 )
1757 5272 2036 5338 Arbitror,

345 5358 444 5424 ait,
493 5365 681 5413 sancte
737 5361 930 5427 frater,
991 5359 1436 5431 disputationem
1486 5365 1742 5414 nostram
1781 5361 2040 5431 prazclari

351 5447 598 5502 doctoris
627 5449 934 5518 Augustini
961 5465 1220 5503 sermone
1251 5449 1559 5515 firmatam,
1590 5465 1692 5504 nec
1725 5449 2038 5520 quidquam

337 5551 458 5588 esse
495 5534 858 5606 aliquatenus
906 5537 1344 5608 ambigendum,
1395 5542 1532 5592 tunc
1561 5553 2038 5609 unumquemque

338 5622 594 5676 ﬁdelium
623 5624 880 5694 corporis
909 5626 1317 5697 sanguinisque
1369 5625 1652 5681 Dominici
1699 5625 2037 5697 participem

338 5710 483 5778 fieri,
510 5711 740 5782 quando
762 5711 820 5766 in
842 5712 1180 5783 baptismate
1210 5715 1534 5771 membrum
1573 5715 1828 5785 corporis
1879 5716 2038 5770 Chri-

1449 3044 1493 3080 S.
1516 3043 1866 3082 AUGUSTINUS.

1307 3096 1455 3150 Nihil
1488 3098 1579 3151 hic
1616 3099 1684 3152 de
1735 3104 1929 3152 nostro
1976 3099 2048 3154 af-

1231 3237 1350 3290 lum
1379 3237 1514 3292 item
1545 3237 1884 3294 audiamus.—
1903 3242 2043 3296 Cum

1232 3324 1368 3378 ergo
1413 3309 1483 3362 de
1531 3309 1639 3363 isto
1693 3319 2044 3367 sacramento

1231 3379 1564 3449 loqueretur
1603 3381 1720 3433 ait:
1778 3383 1920 3436 Unus
1948 3399 2046 3452 pa-

1230 3453 1335 3515 nis,
1409 3466 1575 3504 unum
1631 3467 1822 3519 corpus
1886 3455 2046 3508 multi

1230 3535 1433 3594 sumus.
1474 3522 1800 3594 Intelligite,
1826 3529 1882 3576 et
1903 3540 2042 3594 gau-

1232 3591 1380 3658 dete,
1401 3592 1626 3663 punitas,
1669 3594 1867 3663 pietas,
1895 3591 2040 3648 veri-

1229 3665 1330 3725 tas,
1367 3662 1630 3728 Charitas,
1673 3662 1828 3717 unus
1855 3667 2040 3734 panis,

1231 3748 1410 3786 unum
1461 3748 1666 3803 corpus
1732 3735 1896 3789 multi
1940 3752 2040 3788 su-

1230 3819 1397 3876 mus;
1445 3804 1676 3876 recolite
1722 3806 1876 3859 enim
1907 3807 2042 3876 quia

1229 3874 1391 3944 panis
1408 3891 1520 3928 non
1540 3875 1602 3928 fit
1622 3877 1689 3928 de
1703 3892 1819 3929 uno
1839 3874 2038 3944 grano,

1229 3945 1326 3998 sed
1376 3946 1445 3999 de
1509 3946 1721 3999 multis.
1803 3947 2041 4011 Quando

1229 4031 1364 4085 ergo
1391 4017 1882 4082 exorcizabamini,
1911 4035 2043 4088 qua-

1229 4088 1275 4158 si
1329 4088 1739 4155 molebamini;
1810 4090 2037 4158 quando

1230 4156 1498 4227 baptizati
1530 4160 1678 4226 estis,
1709 4156 1870 4229 quasi
1901 4177 2036 4213 con-

1231 4228 1409 4301 spersi
1457 4229 1630 4301 estis;
1670 4228 1898 4299 quando
1931 4231 2039 4301 spi-

1229 4299 1370 4351 ritus
1401 4300 1907 4353 sanctiticationem
1949 4299 2039 4354 ac-

1232 4369 1480 4437 cepistis,
1515 4370 1678 4439 quasi
1705 4372 1849 4425 cocti
1869 4371 2003 4426 estis
2028 4389 2042 4438 ;

1231 4444 1412 4492 estote
1442 4440 1595 4509 quod
1626 4441 1828 4495 videtis
1876 4447 1932 4496 et
1961 4459 2046 4495 ac-

1229 4509 1398 4580 cipite
1471 4511 1623 4580 quod
1707 4511 1861 4574 estis,
1934 4519 2040 4566 etc.

1227 4579 1397 4633 Serm.
1470 4579 1545 4635 ad
1623 4585 1862 4650 infantes
1921 4591 2046 4638 ante

1228 4652 1420 4706 altare.

1231 3165 1502 3248 feramus.
1563 3169 1749 3248 ipsum
1815 3173 2082 3248 Aposto§

2073 4259 2116 4314 Ι)
2155 4259 2287 4345 est;
2337 4259 2574 4333 simiae
2623 4259 2966 4332 satana-

2176 490 2370 550 sortio,
2415 491 2638 545 etiamsi
2684 495 2993 562 antequam
3047 507 3254 562 panem
3301 493 3449 549 illum
3494 503 3723 558 comedat
3755 514 3793 560 et

2173 579 2405 632 calicem
2465 580 2645 647 bibat,
2695 580 2765 634 de
2816 581 2922 634 hoc
2980 581 3186 635 saeculo
3231 581 3286 635 in
3337 585 3535 640 unitate
3587 595 3796 660 corporis

2176 668 2384 722 Christi
2430 668 2772 722 constitutus
2821 670 3107 724 abscedat.
3143 671 3304 740 Resp.
3337 673 3406 726 ad
3433 682 3605 744 quaest.
3635 679 3691 730 de
3714 681 3796 734 Ba-

2169 759 2366 826 ptismo
2395 759 2688 829 Ethiopis.

2569 862 2948 917 CONCILIUM
2978 863 3466 921 TRIDENTINUM.
3503 857 3506 864 ’

2239 951 2433 1021 Neque
2466 950 2594 1004 ideo
2625 956 2814 1004 tamen
2838 951 3164 1005 damnanda
3185 956 3266 1005 est
3292 953 3601 1024 antiquitas,
3633 957 3672 1010 si
3693 975 3793 1014 eum

2165 1055 2384 1093 morem
2416 1039 2648 1110 (nempe
2679 1039 2851 1094 dandi
2883 1039 3289 1094 Eucharistiam
3320 1043 3568 1112 parvulis)
3594 1045 3644 1098 in
3691 1048 3794 1117 qui-

2162 1127 2401 1182 busdam
2454 1128 2587 1182 locis
2630 1127 2939 1199 aliquando
2998 1128 3274 1196 servavit;
3322 1135 3384 1183 ut
3435 1131 3577 1185 enim
3605 1135 3795 1187 sanctis-

2163 1217 2292 1270 simi
2324 1217 2405 1272 illi
2457 1219 2654 1272 Patres
2695 1218 2782 1270 sui
2838 1216 2969 1271 facti
3015 1217 3365 1288 probabilem
3395 1235 3606 1273 causam
3634 1238 3720 1291 pro
3747 1223 3797 1276 il-

2160 1306 2270 1360 lius
2304 1306 2581 1376 temporis
2609 1305 2828 1359 ratione
2856 1305 3202 1372 habuerunt,
3256 1305 3334 1359 ita
3384 1311 3525 1361 certe
3554 1324 3639 1361 eos
3675 1311 3799 1362 nulla

2161 1393 2360 1447 salutis
2402 1394 2734 1448 necessitate
2789 1393 2846 1448 id
2896 1393 3094 1448 fecisse
3152 1393 3274 1452 sine
3320 1395 3675 1449 controversia
3706 1412 3796 1449 cre-

2165 1482 2415 1536 dendum
2449 1487 2552 1536 est.
2586 1481 2730 1536 Sess.
2766 1484 2853 1536 2t.
2878 1498 2997 1551 cap.
3027 1483 3078 1536 4.

2935 1569 3117 1625 CXIII.

2425 1674 2710 1712 CENSORI-25.
3245 1676 3290 1712 S.
3312 1675 3644 1712 AUGUSTINUS.

2232 1732 2513 1797 Przterea,
2583 1730 2674 1782 tib.
2749 1745 2785 1782 ιι
2836 1734 2975 1782 cont.
3128 1727 3313 1782 Unum
3346 1731 3515 1798 igitur
3552 1745 3710 1798 genus
3740 1737 3802 1782 est

2163 1802 2295 1867 Jul.,
2350 1817 2470 1869 cap.
2525 1803 2608 1865 10,
2653 1799 2802 1852 docet
2847 1801 2984 1865 cogi-
3054 1800 3534 1869 probatissimum,
3579 1805 3627 1852 et
3676 1801 3803 1869 quasi

2164 1874 2392 1925 tationes
2439 1885 2696 1931 morosus,
2729 1873 2838 1923 sive
2877 1870 2974 1922 de-
3050 1871 3533 1993 purgatissimum,
3597 1886 3706 1922 cum
3761 1877 3801 1922 et

2164 1943 2472 1993 lectationes
2526 1942 2863 1993 voluntarias
2911 1940 2978 1993 de
3091 1957 3202 1993 ona
3248 1942 3450 1993 scrinta
3487 1945 3627 1993 sunt.
3673 1946 3720 1992 et
3758 1940 3801 1992 in

2163 1943 2472 1996 lectationes
2526 1942 2886 2018 voluntarias
2911 1940 2978 1993 de
3049 1940 3202 2018 _bona
3248 1942 3450 2010 scripta
3487 1945 3627 2004 sunt,
3657 1946 3720 2018 _et
3758 1940 3801 1992 in

2160 2013 2319 2067 rebus
2383 2015 2618 2066 venereis
2678 2027 2788 2064 esse
2849 2011 2978 2063 dun-
3049 2011 3262 2064 bonam
3308 2018 3522 2082 partem
3568 2011 3803 2082 accipiun-

2163 2087 2321 2136 taa'at
2386 2089 2665 2152 peccatum
2744 2083 2972 2147 veniale,
3055 2087 3150 2134 tur
3181 2099 3211 2135 a
3250 2081 3580 2152 legentibus.
3615 2081 3716 2134 Lib.
3742 2081 3790 2130 de

2159 2154 2314 2208 modo
2362 2151 2506 2209 absit
2577 2167 2859 2206 consensus
2922 2155 2982 2206 in
3059 2154 3236 2207 Utilit.
3293 2151 3436 2207 cred.
3504 2151 3572 2205 ad
3621 2154 3803 2205 Honora-

2159 2239 2312 2291 opus,
2385 2240 2478 2278 seu
2522 2225 2724 2277 malum
2773 2223 2974 2277 deside-
3047 2227 3180 2289 tum,
3212 2240 3334 2294 cap.
3369 2227 3420 2277 5.

2157 2297 2321 2362 rium,
2351 2297 2432 2350 rel
2460 2297 2609 2348 illius
2648 2295 2968 2362 periculum.

2161 2385 2290 2448 Quae
2311 2383 2558 2438 doctrina
2591 2383 2658 2436 ab
2689 2382 2935 2436 omnibus
2978 2384 3262 2438 catholicis
3303 2381 3621 2452 jampridem
3661 2381 3802 2448 rejici-

2161 2477 2267 2539 tur,
2301 2487 2394 2526 nec
2420 2474 2537 2527 sine
2565 2471 2828 2526 seandalo
2857 2487 2889 2524 a
2925 2487 3196 2540 quoquam
3229 2471 3612 2526 obtruderetur.

2742 2558 2797 2614 S.
2830 2560 3294 2615 AUGUSTINUS.

2229 2649 2312 2702 Ita
2359 2647 2470 2702 dici
2513 2651 2700 2718 potest
2750 2647 2810 2701 in
2866 2647 3100 2702 homine
3149 2665 3288 2717 uno,
3314 2649 3359 2702 si
3386 2643 3800 2703 delectationibus

2156 2735 2390 2802 illicitis,
2423 2753 2456 2790 a
2483 2736 2690 2806 quibus
2724 2752 2783 2789 se
2835 2736 3107 2790 continuo
3158 2737 3398 2792 deberet
3436 2739 3669 2789 avertere
3699 2735 3807 2798 cogi-

2157 2823 2316 2890 tatio,
2349 2823 2597 2876 libenter
2627 2821 2748 2875 sola
2779 2827 3042 2892 pascatur
3069 2839 3081 2889 ;
3115 2838 3220 2876 nec
3258 2821 3514 2877 facienda
3550 2820 3803 2873 decernan-

2156 2916 2251 2966 tur
2299 2913 2469 2976 mala,
2519 2910 2614 2964 sed
2663 2915 2891 2964 tantum
2939 2910 3187 2965 suaviter
3235 2910 3297 2964 in
3345 2907 3706 2964 recordatione
3750 2907 3805 2955 te-

2156 3001 2420 3059 neantur,
2453 2995 2616 3066 quasi
2646 2995 2948 3049 mulierem
2999 2995 3120 3049 sine
3170 2995 3296 3049 viro
3342 3009 3507 3066 posse
3560 2987 3803 3046 damnari:

2155 3084 2305 3138 absit
2354 3084 2464 3138 hoc
2516 3082 2778 3136 credere!
2835 3082 2940 3136 hac
2989 3082 3203 3153 quippe
3271 3099 3390 3137 una
3431 3078 3684 3152 persona
3729 3077 3803 3136 est,

2155 3183 2304 3220 unus
2330 3165 2506 3220 homo
2529 3169 2634 3230 est,
2670 3168 2938 3234 totusque
2966 3163 3358 3228 damnabitur,
3392 3164 3500 3218 nisi
3542 3162 3670 3227 hear,
3708 3172 3804 3226 qua!

2154 3254 2275 3308 sine
2322 3254 2617 3308 voluntate
2660 3251 2958 3324 operandi,
3009 3254 3104 3307 sed
3159 3258 3356 3307 tamen
3401 3268 3526 3306 cum
3565 3249 3803 3302 voluntate

2153 3343 2411 3397 animum
2453 3341 2661 3396 talibus
2703 3340 3048 3407 oblectandi,
3103 3341 3285 3396 solius
3327 3337 3669 3410 cogitationis
3716 3347 3808 3386 sen-

2151 3432 2375 3486 tiuntur
2421 3447 2542 3485 esse
2591 3433 2833 3500 peccata,
2883 3445 2987 3500 per
3027 3429 3359 3485 mediatoris
3387 3427 3618 3500 gratiam
3653 3420 3805 3476 remit-

2150 3525 2362 3575 tantur.
2397 3520 2514 3575 Lib.
2549 3535 2623 3573 xn
2652 3518 2718 3572 de
2751 3520 2975 3583 Trinit.,
3009 3535 3130 3589 cap.
3167 3521 3254 3574 12.

2914 3625 3091 3679 CXIV.

2411 3729 2702 3768 CENSORES.
3237 3731 3283 3766 S.
3311 3726 3651 3767 AUGUSTINUS.

2222 3786 2380 3860 Certe
2410 3801 2529 3838 cum
2565 3784 2751 3860 eadem
2787 3785 2971 3860 sit_ju-
3044 3855 3059 3860 _
3117 3784 3316 3860 Neque
3347 3784 3500 3860 enim
3524 3792 3714 3860 negare
3739 3773 3806 3851 de-

2150 3855 2414 3930 diciorum
2441 3861 2490 3930 et
2511 3855 2800 3924 affectuum
2826 3856 2964 3919 alea,
3041 3855 3170 3930 _beo,
3202 3853 3376 3930 Δὲίοιιῐ
3411 3854 3490 3930 _iu
3520 3853 3805 3930 ipsismorl-

2149 3931 2198 3979 et
2248 3923 2589 3992 Augustinus
2646 3930 2799 3979 tanta
2843 3941 2966 3979 con-
3041 3925 3164 3987 bus,
3198 3925 3280 3980 ita
3306 3926 3486 3980 multa
3507 3923 3692 3976 essein
3718 3923 3804 3993 tam

2152 4000 2381 4072 tentione
2408 4001 2622 4072 pugnet
2641 4001 2827 4072 contra
2865 3997 2967 4072 Pe:-
3041 3996 3239 4050 multis
3313 3993 3593 4072 opusculis
3637 4001 3801 4072 plus:

2151 4060 2422 4133 lagianos,
2463 4060 2524 4120 ut
2571 4068 2812 4122 obtineat
2848 4068 2968 4120 nul-
3041 4083 3171 4138 quia
3202 4060 3428 4138 possint
3451 4067 3598 4138 justo
3629 4060 3804 4138 judicio

2152 4129 2262 4192 tum
2284 4129 2771 4214 esse'quantum'vis
2799 4154 2967 4214 sanc-
3042 4129 3098 4214 et
3129 4129 3290 4214 ηιῂιθ,
3323 4129 3641 4214 temeritate
3659 4129 3806 4214 culpa:

2156 4214 2287 4275 tum,
2338 4202 2448 4283 cui'
2472 4225 2578 4283 non
2621 4212 2851 4283 sit‘opus
2878 4209 2964 4283 di-
3040 4209 3107 4263 ri.
3181 4211 3256 4283 ΒΧ
3316 4205 3615 4283 quibus__s_i
3658 4202 3806 4283 aliena

3041 4274 3512 4350 reprehenderes,
3543 4274 3655 4350 illic.
3685 4276 3731 4324 et
3755 4274 3805 4320 t1-

3042 4343 3122 4404 bi'
3147 4351 3407 4404 fortassis
3474 4343 3802 4419 ostenderem.

3041 4422 3270 4488 qualem
3297 4425 3352 4473 te
3382 4435 3522 4483 esse,
3549 4417 3600 4471 in
3640 4411 3806 4488 quibus

3043 4484 3159 4545 non
3195 4505 3500 4562 perperam
3542 4484 3806 4562 reprehet};

3042 4549 3223 4628 deies‘,
3256 4549 3482 4627 vellem,
3515 4549 3704 4626 meque.
3729 4549 3806 4603 tibi

2155 4351 2273 4404 bita
2317 4357 2510 4404 nostra
2563 4350 2626 4404 ob
2691 4350 2965 4418 quotidia-

2153 4437 2248 4475 nos
2276 4422 2570 4475 voluntatis
2624 4421 2829 4489 lapsus,
2868 4436 2966 4474 ne-

2154 4496 2264 4546 scio
2315 4492 2449 4560 quid
2479 4493 2706 4545 Baianis
2725 4494 2783 4544 in
2829 4507 2971 4544 men-

2154 4567 2255 4616 tem
2267 4564 2556 4628 venerit,ut
2577 4564 2973 4628 Augustiniani

2150 4635 2330 4687 videri
2392 4635 2579 4697 velint,
2642 4649 2761 4687 cum
2820 4638 2969 4686 tanto
3036 4633 3257 4703 juniori
3283 4634 3488 4702 major,
3529 4636 3582 4682 et
3625 4636 3808 4704 praep?-

2150 4711 2274 4758 nisu
2329 4704 2655 4772 persuadere
2709 4708 2973 4758 conantur
3045 4705 3187 4757 situs
3228 4704 3458 4758 subdito
3489 4703 3808 4772 correctionis

2151 4768 2518 4851 essealiquos
2574 4777 2802 4851 _(nempe
2855 4777 2969 4827 Au-
3045 4776 3368 4851 exemplum
3401 4775 3608 4851 quanto
3652 4768 3806 4851 hut?!-

2151 4834 2463 4914 gustinum)
2488 4834 2806 4914 qui‘judicio
2835 4860 2972 4899 nun-
3045 4846 3174 4913 lius,
3206 4834 3368 4899 tanto
3390 4834 3659 4898 salubrius
3680 4834 3807 4890 exhi-

3043 4916 3195 4970 bere.
3255 4916 3362 4970 Sed
3425 4915 3570 4968 eain
3625 4925 3704 4963 me
3743 4917 3808 4956 re

3042 4986 3420 5058 prehendisti,
3447 4999 3570 5056 qua!
3590 4995 3692 5036 non
3712 4987 3809 5029 cor-

2150 5073 2338 5145 rigere
2369 5074 2684 5141 humilitas,
2718 5074 2815 5129 sed
2847 5075 3055 5145 partim
3088 5075 3271 5144 fateri,
3302 5074 3508 5146 partim
3549 5065 3807 5126 defendere

2150 5164 2356 5218 veritas
2387 5164 2559 5236 cogit.
2585 5164 2707 5219 Lib.
2745 5181 2794 5217 iv
2824 5165 2890 5218 de
2918 5165 3069 5234 Orig.
3103 5167 3317 5230 animae,
3351 5179 3468 5233 cap.
3506 5165 3550 5216 ί.

2581 5271 2645 5324 Β.
2676 5271 3038 5326 JORDAN-US
3069 5271 3136 5324 de.
3159 5270 3425 5326 Saxonia.

2224 5359 2350 5429 Ipse
2382 5363 2575 5414 tamen
2608 5363 2808 5429 postea
2862 5358 3257 5431 (Augustinus)
3315 5363 3432 5412 tam
3463 5355 3530 5410 ab
3558 5347 3805 5409 erroribus

2150 5447 2498 5513 intellectus,
2551 5462 2725 5518 quam
2771 5463 2805 5500 a
2853 5447 3220 5518 corruptione
3267 5446 3496 5501 affectus
3517 5457 3616 5514 per
3647 5443 3802 5492 actum

2149 5535 2568 5589 hierarehicum
2597 5539 2879 5606 purgatus
2906 5535 3033 5590 fuit.
3067 5536 3242 5590 Serm.
3286 5537 3403 5588 I38.
3431 5533 3652 5587 Sanctus
3678 5524 3802 5578 Tho—

2149 5639 2273 5678 mas
2326 5624 2736 5679 V'illanovanus
2781 5623 2891 5678 ait:
2927 5643 2954 5676 «
3002 5625 3132 5679 Ilaec
3177 5622 3356 5693 igitur
3396 5615 3681 5705 Augustini
3707 5618 3801 5705 tarn

2149 5712 2445 5784 profunda
2474 5713 2772 5769 humilitas
2803 5713 2958 5785 apud
2988 5713 3167 5769 Deum
3187 5716 3242 5766 et
3270 5709 3529 5766 homines
3558 5703 3798 5775 sapientia

2152 4932 2313 4985 quam
2349 4916 2622 4971 labantur.
