3914 6186
93 345 115 357 Α

60 344 149 394 s73

59 568 278 636 superbis
308 569 529 634 resistit,
559 570 849 626 humilibus
880 581 1062 629 autem
1107 577 1204 631 dat
1231 587 1469 645 gratiam
1499 584 1716 654 (Jucob.

61 659 209 723 lV,6).
243 656 393 708 Unde
446 662 630 726 potest
678 659 866 713 deillo
920 663 1164 733 intelligi
1215 668 1507 737 prophetae
1542 673 1729 726 vatici-

62 745 199 796 nium
226 743 378 796 Dedit
425 745 652 814 abyssus
706 764 880 802 vocem
913 766 1066 804 suum
1104 755 1450 810 altitudinem
1478 762 1728 827 phanta-

59 835 137 885 sia:
176 832 391 898 (Nubae.
452 850 534 900 ιιι,
580 837 692 904 70).
745 838 1013 907 Abyssus,
1073 840 1328 912 inquam,
1382 847 1724 904 humilitatis

59 921 376 990 Augustinus
397 939 590 978 vocem
643 927 916 981 doctrinae
951 945 1067 983 suae
1095 934 1322 1002 populis
1348 937 1518 1002 dedit,
1555 957 1726 1011 prop-

59 1016 127 1063 ter
148 1010 452 1078 phantasia:
478 1029 616 1079 suae,
659 1015 714 1068 id
747 1022 831 1070 est
876 1018 1094 1087 ingenii
1127 1022 1511 1093 altitudinem,
1545 1010 1721 1099 quam

60 1105 264 1167 )ropter
298 1099 683 1156 humilitatem
731 1107 975 1161 contulit
1017 1107 1102 1162 illi
1139 1110 1306 1166 Deus.
1349 1135 1371 1162 ι
1407 1117 1562 1171 Conc.
1598 1121 1631 1171 2
1663 1119 1728 1172 de

59 1188 87 1241 S
129 1188 448 1253 Augustino.

805 1279 953 1335 CXV.

293 1380 584 1419 CENSORES.
1088 1389 1133 1426 S.
1167 1391 1520 1432 AUGUSTINUS.

103 1436 319 1518 Constat
409 1452 534 1518 ergo
594 1440 833 1518 eaiemplo
910 1441 1126 1518 ...ρηιά
1158 1462 1316 1518 ergo,
1377 1465 1490 1518 quo
1534 1466 1623 1503 me
1653 1451 1722 1505 ab

60 1508 198 1556 ‘mu‘ti
235 1507 502 1558 Bernardi
555 1510 684 1561 tales
725 1525 832 1562 esse

60 1592 159 1628 mas
210 1577 427 1629 dira-rat
465 1578 602 1631 duas
632 1581 830 1633 colum-

59 1661 140 1705 zas,
189 1652 244 1698 ut
272 1664 375 1700 non
415 1651 488 1701 sit
535 1654 831 1704 necessario

60 1717 326 1783 unm/lum,
362 1721 414 1770 si
443 1723 566 1786 quis
613 1725 688 1773 ita
738 1723 832 1774 di-

65 1789 243 1840 ellatur
283 1789 348 1840 ab
399 1793 724 1855 Augustino,
772 1799 834 1846 ut

59 1874 188 1910 amen
219 1861 488 1912 innitatur
524 1862 826 1929 Ambrosio,

60 1930 176 1980 tiam
204 1931 258 1981 in
278 1933 343 1982 iis
366 1945 494 1998 qua:
523 1938 708 1985 contra
725 1936 822 1987 Pe-

61 2019 254 2082 rgamos
282 2019 626 2085 Augustinus
657 2021 985 2090 disputavit,
1018 2029 1124 2079 etc.

607 2109 642 2161 S
690 2109 1020 2166 BERNARD
1034 2114 1130 2167 US.

89 2192 164 2244 Ab
193 2193 277 2246 his
312 2210 450 2263 ergo
483 2195 702 2250 duabus
735 2200 1017 2253 columnis
1069 2202 1475 2272 (Augustinum
1510 2209 1710 2279 loquor

63 2284 80 2331 t
128 2282 524 2350 Ambrosium),
576 2287 738 2340 crede
787 2288 951 2357 mihi,
1001 2290 1228 2345 difficile
1287 2295 1503 2348 avellor
1537 2314 1547 2361 ;
1578 2313 1706 2351 cum

60 2368 125 2433 is,
157 2369 412 2439 inquam,
444 2389 535 2426 me
575 2380 674 2428 aut
701 2391 890 2429 errare
925 2383 1023 2431 aut
1064 2395 1262 2450 sapere
1291 2382 1490 2438 fateor.
1517 2386 1704 2455 Epist.

61 2461 86 2507 ’ἵ
117 2458 186 2510 ad
211 2460 352 2527 Hug.
399 2461 465 2514 de
493 2463 548 2518 S.
589 2466 816 2518 Victore.

518 2580 520 2583 τ
753 2553 930 2607 CXVI.

906 1510 1116 1590 illo‘in
1170 1510 1274 1570 hac
1333 1510 1497 1572 causa
1555 1537 1716 1590 sepa-

905 1584 1148 1656 randum
1207 1590 1418 1656 putas?
1475 1584 1662 1645 Postea
1706 1608 1716 1646 :

906 1655 1050 1723 Ergo
1075 1656 1167 1710 ille
1209 1655 1398 1712 noster
1435 1678 1506 1714 an
1541 1669 1723 1715 vester

908 1724 999 1787 sit,
1034 1731 1088 1778 et
1115 1745 1210 1780 vos
1238 1729 1459 1784 videtis.
1513 1734 1629 1785 Lib.
1665 1751 1718 1786 v1

905 1801 1042 1848 cont.
1067 1798 1218 1878 qui“
1263 1801 1421 1869 Oper.
1473 1805 1714 1878 imperf.,
1758 1811 1798 1864 B

903 1882 1022 1934 cap.
1060 1870 1178 1922 119.

256 2654 547 2693 CENSORES.
1097 2662 1138 2696 S.
1167 2662 1522 2702 AUGUSTINUS.

89 2705 220 2767 Quid
276 2712 449 2788 igitur
515 2713 712 2764 mirum
768 2716 818 2766 si
905 2784 920 2788 _
962 2715 1261 2788 Hominem
1332 2725 1431 2770 tuo
1489 2720 1704 2788 judicio

59 2777 114 2834 ir,
157 2779 355 2845 alioqui
387 2780 733 2858 doctissimus
766 2788 816 2858 et
891 2784 1279 2839 doctissimum
1339 2793 1394 2842 et
1434 2777 1706 2858 péritissi-

60 2850 370 2903 uictissimus
397 2851 811 2920 (Augustinus),
890 2872 1054 2929 mum
1085 2873 1202 2909 non
1223 2850 1494 2912 dubitasti
1517 2877 1706 2929 repre-

60 2918 318 2998 if/icuttate
359 2925 450 2998 rei
506 2918 810 2998 oppressus,
889 2926 1161 2998 hendel‘e.
1221 2929 1332 2998 Ego
1407 2918 1598 2983 auten’i
1651 2939 1705 2985 et

59 2988 143 3039 ilu'l
171 2991 317 3044 aliud
344 2988 610 3047 invenerit
633 2997 689 3047 in
711 2988 814 3062 quo
894 2988 1506 3072 medoctissimnmrac
1547 3003 1702 3072 peri—

59 3064 279 3114 :seutiam
337 3063 633 3143 originalis
684 3081 817 3134 pee-
893 3063 1702 3137 tissimumnescio,imo‘vero
1743 3090 1781 3143 ο

63 3131 118 3180 iti
143 3132 531 3187 constitueret?
684 3131 705 3134 “
889 3153 981 3190 me
1037 3155 1151 3192 non
1207 3157 1325 3193 esse
1385 3131 1697 3197 certissime

886 3209 1019 3261 scio.
1055 3211 1172 3263 Lib.
1217 3228 1268 3263 1v
1299 3213 1362 3265 de
1387 3213 1534 3282 Orig.
1570 3217 1698 3268 ani—

885 3295 1000 3344 mae,
1021 3283 1200 3334 initio.

388 3362 450 3413 Β.
483 3362 840 3418 JORDANL'S
875 3367 961 3418 DE
989 3367 1305 3422 SAXONIA.

83 3445 346 3508 Quantum
410 3451 478 3504 ad
534 3451 818 3505 dictorum
879 3453 1300 3522 sufﬁcientiam,
1369 3458 1506 3528 quia
1552 3459 1697 3512 nihil

60 3543 150 3588 aest
176 3537 229 3591 in
260 3539 422 3592 libris
453 3541 756 3609 Augustini
807 3542 960 3611 quod
1014 3544 1260 3613 pertinet
1303 3546 1371 3600 ad
1401 3547 1698 3602 scientiam

63 3624 138 3690 gis
165 3626 366 3682 divina:
399 3645 411 3694 ;
446 3629 593 3682 unde
622 3629 756 3682 dicit
784 3631 1143 3697 Volusianus,
1176 3635 1431 3688 scribens
1477 3637 1546 3690 ad
1578 3641 1698 3692 Λιι-

65 3713 278 3768 Istinum
316 3734 328 3770 :
387 3718 679 3788 Utcunque
731 3717 790 3771 in
846 3720 970 3771 aliis
1013 3722 1394 3775 sacerdotibus
1427 3725 1702 3777 toleratur

63 3801 244 3869 iscitia,
271 3805 368 3858 sed
409 3822 537 3858 cum
577 3807 646 3860 ad
696 3807 1005 3861 antistitem
1035 3810 1418 3878 Augustinum
1449 3814 1696 3878 venitur,

60 3889 112 3958 gi
147 3892 243 3945 Dei
273 3895 436 3948 deest
461 3894 738 3966 quidquid
788 3897 1173 3967 Augustinum
1205 3899 1505 3969 contigerit
1534 3901 1697 3970 igno-

59 3994 141 4032 u'e.
174 4001 198 4030 ιι
233 3982 406 4038 Serm.
447 3985 562 4038 148.

262 4176 552 4214 CENSORES.

79 4227 257 4296 Nempe
298 4232 424 4299 jam
488 4246 585 4284 nos
629 4231 812 4287 docuit

63 4306 271 4354 ersonet
343 4303 636 4356 Abulensis
708 4320 812 4370 quo

60 4372 256 4425 n-tincat
301 4374 412 4426 haec
457 4374 809 4442 approbatio;

60 4452 105 4488 ﬁt
143 4445 274 4495 (nim
318 4459 384 4495 ea
433 4450 491 4497 ut
537 4447 810 4511 intelliga-

66 4525 118 4561 ηδ
149 4513 515 4579 Augustinum
545 4517 708 4568 nullis
737 4531 814 4567 es-

59 4595 63 4607 ι
98 4582 336 4636 humanis
380 4585 677 4649 defectibus
726 4587 814 4638 ob-

60 4653 235 4716 ).rium,
291 4654 389 4707 sed
431 4657 732 4709 rarioribus
764 4660 814 4708 et

60 4723 304 4778 rioribus.

1087 4181 1130 4217 Β.
1165 4181 1516 4218 ΑΓΘῘΪΞΤΙΝΙῘΞ.

955 4233 1139 4306 δεξιηιι
1205 4236 1272 4306 de
1381 4235 1698 4306 Augustino

887 4305 1168 4374 quidquid
1191 4305 1346 4368 libet,
1379 4308 1497 4358 sola
1526 4322 1616 4358 me
1639 4307 1700 4358 in

888 4376 1067 4428 oculis
1184 4376 1282 4428 Dei
1357 4376 1700 4429 conscientia

889 4461 1002 4497 non
1045 4453 1287 4498 accuset.
1334 4447 1492 4509 Quod
1547 4448 1699 4500 enim

888 4516 963 4567 ait
985 4517 1289 4585 Apostolus
1323 4534 1333 4569 :
1370 4519 1506 4570 Mihi
1532 4521 1700 4570 mini-

885 4602 1032 4639 mum
1052 4592 1128 4640 est
1155 4593 1213 4639 ut
1243 4604 1275 4640 a
1293 4589 1440 4641 vobis
1459 4589 1698 4654 judicer,

887 4663 982 4710 aut
1025 4659 1091 4710 ab
1137 4659 1367 4711 humano
1424 4658 1528 4712 die.
1580 4661 1696 4712 Lib.

887 4732 1038 4781 cont.
1064 4728 1471 4794 Secundinum,
1498 4745 1624 4799 cap.
1651 4733 1696 4782 1.

526 4822 878 4876 ARNOBIUS
913 4824 1183 4878 JUNIOR.

78 4903 349 4976 Serapion
380 4893 520 4962 dixit
558 4924 569 4964 :
621 4911 874 4964 «Testor
922 4913 1100 4965 Deum
1154 4913 1290 4982 quia
1334 4913 1706 4968 sollicitudini

59 5006 151 5044 tea:
181 4995 448 5050 universa
492 4997 866 5067 ambiguitate
924 4999 1204 5065 eliminas,
1238 5001 1284 5054 si
1335 5003 1403 5056 de
1463 5002 1549 5055 his
1583 5003 1702 5072 ejus

60 5080 234 5136 cilicet
262 5085 594 5154 Augustini)
643 5086 784 5138 mihi
806 5087 1039 5140 delinita
1065 5077 1340 5156 proferas,
1393 5095 1447 5142 et
1479 5091 1547 5143 de
1580 5107 1703 5144 om-

59 5167 171 5222 tbus
202 5176 332 5241 quae
382 5178 665 5227 transacta
697 5179 829 5228 sunt
877 5175 1160 5229 evidentia
1209 5177 1331 5244 ejus
1362 5178 1566 5230 afferas
1595 5179 1705 5232 do-

60 5262 304 5324 imenta;
368 5259 549 5314 fateor
580 5260 734 5314 enim
776 5277 866 5314 me
895 5262 1016 5331 ejus
1065 5262 1403 5315 assertiones
1458 5263 1536 5316 ita
1565 5281 1704 5333 pro-

60 5346 159 5395 itas
186 5343 418 5414 habere,
452 5353 514 5402 ut
548 5366 604 5403 se
629 5349 818 5420 ipsum
843 5365 941 5403 ore
957 5366 1058 5402 suo
1086 5350 1418 5403 haereticum
1451 5351 1702 5422 detegat,

59 5430 105 5482 ui
161 5435 548 5500 Augustinum
597 5437 885 5506 putaverit
924 5438 980 5489 in
1037 5436 1229 5507 aliquo
1273 5439 1707 5508 reprehenden-

60 5532 147 5569 um
185 5521 400 5590 eloqui.
433 5544 460 5572 »
493 5525 780 5579 Arnobius
815 5525 958 5579 dixit
989 5541 1002 5579 :
1042 5546 1069 5575 «
1119 5527 1238 5581 Meo
1269 5543 1438 5580 sensu
1485 5528 1706 5583 locutus

59 5620 88 5668 ἓν
120 5621 251 5661 nam
301 5625 368 5661 ea
419 5627 546 5682 qua:
592 5613 714 5683 ejus
763 5630 916 5667 nunc
944 5613 1190 5684 profero,
1232 5631 1296 5669 ac
1349 5615 1391 5667 si
1447 5620 1706 5670 sacratis-

60 5693 158 5746 lma
205 5701 612 5772 apostolorum.
643 5702 850 5773 scripta
880 5702 958 5756 sic
1013 5704 1204 5770 credo,
1237 5709 1286 5758 et
1319 5709 1504 5771 teneo,
1529 5710 1584 5759 et
1613 5705 1710 5761 dc-

59 5782 204 5839 :ndo.
233 5806 260 5834 ››
291 5789 451 5841 Temo
473 5791 513 5842 V
555 5792 692 5846 Bibl.
730 5794 854 5854 Pl’.,
886 5805 1033 5859 part.
1068 5807 1145 5845 ιιι.

376 5861 646 5927 ΡΑΤιιοι..
697 5863 946 5929 XLVII.

1312 356 1633 415 VINDICl/F.
1679 363 2210 425 AUGUSTINIANE.

59 485 107 532 et
133 477 407 532 intellectu
437 479 598 533 illum
634 480 956 538 sublimiter
972 489 1256 557 exallavit,
1291 494 1560 562 quoniam
1589 499 1726 552 Deus
1764 493 1806 546 Α

3472 393 3539 447 74

2578 517 2806 575 CXVIII.

2095 640 2397 682 CENSORES.

1906 764 2081 817 Sensit
2106 766 2450 832 Augustinus
2485 789 2650 826 mun-

1836 833 1965 886 dum
2020 837 2073 887 in
2126 839 2360 892 instanti
2413 850 2650 897 creatum

2917 657 2961 692 S.
2998 659 3025 692 Α
3037 658 3100 694 Ut}
3113 660 3258 697 L'STIN
3270 663 3348 700 L'S.

2797 779 2973 832 Nemo
2997 783 3116 851 jam
3165 787 3438 842 molestus
3468 789 3540 843 sit

2723 847 2962 904 dicendo
2998 847 3192 919 'mihi,
3262 874 3376 911 non
3430 861 3540 913 hoc

1833 907 2025 972 fuisse,
2081 909 2225 995 quod
2254 926 2356 995 non
2410 919 2652 968 convenit
2725 921 2901 995 sensit
2926 923 3141 995 Moyses
3167 907 3318 995 quod
3355 933 3416 982 tu
3458 930 3540 983 di-

1833 991 1953 1028 cum
1981 980 2201 1046 scriptis
2230 995 2264 1033 a
2303 984 2496 1050 Moyse,
2542 990 2644 1040 etc.

2099 1347 2384 1390 CENSORES.

1905 1471 2246 1525 Contrarium
2333 1478 2644 1540 Augustino

1830 1543 2145 1615 sententiam
2183 1559 2287 1596 non
2329 1548 2482 1600 modo
2512 1565 2644 1615 pro-

1831 1611 2144 1666 babiliorem
2168 1615 2375 1683 judico,
2420 1611 2643 1672 sed-cer-

1832 1686 1896 1734 tae
1925 1687 1975 1735 et
2002 1684 2324 1739 indubitata:
2369 1692 2637 1746 veritatis.

2093 2052 2365 2092 CENSORES

1891 2176 2203 2241 Earpticatio
2243 2180 2350 2233 haec
2399 2188 2641 2237 censetur

1817 2244 1887 2296 ab
1942 2249 2189 2322 omnibus
2235 2253 2635 2322 improbabilis,

1815 2330 1909 2368 nec
1938 2332 2032 2381 ego
2063 2318 2248 2373 dubito
2278 2325 2410 2388 quin
2435 2326 2483 2375 si
2524 2318 2636 2377 Au;

1817 2391 2095 2451 gustinum
2124 2406 2230 2443 non
2258 2391 2476 2446 haberet
2521 2410 2633 2462 pa-
2666 2416 2671 2421 ·

1818 2464 2048 2523 tronum,
2082 2465 2367 2527 manifeste
2402 2464 2632 2518 damna-

1816 2533 1872 2580 ta
1901 2531 2117 2597 fuisset,
2158 2538 2216 2585 ut
2256 2535 2521 2589 haeretica.

2144 2743 2314 2798 CXXI.

2083 2899 2374 2940 CENSORI-IS.

1884 3022 2227 3077 Contrarium
2275 3026 2464 3080 docent
2511 3044 2630 3082 om-

1817 3107 1907 3145 nes
1935 3095 2036 3145 alii
2081 3096 2288 3156 Patres,
2325 3098 2489 3165 idque
2517 3116 2626 3153 om-

1808 3165 1936 3236 nino
2005 3167 2198 3236 euincit
2282 3170 2513 3236 simptea:
2580 3177 2630 3224 et

1811 3234 2117 3308 historiatis
2132 3234 2626 3308 narratio—M'oysis;

1811 3321 1979 3370 quare
1991 3307 2112 3372 jam
2136 3321 2414 3363 erroneum
2437 3318 2514 3364 est
2543 3313 2627 3365 di-

1809 3392 1924 3429 cere
1971 3380 2152 3430 omnia
2208 3395 2312 3432 uno
2378 3381 2466 3435 die
2518 3398 2628 3436 esse

1811 3453 2012 3500 creata.

2723 988 2820 1054 cis,
2873 993 2971 1069 sed
3015 988 3135 1069 hoc
3166 988 3340 1052 s'ensit
3385 1001 3536 1069 quod

2723 1075 2830 1127 ego
2869 1063 3015 1117 dico.
3084 1066 3139 1119 Si
3187 1069 3342 1122 enim
3395 1063 3538 1124 mihi

2721 1129 2950 1198 diceret,
3035 1135 3192 1189 Unde
3264 1139 3370 1192 scis
3428 1142 3538 1196 hoc

2723 1201 2959 1279 sensisse
2983 1205 3240 1279 Moysem
3284 1212 3435 1279 quod
3467 1213 3536 1266 de

2721 1269 2810 1324 his
2841 1273 3024 1349 verbis
3065 1269 3192 1349 ejus,
3227 1269 3529 1349 eldqueris,

2721 1357 2887 1412 aequo
2927 1345 3119 1400 animo
3176 1348 3323 1402 ferre
3335 1345 3533 1405 'debe—

2719 1428 2841 1466 rem
2869 1419 2924 1468 et
2971 1419 3381 1486 responderem
3422 1423 3534 1476 for-

2719 1486 3045 1558 tassequa}.
3099 1489 3358 1558 superius
3416 1509 3528 1545 res-

2716 1555 2921 1628 pondi,
2949 1557 3034 1610 vel
3065 1555 3359 1628 aliquanto
3391 1564 3530 1615 ube-

2716 1624 2850 1687 rior,
2880 1626 2925 1677 si
2945 1643 3126 1681 essem
3159 1624 3379 1686 durior.
3409 1635 3528 1686 Lib.

2714 1710 2790 1747 xu
2821 1698 3082 1763 Confess.,
3107 1716 3225 1769 cap.
3261 1704 3349 1756 24.
3383 1704 3530 1758 Illud

2715 1770 2928 1840 autem,
2959 1769 3110 1838 quod
3154 1774 3529 1840 contendunt,

2711 1851 2828 1888 non
2879 1838 2982 1890 hoc
3041 1841 3281 1894 sensisse
3340 1838 3529 1898 Mosen

2716 1907 3007 1985 quodego
3048 1910 3200 1985 dico,
3247 1913 3343 1985 sed
3376 1916 3527 1985 quod

2715 1976 2824 2045 ipsi
2868 1976 3081 2046 dicunt,
3176 1984 3329 2048 nolo,
3392 1976 3530 2039 'non

2715 2063 2864 2114 amo,
2912 2049 3048 2118 quia
3095 2055 3151 2105 et
3206 2053 3252 2105 si
3308 2053 3388 2107 ita
3422 2063 3526 2120 est,

2713 2121 2906 2171 tamen
2940 2121 3044 2176 ista
3094 2123 3384 2176 temeritas
3412 2141 3529 2179 non

2715 2188 2986 2254 scientiae,
3015 2191 3111 2244 sed
3146 2194 3398 2248 audacia:
3422 2202 3524 2259 est,

2712 2273 2817 2311 nec
2847 2259 3021 2333 visus,
3054 2262 3149 2315 sed
3171 2265 3380 2333 typhus
3400 2283 3527 2320 eam

2709 2329 2958 2401 peperit.
2985 2333 3118 2401 Cap.
3161 2329 3251 2386 23:
3293 2335 3375 2388 Ita
3398 2353 3527 2390 cum

2709 2400 2853 2451 alius
2908 2400 3132 2463 dixerit,
3189 2405 3305 2458 Hoc
3353 2409 3528 2460 sensit

2707 2470 2864 2542 quod
2921 2487 3047 2542 ego,
3091 2478 3147 2526 et
3193 2476 3357 2539 alius,
3403 2478 3524 2531 Imo

2709 2539 3026 2616 illud'quod
3051 2560 3177 2613 ego,
3198 2547 3525 2616 religiosius

2703 2626 2795 2663 me
2854 2613 3098 2667 arbitror
3152 2613 3358 2682 dicere,
3416 2618 3528 2672 Cur

2705 2696 2824 2734 non
2857 2686 3165 2754 utrumque
3212 2687 3420 2754 potius,
3477 2689 3523 2741 si

2705 2757 3016 2822 utrumque
3065 2771 3262 2808 verum
3313 2759 3436 2810 est?
3467 2764 3524 2812 et

2704 2821 2751 2873 si
2782 2821 2935 2892 quid,
2955 2824 3206 2898 tertium,
3240 2828 3364 2898 etsi
3383 2829 3521 2898 quid

2703 2899 2994 2961 quartum,
3025 2900 3080 2948 et
3137 2896 3182 2948 si
3221 2897 3354 2963 quid
3390 2896 3519 2951 om-

2708 2964 2844 3038 nino
2890 2964 3052 3038 aliud
3109 2983 3308 3020 verum
3359 2969 3519 3038 quis-

2704 3033 2858 3102 piam
2887 3035 2943 3087 in
2977 3035 3066 3088 his
3117 3039 3301 3091 verbis
3345 3033 3515 3103 videt,

2704 3119 2806 3156 cur
2835 3121 2949 3158 non
2972 3105 3068 3159 illa
3092 3108 3286 3162 omnia
3311 3108 3518 3163 vidisse

2705 3174 2989 3248 gredatur,
3034 3193 3138 3246 per
3166 3195 3339 3248 quem
3371 3197 3518 3234 unus

2704 3245 2851 3297 Deus
2882 3245 3068 3300 sacras
3123 3245 3340 3303 litteras
3388 3268 3519 3304 vera

2704 3320 2756 3368 et
2794 3316 3014 3370 diversa
3061 3318 3266 3372 visuris
3305 3323 3515 3374 multo-

2702 3401 2831 3510 Iéum
2865 3389 3125 3443 sensibus
3153 3392 3506 3461 temperavit.

2749 3473 2837 3510 an.
2892 3462 2976 3510 3t.

2749 3473 2837 3525 ap.
2892 3462 2976 3513 3t.

2272 3571 2538 3627 PA'I‘RES
2577 3579 2633 3629 et
2665 3577 3045 3634 DOCTORES.

1881 3678 2244 3735 Cassiodorus
2275 3700 2286 3736 :
2323 3703 2348 3732 (ι
2407 3688 2482 3740 De
2527 3688 2730 3743 iisdem
2768 3691 3067 3762 principiis
3121 3699 3346 3748 sanctus
3373 3713 3509 3766 quo-

1810 3783 1920 3835 que
1953 3771 2328 3836 Augustinus,
2369 3775 2612 3829 disertus
2640 3782 2811 3848 atque
2862 3781 3228 3834 cautissimus
3257 3782 3508 3852 disputa-

1809 3858 1916 3917 tor,
1979 3854 2276 3910 duodecim
2323 3862 2611 3915 volumina
2668 3865 3022 3934 conscripsit,
3054 3883 3184 3936 quze
3217 3869 3509 3922 doctrina—

1809 3955 1938 3992 rum
1969 3957 2116 4009 pene
2164 3946 2420 3999 omnium
2485 3949 2688 4002 decore
2723 3951 2962 4017 vestivit,
3024 3956 3260 4022 hancque
3292 3959 3509 4010 vocavit

1810 4028 1878 4081 de
1905 4031 2104 4082 Genesi
2136 4032 2203 4085 ad
2238 4032 2505 4101 litteram,
2566 4039 2665 4106 qui
2698 4040 2956 4108 quamvis
2988 4041 3057 4094 de
3089 4042 3290 4095 eadem
3325 4049 3508 4096 retra-

1810 4118 2060 4182 ctaverit,
2113 4137 2224 4188 qua
2272 4121 2470 4175 beatus
2504 4125 2761 4188 Basilius,
2820 4131 2875 4180 et
2923 4134 3149 4184 sanctus
3181 4132 3509 4185 Ambrosius

1809 4206 2180 4260 celeberrima
2213 4209 2379 4264 laude
2401 4211 2702 4276 fulserunt,
2741 4219 2957 4282 tamen,
3001 4220 3150 4288 quod
3183 4226 3314 4290 post
3338 4221 3510 4275 diser-

1810 4296 1898 4346 tos
1929 4294 2077 4346 viros
2107 4295 2346 4349 minime
2394 4299 2726 4370 contingere
2757 4304 2919 4368 solet,
2975 4321 3119 4375 opus
3148 4324 3313 4361 suum
3339 4310 3510 4379 longe

1730 4366 1774 4420 D
1815 4379 1872 4432 in
1897 4382 2065 4434 aliam
2096 4385 2505 4452 summitatem,
2541 4388 2782 4442 Domino
2817 4391 3116 4459 largiente,
3146 4396 3439 4464 produxit.
3485 4420 3504 4445 ιι

1813 4470 1928 4523 Lib.
1964 4487 1978 4522 ι
2021 4472 2199 4526 Dicin.
2263 4475 2529 4542 Institut,
2603 4493 2724 4547 cap.
2780 4481 2867 4533 22.
2916 4480 3152 4536 Sanctus
3227 4484 3506 4540 Thomas:

1814 4579 1838 4609 ‹‹
1875 4561 2003 4613 Hmc
2057 4561 2252 4630 opinio
2305 4566 2529 4635 (nempe
2581 4569 2888 4637 Augustini
2940 4570 3008 4624 de
3050 4571 3387 4633 simultanea
3414 4591 3511 4628 re-

1808 4663 1938 4700 rum
1969 4650 2276 4720 creatione)
2310 4653 2438 4720 plus
2494 4655 2635 4709 mihi
2665 4659 2869 4726 placet.
2910 4681 2929 4706 υ
2959 4661 2990 4711 2
3014 4661 3143 4714 Sent
3177 4701 3212 4728 .,
3256 4662 3384 4716 dist.
3426 4667 3510 4730 12,

1813 4750 1865 4803 q.
1905 4739 1952 4803 1,
1987 4743 2092 4790 art.
2126 4741 2178 4791 ‘2.
2224 4741 2284 4792 Β.
2319 4742 2584 4796 Albertus
2617 4760 2858 4815 magnus
2888 4763 2900 4799 :
2935 4769 2954 4793 σι
3015 4748 3146 4802 Sine
3175 4751 3508 4820 proejudicio

1813 4825 2108 4879 sententiae
2181 4827 2437 4882 melioris
2507 4830 2731 4886 videtur
2793 4835 3116 4903 Augustino
3165 4837 3512 4890 consentien-

1816 4908 1975 4974 dum,
2017 4933 2036 4957 η
2079 4915 2181 4965 etc.
2221 4931 2246 4962 ‹‹
2277 4913 2585 4970 Dicendum
2612 4934 2746 4988 ergo
2777 4921 2928 4990 quod
2955 4938 3059 4991 per
3085 4922 3507 4976 distinctionem

1815 5012 1986 5066 quam
2019 5000 2181 5068 ponit
2225 5002 2438 5071 Moyses
2497 5003 2841 5076 intelligitur
2870 5009 3157 5062 distinctio
3194 5026 3386 5064 rerum
3418 5028 3510 5064 se—

1815 5087 2065 5140 cundum
2090 5092 2308 5142 naturae
2341 5091 2644 5162 principia,

2706 5101 2762 5147 et
2793 5111 2904 5147 non
2961 5095 3247 5150 distinctio
3284 5101 3509 5167 tempo-

1816 5191 1963 5228 rum.
1997 5195 2022 5225 »
2051 5178 2243 5229 Part]
2295 5178 2523 5233 Summae
2566 5187 2750 5249 quaest.
2787 5186 2868 5246 12,
2921 5182 2985 5235 de
3024 5189 3258 5251 quatuor
3303 5190 3508 5241 coaevis.

1815 5264 2090 5333 :Iigidius,
2120 5271 2316 5333 part.1
2367 5270 2719 5336 Herameron,
2770 5286 2889 5339 cap.
2951 5274 3055 5325 28:
3095 5293 3121 5320 ‹‹
3167 5275 3287 5327 Non
3322 5283 3508 5330 autem

1815 5353 1921 5404 ista
1953 5353 2213 5418 dicimus,
2260 5360 2322 5409 ut
2373 5356 2764 5426 improbemus
2823 5358 3152 5427 opinionem
3183 5365 3508 5434 Augustini,

1817 5456 1944 5511 qua:
1990 5445 2072 5494 est
2122 5443 2285 5496 valde
2339 5446 2584 5513 subtilis,
2643 5463 2756 5500 non
2797 5448 3084 5500 solemnis.
3125 5469 3151 5500 »
3209 5451 3512 5523 Dionysius

1818 5529 2269 5586 Carthusianus:
2310 5554 2332 5580 ι
2393 5534 2781 5605 (Augustinus)
2815 5536 3156 5607 excogitavit
3203 5543 3514 5608 quamdam

1819 5616 2229 5686 expositionem
2281 5619 2568 5682 subtilem,
2615 5636 2718 5690 per
2747 5638 2920 5690 quam
2983 5624 3232 5679 defendit
3259 5627 3512 5698 Scriptu—

1820 5722 1942 5758 ram
1964 5706 2034 5760 ab
2067 5706 2326 5761 irrisione
2384 5707 2733 5776 hujusmodi,
2769 5714 2823 5762 et
2848 5715 3040 5766 tamen
3073 5713 3306 5769 saltavit
3330 5717 3515 5787 Scrip-

1821 5797 1962 5848 turee
1994 5796 2202 5851 etlidei
2236 5794 2550 5850 veritatem.
2587 5817 2613 5848 »
2645 5800 2707 5852 In
2729 5814 2846 5869 cap.
2889 5817 2902 5852 ι
2935 5802 3144 5864 Genes..
3177 5810 3278 5858 art.
3319 5808 3368 5858 5.

3077 5881 3159 5937 28
