3914 6186
1334 258 1351 265 ”
1421 287 1978 345 SUPPLEMENTUM
2018 289 2109 345 Αι)
2144 288 2377 347 opem
2405 291 2460 345 s.
2503 290 2892 351 AUGUSTINI.
3731 312 3791 363 ac

1168 410 1367 466 CXXII.

413 289 517 345 875

2149 416 2194 469 A
2226 416 2473 478 Rivium,
2531 416 2630 471 lib.
2691 432 2744 470 iv
2793 418 2865 472 de
2912 418 3037 472 Vita
3108 424 3201 474 tus
3254 421 3424 476 acutis
3476 423 3531 478 in
3592 434 3803 486 certantes

2220 489 2401 564 sancti
2455 490 2716 559 August,
2752 504 2882 560 cap.
2944 492 3024 557 l0,
3102 492 3376 560 procedis,
3416 497 3470 546 et
3506 496 3662 564 jactas
3684 503 3809 564 plura

2221 558 2333 630 gs.

678 517 961 557 CENSORES.
1496 517 1542 556 S.
1571 517 1921 556 AUGUSTINUS.

484 575 826 640 Augustinus
854 589 977 626 vero
1016 573 1221 627 clarius
1368 572 1559 626 Redde
1613 573 1784 626 verba
1846 587 1994 635 mea,
2053 575 2111 625 et

414 645 671 700 Durando
700 642 994 711 astipulari
1012 643 1227 697 videtur
1297 647 1563 697 vanescet
1624 643 1910 696 calumnia
1986 647 2108 695 tua.

413 731 533 769 cum
587 720 766 768 actum
816 716 1026 783 peccati
1077 715 1226 768 nullo
1299 714 1414 768 Lib.
1451 728 1524 767 IV.
1560 718 1698 767 cont.
1723 714 1866 777 Jul.,
1900 728 2020 782 cap.
2058 715 2108 766 8.

414 786 569 840 modo
622 788 724 839 Deo
773 787 957 850 agenti
1010 786 1226 854 tribuit,

412 874 508 928 sed
535 875 706 928 solum
749 874 981 927 humano
1006 873 1255 939 arbitrio,
1313 877 1446 939 etc.,
1492 872 1553 925 id
1600 871 1746 941 quod
1793 872 1998 926 clarius
2032 886 2112 926 os-

411 962 582 1016 tendit
636 961 732 1015 lib.
781 961 847 1015 de
895 964 1120 1028 Perfect.
1161 963 1416 1031 justitiae,
1458 963 1772 1015 ratiocinat.
1826 963 1879 1026 4,
1912 960 2007 1014 ubi
2036 962 2111 1015 sic

411 1052 643 1118 quaerit:
673 1048 819 1113 Quid
849 1054 933 1102 est
984 1053 1298 1119 peccatum,
1349 1055 1601 1116 actusne,
1637 1065 1708 1103 an
1755 1064 1846 1103 res
1872 1049 1902 1103 ?
1931 1047 1988 1103 Si
2019 1063 2110 1102 res

416 1142 521 1203 est,
562 1141 661 1190 etc.

3103 564 3271 639 beosg
3298 564 3572 633 pugiones.
3622 564 3719 625 Lib.
3758 591 3813 639 ιιι,

3102 648 3223 701 cap.
3243 637 3298 699 7,
3329 642 3508 690 contra
3524 640 3741 695 eumdem.

2537 736 2697 791 VEN.
2739 737 2914 791 BEDA
2950 741 3005 791 et
3034 737 3091 792 S.
3133 739 3572 798 PRUDENTIUS.

2292 824 2587 895 (Julianus)
2619 826 2794 878 homo
2828 830 2891 879 ut
2940 826 3137 880 rhetor
3160 828 3543 897 peritissimus,
3586 833 3653 887 ita
3678 838 3813 904 gratia

2222 914 2322 967 Dei
2353 918 2483 983 post
2524 912 2816 983 Pelagium
2865 913 3238 985 impugnator
3267 918 3581 986 acerrimus,
3633 928 3813 995 etaper-

2218 1002 2333 1056 tius
2362 1002 2571 1071 scripta
2595 1004 2737 1072 ejus,
2787 1002 2999 1073 quibus
3026 1009 3226 1058 contra
3267 1007 3690 1063 strenuissimum
3713 1015 3814 1082 ejus-

2217 1091 2348 1145 dem
2405 1090 2605 1160 gratia:
2643 1098 3134 1161 propugnatorem
3188 1095 3561 1165 Augustinum
3605 1098 3814 1166 insanirit,

2219 1180 2550 1234 ostendunt.
2576 1181 2742 1233 Initio
2758 1182 2981 1249 przfat.
3011 1183 3072 1235 in
3101 1182 3354 1237 Cantica.
3391 1183 3613 1238 Sanctus
3637 1188 3815 1244 Pruden-

2217 1270 2333 1323 tius
2349 1268 2463 1322 ait:
2499 1290 2521 1317 ι
2558 1267 2700 1322 Cum
2727 1284 2761 1322 a
2786 1268 3068 1335 Patribus,
3115 1270 3515 1343 precipueque
3569 1272 3813 1331 beatissimo

2216 1358 2533 1429 Augustino
2607 1357 2972 1428 (Pelagianis)
3020 1360 3537 1429 competentissime
3601 1363 3818 1419 abundan-

2214 1446 2547 1517 tiSsimeque
2577 1460 2914 1516 responsum
2944 1446 3134 1513 fuerit,
3168 1468 3194 1499 ιι
3225 1453 3338 1504 etc.
3367 1451 3539 1518 Epist.
3561 1451 3818 1507 adGelim.

2216 1535 2455 1605 archiep.
2476 1536 2785 1603 Senonens.,
2817 1540 2941 1590 ante
2982 1536 3074 1591 lib.
3108 1536 3174 1590 de
3198 1538 3457 1593 Praedest.

2980 1625 3172 1681 CXXV.

1053 1223 1108 1278 S.
1135 1223 1471 1279 PROSPER.

484 1312 694 1383 Stupeo
753 1310 1109 1365 sanctitatem
1175 1318 1422 1366 vestram
1474 1311 1852 1384 objectionem
1899 1312 2111 1366 calum-

414 1401 698 1455 niantium
729 1417 760 1454 a
800 1416 1049 1470 persona
1088 1399 1401 1455 defensoris
1446 1400 1646 1470 gratim
1690 1416 1809 1454 non
1854 1399 2109 1471 potuisse

411 1491 747 1555 discernere,
807 1494 862 1543 et
920 1488 1093 1542 verba
1144 1488 1583 1543 obtrectantium
1616 1488 1668 1542 ei
1718 1487 1827 1558 ipsi
1871 1487 1972 1558 qui
2011 1488 2110 1542 ob-

410 1577 810 1632 trectatoribus
861 1576 979 1631 suis
1032 1576 1337 1647 respondet
1407 1582 1646 1647 aptasse.
1704 1576 1798 1631 Ad
1849 1576 1979 1630 dub.
2043 1579 2108 1631 l0

413 1666 775 1720 Gcnuensium
799 1669 985 1719 contra
1014 1664 1076 1719 S.
1140 1665 1535 1729 Augustinum.
2140 1701 2181 1756 Β

1140 1769 1366 1824 CXXIII.

1494 1874 1540 1911 S.
1577 1873 1931 1911 AUGUSTINUS.

1369 1929 1515 1983 Sane
1557 1944 1686 1981 cum
1740 1929 1800 1980 in
1844 1927 2112 1981 omnibus

2492 1729 2781 1766 CENSORES.

2298 1783 2539 1838 Voientes
2592 1786 2857 1837 sustinere
2898 1794 3031 1852 par-

684 1874 974 1914 cansonns.
1494 1874 1540 1911 s.
1577 1873 1931 1911 scausrmns.
2220 1859 2296 1908 tes
2323 1854 2537 1909 Iuliani
2574 1870 2679 1908 non
2721 1869 2873 1923 posse
2910 1856 3030 1907 Au-

481 1932 730 1986 Petimus
772 1945 896 1995 ergo
934 1945 969 1981 a
996 1930 1224 1983 Baianis
1369 1929 1515 1983 Sane
1557 1944 1686 1981 cum
1740 1929 1800 1980 in
1844 1927 2112 1981 omnibus
2218 1927 2429 1991 gustini
2474 1925 2776 1979 rationibus
2817 1928 3032 1979 convin-

411 2005 606 2073 quanti
633 2001 890 2073 facienda
918 2003 992 2054 sit
1036 2003 1228 2073 ,Augu-
1299 2000 1502 2073 litteris
1557 1998 1699 2073 meis
1753 2013 1869 2051 non
1925 2000 2109 2073 solum
2220 1998 2286 2050 ei.

409 2069 545 2128 stini
568 2072 817 2125 doctrina
842 2071 1069 2124 dicentis
1111 2072 1225 2136 και-
1299 2070 1457 2139 pium
1589 2072 1882 2133 lectorem,
2012 2069 2111 2123 sed

411 2145 613 2197 libilem
649 2157 760 2195 esse
796 2144 1081 2208 scriptoris
1115 2156 1224 2194 non
1299 2141 1473 2193 etiam
1535 2139 1781 2192 liberum
1839 2144 2112 2193 correcto-

409 2214 653 2268 canonici
720 2214 1116 2273 auctoritatem,
1174 2217 1225 2265 et
1298 2225 1419 2263 rem
1493 2209 1834 2276 desiderem,
1933 2211 2111 2264 multo

3282 1732 3326 1770 S.
3388 1732 3706 1772 AUGUSTINUS.

3177 1786 3532 1841 Necessarias
3636 1789 3821 1841 articulos

3105 1857 3389 1911 sermonis
3456 1859 3556 1919 tui,
3625 1866 3821 1929 quantum

3104 1943 3197 1981 me
3285 1930 3520 1997 adjuvat
3613 1931 3819 1985 Dominus.

3105 2000 3529 2068 comprehendo
3563 2006 3708 2070 atque
3734 2016 3819 2051 con-

3103 2070 3315 2139 fringo,
3371 2076 3433 2123 ut
3474 2076 3646 2125 totum
3689 2086 3819 2141 corpu:

2219 2154 2432 2208 victum
2455 2154 2644 2225 jacere
2699 2155 3009 2224 conspiciat
3036 2155 3135 2227 qui
3171 2163 3229 2210 et
3253 2158 3357 2211 illa
3380 2163 3481 2212 tua
3500 2166 3557 2213 et
3577 2158 3682 2213 hinc
3696 2165 3820 2213 nostri

409 2285 548 2338 hanc
566 2297 675 2336 esse
691 2283 842 2336 illius
858 2280 1224 2349 differentiam

407 2371 441 2408 a
471 2356 742 2413 canonico,
780 2356 924 2419 quod
961 2352 1077 2405 sine
1097 2368 1223 2420 pec-

408 2429 527 2479 cato
545 2424 628 2477 vel
660 2424 881 2491 injuria
899 2424 1221 2490 cujusquam

406 2498 656 2563 suspecta
705 2508 816 2547 esse
899 2494 1222 2562 quandoque

402 2567 595 2634 possit.
631 2564 692 2619 Si
736 2569 935 2630 negant
959 2577 1072 2617 esse
1090 2578 1217 2632 pro-

407 2634 646 2689 bandam
726 2635 907 2702 ﬁdem,
991 2634 1217 2700 fallunt,

406 2711 456 2759 et
505 2708 707 2774 positos
769 2721 803 2758 a
849 2719 905 2758 se
969 2707 1221 2759 terminos

399 2778 578 2847 primi
714 2774 1217 2847 transgrediuntur,

404 2845 781 2915 Hugustinum
910 2845 1217 2900 deserendo.

404 2919 467 2973 Si
527 2916 873 2986 probandum
949 2918 1217 2982 fatentur,

405 3003 527 3042 cum
586 3002 784 3055 negare
849 3002 957 3040 non
1008 2990 1222 3055 possint

404 3061 536 3127 quin
568 3060 913 3125 Augustinus
972 3060 1045 3111 sit
1069 3060 1218 3111 intra

402 3144 685 3183 numerum
775 3133 1053 3182 auctorum
1112 3144 1218 3182 non

404 3201 799 3264 canonicorum,
906 3202 1075 3252 restat
1158 3203 1218 3253 ut

403 3272 688 3335 fateantur
726 3272 841 3322 sine
891 3273 1108 3337 peccato
1135 3270 1218 3323 vel

405 3340 619 3405 injuria
646 3340 969 3408 cujusquam
993 3339 1217 3393 dubiam

404 3408 702 3478 aliquando
737 3408 916 3461 videri
957 3423 1115 3477 posse
1141 3411 1223 3462 ἐι·-

405 3481 512 3533 lius
603 3481 979 3533 auctoritatem
1056 3484 1218 3547 atque

1295 2280 1544 2333 maxime
1600 2279 1661 2333 in
1703 2280 1792 2333 his
1850 2280 1947 2333 ubi
1990 2282 2111 2349 ipsa

1294 2349 1630 2420 magnitudo
1774 2351 2109 2421 quaestionis

1293 2422 1513 2475 utinam
1576 2426 1693 2474 tam
1746 2425 1956 2475 multos
2020 2421 2109 2475 in-

1294 2498 1553 2545 ventores
1628 2491 1840 2545 habere
1902 2497 2107 2561 posset,

1292 2578 1464 2633 quam
1522 2564 1732 2616 multos
1790 2564 2111 2616 contradic-

1296 2641 1449 2687 tores
1526 2633 1742 2697 habet;
1825 2641 2109 2687 verumta-

1294 2720 1448 2762 men.
1559 2703 1704 2756 sicut
1839 2704 2108 2758 lectorem

1296 2790 1489 2828 meum
1519 2774 1649 2827 nolo
1682 2773 1823 2827 mihi
1854 2790 1977 2828 esse
2008 2776 2108 2828 de-

1295 2845 1503 2911 ditum,
1579 2844 1658 2898 ita
1729 2850 2107 2899 correctorem

1294 2918 1427 2970 nolo
1476 2915 1627 2969 sibi:
1696 2915 1793 2969 ille
1849 2931 1941 2969 me
1988 2932 2107 2969 non

1294 2993 1448 3041 amet
1490 2986 1737 3059 amplius
1791 3002 1965 3059 quam
2021 3004 2108 3040 ca-
2135 2987 2175 3042 C
2216 2986 2518 3059 πίεξςηηων

1294 3059 1565 3111 tliolicam
1630 3058 1825 3121 tidem,
1896 3057 2001 3110 iste
2045 3074 2106 3111 se

1289 3143 1407 3181 non
1437 3133 1589 3180 amet
1643 3129 1889 3199 amplius
1930 3143 2106 3199 quam

1290 3198 1628 3251 catholicam
1771 3198 2069 3252 veritatem
2082 3240 2098 3254 .

1290 3269 1445 3323 Sicut
1474 3268 1560 3321 illi
1590 3267 1715 3321 dico
1749 3285 1761 3321 :
1798 3268 1923 3322 Noli
1962 3269 2105 3323 meis

1288 3339 1541 3409 litteris,
1577 3338 1742 3409 quasi
1799 3339 2103 3409 Scripturis

1289 3408 1579 3462 canonicis
1650 3408 1945 3479 inservire,
2004 3411 2105 3464 sed

1288 3479 1349 3532 in
1384 3479 1518 3549 illis,
1549 3483 1605 3532 et
1634 3479 1787 3549 quod
1826 3494 1945 3533 non
1974 3496 2102 3534 cre-

2219 2242 2549 2313 perlegerit.
2585 2243 2704 2297 Lib.
2730 2257 2784 2295 1v
2822 2249 2958 2297 cont.
2983 2244 3131 2310 Jul,
3172 2260 3297 2315 cap.
3332 2248 3387 2301 9.

2839 2330 2892 2386 S.
2928 2332 3243 2387 PROSPEB
3258 2372 3271 2386 .

2288 2419 2575 2490 Quidquid
2607 2420 2778 2474 etiam
2811 2420 2871 2473 in
2928 2420 3087 2474 libris
3115 2427 3317 2475 contra
3354 2421 3637 2476 Iulianum
3663 2421 3718 2475 ab
3748 2422 3818 2491 ipso

2219 2510 2324 2562 sub
2402 2508 2507 2562 hac
2577 2510 2895 2580 quaestione
2968 2509 3256 2579 objectum
3329 2507 3703 2579 potentissime
3760 2504 3817 2557 de-

2221 2596 2463 2663 bellasti,
2525 2607 2629 2651 hoc
2679 2603 2865 2651 totum
2920 2597 3133 2651 abistis
3184 2599 3403 2652 sanctis
3454 2593 3817 2651 intentiosissine
3870 2618 3871 2687 ι

2217 2685 2623 2741 conclamatur.
2657 2689 2835 2756 Epist.
2865 2686 2940 2741 ad
2968 2688 3022 2742 S.
3065 2689 3307 2755 August.

2959 2776 3175 2831 CXXVI.

2484 2880 2775 2937 εεκεοιιιιςδ.
2896 2935 2905 2937 _
3301 2882 3347 2918 S.
3370 2878 3697 2919 AUGUSTINUS.
3786 2930 3789 2937 _

2288 2935 2349 2989 Si
2436 2936 2702 3004 triumphi
2782 2935 3029 2990 Ecclesia:
3174 2937 3549 2990 Proticienter
3622 2950 3698 2987 me
3740 2935 3817 3007 exis-

2639 3007 3026 3075 posterioribus
3100 3007 3243 3060 timo
3278 3009 3394 3061 Deo
3423 3008 3701 3061 miserante
3720 3016 3815 3068 scrip

2214 3079 2435 3145 scriptis
2483 3079 2808 3143 Augustini,
2840 3080 3024 3131 imme-
3098 3077 3258 3142 sisse,
3321 3094 3441 3133 non
3494 3087 3669 3132 tamen
3693 3087 3815 3145 apei-

2215 3142 2340 3199 rito'
2367 3146 2433 3200 de
2473 3142 2801 3219 Pelagianis
2826 3150 3026 3202 trium-
3098 3149 3349 3203 factione
3398 3150 3644 3219 ccepisse.
3670 3144 3759 3219 Lib.
3784 3142 3816 3191 dt
3868 3162 3869 3219 γ

2210 3219 2432 3286 phasset
2466 3218 2739 3273 Ecclesia.
3099 3220 3255 3273 Dono
3276 3218 3509 3289 persev.,
3530 3234 3638 3287 cap.
3666 3218 3732 3267 21.

2706 3294 2725 3323 '
2960 3308 3154 3362 IDEM.

2286 3394 2493 3448 Contra
2516 3393 2682 3449 istam
2714 3395 2932 3465 (recitat
2962 3395 3118 3450 enim
3141 3396 3437 3451 C(Blestini
3467 3411 3623 3467 papae
3649 3389 3815 3461 elogium

2215 3480 2284 3536 de
2314 3489 2506 3537 sancto
2539 3484 2875 3554 Augustino)
2907 3484 3284 3540 clarissimam
3317 3485 3651 3541 laudationis
3675 3481 3815 3537 tubam.

402 3552 742 3604 sententiam.
826 3552 979 3603 Esset
1038 3556 1217 3603 autem
1289 3550 1481 3613 debas,
1571 3565 1702 3603 cum
1742 3582 1759 3597 .
1793 3550 2101 3617 inveneris,

401 3620 669 3675 ridiculus
726 3622 823 3688 qui
858 3636 921 3673 ea
957 3635 1077 3688 quas
1126 3622 1217 3675 ille
1289 3620 1686 3674 incunctanter
1760 3620 1963 3675 crede:
2041 3621 2104 3675 in

402 3691 540 3745 dicit
576 3692 641 3745 de
666 3689 1014 3757 fallibilitate
1040 3694 1210 3760 scrip-
1283 3690 1405 3745 istis
1438 3695 1649 3758 autem,
1701 3692 1854 3762 quod
1884 3696 2103 3746 certum

403 3766 538 3817 toris
576 3777 682 3815 non
754 3763 1000 3815 canonici
1048 3763 1215 3816 intel—
1288 3778 1404 3815 non
1433 3762 1700 3824 habebas,
1743 3762 1851 3815 nisi
1883 3769 2101 3817 certum

403 3832 620 3900 ligenda
647 3831 848 3885 diceret
874 3847 994 3885 cum
1022 3847 1213 3902 emcep-
1286 3831 1655 3897 intellexeris,
1696 3832 1816 3887 noli
1859 3834 2103 3888 ﬁrmiter

1289 3903 1585 3957 retinere:
1636 3904 1719 3956 ita.
1788 3903 1874 3957 illi
1930 3904 2096 3958 dico:

1289 3974 1417 4028 Noli
1450 3990 1604 4027 meas
1640 3974 1858 4028 litteras
1910 3991 1975 4029 ex
2003 3982 2099 4029 tua

400 4061 673 4133 opinione
704 4063 791 4116 vel
834 4062 1220 4130 contentione,
1261 4063 1361 4118 sed
1408 4078 1476 4117 ex
1515 4061 1708 4116 divina
1736 4062 1979 4117 lectione
2010 4065 2097 4121 vel

398 4150 732 4204 inconcussa
786 4149 1005 4204 ratione
1068 4151 1374 4223 corrigere.
1425 4150 1543 4205 Lib.
1577 4166 1635 4204 ιιι
1668 4151 1733 4204 de
1774 4152 2000 4217 Trinit.,
2037 4154 2095 4207 in

392 4254 669 4308 prooemio.

2213 3576 2409 3625 contra
2444 3572 2613 3626 istam
2659 3572 3025 3627 sacratissimi
3080 3574 3404 3628 testimonii
3438 3574 3738 3644 dignitatem
3754 3583 3816 3619 au-

2212 3659 2308 3714 det
2322 3659 2627 3732 quisquam
2658 3661 2926 3732 maligna:
2947 3663 3446 3733 interpretationis
3469 3675 3703 3717 murmur
3723 3654 3818 3711 emit-

2211 3751 2351 3814 tere,
2380 3753 2437 3802 et
2464 3749 2779 3819 perspicuae
2820 3750 3337 3822 sincerissimmque
3371 3750 3658 3807 sententia:
3680 3746 3813 3801 nubem
3864 3750 3865 3787 ι

2210 3835 2459 3907 obliquae
2476 3837 2865 3909 ambiguitatis
2909 3840 3219 3895 obtendere
3248 3842 3280 3894 Ῡ
3314 3842 3388 3895 Ut
3421 3840 3644 3904 scilicet,
3670 3830 3814 3908 qniaiﬁ

2209 3926 2451 3996 epistola
2496 3944 2658 3998 papae
2697 3928 2976 3982 librorum
3026 3945 3131 4001 pro
3188 3930 3405 4000 quibus
3452 3936 3630 3984 actum
3668 3932 3810 4026 estnon
3861 3952 3864 4026 Α

2208 4030 2509 4084 expressus
2540 4021 2623 4070 est
2670 4017 2895 4086 titulus,
2941 4017 3076 4073 hinc
3123 4033 3216 4071 eos
3270 4023 3549 4089 appareat
3569 4009 3811 4085 nonproba-

2206 4107 2312 4170 tos,
2348 4108 2404 4157 et
2449 4103 2618 4158 istam
2673 4104 2734 4159 in
2779 4111 3037 4159 sanctum
3076 4107 3469 4176 Augustinum
3524 4103 3810 4160 laudationem

2207 4207 2310 4262 pro
2349 4192 2702 4247 anteriorum
2745 4194 3084 4265 scriptorum
3139 4194 3364 4249 meritis
3408 4194 3578 4248 fuisse
3615 4191 3807 4245 collatam

2134 4262 2180 4318 D
2210 4281 2430 4336 Maneat
2452 4282 2641 4351 plane,
2675 4262 2906 4337 maneat
2941 4282 3049 4336 ista
3093 4283 3364 4347 conditio,
3404 4290 3468 4338 ut
3513 4284 3693 4337 horum
3712 4278 3809 4330 libro

2203 4384 2331 4423 rum
2353 4380 2525 4439 (quos
2574 4387 2782 4442 nempe
2821 4378 3137 4442 postremos
3201 4372 3260 4425 in
3320 4373 3563 4426 materia
3602 4371 3662 4423 de
3696 4370 3807 4435 grati!

2204 4458 2474 4527 ediderat)
2526 4459 2748 4513 novitas
2815 4461 3115 4531 repudiata
3167 4460 3451 4527 videatur,
3513 4459 3629 4513 siin
3677 4452 3804 4509 eadem
3856 4492 3857 4531 ἶ

2201 4562 2368 4601 causa
2396 4548 2655 4617 ejusdem
2685 4547 2792 4602 viri
2837 4548 3099 4603 dissentit
3146 4549 3488 4619 antiquitas,
3520 4554 3573 4602 et
3600 4551 3654 4598 ut
3676 4540 3804 4621 inullis

2202 4641 2301 4688 aut
2328 4635 2712 4705 incongruum
2737 4636 3027 4706 judicetur
3069 4638 3221 4708 quoi
3272 4637 3343 4691 ab
3395 4638 3485 4691 his
3530 4651 3645 4706 quae
3683 4636 3805 4685 contr3

2201 4723 2536 4793 Pelagianos
2577 4723 2831 4778 condidit
2873 4724 3171 4779 dissonans
3208 4726 3523 4781 invenitur.
3578 4717 3800 4777 Cenwal-

2201 4810 2321 4873 lat,
2346 4826 2465 4880 cap.
2501 4812 2589 4867 43.

402 3907 545 3958 tione
571 3906 746 3973 ipsius
787 3904 1106 3970 Augustini.

752 4346 807 4399 S.
859 4343 1139 4398 THOMAS
1179 4343 1737 4400 VILLANOVANL'S.

469 4431 744 4485 Ultimum
786 4447 1018 4502 quoque
1080 4431 1299 4501 ingenii
1375 4431 1770 4486 testimonium
1846 4431 1956 4485 hoc
2008 4439 2095 4488 est

395 4519 952 4588 praestantissimum,
983 4522 1132 4591 quod
1164 4520 1244 4574 ita
1276 4520 1581 4590 conspicua
1602 4519 1663 4573 in
1694 4522 1853 4574 tanta
1883 4520 2095 4575 nebula

394 4606 690 4660 veritatem
740 4608 983 4662 intuitus
1012 4616 1097 4663 est
1152 4608 1576 4681 (Augustinus),
1626 4614 1684 4662 et
1732 4607 1813 4662 ita
1860 4624 1986 4663 eam
2032 4609 2093 4664 in

396 4699 550 4749 tanta
603 4696 758 4766 sylva
808 4711 1069 4751 errorum
1136 4698 1417 4765 discussit,
1499 4703 1563 4752 ut
1603 4711 1733 4750 cum
1805 4696 1915 4750 hoc
1970 4695 2092 4767 ipse

391 4784 654 4839 omnium
710 4783 932 4854 primus
985 4785 1279 4851 exstiterit,
1337 4801 1518 4857 usque
1568 4785 1737 4839 hodie
1796 4789 1925 4854 post
1972 4789 2091 4840 tam

389 4871 625 4942 longum
652 4876 879 4942 tempus
925 4870 985 4925 id
1013 4877 1223 4939 teneat,
1257 4872 1316 4926 id
1355 4877 1632 4942 sequatur
1664 4869 1905 4924 Ecclesia
1934 4876 1992 4924 et
2016 4869 2092 4924 ﬁ-

389 4960 481 5016 dei
502 4961 711 5027 schola,
763 4959 920 5031 quod
974 4961 1326 5031 Augustinus
1383 4958 1715 5015 decreverit.
1772 4958 1927 5015 Conc.
1970 4961 1986 5012 l
2023 4957 2089 5012 de

386 5050 443 5104 S.
463 5052 725 5118 August.,
759 5050 818 5103 in
837 5050 962 5118 ﬁne,

1048 5173 1062 5187 .
1133 5138 1352 5192 CXXIV.

2929 4902 3177 4958 CXXVII.

3231 5008 3278 5046 8.
3319 5008 3428 5046 AUC
3440 5006 3662 5046 L'S‘I'INUS.

3154 5079 3442 5151 Quidquid
3495 5082 3593 5151 de),
3615 5081 3709 5130 arte
3755 5070 3801 5151 ξει-

3407 5158 3464 5205 et
3550 5138 3797 5204 disserendi,

2466 5004 2754 5044 CENSORES.

2260 5077 2600 5143 Augustinus
2650 5080 2763 5143 fuit
2828 5079 3013 5132 doctor

2193 5148 2422 5220 perinde
2485 5163 2550 5203 ac
2631 5151 2773 5204 alius
2847 5154 3013 5204 etiam
3085 5152 3297 5220 quendi

644 5242 941 5282 CENSORES.
1448 5241 1489 5278 s.
1550 5237 1907 5277 AUGUSTINUS.
2196 5218 2590 5274 modernorum.
3086 5214 3452 5292 quidquidde
3510 5214 3797 5292 dimensioni'

455 5280 799 5363 Augustinus
858 5280 1195 5363 argumentis
1343 5297 1578 5368 Vitreas
1634 5292 1884 5368 argutias
1939 5297 2085 5368 tuas,
3081 5280 3189 5345 lius
3217 5280 3598 5368 fligararuin,
3669 5292 3711 5339 ei

382 5359 605 5452 Juliani
654 5383 757 5421 non
812 5359 1102 5452 satisfecit.
1133 5369 1196 5421 In
1271 5371 1328 5420 et
1373 5365 1645 5452 fragilia,
1702 5359 1927 5452 quibus
1980 5359 2087 5452 tibi
2463 5396 2738 5452 CXXVI“.
3084 5359 3337 5443 Ψυδίθίδῖ
3420 5369 3475 5416 εί
3509 5364 3792 5452 de,.g‘ff!‘.ff}j

381 5436 633 5489 articulis
686 5425 1057 5492 censuratisa
1113 5454 1196 5492 sa-
1271 5425 1516 5491 multum
1559 5425 1765 5489 videris
1803 5438 2001 5487 acutus
2031 5437 2089 5487 et
2299 5476 2306 5483 .
2463 5425 2738 5452 “‘“m'
3084 5433 3209 5486 sine
3278 5425 3485 5504 magna
3555 5425 3791 5504 diﬂiculliif

380 5520 477 5579 cra
545 5506 811 5579 facultate
876 5509 1193 5579 theologica
1268 5509 1508 5573 nitidus,
1558 5511 2085 5579 argumenta__con-
2465 5535 2758 5573 εεηεοηε,
3083 5504 3243 5579 nullo
3292 5494 3581 5579 hominum
3612 5494 3789 5579 ωάεξξε

3083 5573 3356 5640 intellexi,
3389 5580 3491 5628 etc.
3545 5572 3648 5626 Non
3690 5560 3786 5640 enim

2263 5642 2565 5710 Augustini
2600 5642 2748 5696 dotes
2792 5656 2885 5696 seu
2912 5657 3008 5696 na-
3082 5637 3391 5699 sentiebam
3491 5644 3599 5698 illas
3695 5637 3787 5707 εἶκε

2192 5714 2394 5767 turales
2482 5714 2681 5779 infusa:
2738 5728 2846 5771 non
2893 5716 3005 5780 fue-
3083 5715 3255 5770 etinm
3279 5716 3345 5768 ab
3396 5710 3633 5769 studiosis
3659 5711 3698 5759 et
3732 5712 3782 5751 ω’

1264 5574 1653 5649 ῙτίοεειιηηΙή
1714 5576 1867 5649 ﬁne
1906 5574 2009 5649 lib.
2066 5592 2084 5628 ι

1268 5644 1411 5705 cont:
1472 5648 1679 5704 Julian.
1716 5644 1719 5645 ⁷
1750 5644 2081 5699 Dialectico-

1268 5736 1396 5774 rum
1427 5718 1588 5791 quasi
1632 5717 1838 5789 jaculis
1888 5731 2083 5770 onera-

382 5575 741 5649 Lovaniensi,
817 5582 873 5649 et
944 5575 1188 5649 inquisi-

376 5647 537 5701 tione
601 5646 1001 5702 Vallisoletana
1026 5646 1195 5704 'anno

380 5719 536 5778 1650,
569 5717 750 5774 Martii
788 5719 886 5784 28;
946 5723 1002 5773 et
1044 5721 1193 5791 apud

3854 4514 3858 4736 ί

3850 5002 3853 5207 l
