3908 6180
383 302 487 356 879

1395 296 1949 357 svpanunm‘vn
1992 298 2081 356 AD
2118 298 2444 407 ornus-5s.
2486 274 2875 359 Auuusrlm.

3736 322 3810 371 880

382 429 481 506 est,
510 425 608 494 qui
640 423 849 506 ingenii
875 421 962 506 sui
988 422 1189 491 impetu
1262 424 1374 505 test
1428 420 1577 506 dici?
1623 422 1744 506 Lib.
1788 422 2067 506 _1v“0per.
2111 425 2156 480 A
2189 421 2329 495 ipsis
2360 422 2525 478 divisi
2549 424 2720 480 etiam
2759 425 2829 481 ab
2854 425 2977 497 ipso
3006 424 3242 483 Domino
3270 424 3595 504 dividemur,
3622 436 3713 506 qui
3734 439 3813 494 illis

383 501 442 550 in
480 512 648 551 unum
692 498 843 549 littus
900 498 980 547 ita
1015 505 1192 546 erun-
1264 495 1508 561 imperf.,
1550 500 1738 548 contra
1776 496 2076 560 lulianum,

382 568 540 633 dant,
562 573 622 621 ut
640 568 868 621 alterum
881 580 985 634 pro
1010 566 1193 631 aliquo
1266 580 1386 633 cap.
1419 566 1538 617 H2.

384 645 618 708 tempore
653 642 851 691 siccum
893 637 1195 704 relinquere

380 705 512 763 velle
559 708 878 769 videantur;
943 720 1128 759 verum
1178 708 1321 761 sicut
1373 705 1612 761 Oceanus
1666 711 1954 774 postquam
2022 708 2077 761 in

383 781 628 846 aliquam
671 779 895 846 plagam
951 777 1173 844 effusius
1211 791 1435 847 sparsus
1475 782 1574 844 est,
1624 778 1928 847 inrtimites
1974 778 2081 831 sibi

382 867 416 902 a
447 852 552 903 Deo
590 851 904 903 constitutos
946 848 1275 913 regreditur,
1308 851 1385 901 sic
1428 846 1741 901 istiusmodi
1782 851 1894 901 viri
1926 854 2077 917 post-

382 935 546 988 quam
594 921 650 971 ia
709 918 925 971 rebellis
974 919 1225 974 veritatis
1272 922 1676 988 impugnatores
1730 920 2076 985 insiluerunt,

381 990 455 1043 ad
485 990 838 1058 tranquillam
884 990 1249 1056 aequalitatem
1292 989 1641 1058 mdiﬁcationi
1694 988 1936 1057 ﬁdelium
1980 1006 2077 1044 ac-

380 1061 767 1115 commodatam
794 1059 1037 1114 redeunt.

1100 1131 1364 1185 CXXXIV.

645 1234 936 1272 CENSORI-IS.

451 1290 663 1358 Ingenii
690 1292 868 1343 sancti
896 1290 1054 1343 Pauli
1098 1305 1191 1343 ar-

380 1362 481 1415 dor
516 1363 652 1415 satis
706 1360 969 1427 fervebat,
1024 1365 1084 1414 ut
1138 1363 1193 1414 in

380 1430 653 1493 eiusmodi
678 1433 1043 1499 expressiones
1073 1432 1191 1499 (ex-

380 1503 621 1555 cessivas
708 1503 937 1571 nempe)
1029 1502 1193 1567 facile

381 1574 740 1641 abriperetur.
788 1574 881 1626 Sic
922 1588 1040 1625 cum
1076 1573 1194 1626 vult

382 1644 712 1699 Christianis
755 1643 1036 1696 sublimem
1067 1659 1193 1710 gra-

381 1716 470 1768 tiae
490 1714 829 1782 baptismatis
862 1714 1040 1767 ideam
1070 1721 1193 1766 tra-

380 1785 523 1851 dere,
594 1786 615 1851 ἰ

379 1860 839 1908 conservationem
947 1859 1195 1924 potenter

381 1925 611 1990 hortari,
676 1925 896 1978 videtur
959 1939 1196 1978 asserere

378 1996 711 2064 impossibile
776 2010 886 2050 esse
949 2011 1032 2048 eos
1098 1998 1194 2064 qui

379 2068 561 2134 aliquo
609 2068 833 2120 crimine
879 2067 1023 2135 lapsi
1068 2070 1195 2120 sunt

377 2151 567 2191 rursus
647 2136 720 2189 ad
771 2152 889 2191 eam
953 2139 1197 2190 revocari

371 2223 473 2277 per
517 2210 903 2276 pcenitentiam.
958 2208 1089 2262 Cum
1130 2211 1188 2261 in

377 2280 629 2346 Epistola
685 2278 759 2330 ad
809 2279 1081 2331 Romanos
1121 2281 1187 2346 ﬁ-

377 2349 495 2401 dem
523 2349 754 2413 extollit,
773 2363 928 2402 arma
959 2350 1190 2402 Calvino

594 1786 844 1852 ipsosque
905 1785 980 1837 ad
1044 1786 1207 1837 illius‘

1458 1234 1502 1271 S.
1544 1233 1897 1272 AUGUSTINUS.

1337 1287 1392 1343 Si
1427 1288 1580 1341 enim
1633 1288 1704 1343 ad
1759 1288 2080 1358 Scripturas

1268 1364 1490 1413 sanctas
1547 1360 1795 1413 admissa
1868 1360 2080 1413 fuerint

1264 1430 1421 1484 velut
1466 1430 1715 1483 ofﬁciosa
1763 1428 2077 1495 mendacia,

1266 1501 1402 1571 quid
1473 1501 1533 1553 in
1587 1500 1700 1571 reis
1758 1500 2078 1553 remanebit

1266 1570 1655 1626 auctoritatis?
1676 1570 1813 1635 Quae
1840 1572 2071 1624 tandem

1267 1644 1335 1696 de
1366 1642 1671 1711 Scripturis
1703 1642 1819 1695 illis
1849 1646 2075 1695 senten-

1264 1713 1343 1765 tia
1369 1718 1709 1782 proferetur,
1742 1713 1904 1781 cujus
1940 1728 2081 1781 pon-
2120 1721 2161 1775 Β

1266 1784 1400 1837 dere
1450 1784 1821 1837 contentiosaa
1862 1783 2077 1836 falsita-

1266 1855 1337 1907 tis
1357 1859 1686 1908 conteratur
1702 1854 1780 1906 im
1788 1852 2038 1923 probitas
2050 1854 2078 1906 ?

1268 1924 1471 1978 Statim
1505 1925 1657 1978 enim
1676 1924 2075 1994 utprotuleris,

1267 1995 1312 2048 si
1342 1996 1507 2048 aliter
1553 1994 1701 2064 sapit
1744 1994 1841 2063 qui
1881 2000 2079 2048 contra

1267 2066 1485 2131 nititur,
1538 2066 1676 2119 dicit
1731 2064 1874 2119 illud
1927 2067 2075 2135 quod

1265 2136 1591 2206 prolatum,
1631 2135 1758 2201 erit,
1836 2135 2075 2206 honesto

1261 2205 1456 2277 aliquo
1508 2205 1696 2277 ofﬁcio
1745 2205 2075 2276 scriptorem

1262 2276 1433 2331 fuisse
1456 2276 1805 2330 mentitum?
1834 2279 2011 2346 Epist.
2044 2281 2074 2331 9

1263 2348 1337 2402 ad
1354 2350 1754 2416 Hieronymum.

374 2420 593 2472 videtur
609 2421 925 2472 ministrare
943 2420 1017 2472 ad
1037 2434 1191 2473 suam

377 2491 620 2543 haeresim
644 2490 1049 2555 stabiliendum,
1097 2497 1148 2545 et
1177 2492 1395 2545 videtur
1430 2504 1667 2543 asserere
1713 2504 1811 2557 per
1839 2504 1954 2541 eam
1985 2502 2066 2542 so-

376 2562 483 2614 lam
514 2561 802 2631 quemlibet
840 2563 1065 2615 salvari.
1114 2564 1245 2617 Cum
1281 2577 1404 2614 vero
1433 2563 1492 2613 in
1519 2561 1747 2629 epistola
1774 2560 1849 2612 ad
1878 2561 2075 2613 Corin-

375 2631 516 2685 thios
563 2634 883 2685 charitatem
933 2632 1220 2700 prmdicat,
1273 2632 1487 2685 videtur
1537 2632 1716 2684 omnia
1746 2646 2073 2698 quiscunque

374 2702 440 2755 de
486 2701 593 2770 ﬁde
636 2702 857 2756 dixerat
902 2709 1152 2771 evertere,
1193 2709 1243 2758 et
1280 2718 1486 2757 omnem
1514 2717 1663 2771 spem
1711 2707 1960 2756 nostram
2012 2705 2073 2755 in

373 2788 436 2827 ea
469 2788 685 2843 ponere.

1108 2844 1343 2900 CXXXV.

628 2929 918 2968 CENSORES.
1440 2930 1484 2968 8.
1524 2929 1879 2967 AUGUSTINUS.

442 2985 684 3053 Spiritus
729 2987 888 3040 Pauli
929 2985 1183 3041 sublimis

370 3060 421 3109 et
449 3071 571 3109 acer
598 3058 657 3109 in
682 3062 895 3125 partem
930 3059 990 3109 in
1019 3072 1182 3126 quam

370 3129 601 3180 inclinat
696 3130 778 3179 ita
856 3128 1186 3180 vehementer

369 3201 570 3263 fertur,
600 3201 663 3250 ut
716 3200 775 3250 in
812 3203 1055 3251 extrema
1084 3198 1185 3251 de-

369 3267 592 3333 clinare,
636 3268 969 3335 alterumque
1009 3274 1187 3322 emtre-

376 3352 521 3391 mum
548 3352 745 3404 negare
768 3338 1039 3393 videatur.

1256 3071 1386 3109 rum
1443 3055 1674 3125 aperiri,
1734 3055 1862 3125 quis
1912 3070 2067 3108 sacer

1258 3126 1400 3179 liber
1448 3125 1644 3186 evolvi,
1696 3125 1849 3195 quod
1893 3125 2066 3179 docu-

1257 3202 1511 3250 mentum
1580 3195 1883 3265 cujuslibet
1926 3196 2069 3251 Scri-

1256 3273 1441 3336 pturm
1508 3265 1580 3319 ad
1653 3266 2068 3321 convincendos

1258 3353 1477 3417 errores
1538 3337 1692 3417 exeri
1745 3341 1951 3417 potest,
2020 3337 2066 3417 si

1258 3408 1380 3461 haec
1433 3422 1534 3460 vox
1605 3406 1948 3475 admittitur,
2020 3408 2067 3461 si

373 3477 612 3547 alicujus
649 3476 921 3547 ponderis
950 3477 1304 3532 aestimatur?
1342 3477 1457 3532 Lib.
1487 3492 1543 3530 χι
1599 3483 1737 3531 cont.
1784 3480 2062 3546 Faustum,

371 3564 492 3603 can.
527 3551 580 3603 2.

433 3564 492 3617 θ’
529 3564 580 3603 ι’
968 3619 1024 3673 s.
1068 3619 1473 3675 RHEMIGIUS.

440 3707 692 3763 Graviter
715 3708 960 3778 perculsi
991 3713 1049 3762 et
1078 3708 1301 3763 confusi
1331 3707 1524 3761 animo
1557 3706 1803 3761 vidimus
1851 3706 1910 3760 in
1958 3706 2065 3775 eis,

372 3801 429 3851 et
450 3795 759 3867 Scriptura:
791 3801 998 3851 sanctae
1032 3796 1406 3851 certissimam
1434 3795 1770 3864 ,veritatem,
1828 3801 1886 3849 et
1938 3795 2066 3851 bea-

371 3885 725 3940 tissimorum
774 3886 1027 3949 Patrum,
1075 3885 1478 3956 praecipueque
1541 3883 1720 3937 sancti
1760 3883 2064 3954 Augustini

370 3974 739 4029 reverendam
768 3980 823 4029 et
851 3976 911 4029 in
941 3975 1100 4029 omni
1131 3973 1379 4029 Ecclesia
1427 3972 1708 4028 catholica
1735 3972 2063 4044 receptissi-

369 4078 524 4116 mam
551 4061 943 4117 auctoritatem
975 4077 1119 4115 novo
1156 4066 1365 4115 conatu
1393 4066 1451 4115 et
1496 4075 1634 4114 ausu
1666 4059 1837 4114 nimis
1882 4065 2062 4114 teme-

366 4150 516 4205 rario
545 4150 896 4221 impugnari,
920 4154 976 4203 et
1004 4153 1285 4220 quantum
1327 4149 1390 4203 in
1418 4149 1556 4219 ipsis
1604 4148 1716 4203 fuit
1741 4144 2060 4218 improvide

364 4246 538 4311 atque
568 4238 878 4293 insolenter
914 4236 1259 4292 labefactari.
1295 4237 1453 4292 Unde
1480 4237 1603 4308 ipsa
1626 4236 1901 4290 cbaritate
1931 4252 2057 4307 pro-

365 4327 545 4381 vocati
576 4333 631 4381 et
654 4327 1010 4394 commoniti,
1039 4343 1144 4397 per
1173 4342 1346 4398 quam
1366 4326 1426 4380 in
1453 4342 1569 4380 uno
1593 4325 1798 4381 Christi
1823 4341 2061 4396 corpore

364 4431 562 4469 omnes
591 4431 772 4470 unum
798 4431 919 4469 esse
948 4415 1242 4481 debemus,
1266 4418 1348 4480 ut,
1382 4413 1529 4468 sicut
1557 4414 1859 4484 Apostolus
1889 4413 2055 4469 dicit:

362 4505 593 4557 Invicem
620 4519 722 4572 pro
759 4518 814 4557 se
832 4504 1067 4558 sollicita
1112 4505 1224 4557 sint
1258 4502 1517 4569 membra,
1558 4506 1609 4556 et
1636 4504 1750 4555 sive
1786 4501 2057 4570 gloriatur

364 4608 528 4646 unum
564 4592 877 4658 membrum,
909 4590 1282 4659 congaudeant
1306 4592 1488 4644 omnia
1529 4589 1791 4658 membra,
1846 4594 1895 4642 ct
1940 4591 2057 4644 sive

360 4681 497 4749 quid
563 4683 780 4750 patitur
824 4696 990 4735 unum
1051 4681 1366 4748 membrum,
1417 4683 1818 4751 compatiantur
1873 4683 2055 4735 omnia

357 4770 595 4825 membra
618 4771 655 4840 (l
695 4770 813 4825 Cor.
871 4786 971 4840 xu,
1000 4770 1120 4840 26);
1153 4770 1278 4839 hac,
1310 4771 1569 4842 inquam,
1623 4769 1915 4825 charitatis
1968 4769 2050 4823 af-

356 4858 601 4913 fectione
633 4858 816 4912 visum
846 4863 931 4912 est
977 4856 1141 4912 nobis
1197 4865 1366 4929 atque
1413 4859 1777 4930 complacuit,
1828 4865 1893 4912 ut
1929 4859 2052 4913 haec

357 4948 778 5019 qualiacunque
809 4957 942 5001 sunt
993 4952 1048 5001 et
1100 4946 1173 5001 ad
1221 4947 1728 5002 commonitionem
1771 4951 2047 5010 nostram,

355 5042 414 5091 et
463 5036 532 5096 ad
564 5052 767 5090 eorum
819 5035 917 5106 qui
967 5036 1157 5105 legere
1187 5035 1473 5090 voluerint
1510 5035 1948 5091 aediﬁcationem
1995 5040 2051 5089 et

352 5124 848 5179 confirmationem
866 5123 1298 5194 compendiose,
1331 5123 1519 5178 lucido
1550 5122 1743 5193 (prout
1772 5122 2047 5188 Dominus

351 5212 602 5281 aspirare
660 5213 948 5284 dignatur)
997 5227 1261 5266 sermone
1302 5211 1712 5279 scriberemus;
1766 5210 2044 5281 quidquid

348 5298 409 5352 in
429 5315 494 5352 eo
525 5299 833 5356 dicendum
869 5299 1197 5372 putavimus
1220 5314 1337 5353 non
1359 5305 1555 5353 nostro
1576 5316 1743 5353 sensu
1775 5303 1874 5353 aut
1892 5314 2045 5370 prae-

348 5387 694 5457 sumptione,
737 5390 833 5444 sed
872 5389 1245 5460 praefatorum
1300 5392 1625 5442 sanctorum
1671 5390 1901 5442 Patrum
1956 5398 2045 5442 ve-

345 5475 587 5529 nerabili
617 5478 949 5531 auctoritate
984 5478 1299 5542 firmantes,
1324 5491 1358 5529 a
1386 5491 1633 5546 quorum
1685 5475 1937 5545 vestigiis
1986 5479 2042 5529 et

341 5563 561 5617 unitate
591 5563 736 5618 absit
783 5569 845 5618 ut
896 5566 983 5618 vel
1017 5580 1140 5631 nos,
1182 5564 1266 5618 vel
1326 5563 1413 5618 illi
1466 5579 1712 5634 quorum
1766 5562 2041 5617 charitate

341 5650 621 5723 compulsi
667 5651 789 5706 haec
834 5652 1097 5723 dicimus,
1139 5653 1420 5708 ullatenus
1460 5651 1810 5720 recedamus,
1843 5668 1914 5707 ne
1971 5651 2041 5707 ab

2190 512 2511 583 specialiter
2532 513 2698 568 dicit:
2726 516 2851 585 ⁸ριιί
2884 531 2976 570 vos
3005 516 3163 571 audit
3192 533 3268 571 me
3323 518 3492 586 audit,
3539 528 3585 575 et
3630 531 3715 591 qui
3749 544 3813 581 vos

2187 603 2396 671 spernit
2424 618 2505 656 me
2531 605 2741 672 spernit
2770 604 2928 668 (Luc.
2970 620 3022 668 ιι,
3063 607 3169 675 l6).
3217 607 3362 669 Quos
3391 608 3651 668 nimirum
3680 619 3816 669 tanta:

2189 689 2250 743 in
2276 689 2518 745 Ecclesia
2546 707 2645 745 sua
2674 708 2794 746 esse
2838 693 3014 747 voluit
3043 694 3242 765 gratia:
3271 699 3327 749 et
3377 698 3581 766 glorias,
3615 706 3673 752 ut
3712 719 3818 756 con-

2187 778 2431 833 ﬁdenter
2478 795 2607 833 cum
2663 782 2933 851 Apostolo
2989 782 3175 836 dicere
3229 784 3472 852 possint:
3526 788 3706 856 Itaque
3746 797 3817 859 qui

2187 868 2296 921 haec
2319 871 2527 936 spernit
2545 883 2651 922 non
2680 869 2942 924 hominem
2964 873 3191 940 spernit,
3219 872 3311 925 sed
3358 875 3539 941 Deum,
3569 880 3658 943 qui
3690 882 3818 933 etiam

2186 953 2628 1024 deditSpiritum
2656 971 2812 1011 suum
2859 962 3103 1013 sanctum
3153 961 3213 1013 in
3251 960 3398 1014 vobis
3453 963 3509 1031 (Ι
3560 964 3719 1019 Thess.
3765 984 3819 1032 ιν,

2187 1044 2261 1112 8),
2294 1049 2393 1098 etc.
2435 1044 2554 1098 Lib.
2589 1044 2659 1099 de
2688 1047 2918 1101 tenend.
2950 1046 3111 1101 verit.
3142 1047 3379 1118 Script.,
3415 1065 3533 1121 cap.
3566 1053 3615 1105 4.

2660 1186 2714 1240 S.
2756 1187 2818 1242 P.
2862 1188 2926 1241 N.
2969 1186 3418 1244 AUGUSTINUS.

2263 1318 2373 1371 Nos
2405 1317 2657 1389 quidem,
2709 1319 3046 1386 cbarissimi,
3094 1337 3223 1375 cum
3262 1321 3401 1375 falsa
3430 1322 3655 1378 crimina
3695 1326 3821 1380 audi-

2188 1422 2316 1459 mus
2345 1406 2414 1459 ab
2445 1407 2523 1460 eis
2555 1423 2698 1479 quos
2727 1408 3073 1463 oll'endimus
3122 1410 3470 1479 praedicandi
3515 1413 3719 1484 eloquia
3752 1431 3821 1468 ve-

2187 1493 2391 1563 ritatis,
2422 1499 2479 1549 et
2514 1496 2722 1549 erroris
2771 1497 3099 1568 vaniloquia
3126 1499 3527 1566 convincendo,
3577 1500 3821 1567 habemus,

2187 1582 2333 1636 sicut
2380 1583 2579 1654 nostis,
2627 1586 3176 1640 abundantissimam
3234 1589 3683 1643 consolationem.
3712 1592 3819 1645 Nam

2190 1670 2236 1723 si
2266 1671 2327 1724 in
2366 1672 2446 1726 eis
2494 1673 2703 1744 quibus
2753 1690 2843 1728 me
2900 1674 3278 1729 criminantur
3333 1676 3697 1732 testimonium
3732 1696 3825 1732 con-

2189 1760 2441 1815 scientia:
2472 1777 2615 1816 mete
2647 1779 2763 1817 non
2794 1768 2904 1817 stat
2949 1768 3147 1817 contra
3197 1780 3290 1818 me
3314 1764 3377 1819 in
3404 1773 3682 1836 conspectu
3732 1768 3824 1836 Dei,

2190 1865 2306 1919 quo
2351 1849 2543 1904 nullus
2597 1852 2795 1905 oculus
2852 1853 3108 1906 mortalis
3145 1853 3484 1922 intenditur,
3524 1871 3630 1908 non
3679 1856 3820 1909 solum

2188 1935 2513 1990 contristari
2581 1953 2695 1991 non
2753 1938 2954 2007 debeo,
3018 1956 3213 1993 verum
3281 1941 3455 1995 etiam
3516 1942 3735 2013 gaudere
3784 1948 3824 1995 et

2189 2025 2491 2089 exsultare,
2525 2026 2661 2095 quia
2691 2042 3074 2081 mercesmea
3104 2028 3289 2082 multa
3331 2035 3419 2083 est
3447 2030 3506 2083 in
3550 2030 3709 2084 caelis.
3752 2032 3820 2084 Ne

2187 2128 2297 2182 que
2318 2113 2469 2166 enim
2498 2112 2838 2168 intuendum
2871 2118 2955 2169 est
2974 2131 3147 2186 quam
3178 2116 3252 2170 sit
3276 2132 3553 2185 amarum,
3574 2118 3662 2172 sed
3690 2134 3819 2189 quam

2184 2200 2389 2254 falsum
2420 2200 2493 2254 sit
2522 2202 2671 2272 quod
2705 2202 2894 2270 audio,
2928 2208 2985 2258 et
3015 2220 3188 2275 quam
3233 2221 3408 2259 verax
3434 2221 3535 2276 pro
3571 2206 3713 2275 cujus
3753 2222 3821 2258 no-

2183 2288 2339 2342 mine
2369 2289 2488 2342 bsec
2542 2289 2713 2343 audio
2772 2291 2911 2358 (Lib.
2946 2307 3004 2344 ιιι
3059 2295 3197 2346 cont.
3264 2294 3372 2347 litt.
3425 2294 3700 2360 Petiliani).
3729 2294 3820 2346 Haec

2184 2377 2381 2447 utique
2412 2376 2551 2431 falsa
2577 2382 2727 2440 sunt,
2764 2385 2819 2432 et
2844 2379 2972 2433 ideo
2999 2380 3164 2434 nobis
3205 2380 3353 2434 nihil
3385 2380 3606 2449 obsunt,
3635 2397 3744 2435 cum
3774 2397 3819 2433 ea

2180 2464 2321 2518 falsa
2350 2465 2536 2519 dicitis
2565 2482 2670 2519 nec
2708 2466 2991 2537 respicitis
3023 2484 3156 2534 vos;
3213 2469 3378 2523 vobis
3405 2475 3589 2524 autem
3641 2470 3815 2533 obsunt,

2180 2553 2318 2623 quia
2337 2570 2465 2607 cum
2481 2570 2547 2608 ea
2567 2554 2709 2609 falsa
2726 2554 2928 2622 dicitis,
2951 2556 3009 2610 in
3030 2573 3134 2611 nos
3155 2573 3275 2610 non
3301 2558 3529 2625 cadunt,
3548 2558 3637 2612 sed
3658 2558 3817 2629 quiaea

2179 2658 2313 2696 vera
2345 2642 2577 2713 putatis,
2616 2643 2679 2697 in
2705 2660 2803 2697 vos
2833 2644 3093 2699 recidunt
3144 2646 3291 2713 (Lib.
3352 2663 3390 2701 ιι
3441 2652 3573 2701 cont.
3612 2647 3815 2709 eumdem,

2180 2745 2299 2799 cap.
2348 2733 2460 2801 33).
2511 2731 2594 2785 Ad
2647 2731 3127 2787 existimationem
3194 2733 3502 2788 hominum
3547 2750 3731 2805 magna
3766 2739 3817 2785 te-

2180 2819 2352 2873 stium
2380 2819 2479 2890 qui
2511 2835 2601 2874 me
2657 2827 2942 2875 noverunt
2971 2822 3223 2893 suppetit
3252 2822 3441 2893 copia,
3467 2823 3545 2894 {ad
3599 2824 3682 2876 Dei
3724 2837 3817 2874 vero

2175 2913 2543 2978 conspectum
2602 2909 2727 2962 sola
2782 2909 3150 2978 conscientia,
3193 2926 3369 2981 quam
3419 2917 3607 2965 contra
3655 2916 3816 2963 vestras

1328 2986 1465 3046 Quae
1518 2985 1829 3065 auctoritas
1853 2984 2069 3038 littera-
2096 3007 2137 3063 ε
2177 2995 2605 3051 criminationes
2635 3013 2766 3051 cum
2797 2997 3141 3069 intrepidam
3164 3014 3389 3069 geram,
3418 3016 3532 3054 non
3564 3015 3648 3053 me
3672 3004 3815 3052 tamen

2178 3084 2282 3139 sub
2307 3084 2482 3138 oculis
2512 3085 2936 3156 Omnipotentis
2973 3086 3295 3157 justiﬁcare
3333 3088 3536 3155 audeo,
3581 3086 3736 3158 magis
3764 3084 3811 3138 ab

2177 3173 2276 3227 illo
2306 3174 2635 3229 effluentem
2675 3175 3075 3230 misericordiae
3131 3177 3483 3247 largitatem,
3532 3193 3687 3247 quam
3706 3175 3815 3245 judi-

2176 3261 2249 3315 cii
2282 3278 2572 3317 summum
2603 3278 2843 3318 examen
2871 3268 3134 3335 exspecto
3165 3266 3308 3336 (Lib.
3341 3281 3400 3319 ιιι
3424 3271 3569 3320 'cont.
3601 3266 3811 3328 Crescat,

2175 3363 2295 3418 cap.
2328 3350 2436 3420 80).
2463 3350 2611 3404 Dicis
2631 3367 2744 3418 me,
2777 3351 2824 3405 si
2858 3352 2963 3407 sub
2994 3358 3278 3424 potestate
3321 3353 3597 3423 judicium
3647 3366 3814 3424 preme-

2175 3452 2287 3504 rer,
2322 3438 2520 3509 quales
2548 3439 2651 3494 tibi
2678 3439 2790 3511 ipsi
2819 3440 3135 3511 componis.
3179 3458 3302 3496 non
3342 3443 3659 3498 habiturum
3683 3440 3813 3494 fuisse

2175 3526 2313 3596 quid
2342 3526 2607 3594 facerem,
2656 3544 2770 3599 quo
2826 3528 3217 3599 confugerem,
3273 3546 3407 3585 cum
3432 3531 3543 3586 tuis
3566 3543 3813 3600 argumeno

2174 3615 2487 3669 tationibus
2534 3617 2682 3671 unde
2730 3634 3109 3686 occurrerem,
3139 3620 3399 3689 reperire
3455 3635 3567 3673 non
3603 3631 3806 3690 possem.

2176 3701 2292 3771 Ego
2348 3702 2519 3773 plane
2569 3705 2839 3759 haberem
2894 3707 3048 3776 quod
3104 3707 3375 3777 facerem,
3436 3708 3688 3763 haberem
3727 3719 3811 3775 quo

2173 3789 2541 3860 confugerem
2562 3812 2583 3858 ,-
2614 3809 2647 3846 a
2668 3793 2987 3865 Pelagianis
3016 3795 3172 3849 enim
3200 3797 3453 3852 tenebris
3491 3798 3558 3852 ad
3586 3799 3693 3851 hinc
3726 3800 3809 3847 tam

2173 3877 2325 3931 clara
2352 3879 2630 3934 catholica
2666 3881 2886 3936 lumina
2943 3899 3337 3954 provocarem,
3397 3885 3547 3957 quod
3600 3890 3652 3939 et
3698 3894 3809 3935 nunc

2166 3965 2290 4035 jam
2338 3966 2503 4021 facio.
2559 3968 2640 4021 Tu
2679 3984 2817 4038 ergo
2868 3970 3148 4040 responde
3188 3972 3331 4042 quid
3382 3972 3571 4039 facias,
3605 3972 3683 4025 dic
3724 3983 3806 4038 quo

2172 4053 2466 4125 confugias
2499 4056 2635 4125 (Lib.
2683 4072 2722 4109 ιι
2763 4062 2901 4112 cont.
2958 4059 3091 4125 Jul.,
3136 4075 3259 4129 cap.
3311 4062 3439 4130 ult.)
3498 4062 3603 4116 Nec
3628 4074 3711 4114 eos
3733 4054 3807 4127 qui

2172 4157 2470 4213 nunquam
2502 4143 2754 4211 fuerunt,
2787 4150 2886 4199 aut
2915 4162 3031 4200 non
3055 4153 3208 4217 sunt,
3241 4154 3343 4203 aut
3370 4165 3609 4220 quorum
3634 4152 3803 4200 senteu-
3872 4180 3873 4265 ι

2172 4231 2264 4265 Hm
2297 4234 2366 4265 Aa
2432 4234 2537 4265 ιυυ.
2570 4234 2719 4265 ηηηΑ
2753 4235 2903 4265 ἔνιοι...
2928 4252 3031 4265 an-
3082 4237 3410 4265 A:--..5..i.-..
3458 4240 3669 4265 :........t...
3707 4238 3806 4265 “m0

2170 4231 2265 4287 tia:
2296 4234 2367 4287 de
2431 4234 2539 4289 hoc
2569 4234 2723 4306 quod
2752 4235 2903 4290 inter
2928 4252 3033 4291 nos
3080 4237 3410 4309 disputatur
3456 4240 3671 4294 incerta:
3706 4238 3807 4289 sunt

2168 4320 2328 4376 inani
2356 4323 2702 4393 cogitatione
2732 4324 3004 4394 confinxi,
3032 4327 3132 4381 sed
3183 4333 3409 4383 sanctos
3448 4336 3504 4383 et
3551 4329 3608 4382 in
3658 4329 3805 4380 sancta

2171 4411 2412 4465 Ecclesia
2462 4412 2711 4467 illustres
2758 4414 3056 4480 antistites,
3122 4415 3223 4469 Dei
3273 4432 3397 4471 non
3452 4414 3725 4471 Platonicis
3764 4416 3805 4463 et
3870 4472 3871 4477 η

2164 4499 2556 4565 Aristotelicis,
2589 4507 2646 4555 et
2675 4501 2989 4569 Zenonicis,
3031 4503 3271 4575 aliisque
3330 4504 3706 4576 hujuscemodi
3741 4497 3801 4552 vel

2166 4588 2394 4656 Graecis,
2412 4589 2501 4643 vel
2533 4589 2763 4656 Latinis,
2787 4606 3119 4661 quanquam
3148 4599 3205 4646 et
3234 4593 3358 4647 istis
3387 4593 3601 4665 aliquos
3628 4604 3802 4651 eorum,

2164 4691 2361 4731 verum
2419 4694 2617 4732 omnes
2674 4677 2846 4731 sacris
2911 4679 3118 4733 litteris
3187 4682 3460 4751 eruditos,
3516 4677 3802 4737 nominatim
3868 4666 3869 4739 l

2164 4762 2309 4818 sicut
2338 4765 2637 4834 oportebat
2664 4766 3280 4841 expressi,_eorumque
3314 4770 3633 4835 sententias,
3669 4780 3803 4838 quan-

2161 4856 2285 4907 tum
2314 4853 2575 4909 sufficere
2598 4854 2914 4924 videbatur,
2942 4857 3064 4911 sine
3097 4859 3215 4912 ulla
3254 4859 3437 4914 editas
3483 4856 3801 4928 ambiguitate

2161 4942 2366 4975 Αἴτναααί
2409 4942 2553 4975 (Ibid
2653 4959 2753 4975 nam
2837 4946 2917 4975 1m
3000 4945 3053 4975 οι
3109 4946 3444 4975 -“:-..A..-l:-
3496 4946 3712 4975 -nnnAn.
3750 4954 3798 4975 nt

2161 4942 2372 5013 digessi
2409 4942 2594 5012 (lbid.,
2652 4959 2774 5013 cap.
2837 4946 2939 5013 10).
2999 4945 3058 5001 Si
3107 4946 3447 5017 episcopalis
3496 4946 3714 5018 synodus
3749 4954 3799 4993 ex

2158 5035 2281 5084 toto
2312 5031 2450 5085 orbe
2476 5037 2945 5104 congregaretur,
2979 5034 3193 5089 mirum
3225 5036 3274 5090 si
3303 5038 3444 5090 tales
3471 5036 3685 5107 possent
3709 5028 3798 5083 illic

2156 5118 2320 5173 facile
2353 5119 2552 5173 sedere
2580 5125 2685 5189 tot,
2717 5121 2854 5191 quia
2882 5138 2987 5177 nec
3020 5123 3114 5177 isti
3146 5140 3257 5178 uno
3287 5134 3540 5195 tempore
3588 5121 3793 5176 fuerunt.
3864 5164 3865 5211 ι

2157 5207 2269 5263 Sed
2314 5208 2512 5264 ﬁdeles
2552 5214 2610 5264 et
2637 5210 2832 5266 multis
2860 5213 3285 5268 excellentiores
3322 5229 3527 5287 paucos
3555 5211 3795 5280 dispeuse

2154 5301 2306 5352 tores
2331 5314 2463 5352 suos
2489 5299 2639 5353 Deus
2667 5315 2772 5370 per
2828 5300 3077 5356 diversas
3123 5308 3338 5373 aetates,
3389 5313 3687 5371 temporum
3726 5296 3792 5347 lo-

2154 5401 2467 5457 corumque
2510 5386 2827 5458 distantias,
2858 5390 3001 5444 sicut
3040 5392 3090 5445 ei
3134 5392 3340 5462 placet,
3370 5396 3535 5460 atque
3567 5384 3790 5457 expedire
3862 5442 3863 5445 η

2145 5472 2381 5543 indicat,
2413 5474 2535 5544 ipse
2566 5473 2877 5545 dispensat.
2907 5476 3018 5530 Hos
3052 5476 3244 5549 itaque
3274 5478 3344 5532 de
3369 5477 3489 5531 aliis
3511 5479 3666 5543 atque
3689 5467 3788 5523 aliis

2150 5562 2506 5632 temporibus
2530 5567 2703 5633 atque
2732 5564 3064 5634 regionibus
3085 5566 3156 5621 ab
3185 5565 3410 5621 Oriente
3448 5569 3501 5618 et
3529 5558 3785 5618 Occidente

2148 5655 2523 5722 congregatos
2536 5650 2712 5714 vides,
2735 5652 2924 5708 nonin
2951 5653 3138 5709 locum
3150 5670 3261 5726 quo
3276 5654 3532 5724 navigare
3551 5649 3785 5719 cogantur
3860 5670 3861 5685 ι
