3914 6186
105 301 203 351 917
573 305 576 307 ’
871 283 1266 354 VERITABLE
1305 297 1480 355 CLEF‘
1524 302 1654 357 DES
1691 301 2060 358 OUVRAGES
2099 304 2188 358 DE
2227 303 2428 358 SAINT
2466 301 2826 358 AUGUSTIN.
3496 309 3598 362 9l8

96 419 894 497 veritablegnent‘justiﬁante.
943 422 1293 497 (Credendum
1331 427 1409 478 est
1442 424 1705 497 quosdam
1727 423 1862 478 deA
1902 425 2001 497 des
2053 426 2426 497 catholiques,
2475 429 2558 479 est
2609 425 2978 481 inamissible.
3046 427 3116 481 Le
3165 428 3312 483 saint
3361 430 3596 486 docteur

94 494 222 567 ﬁliis
250 492 571 567 perditionis
614 507 719 545 non
769 493 1148 567 acceptoidono
1192 496 1578 562 perseverandi
1618 511 1786 564 usque
1897 496 1990 567 n’a
2022 495 2145 549 rien
2174 492 2399 549 insihué
2431 497 2530 567 qui
2563 497 2844 567 approche
2876 498 2925 551 le
2958 498 3145 552 moins
3175 500 3251 552 du
3284 503 3489 555 monde
3517 504 3591 556 du

97 567 152 615 in
180 565 353 636 ﬁnem,
387 565 443 614 in
488 563 632 636 ﬁde,»
662 579 779 631 quas
807 579 904 636 per
937 563 1279 636 dilectionem
1317 571 1587 632 operatur,
1645 563 1782 620 inci-
1897 566 2102 635 dogme
2132 563 2500 621 monstrueux
2538 563 2615 620 de
2637 563 2691 621 la
2734 569 3054 636 possession
3087 569 3426 624 inaliénahle
3445 573 3511 625 de
3541 574 3595 627 16

96 650 212 702 pere
251 635 446 698 vivere,
483 641 534 686 et
578 634 874 700 aliquando
917 632 1153 703 ﬁdeliter
1191 650 1252 688 ac
1293 637 1441 703 juste
1478 639 1672 701 virere,
1734 642 1786 690 et

93 708 269 772 postea
297 704 504 767 cadere,
558 719 726 771 neque
778 705 843 757 de
885 706 983 757 hac
1027 707 1160 771 vita,
1193 708 1515 774 priusquam
1565 709 1658 760 hoc
1707 709 1782 760 eis

94 777 380 840 contingat,
411 777 624 840 auferri
666 774 810 844 (Lib.
855 775 920 826 de
953 777 1192 844 Corrept.
1234 781 1284 829 et
1307 781 1511 842 gratia,
1535 793 1654 845 cap.
1694 781 1779 843 13,

91 848 279 901 71.40).
316 847 378 896 Et
421 845 662 910 ensuite,
716 848 969 898 Gratiam
1014 849 1110 900 Dei
1137 849 1460 915 suscipiunt,
1513 850 1607 901 sed
1650 853 1782 903 tem-

85 916 299 984 porales
330 921 475 978 sunt,
515 931 606 968 nec
649 922 993 983 perseverant
1025 933 1038 981 ;
1099 917 1347 971 dese-runt
1384 923 1433 971 et
1462 918 1781 972 deseruntur

86 987 275 1054 (Ibid,
316 1003 371 1040 η.
441 989 553 1053 42).
609 987 665 1039 Si
710 987 1014 1040 Jansenius
1066 1003 1137 1040 ne
1190 1004 1364 1057 pense
1410 1004 1512 1056 pas
1559 1005 1778 1042 comme

89 1058 297 1118 Calvin,
334 1073 444 1127 que
473 1058 551 1110 les
580 1059 886 1126 réprouvés
917 1061 1046 1110 sont
1075 1058 1396 1127 incapables
1427 1059 1496 1111 de
1528 1061 1781 1112 recevoir

89 1144 304 1181 aucune
340 1129 503 1198 graice
548 1132 918 1197 proprement
965 1129 1101 1194 dite,
1163 1129 1504 1182 c’est-ii-dire
1560 1130 1660 1199 qui
1701 1131 1779 1183 les

82 1198 316 1266 justilie,
355 1199 392 1251 il
425 1199 708 1251 contredit
753 1199 902 1250 saint
932 1199 1219 1267 Augustin
1267 1216 1337 1252 en
1382 1215 1459 1252 un
1490 1198 1670 1268 point,
1705 1202 1780 1254 ou

87 1269 278 1322 Calvin
303 1285 373 1323 ne
396 1269 668 1337 s’éloigne
699 1285 799 1337 pas
829 1269 897 1322 de
929 1269 982 1321 la
1009 1272 1217 1338 pensée
1241 1269 1316 1323 du
1343 1270 1491 1322 saint
1520 1271 1774 1335 docteur,

88 1340 272 1408 lequel
305 1341 573 1407 enseign'e
623 1340 1006 1393 evidemment
1041 1356 1152 1410 que
1197 1341 1246 1393 le
1292 1356 1517 1394 secours
1547 1357 1651 1410 quo
1696 1348 1780 1395 est

85 1427 292 1479 propro
318 1412 415 1464 des
450 1411 601 1464 seuls
648 1410 1024 1479 prédestinés.

155 1482 215 1534 Je
248 1481 434 1550 passai
482 1484 514 1532 6
537 1496 648 1533 une
695 1487 854 1533 autre
901 1480 1342 1544 consideration,
1377 1485 1434 1535 et
1467 1482 1524 1551 je
1557 1483 1778 1536 trouvai

82 1567 194 1620 que
213 1553 360 1604 saint
390 1551 669 1619 Augustin
700 1554 790 1604 n’a
820 1551 944 1604 rien
975 1552 1120 1604 omis
1142 1568 1289 1621 ponr
1314 1552 1451 1606 faire
1478 1554 1778 1606 concevoir

79 1626 113 1673 6
158 1637 245 1674 ses
285 1624 525 1675 lecteurs
562 1639 671 1692 que
716 1623 796 1676 les
842 1638 1068 1675 secours
1109 1639 1212 1690 quo
1260 1629 1316 1676 et
1361 1627 1478 1678 sine
1519 1639 1620 1691 quo
1671 1640 1776 1677 non

1889 637 2092 710 justice
2131 643 2188 690 et
2233 639 2302 691 de
2335 639 2389 692 la
2439 639 2605 710 gralce
2642 639 3016 710 sanctiﬁante,
3064 656 3174 710 que
3227 642 3494 710 l’impiété
3522 644 3590 697 de

1895 708 2088 782 Qalvin
2109 723 2443 782 assureaux
2474 709 2844 782 prédestinés,
2860 715 2915 763 et
2936 708 3176 782 qu’ilﬁne
3209 708 3400 782 rougit
3425 713 3591 782 point

1892 777 1961 854 de
1984 778 2449 854 joindreal’etat
2477 779 2552 831 du
2595 779 2789 854 crime,
2829 777 3024 854 quand
3055 782 3134 834 les
3174 777 3526 854 prédéstinés
3555 802 3591 854 y

1895 849 2175 922 tombent.
2199 848 2357 902 Saint
2385 850 2688 922 Augustin,
2719 866 2790 902 au
2814 848 3110 914 contraire,
3145 848 3413 922 enseigne
3439 848 3588 908 non;

1891 920 2209 991 seulement
2251 934 2385 991 que
2447 920 2534 991 Ales
2576 920 2757 988 justes
2783 927 3033 990 peuvent
3081 939 3153 975 en
3211 920 3462 991 pécliant
3491 925 3588 978 (16-

1891 990 2082 1063 clieoir
2125 991 2216 1063 (16Δ
2249 989 2495 1063 1’616ῐῄ(16
2535 991 2585 1042 16
2616 989 2803 1063 grece,
2839 992 2980 1044 meis
3020 989 3229 1063 encore
3276 990 3444 1063 qu’ils
3483 997 3582 1063 pe-

1890 1060 2443 1134 clientquelquefois
2476 1061 2925 1134 mortellement,
2951 1068 3006 1134 et
3037 1060 3462 1132 qu’ilsperdent
3483 1060 3588 1134 par

1888 1131 1941 1183 16
1972 1132 2148 1199 peché
2179 1133 2380 1184 mortel
2406 1132 2458 1184 la
2490 1131 2656 1200 graec
2681 1136 2738 1184 et
2779 1131 3012 1185 l’amit-ié
3053 1131 3121 1186 de
3166 1131 3323 1198 Dieu,
3365 1131 3584 1189 com—me

1890 1217 1991 1254 nos
2022 1203 2483 1255 controversistes
2529 1202 2671 1254 l’ont
2702 1202 3002 1255 démontré
3054 1219 3158 1272 par
3186 1220 3299 1258 une
3329 1205 3484 1259 foule
3515 1207 3585 1260 de

1889 1272 2300 1342 témoignages.

1961 1343 2105 1395 C’est
2133 1342 2436 1413 pourquoi,
2471 1342 2660 1412 quand
2695 1342 2732 1394 il
2763 1341 2846 1395 dit
2875 1358 2985 1412 que
3017 1344 3068 1396 la
3102 1343 3467 1399 miséricorde
3507 1347 3584 1400 du

1889 1413 2142 1466 Sauveur
2185 1414 2452 1466 s’attaclie
2495 1414 3011 1480 inséparablemeut
3056 1430 3167 1467 aux
3211 1416 3581 1483 prédestinés,

1888 1484 1926 1535 il
1955 1500 2012 1535 se
2039 1489 2152 1538 sert
2185 1485 2254 1538 de
2285 1499 2346 1536 66
2378 1489 2500 1536 mot
2530 1483 2854 1543 adhaerente,
2889 1488 2945 1536 et
2977 1500 3092 1536 non
3114 1501 3216 1552 pas
3247 1485 3316 1537 de
3363 1487 3582 1539 celui-ci

1886 1555 2196 1616 inhaerente,
2239 1571 2385 1624 pour
2434 1557 2720 1623 exprimer
2764 1555 3080 1607 seulement
3126 1571 3238 1608 une
3279 1557 3582 1609 assistance

1890 1625 2000 1678 soit
2065 1625 2375 1678 intérieure
2454 1625 2564 1677 scit
2620 1624 2956 1687 extérieure,
3003 1641 3108 1694 par
3151 1626 3396 1695 laquelle
3444 1628 3582 1681 Dieu

77 1693 294 1746 étaient
331 1694 428 1746 des
469 1693 664 1762 graces
714 1693 1052 1746 habituelles
1084 1701 1140 1746 et
1185 1709 1301 1746 non
1335 1710 1433 1763 pas
1483 1695 1772 1748 actuelles.
1809 1705 1849 1759 Β
1888 1696 2052 1749 veille
2079 1696 2582 1749 continuellement
2622 1711 2718 1746 sur
2740 1699 2866 1747 tout
2894 1695 2945 1747 le
2980 1693 3144 1748 cours
3183 1693 3251 1749 de
3283 1697 3338 1749 16
3367 1697 3454 1750 vie
3487 1698 3584 1751 des

78 1764 158 1816 En
201 1763 350 1828 eil‘et,
382 1779 453 1816 en
498 1763 725 1832 parlant
765 1764 972 1818 del’un
1025 1779 1100 1816 on
1119 1764 1186 1817 de
1219 1765 1414 1817 l’autre
1459 1782 1703 1828 secours,
1738 1766 1775 1818 il

75 1834 225 1886 évite
255 1839 379 1886 tous
411 1835 489 1887 les
516 1840 724 1887 termes
757 1835 894 1904 qu’il
915 1851 945 1886 a
991 1839 1254 1888 coutume
1289 1835 1358 1888 de
1382 1836 1611 1903 joindre
1642 1852 1775 1890 avec

73 1906 130 1956 la
154 1906 316 1972 gritce
348 1906 606 1969 actuelle,
639 1910 694 1956 et
713 1905 751 1957 il
803 1905 1005 1958 choisit
1051 1921 1189 1958 cenx
1231 1906 1328 1975 qui
1360 1911 1487 1958 sont
1537 1908 1616 1959 les
1646 1907 1774 1976 plus

71 1970 316 2044 propres
351 1979 382 2027 ἐι
434 1976 699 2045 désigner
747 1977 800 2028 la
838 1977 1004 2045 grace
1077 1970 1408 2029 lialiituelle.
1473 1976 1516 2028 ll
1564 1970 1662 2029 ne-
1693 1970 1776 2030 dit

68 2046 260 2113 point,
316 2062 420 2115 par
458 2047 736 2115 exemple,
790 2047 1067 2116 qu’Adam
1116 2063 1191 2099 on
1241 2048 1316 2099 les
1348 2047 1521 2100 saints
1551 2063 1771 2100 corres-

66 2117 330 2184 pendent
368 2121 423 2170 et
471 2123 809 2170 consentent
851 2121 883 2169 6
931 2123 1076 2169 cette
1114 2121 1265 2170 sorte
1306 2119 1373 2170 de
1409 2119 1595 2186 graec,
1630 2118 1772 2171 mais

67 2187 111 2239 il
151 2202 251 2240 use
297 2187 392 2240 des
433 2191 643 2241 termes
692 2187 760 2240 de
818 2189 1164 2257 persévérer,
1212 2187 1280 2241 de
1333 2188 1654 2252 demeurer,
1704 2190 1772 2243 de

67 2262 255 2310 rester
283 2258 422 2312 dans
451 2263 597 2311 cette
631 2259 815 2327 grece,
853 2259 921 2310 de
955 2274 1024 2310 ne
1056 2260 1219 2326 point
1249 2258 1680 2324 l’abandonner,
1704 2261 1773 2313 de

69 2329 128 2380 16
167 2329 396 2393 retenir,
445 2329 512 2381 de
561 2331 613 2382 la
659 2344 956 2381 conserver
991 2345 1003 2382 :
1037 2331 1098 2382 In
1128 2344 1184 2381 eo
1241 2345 1600 2397 perseverare,
1656 2346 1771 2383 ma-

64 2413 217 2462 nere,
271 2415 604 2467 permanere,
666 2404 852 2465 stare;
920 2399 1064 2452 illud
1110 2415 1215 2452 non
1271 2400 1529 2464 deserere,
1579 2405 1769 2454 tenere.

69 2469 231 2521 Voici
257 2486 474 2523 comme
506 2470 546 2523 il
587 2471 886 2539 s'exprime
923 2486 991 2521 au
1025 2469 1231 2538 regard
1263 2470 1338 2523 du
1361 2486 1587 2524 secours
1619 2487 1721 2538 quo
1757 2511 1772 2537 ,

66 2541 212 2604 Quis
241 2541 414 2594 dicere
448 2541 667 2607 audeat,
709 2556 813 2594 non
858 2541 1148 2595 manebit?
1177 2543 1298 2607 quis
1329 2541 1504 2594 dicere
1543 2543 1768 2595 audeat:

59 2613 306 2675 forsitan
343 2627 447 2665 non.
482 2612 719 2665 madebit
759 2612 901 2679 (Lib.
954 2612 1018 2663 de
1039 2613 1290 2679 Corrept.
1326 2617 1376 2664 et
1412 2614 1616 2678 gratia,
1649 2629 1768 2681 cap.

71 2685 160 2745 l‘2,
209 2699 258 2735 n.
301 2683 422 2751 34)?
468 2682 558 2736 S'll
613 2682 960 2734 considérait
1015 2697 1076 2734 66
1100 2697 1326 2734 secours
1375 2698 1599 2735 comme
1663 2699 1774 2736 une

64 2753 260 2804 action
294 2754 614 2822 passagere,
653 2757 709 2805 et
749 2768 868 2805 non
914 2767 1136 2805 comme
1165 2767 1277 2804 une
1308 2752 1582 2806 habitude
1609 2759 1665 2806 et
1693 2769 1772 2806 un

61 2824 208 2887 état,
255 2839 385 2876 avec
440 2825 626 2893 quelle
677 2823 918 2894 justesse
983 2823 1031 2875 16
1085 2822 1530 2894 comparerait-il
1562 2823 1774 2877 dansle

61 2894 260 2946 meme
292 2895 564 2948 endroita
594 2894 646 2947 la
683 2894 975 2946 béatitude
999 2895 1026 2946 ‘2
1083 2896 1191 2947 Hoc
1226 2893 1564 2960 adjutorium
1603 2899 1652 2946 et
1670 2911 1772 2963 quo

1887 1767 2079 1830 saints,
2128 1765 2312 1819 tantbt
2339 1782 2485 1834 pour
2519 1765 2823 1834 empécher
2850 1765 3016 1834 qu’ils
3046 1783 3116 1818 ne
3143 1767 3404 1820 tombent
3439 1767 3580 1821 dans

1882 1837 1934 1889 le
1973 1837 2168 1901 crime,
2218 1837 2401 1890 tantbt
2448 1853 2596 1906 pour
2633 1851 2907 1904 procurer
2958 1837 3083 1888 leur
3136 1838 3472 1890 conversion
3528 1844 3583 1892 et

1883 1908 2323 1977 leurpénitence
2353 1912 2526 1977 avnnt
2561 1906 2726 1976 qu’ils
2783 1909 3002 1958 sortent
3047 1906 3115 1960 de
3145 1911 3288 1961 cette
3319 1907 3426 1961 vie.
3457 1909 3499 1961 Il
3528 1910 3580 1963 le

1885 1976 2105 2031 declare
2147 1978 2292 2031 ainsi
2343 1976 2673 2030 lui-meme:
2722 1977 3037 2043 Quicunque
3086 1992 3209 2042 ergo
3234 1978 3301 2030 ab
3336 1980 3435 2031 illa
3464 1983 3578 2032 ori-

1881 2051 2057 2114 ginali
2095 2049 2458 2112 damnatione,
2508 2050 2615 2100 ista
2653 2047 2852 2100 divinae
2909 2049 3104 2113 gratia:
3153 2050 3410 2114 largitate
3454 2054 3581 2103 sunt

1882 2120 2123 2183 discreti,
2154 2135 2259 2172 non
2279 2123 2357 2172 est
2387 2118 2611 2171 dubium
2639 2120 2772 2184 quin
2809 2122 2859 2170 et
2892 2122 3220 2184 procuretur
3247 2121 3322 2172 eis
3353 2120 3578 2173 audien-

1882 2191 2010 2242 dum
2033 2191 2428 2254 Evangelium;
2479 2194 2527 2241 et
2557 2203 2682 2242 cum
2718 2187 2967 2248 audiunt,
2994 2188 3220 2241 credunt
3246 2206 3267 2251 ;
3299 2194 3350 2242 et
3372 2193 3426 2241 in
3444 2191 3577 2255 ﬁde,

1882 2277 2000 2329 quae
2028 2277 2124 2328 per
2147 2260 2480 2313 dilectionem
2515 2262 2796 2325 operatur,
2854 2272 3021 2325 usque
3047 2260 3104 2310 in
3134 2261 3291 2329 ﬁnem
3330 2275 3577 2327 perseve-

1879 2328 2006 2384 rant
2035 2347 2048 2394 ;
2080 2336 2130 2385 et
2157 2333 2206 2382 si
2238 2330 2455 2397 quando
2487 2330 2814 2392 emcrbitant,
2847 2330 3078 2395 correpti
3107 2328 3458 2383 emendantur
3485 2349 3499 2397 ;
3532 2336 3582 2383 et

1882 2402 2108 2470 quidam
2138 2417 2318 2454 eorum
2347 2403 2448 2453 etsi
2481 2400 2548 2451 ab
2592 2399 2896 2470 hominibus
2943 2414 3048 2450 non
3095 2401 3489 2467 corripiantur,
3521 2403 3579 2453 in

1880 2469 2026 2525 viam
2092 2488 2255 2540 quam
2293 2473 2627 2539 reliquerunt
2685 2469 2909 2522 redeunt
2943 2475 3031 2533 ;et
3071 2471 3319 2523 nonnulli
3363 2477 3581 2539 accepta

1882 2545 2069 2610 gratia
2111 2545 2169 2595 in
2217 2543 2456 2610 qualibet
2490 2546 2646 2593 atate
2682 2540 2938 2608 periculis
2989 2540 3150 2607 hujus
3200 2543 3325 2594 vitae
3361 2542 3580 2594 subtra-

1884 2619 2088 2667 huntur
2109 2613 2254 2680 (Lib.
2293 2612 2359 2664 de
2387 2613 2631 2679 Corrept.
2661 2618 2710 2663 et
2740 2612 2942 2676 gratia,
2983 2625 3105 2677 cap.
3136 2615 3190 2670 ‘7,
3214 2627 3268 2663 η.
3296 2611 3399 2678 13).

1954 2683 2147 2738 Calvin
2197 2684 2326 2735 s’est
2369 2682 2594 2750 trompé
2643 2696 2714 2732 en
2776 2680 3121 2733 contendant
3168 2681 3223 2732 la
3276 2681 3578 2750 grﬁcequi

1883 2771 2027 2807 nous
2050 2752 2264 2823 justitie
2311 2768 2447 2823 arce
2486 2756 2635 2823 cette
2665 2750 3022 2823 proyidence
3054 2751 3324 2823 speciale
3348 2751 3447 2820 qui
3486 2751 3576 2804 n’a

1880 2819 2182 2878 bandonne
2200 2822 2408 2892 jamais
2436 2821 2516 2874 les
2543 2819 2919 2892 prédﬁestinés,
2942 2819 3289 2892 méme‘dans
3311 2819 3576 2892 leitemps

1886 2897 1954 2949 de
1989 2897 2135 2947 leurs
2163 2890 2520 2962 égarements
2557 2895 2612 2943 et
2657 2891 2725 2943 de
2753 2890 2906 2942 leurs
2951 2890 3267 2962 désordres.
3298 2891 3489 2945 Calvin
3517 2890 3576 2944 et

56 2967 242 3039 ﬁtest,
277 2970 325 3039 et
354 2967 468 3018 sine
503 2981 606 3032 quo
636 2980 741 3018 non
769 2968 876 3039 fit:
903 2967 1033 3031 quia
1064 2963 1204 3016 etsid
1232 2968 1325 3039 ata
1345 2967 1532 3039 fuerit
1565 2961 1775 3017 homini
1805 2985 1843 3039 ρ
1884 2965 2182 3019 Jansénius
2211 2961 2690 3039 Sesont_t1fompés
2722 2976 2793 3039 en
2829 2965 3077 3039 premant
3107 2961 3158 3039 le
3207 2976 3432 3039 secours
3464 2977 3574 3039 quo

59 3035 362 3098 beatitudo,
415 3039 663 3089 continuo
717 3039 778 3102 ﬁt
828 3036 1053 3101 beatus;
1122 3039 1171 3087 et
1223 3036 1272 3087 si
1323 3034 1458 3087 data
1484 3050 1765 3103 nunquam

55 3108 259 3171 fuerit,
288 3121 566 3175 nunquam
603 3109 713 3160 erit
743 3106 951 3170 (Ibid).

140 3174 436 3229 Jansénius
486 3177 671 3229 aurait
701 3176 776 3229 dit
823 3177 962 3229 faire
1000 3191 1090 3228 ces
1137 3174 1438 3228 réﬂexions
1477 3192 1547 3227 au
1580 3176 1766 3229 moins

57 3247 124 3300 16
149 3248 450 3300 trentiéme
471 3247 578 3300 fois
610 3247 748 3316 qu’il
779 3247 888 3300 alu
909 3248 959 3300 le
997 3246 1136 3299 livre
1175 3247 1243 3299 de
1277 3248 1327 3299 16
1357 3247 1682 3299 Correction
1711 3252 1767 3300 et

55 3318 138 3371 de
171 3318 222 3369 16
249 3320 431 3387 graec,
467 3321 522 3370 et
552 3334 622 3370 ne
661 3317 823 3386 point
861 3333 1004 3370 nous
1036 3317 1255 3369 donner
1303 3317 1384 3368 les
1408 3333 1632 3370 secours
1663 3333 1765 3385 quo

57 3391 530 3468 etsinequo‘n‘or.
568 3389 867 3468 ‘pourudes
911 3388 1103 3468 gcaces
1136 3388 1422 3468 actuelles.
1460 3389 1558 3468 Le‘s
1589 3392 1764 3468 textos

55 3459 132 3512 de
187 3460 376 3513 Calvin
406 3460 502 3527 (1),
552 3459 692 3512 dont
730 3458 767 3512 il
799 3475 832 3510 6
875 3458 1010 3527 pillé
1051 3474 1124 3510 en
1175 3458 1357 3527 partie
1411 3459 1463 3510 la
1510 3458 1765 3511 doctrine

57 3545 167 3582 sur
223 3545 310 3582 ces
367 3531 516 3583 deux
568 3545 812 3592 secours,
885 3529 1317 3582 l’avertissaient
1378 3544 1529 3581 assez
1587 3529 1655 3583 de
1707 3546 1765 3582 se

54 3600 321 3670 garantir
359 3601 527 3653 d’une
574 3601 706 3653 telle
763 3599 1028 3669 méprise.
1067 3600 1145 3652 Ne
1203 3597 1504 3670 serail-elle
1543 3615 1643 3669 pas
1685 3617 1763 3653 un

51 3669 179 3740 pen
224 3671 537 3724 volontaire
569 3671 596 3725 ἲ)
629 3672 705 3724 Ν6
751 3670 1004 3723 fallait-il
1053 3686 1154 3739 pas
1212 3685 1270 3723 se
1323 3669 1647 3737 distinguer
1693 3687 1765 3723 en

53 3741 314 3812 quelque
363 3743 530 3812 chose
553 3741 620 3794 de
652 3741 1016 3812 Calrvin,iaux
1058 3756 1204 3812 yeux
1262 3740 1338 3812 du
1381 3741 1596 3812 public,
1650 3741 1764 3794 alin

53 3810 130 3865 de
182 3811 421 3880 pouvoir
477 3828 608 3865 avec
639 3811 828 3865 moins
866 3811 934 3865 de
964 3810 1227 3863 scandale
1285 3810 1595 3863 s’accorder
1633 3827 1765 3864 avec

48 3879 470 3953 l’hérésiarque
507 3886 536 3935 6
593 3897 924 3951 corrompre
966 3881 1020 3934 16
1051 3897 1178 3933 sens
1233 3879 1306 3932 du
1343 3880 1494 3933 saint
1530 3881 1765 3934 docteur

51 3954 208 4007 dans
227 3957 350 4006 tout
375 3956 424 4005 16
467 3959 615 4006 reste
640 3954 668 4006 ?

135 4024 210 4076 Le
259 4023 487 4076 licencié
545 4040 636 4076 me
678 4039 919 4088 marqua
973 4023 1118 4075 alors
1177 4019 1554 4090 l’impatience
1609 4021 1684 4073 01‘1
1723 4020 1763 4073 il

51 4094 204 4147 était
235 4094 302 4148 de
333 4095 452 4146 voir
478 4095 617 4148 dans
648 4095 796 4148 saint
825 4092 1106 4163 Augustin
1149 4093 1203 4145 la
1246 4091 1546 4163 détinition
1576 4090 1651 4144 dn
1681 4107 1764 4163 se-

47 4180 229 4218 cours
261 4180 382 4232 quo,
417 4181 527 4234 que
559 4181 693 4218 mon
727 4162 963 4218 docteu’r
992 4164 1218 4216 m’avait
1248 4162 1493 4234 apprise,
1531 4167 1586 4234 et
1624 4162 1762 4234 qu’il

52 4235 365 4304 paraissait
395 4232 544 4297 bien,
603 4235 926 4305 ajouta-t-il,
985 4250 1095 4304 que
1121 4234 1176 4302 je
1227 4232 1297 4286 ne
1349 4232 1574 4302 perdais
1603 4233 1762 4302 point

52 4307 132 4359 de
180 4322 306 4359 vue.
356 4307 416 4359 Je
471 4307 550 4359 lui
583 4307 669 4359 lus
713 4323 802 4358 ces
848 4306 1116 4374 paroles:
1168 4306 1428 4360 Numerus
1466 4319 1589 4368 ergo
1635 4319 1761 4356 san-

49 4382 272 4429 ctorum
319 4392 415 4444 per
445 4379 542 4430 Dei
587 4380 825 4444 gratiam
872 4378 968 4430 Dei
1020 4391 1180 4442 regno
1217 4375 1633 4443 praedestinatus
1667 4374 1761 4426 do-

47 4452 199 4500 nata
247 4447 352 4499 sibi
386 4463 554 4516 usque
607 4451 665 4501 in
712 4451 870 4515 ﬁnem
926 4449 1329 4514 perseverantia
1386 4447 1513 4499 illuc
1561 4449 1764 4512 integer

42 4517 407 4587 perducetur.
447 4525 497 4572 et
533 4520 644 4572 illic
686 4521 1063 4584 integerrimus
1100 4518 1221 4583 jam
1266 4518 1380 4568 sine
1427 4517 1536 4587 ﬁne
1566 4516 1760 4567 beatis-

44 4586 238 4643 Simvis
279 4590 620 4654 servabitur;
670 4589 973 4641 adhaerente
1014 4589 1121 4640 sibi
1167 4586 1537 4639 misericordia
1578 4588 1765 4640 Salva-

43 4661 218 4720 to-ris,
260 4660 372 4712 sive
391 4675 509 4713 cum
537 4663 936 4719 convertuntur,
985 4662 1097 4711 sive
1127 4672 1241 4710 cum
1281 4659 1623 4726 praeliautur,
1655 4659 1764 4710 sive

43 4746 184 4783 cum
239 4735 562 4782 coronantur
609 4730 746 4798 (Lib.
791 4729 855 4782 de
899 4731 1140 4797 Corrept.
1193 4733 1242 4780 et
1281 4730 1482 4796 gratia,
1515 4743 1633 4795 cap.
1683 4730 1760 4787 l3,

43 4818 104 4854 η.
145 4801 264 4868 40).
302 4801 372 4853 Le
409 4801 558 4853 saint
615 4802 871 4864 docteur,
905 4800 1067 4869 apres
1120 4800 1279 4851 avoir
1333 4799 1510 4851 décrit
1551 4799 1662 4851 fort
1691 4813 1766 4850 au

43 4873 204 4939 long
263 4871 313 4922 la
359 4877 561 4924 nature
595 4875 650 4923 et
700 4872 782 4923 les
813 4871 1134 4940 propriétés
1167 4869 1244 4922 du
1274 4885 1501 4922 secours
1535 4883 1658 4935 quo,
1692 4883 1764 4920 en

44 4945 260 4995 donne
293 4941 360 4993 ici
391 4957 503 4994 une
555 4941 854 4994 délinition
911 4945 1123 5004 exacte,
1160 4944 1215 4992 et
1240 4940 1278 4992 il
1315 4940 1534 4993 declare
1561 4955 1671 5007 que
1703 4954 1764 4990 ce

45 5015 212 5064 n‘cst
241 5012 366 5064 rien
415 5019 574 5064 autre
615 5013 780 5065 chose
811 5011 1021 5081 qu’une
1070 5010 1409 5080 providence
1449 5009 1765 5062 misericor-

43 5083 263 5136 dieuse
304 5087 358 5135 et
389 5082 654 5152 speciale,
697 5083 796 5151 qui
825 5082 1108 5134 renferme
1140 5085 1195 5133 et
1225 5081 1377 5152 risgle
1405 5081 1762 5152 l’économie,

46 5156 110 5206 16
142 5153 318 5217 snite,
374 5150 849 5206 l’encliainement
881 5154 978 5205 des
1027 5153 1220 5221 greces
1253 5151 1362 5204 soit
1401 5150 1761 5221 interieures,

44 5224 171 5275 soit
219 5224 584 5287 extérieures,
627 5239 730 5293 par
776 5223 828 5275 16
885 5220 1092 5291 meyen
1132 5221 1446 5293 desquelles
1504 5220 1584 5272 les
1633 5223 1761 5290 pré-

41 5293 318 5347 destines
350 5291 721 5363 parviennent
750 5293 1212 5346 infailliblement
1242 5307 1313 5344 au
1347 5291 1511 5363 salut.

137 5365 218 5417 De
256 5361 376 5418 1611
415 5381 485 5417 ne
548 5364 783 5418 s’ensuit
824 5381 946 5433 pas,
999 5378 1223 5416 comme
1270 5361 1464 5433 Calvin
1511 5361 1577 5413 I’a
1632 5361 1763 5433 pre-

37 5435 264 5500 tendu,
325 5451 435 5505 que
483 5436 538 5488 la
586 5437 789 5502 justice
823 5431 896 5488 ou
949 5435 1002 5486 la
1032 5434 1198 5504 grnce
1255 5431 1609 5505 sanctiliante
1659 5431 1765 5483 soit

37 5503 417 5559 inamissililc
469 5506 608 5559 dans
647 5507 729 5559 les
800 5505 1174 5574 predestinés,
1235 5503 1411 5574 maisi
1452 5503 1766 5554 seulement

39 5591 174 5646 que
215 5577 265 5628 la
293 5578 458 5648 grace
501 5577 569 5630 de
601 5577 655 5629 16
683 5573 1155 5646 prédestination,
1209 5573 1492 5627 entendue
1531 5589 1601 5626 au
1643 5587 1772 5625 sens

126 5713 228 5783 (1).
273 5715 397 5770 Lib.
431 5732 467 5768 ιι
507 5716 663 5782 1nst.,
724 5730 844 5785 cap.
907 5717 958 5780 3,
997 5731 1055 5768 η.
1090 5715 1153 5768 10
1186 5731 1198 5767 :
1250 5714 1448 5769 Contra
1492 5712 1773 5785 Pighium,

41 5785 156 5839 lib.
215 5801 276 5838 in
318 5786 448 5839 edit.
495 5787 719 5840 Amstel.
761 5801 900 5840 anno
937 5788 1096 5850 1667,
1136 5799 1264 5853 pag.
1293 5786 1430 5846 149;
1485 5784 1578 5849 lib,
1613 5800 1685 5848 vx,
1719 5785 1776 5836 in

1883 3052 2029 3107 pour
2065 3050 2175 3087 une
2214 3034 2379 3103 griice
2408 3031 2738 3107 interieure,
2768 3033 2800 3082 6
2829 3031 3088 3107 1811118116-
3115 3032 3170 3083 la
3205 3033 3431 3107 volonté
3464 3033 3570 3107 liu-

1880 3101 2066 3161 Ena'ine
2090 3121 2160 3158 ne
2189 3101 2328 3175 peut
2365 3119 2422 3157 se
2469 3101 2794 3175 soustraire,
2825 3105 2897 3175 Aet
2921 3101 3124 3170 qu’elle
3166 3106 3248 3154 est
3277 3102 3571 3175 incapable

1877 3179 1946 3233 de
1987 3171 2327 3238 surmonter,
2361 3189 2434 3226 au
2481 3174 2593 3226 lieu
2635 3187 2746 3241 que
2791 3171 2924 3242 cfest
2971 3187 3049 3223 un
3091 3188 3315 3224 secours
3346 3173 3414 3226 de
3447 3189 3574 3242 pro-

1877 3248 2111 3301 vidence
2143 3253 2199 3299 et
2227 3245 2585 3298 d’assistance
2631 3241 2730 3312 qui
2769 3241 2870 3295 fait
2917 3257 3027 3311 que
3069 3242 3125 3295 la
3170 3243 3394 3295 volente
3438 3241 3571 3296 d'un

1874 3317 2200 3388 prodestiné
2234 3333 2326 3388 ne?
2359 3314 2659 3388 succombe
2713 3328 2813 3382 pas
2857 3327 2968 3365 aux
3004 3313 3336 3388 tentations,
3377 3329 3451 3366 ou
3498 3329 3572 3366 ne

1876 3385 2106 3442 s’écarte
2136 3388 2204 3440 de
2236 3388 2287 3440 la
2311 3385 2513 3456 justice
2552 3399 2661 3454 que
2689 3398 2840 3456 pour
2873 3398 2956 3436 un
2997 3386 3204 3452 temps,
3237 3388 3294 3436 et
3330 3400 3448 3437 non
3471 3401 3571 3454 pas

1876 3475 2028 3530 pour
2053 3455 2323 3530 toujouprs’
2344 3461 2400 3530 et
2421 3456 2651 3530 ,jusqu’a
2687 3455 2744 3530 la
2772 3455 2871 3530 lin.

1949 3531 2019 3584 Le
2083 3523 2364 3597 principal
2418 3523 2755 3580 fondement
2801 3523 3132 3597 diu‘dogme
3195 3523 3486 3597 calyiniste
3518 3527 3575 3577 et

1868 3595 2180 3670 janséniste
2201 3595 2330 3651 sont
2355 3613 2444 3650 ces
2486 3597 2710 3670 paroles
2743 3611 2756 3647 :
2807 3595 3135 3670 Subveni-um
3164 3599 3242 3647 est
3269 3595 3454 3670 igitur
3491 3597 3573 3670 in-

1872 3666 2126 3740 ﬁrmitati
2159 3670 2453 3723 voluntatis
2498 3669 2762 3740 humanae,
2801 3670 2860 3717 ut
2910 3666 3105 3740 divina
3129 3667 3315 3740 gratia
3346 3666 3570 3740 indecli-

1872 3734 2129 3795 nabiliter
2158 3746 2207 3793 et
2257 3738 2699 3806 insuperabiliter
2735 3740 3022 3802 ageretur;
3058 3739 3106 3806 et
3145 3734 3282 3800 ideo,
3323 3737 3572 3802 quamvis

1874 3816 2112 3880 inﬁrma,
2148 3826 2254 3864 non
2288 3805 2462 3862 tamen
2492 3807 2760 3880 deﬁceret,
2800 3820 2968 3880 neque
2999 3805 3346 3880 adversitate
3383 3807 3573 3872 aliqua

1872 3875 2311 3936 vinceretur”...
2359 3875 2670 3932 Fortissimo
2721 3878 2921 3943 quippe
2976 3875 3185 3926 dimisit
3230 3879 3396 3940 atque
3453 3889 3572 3941 per-

1873 3955 2024 4006 misit
2049 3954 2229 4016 facerc
2257 3948 2402 4017 quod
2429 3949 2585 4000 vellet
2614 3963 2627 4010 ;
2679 3945 2917 4014 inﬁrmis
2955 3946 3209 4017 servavit,
3233 3949 3294 3996 ut
3322 3946 3439 4017 ipso
3469 3943 3570 4017 do-

1872 4013 2424 4076 nante-invictissime
2466 4017 2610 4085 quod
2646 4017 2838 4069 bonum
2886 4019 2964 4066 est
3003 4015 3216 4068 vellent.
3269 4017 3319 4066 et
3358 4015 3452 4065 hoc
3477 4013 3569 4085 de-

1873 4107 2044 4146 serere
2094 4091 2444 4144 invictissime
2476 4083 2702 4140 ‘nollent
2763 4085 2951 4151 (Ibid,
3001 4099 3118 4151 cap.
3201 4086 3286 4150 t2,
3347 4099 3400 4136 η.
3455 4083 3566 4152 38).

1879 4164 2040 4217 Saint
2094 4159 2371 4229 Augustin
2399 4173 2498 4229 ine
2546 4157 2626 4229 dcit
2672 4155 2838 4229 point
2863 4155 2971 4229 Δ161,
3003 4159 3060 4229 et
3088 4153 3444 4229 _n_’a_jamais
3490 4154 3572 4206 dit

1874 4234 2031 4286 nulle
2061 4223 2213 4301 partv
2239 4245 2350 4300 que
2397 4228 2451 4280 la
2497 4223 2688 4301 grace—
2722 4224 2953 4301 domine
3013 4223 3482 4301 ipévitablement
3516 4229 3572 4301 et

1876 4294 2346 4357 invinciblemént
2370 4315 2468 4351 sur
2504 4294 2556 4350 lu
2594 4297 2823 4350 volonté
2854 4295 3155 4356 humaine;
3193 4299 3249 4347 et
3274 4294 3397 4346 rien
3426 4294 3571 4347 n’est

1871 4376 2000 4444 plus
2031 4374 2162 4426 faux
2208 4387 2324 4444 que
2361 4386 2465 4444 ces
2499 4369 2740 4444 paroles,
2767 4382 2878 4444 par
2920 4365 3228 4444 lesquelles
3269 4365 3571 4444 Jansénius

1874 4436 2067 4498 assure
2093 4459 2203 4513 que
2225 4436 2397 4495 _saint
2444 4436 2721 4513 Augustin
2751 4438 2940 4513 donne
2979 4441 3024 4513 a_
3047 4438 3096 4487 16
3141 4436 3305 4513 grgce
3345 4437 3395 4488 le
3423 4451 3569 4513 Anom

1874 4518 1943 4569 de
1971 4505 2301 4569 dominante
2335 4528 2432 4564 sur
2459 4512 2514 4564 la
2539 4505 2788 4562 “volonte
2833 4505 3107 4560 humaine
3149 4505 3161 4559 ἑ
3203 4509 3340 4560 Eam
3383 4509 3574 4572 Augu-

1872 4590 2048 4640 stinus
2090 4589 2399 4638 vocat......
2448 4581 2718 4634 voluntati
2754 4580 3000 4631 humana:
3045 4577 3492 4645 insuperabiliter
3521 4581 3573 4631 et

1873 4656 2328 4710 mdeclinabiliter
2392 4653 2753 4705 dominantem
2799 4651 2886 4717 (In
2924 4648 3102 4701 indice
3154 4653 3276 4701 tom.
3321 4649 3364 4715 Ι,
3415 4649 3572 4700 verbo

1873 4728 2118 4790 GRATIA).
2152 4726 2296 4779 C’est
2337 4723 2391 4775 16
2447 4723 2494 4774 16
2525 4722 2668 4790 style
2718 4721 2787 4772 de
2855 4719 3073 4783 Calvin,
3121 4722 3327 4771 etnon
3371 4734 3472 4786 pas
3523 4719 3571 4769 le

1871 4799 2119 4866 langage
2151 4796 2218 4849 de
2248 4795 2396 4846 saint
2415 4791 2732 4866 Augustin.

1949 4856 2024 4921 En
2051 4856 2202 4929 61161,
2236 4866 2289 4916 16
2337 4856 2740 4932 grace'donne
2763 4864 2792 4912 ξι
2840 4860 3148 4932 1661610616
3173 4857 3448 4932 humaine
3475 4856 3572 4909 des

1873 4939 2055 4992 forces
2093 4927 2197 5006 qui
2234 4936 2286 4987 16
2312 4927 2556 4987 ΐέῐιό6η1ι
2593 4931 2984 5006 inebranlable
3014 4930 3237 5006 dansla
3281 4927 3492 5006 justice.
3519 4932 3570 4979 et

1875 4998 2181 5061 invincilile
2206 5011 2401 5059 contre
2433 5006 2512 5057 les
2543 5002 2856 5056 tentations
2883 5021 2897 5065 ;
2929 5000 3070 5053 mnis
3113 4999 3220 5051 6116
3250 5014 3320 5049 ne
3340 4998 3572 5068 domine

1875 5080 2037 5149 point
2088 5093 2185 5130 sur
2233 5077 2361 5149 elleg
2388 5091 2458 5127 en
2490 5076 2542 5127 16
2587 5077 3238 5149 ξῃιδῐηρῐιῄειηῐηῳξηωθ
3274 5068 3386 5149 6116
3429 5068 3572 5149 n’est

1873 5139 2038 5219 point
2076 5147 2403 5219 surmontéc
2434 5161 2538 5214 par
2568 5145 2694 5197 elle.
2747 5144 2915 5219 i‘_lot_re
2947 5139 3572 5219 resistanceithla‘gruce

1876 5208 1959 5272 est
1990 5221 2039 5272 le
2070 5219 2222 5271 refus
2253 5218 2388 5270 d’un
2430 5208 2656 5268 secours
2704 5214 2867 5265 otfert
2894 5227 2908 5277 ;
2945 5217 3105 5262 notrc
3145 5208 3374 5260 docilité
3396 5211 3428 5260 6
3456 5208 3572 5260 sui-

1875 5305 1971 5343 vre
1999 5291 2076 5342 les
2124 5287 2496 5357 impressions
2529 5287 2596 5338 de
2637 5286 2714 5357 la_
2739 5283 2902 5357 gruce
2935 5285 3040 5357 est_
3075 5278 3468 5357 l’acceptation
3507 5279 3575 5332 de

1875 5377 1936 5413 66
1967 5351 2226 5413 secours:
2260 5357 2394 5412 Mais
2432 5358 2486 5408 16
2528 5353 2868 5424 superiorité
2908 5355 2963 5402 et
3010 5351 3321 5424 l’ayantage
3353 5365 3409 5401 se
3444 5365 3575 5424 ren-

1876 5435 2132 5484 contrent
2161 5430 2476 5481 seulement
2509 5420 2648 5480 dans
2681 5425 2729 5476 le
2764 5425 2998 5490 rapport
3026 5425 3079 5472 et
3101 5420 3153 5471 1a
3178 5420 3576 5488 comparaison

1880 5502 1949 5555 de
1992 5503 2046 5553 la
2089 5501 2311 5552 volonté
2359 5497 2650 5558 humaine,
2697 5493 2854 5545 aidée
2885 5491 2954 5544 de
3001 5491 3055 5543 la
3105 5491 3293 5558 grece,
3327 5507 3456 5543 avec
3487 5506 3577 5543 ces

1885 5571 2099 5625 mémes
2128 5570 2386 5639 passions
2406 5572 2463 5621 et
2492 5583 2580 5619 ces
2613 5563 2829 5617 mémes
2857 5561 3184 5615 tentations.

1882 5716 1986 5781 ﬁne
2029 5726 2160 5779 pag.
2207 5714 2336 5774 177-,
2377 5707 2628 5781 Antidot.
2685 5704 2838 5781 Irid.
2892 5719 3020 5758 sess.
3065 5706 3118 5768 6,
3151 5717 3279 5771 pag.
3306 5703 3450 5764 24ος
3509 5703 3578 5752 De

1883 5778 2081 5838 aeterna
2112 5783 2207 5834 Dei
2228 5779 2511 5844 Praedest.,
2545 5793 2677 5846 pag.
2713 5778 2832 5830 600.
