3870 6186
112 243 258 292 1113

1231 247 1284 299 S.
1328 246 1700 302 AUGUSTINI
1743 248 1951 304 LIBER
1997 253 2083 306 DE
2125 253 2500 309 ORATIONE.

3485 261 3618 316 1114

101 362 311 416 medie
343 362 443 432 qui
485 379 543 416 se
567 363 775 448 jpuait,
810 380 925 448 non
955 366 1126 448 point
1158 370 1280 421 tant
1307 385 1456 447 pour
1485 369 1811 448 ellefmfeme
1844 375 1888 426 Α
1932 389 2020 426 res
2078 376 2176 428 des
2227 377 2426 429 clioses
2461 377 2720 430 saintes‘?
2752 377 2887 431 Mais
2917 379 2971 430 la
3009 379 3268 448 gentilité
3301 381 3485 436 meme
3543 401 3618 438 ne

101 449 233 502 que
257 449 405 508 ppur
427 449 489 487 ce
521 435 730 504 qu’elle
755 437 1152 508 representait,
1189 435 1392 504 savoir,
1417 456 1564 508 pour
1589 441 1641 493 le
1667 443 1815 494 Nou-

102 520 261 580 veau
283 505 603 580 Testament
646 507 1150 580 et_pour_l’Eglise,
1188 509 1287 580 qui
1317 505 1496 564 est—la
1525 511 1812 580 princesse

102 575 272 646 (e’est
300 575 601 628 Jansenius
633 575 744 645 qui,
766 577 950 646 paria)
993 575 1049 630 et
1080 575 1386 632 l’héritiére
1417 580 1489 634 du
1525 575 1808 635 'Nouveau

103 645 468 722 Testament.
510 646 610 698 Les
640 645 862 699 acteurs
894 647 1106 722 etaient
1137 648 1214 722 les
1243 651 1403 722 .luifs,
1442 651 1638 704 nation
1669 669 1811 722 pro-

102 730 220 782 pre
248 717 278 767 ὲ
313 715 456 787 faire
487 731 842 787 personnage
881 734 891 770 :
927 720 1080 772 Nihil
1110 721 1266 772 aliud
1305 724 1478 786 fuisse
1511 715 1812 777 Testamen-

99 794 230 838 tum
267 786 422 838 illud
485 786 834 855 perspicuum
894 793 991 853 est,
1043 805 1206 857 quam
1270 807 1488 844 meum
1549 809 1809 851 omnes):

98 857 430 932 conaturam,
456 873 583 932 Aquae
613 873 718 932 non
767 863 877 932 tarn
901 866 1125 932 propter
1160 876 1214 913 se
1261 864 1458 930 ipsam,
1492 879 1655 931 quam
1680 881 1809 932 pro-

95 932 240 1003 pter
262 927 343 989 id,
377 929 465 979 cui
498 930 901 1003 praiﬁgurando
933 927 1297 995 deserviebat,
1331 933 1425 986 hoc
1480 927 1556 986 est
1589 927 1815 1003 propter

107 999 792 1070 TestamentumiNorum,
825 1002 1048 1067 ejusque
1094 1004 1395 1070 principem
1443 1009 1494 1056 et
1551 999 1812 1058 haeredem

103 1069 434 1142 Ecclesium,
493 1069 560 1120 ab
599 1071 698 1121 illa
727 1076 887 1142 genter
927 1076 1188 1140 tanquam
1237 1069 1303 1124 ab
1342 1075 1436 1127 hoc
1462 1075 1655 1128 idonea
1685 1091 1811 1142 age-

100 1144 269 1190 retur
293 1141 490 1202 (.lans..
524 1146 646 1192 tom.
680 1142 791 1204 Ill,
827 1141 921 1194 lib.
953 1159 989 1204 ι,
1018 1159 1146 1210 pug.
1173 1145 1320 1211 5282).

200 1211 450 1262 Pent-on
480 1215 671 1278 parler
707 1211 773 1264 de
809 1212 1060 1264 l’Ancien
1090 1214 1419 1267 Testament
1459 1219 1515 1268 et
1561 1215 1630 1269 de
1676 1215 1810 1269 Dieu

110 1294 230 1331 son
261 1284 464 1352 auteur
484 1296 615 1352 avec
637 1297 748 1333 une
773 1281 1123 1337 irrévérence
1143 1284 1270 1352 plus
1289 1285 1569 1338 insolente
1589 1288 1618 1338 ‘P
1643 1287 1815 1339 N‘est-

105 1365 179 1430 ce
216 1350 376 1430 point
409 1351 466 1429 la
485 1351 688 1430 braver
721 1353 779 1430 la_
805 1353 956 1430 piéte
987 1355 1084 1430 des
1134 1350 1374 1430 lecteurs
1430 1362 1488 1430 et
1515 1357 1812 1430 insulleria

112 1421 282 1472 leurs
328 1420 618 1495 lumieres,
651 1439 722 1474 en
754 1420 958 1495 faisant
987 1425 1139 1477 mine
1189 1426 1259 1478 de
1289 1426 1372 1478 les
1404 1427 1713 1495 ménager?
1753 1429 1815 1481 Et

104 1507 230 1558 que
262 1506 408 1565 nous
439 1492 737 1565 demontre
769 1498 914 1565 cette
943 1493 1178 1563 indigne
1202 1492 1620 1565 comparaison,
1646 1498 1814 1551 sinon

105 1576 234 1637 _que
264 1561 872 1637 veritable‘ment‘Dieu
913 1561 1138 1632 choisit,
1172 1582 1229 1637 se
1260 1561 1530 1636 proposa,
1567 1584 1811 1637 procura

1927 449 2032 513 put
2059 454 2369 526 supporter
2395 464 2472 500 un
2503 448 2678 526 pareil
2714 450 2873 526 exces
2899 449 3039 502 dans
3069 452 3145 526 les
3176 454 3505 526 aut_eurs_de
3529 471 3616 526 ses

1923 516 2246 589 comedies;
2282 519 2387 571 elle
2435 516 2513 570 ne
2554 518 2680 589 lenr
2709 519 3006 587 pardonna
3056 521 3218 589 point
3253 522 3466 576 d’avoir
3507 525 3614 578 mis

1922 601 2021 637 sur
2053 588 2104 639 la
2135 589 2298 640 scene
2330 589 2428 641 des
2468 587 2732 642 infamies
2761 590 2901 643 dont
2931 587 3215 644 l’allusion
3247 597 3303 646 et
3337 594 3390 646 la
3421 610 3613 648 mora-

1911 656 2037 734 ilitéﬁ
2055 658 2194 710 était
2217 659 2490 734 honnéte.

1999 727 2125 790 Car,
2159 729 2493 804 comme‘dit
2535 729 2647 782 fort
2691 729 2822 782 bien
2852 731 3180 804 Maximeide
3221 735 3350 803 Tyr,
3384 736 3612 804 presen-

1922 801 2008 873 ter
2039 813 2151 873 une
2184 799 2348 852 chose
2381 799 2590 873 infztme
2625 817 2787 873 pour
2828 802 3004 873 servir
3053 799 3399 873 d’allégorie'
3431 809 3462 857 ἐι
3495 821 3608 858 une

1921 869 2089 944 chose
2117 869 2408 944 bonneet
2449 871 2723 944 lionnete,
2767 878 2823 923 et
2853 872 3074 924 donner
3127 890 3199 926 en
3229 869 3512 944 Spectacle
3547 893 3608 928 ce

1923 938 2022 1014 qui
2053 944 2132 992 est
2167 939 2411 1014 nuisible
2444 957 2586 1014 pour
2616 941 2754 993 faire
2789 943 3073 1014 entrevoir
3103 961 3165 996 ce
3202 938 3301 1014 qui
3331 951 3417 998 est
3447 946 3611 1011 utile,

1923 1009 2139 1081 celane
2162 1011 2426 1063 convient
2447 1009 2621 1080 point
2663 1015 2694 1062 ii
2732 1011 2829 1080 qui
2859 1020 2988 1065 vent
3019 1014 3155 1067 faire
3189 1009 3238 1067 lé
3282 1015 3437 1081 bien,
3466 1009 3609 1069 mais

1922 1080 2166 1155 plutota
2197 1081 2454 1155 quiveut
2483 1082 2620 1155 faire
2645 1083 2694 1133 le
2727 1083 2860 1147 mal,
2887 1100 3050 1151 parce
3081 1101 3192 1154 que
3225 1085 3365 1138 dans
3387 1080 3448 1138 ce
3479 1103 3608 1155 pro-

1923 1151 2057 1224 cédé
2089 1150 2313 1204 l’utilite
2345 1157 2430 1204 est
2456 1153 2692 1224 obscure
2726 1159 2781 1224 et
2812 1150 3034 1218 cae-hee,
3079 1150 3130 1208 le
3163 1150 3496 1224 domrnage-
3521 1165 3604 1209 est

1921 1221 2154 1289 present
2183 1227 2238 1274 et
2275 1225 2466 1276 assure
2515 1239 2526 1276 :
2564 1223 2697 1274 Rem
2750 1223 2938 1275 bonam
2988 1231 3034 1276 et
3086 1226 3358 1279 honestam
3403 1221 3505 1280 sub
3552 1244 3610 1280 re

1923 1293 2075 1358 turpi
2105 1292 2386 1358 subjicere,
2437 1299 2486 1345 et
2516 1309 2633 1360 quae
2663 1295 2822 1344 utilia
2853 1299 2977 1346 sunt
3007 1311 3103 1362 per
3159 1314 3220 1348 ea
3277 1313 3394 1364 quze
3436 1297 3604 1350 detri-

1923 1365 2162 1414 mentosa
2207 1368 2333 1416 sunt
2367 1369 2652 1427 ostentare,
2686 1379 2790 1415 non
2821 1371 2898 1416 est
2929 1366 3044 1430 ejus
3074 1368 3170 1433 qui
3198 1368 3448 1434 prodesse
3481 1372 3608 1420 velit

1927 1433 2152 1506 (quippe
2196 1435 2408 1486 utilitas
2456 1449 2533 1486 es:
2569 1435 2648 1486 ibi
2701 1436 2871 1487 latens
2908 1442 2962 1506 et
2987 1433 3254 1501 obscura),
3313 1439 3405 1490 sed
3432 1441 3610 1506 potius

1924 1503 2100 1577 o_besse
2139 1507 2450 1571 cupientis:
2492 1506 2585 1577 hoc
2622 1507 2762 1557 enim
2815 1511 2892 1558 est
2943 1505 3001 1558 in
3053 1512 3299 1577 promptu
3357 1503 3609 1576 (nam.

1928 1574 2147 1647 {lg/rius,
2186 1580 2324 1628 orat.
2377 1578 2429 1640 8,
2485 1576 2613 1629 edit.
2680 1577 2841 1628 Henr.
2903 1574 3372 1647 Stephanq—pag.
3409 1583 3498 1646 50,
3551 1584 3611 1632 in

104 1632 198 1682 les
227 1631 452 1700 crimes,
485 1632 597 1686 afin
630 1633 798 1703 qu’ils
827 1634 1043 1688 fussent
1083 1631 1160 1688 les
1191 1631 1430 1707 images,
1465 1644 1520 1692 et
1552 1631 1629 1692 les
1661 1640 1807 1710 tigu-
1842 1640 1882 1694 Β
1927 1631 2148 1713 Greca);

1603 1797 1758 1798 mni
1769 1797 3606 1807 ,,,n—____________________

662 1943 1574 2127 SANCTI
1716 1946 3084 2121 AUGUSTINI

881 2191 1776 2330 QUATUOB
1870 2197 2857 2344 OPUSCULA,

837 2391 1273 2506 EDITA
1385 2397 1943 2512 PRIMUM
2046 2399 2130 2510 A
2231 2398 2904 2536 FONTANI,

468 2591 1365 2678 BIBLIOTHECXE
1443 2596 2371 2680 ΒΙΟΟΑΒΒΙΑΝΈ
2448 2599 3190 2726 PREFECTO.

181 2771 246 2813 lN
295 2771 716 2815 COLLECTIONE
763 2773 859 2816 cur
907 2773 1162 2815 TITL'LLTS
1201 2777 1214 2816 :
1271 2755 1472 2820 Nova
1520 2751 1768 2818 delicia
1817 2753 2253 2834 eruditorum,
2287 2777 2425 2834 seu,
2461 2767 2764 2819 veterum.
2793 2763 3066 2810 ἀνεκδότων
3117 2755 3555 2821 Collectauea.

955 3039 1966 3165 OPUSCULUM
2048 3044 2723 3165 PRIMUM
2782 3037 2816 3070 ”

3261 2901 3579 2908 ----‹

1770 3245 1984 3310 SIVE

1264 3405 1608 3490 LIBER
1668 3405 1817 3489 DE
1877 3404 2459 3491 OBATIONE

197 3615 532 3684 Evangelica
592 3619 895 3686 praecepta,
976 3616 1176 3670 fratres
1243 3615 1614 3678 dilectissimi,
1669 3615 1813 3669 nihil
1845 3618 1884 3672 C
1931 3618 2049 3669 tem
2073 3616 2142 3670 de
2172 3617 2295 3686 ejus
2327 3615 2772 3670 sanctiﬁcatione
2809 3615 3190 3685 percepimus,
3221 3617 3290 3671 de
3317 3619 3621 3672 traditione

123 3703 282 3756 aliud
313 3707 446 3756 sunt
473 3719 646 3772 quam
676 3703 1005 3773 magisteria
1036 3703 1248 3771 divina,
1282 3704 1655 3757 fundamenta
1676 3703 1812 3757 aedi-

117 3791 359 3844 ficanda!
413 3791 553 3860 spei,
617 3792 978 3844 firmamenta
1035 3791 1370 3845 roboranda:
1423 3791 1580 3856 ﬁdei,
1633 3793 1818 3861 nutri-

120 3886 321 3932 menta
351 3878 575 3932 fovendi
606 3878 812 3940 cordis,
843 3879 1231 3948 gubernacula
1251 3878 1536 3947 dirigendi
1571 3879 1816 3947 itineris,

123 3967 398 4036 praesidia
447 3966 770 4019 obtinendae
821 3967 1038 4033 salutis,
1092 3983 1218 4036 quae
1269 3967 1407 4020 dum
1457 3966 1666 4020 dociles
1697 3984 1816 4022 cre-

121 4055 385 4109 dentium
414 4060 632 4108 mentes
657 4055 716 4108 in
749 4055 912 4108 terris
949 4055 1249 4116 instruunt,
1273 4055 1342 4108 ad
1365 4055 1611 4108 caelestia
1641 4071 1818 4126 regna

115 4143 462 4214 perducunt.
498 4143 670 4195 Multa
702 4159 804 4212 per
853 4144 1158 4212 prophetas
1191 4159 1323 4196 suos
1369 4143 1479 4197 dici
1543 4143 1818 4197 Dominus

116 4230 306 4284 voluit
332 4235 387 4284 et
417 4230 624 4296 audiri,
660 4231 758 4284 sed
803 4235 1015 4300 quanto
1057 4231 1273 4301 majora
1309 4235 1444 4284 sunt
1481 4247 1609 4300 quae
1645 4232 1818 4285 Filius

119 4319 226 4374 Dei
256 4318 532 4388 loquitur,
568 4335 696 4384 quae
730 4318 830 4371 Dei
866 4335 1074 4384 sermo,
1111 4319 1209 4389 qui
1260 4319 1319 4372 in
1351 4320 1646 4388 prophetis
1701 4321 1816 4374 suis

120 4407 256 4475 fuit,
298 4406 531 4476 propria
550 4423 685 4460 voce
718 4411 978 4472 testatur,
1016 4424 1128 4461 non
1151 4408 1272 4476 jam
1304 4409 1581 4462 mandans
1620 4411 1681 4461 ut
1710 4425 1812 4478 pa-

124 4500 289 4548 retur
320 4493 572 4548 venienti
615 4494 722 4560 via,
778 4495 879 4548 sed
926 4495 1044 4564 ipse
1085 4495 1337 4558 veniens,
1391 4500 1446 4548 et
1474 4495 1622 4548 viam
1653 4497 1817 4549 nobis

129 4582 397 4652 aperiens
431 4581 699 4650 ostendit,
731 4582 978 4653 qualiter
1003 4583 1103 4652 qui
1138 4581 1193 4635 in
1228 4583 1474 4636 tenebris
1496 4583 1699 4636 mortis
1725 4599 1814 4636 er-

120 4676 315 4724 rantes
345 4671 648 4742 improvidi
681 4675 734 4724 et
782 4671 941 4739 prius
972 4669 1106 4723 caeci
1157 4669 1391 4737 fuimus,
1443 4686 1560 4722 suae
1615 4671 1816 4739 gratiae

119 4760 250 4810 luce
281 4759 590 4812 illuminati
620 4759 728 4812 iter
756 4760 883 4812 vitae
930 4759 1052 4828 ipso
1096 4759 1337 4811 Domino
1383 4763 1600 4812 rectore
1650 4765 1806 4812 tene-

123 4861 341 4899 remus.
375 4846 481 4909 Qui
510 4847 660 4899 inter
689 4852 890 4899 caetera
913 4846 1180 4899 salutaria
1206 4862 1307 4898 sua
1337 4847 1550 4900 monita
1581 4851 1636 4901 et
1665 4864 1811 4916 pra:-

1934 3721 2166 3774 quoque
2214 3705 2336 3774 ejus
2387 3720 2513 3757 vere
2571 3709 2628 3757 et
2683 3703 3054 3774 spiritualiter
3108 3705 3431 3761 adoremus.
3483 3707 3618 3770 Qua:

1931 3793 2083 3845 enim
2119 3797 2304 3862 potest
2355 3809 2475 3845 esse
2527 3792 2709 3861 magis
2739 3791 3050 3861 spiritualis
3077 3793 3256 3845 oratio
3287 3811 3460 3862 quam
3490 3812 3618 3864 qua:

1931 3880 2100 3933 nobis
2121 3897 2154 3932 a
2192 3881 2434 3945 Christo,
2465 3897 2498 3932 a
2524 3896 2638 3950 quo
2672 3879 2836 3932 nobis
2873 3886 2928 3932 et
2951 3879 3196 3948 Spiritus
3219 3880 3455 3934 Sanctus
3485 3881 3618 3934 mis-

1935 3986 2028 4021 sus
2044 3970 2169 4022 est?
2193 3968 2330 4032 Quae
2353 3985 2486 4021 vero
2507 3968 2688 4038 magis
2710 3967 2857 4037 apud
2889 3969 3107 4020 Patrem
3132 3969 3404 4038 precatio,
3445 3986 3616 4040 quam

1932 4074 2058 4128 qua:
2093 4075 2122 4110 a
2174 4057 2337 4118 Filio,
2370 4056 2466 4126 qui
2525 4062 2608 4108 est
2657 4056 2860 4108 veritas
2887 4055 2956 4108 de
3000 4056 3122 4125 ejus
3169 4073 3266 4110 ore
3287 4058 3524 4126 prolata,
3560 4066 3622 4112 ut

1936 4146 2100 4198 aliter
2129 4161 2292 4198 orare
2315 4160 2488 4214 quam
2512 4143 2705 4197 docuit
2737 4158 2851 4195 non
2888 4143 3211 4212 ignorantia
3258 4145 3375 4196 sola
3407 4146 3496 4210 sit,
3521 4147 3615 4199 sed

1931 4235 2118 4303 culpa,
2149 4249 2279 4286 cum
2322 4233 2443 4302 ipse
2475 4231 2726 4302 posuerit
2767 4235 2821 4283 et
2849 4230 3070 4291 dixerit,
3105 4233 3348 4300 Rejicitis
3378 4233 3618 4287 manda-

1930 4326 2043 4375 tum
2083 4323 2188 4375 Dei
2216 4326 2275 4374 ut
2307 4321 2654 4374 traditionem
2680 4326 2913 4373 uestram
2943 4322 3221 4372 statuatis.
3249 4320 3488 4373 Oremus
3519 4321 3618 4374 ita-

1942 4425 2074 4478 que,
2106 4409 2310 4462 fratres
2328 4406 2701 4471 dilectissimi,
2732 4407 2876 4458 sicut
2897 4406 3166 4474 magister
3187 4407 3368 4459 Deum
3387 4407 3579 4461 docuit
3603 4426 3615 4462 :

1933 4497 2116 4550 amica
2147 4502 2203 4549 et
2233 4495 2528 4550 familiaris
2560 4500 2643 4549 est
2665 4495 2844 4548 oratio
2893 4495 3114 4548 Domini
3149 4496 3217 4548 de
3247 4513 3346 4549 suo
3394 4513 3616 4568 rogare,

1932 4583 2003 4635 ad
2043 4599 2210 4636 aures
2241 4584 2364 4651 ejus
2394 4583 2700 4636 ascendere
2733 4582 2942 4635 Christi
2973 4583 3309 4638 orationem.
3333 4588 3616 4655 Agnoscat

1931 4672 2095 4724 Pater
2126 4671 2251 4723 Filii
2283 4670 2371 4722 sui
2406 4670 2575 4722 verba
2604 4685 2733 4722 cum
2771 4685 2998 4738 precem
3030 4671 3267 4725 facimus
3292 4690 3304 4738 ;
3329 4673 3428 4742 qui
3465 4674 3620 4727 habi-

1930 4764 2013 4811 tat
2034 4758 2187 4811 intus
2219 4757 2276 4810 in
2298 4762 2548 4826 pectore,
2569 4757 2690 4826 ipse
2711 4758 2782 4810 sit
2800 4763 2854 4810 et
2875 4759 2933 4811 in
2960 4773 3094 4813 voce
3115 4779 3129 4827 ;
3154 4777 3283 4814 cum
3306 4761 3616 4815 habeamus

1927 4847 2118 4916 ipsum
2152 4847 2299 4915 apud
2330 4847 2554 4898 Patrem
2585 4846 2951 4914 advocatum,
2987 4864 3088 4917 pro
3136 4849 3382 4918 peccatis
3410 4849 3617 4901 nostris

121 4939 290 5003 cepta
323 4951 424 4986 sua
468 4933 661 4987 divina
707 4935 914 5004 quibus
970 4935 1214 5004 populos
1259 4950 1390 4987 suos
1426 4936 1710 4988 consuluit
1741 4936 1811 4989 ad
1855 4948 1897 5000 ι)
1925 4934 2191 5003 petimus,
2256 4933 2516 4986 advocati
2571 4934 2748 4986 nostri
2794 4935 2961 4988 verba
3004 4937 3412 5006 lpropinamus.
3476 4937 3615 4990 Nam

116 5023 387 5088 salutem,
421 5022 590 5075 etiam
624 5023 826 5075 orandi
856 5022 976 5091 ipse
1007 5023 1251 5075 formam
1296 5022 1454 5076 dedit
1483 5041 1496 5090 ;
1531 5022 1650 5092 ipse
1677 5023 1812 5094 quid

114 5125 486 5181 precaremur
511 5111 739 5164 monuit
769 5115 825 5163 et
855 5109 1154 5174 instruxit;
1179 5110 1276 5179 qui
1306 5110 1437 5163 fecit
1463 5110 1670 5175 vivere,
1712 5110 1814 5162 do-

109 5197 232 5250 cuit
262 5202 318 5250 et
356 5213 540 5262 orare,
592 5214 657 5251 ea
708 5197 1058 5266 benignitate
1103 5198 1314 5250 scilicet
1355 5213 1466 5267 qua
1513 5203 1569 5249 et
1609 5203 1816 5249 caetera

113 5287 254 5339 dare
286 5289 342 5338 et
375 5285 631 5339 conferre
681 5286 948 5355 dignatus
1006 5290 1089 5338 est
1121 5290 1200 5351 ut,
1233 5286 1368 5339 dum
1400 5301 1565 5354 prece
1597 5291 1652 5338 et
1685 5301 1812 5338 ora-

115 5375 272 5428 tione
321 5390 491 5443 quam
529 5373 700 5427 Filius
754 5374 943 5427 docuit
1005 5375 1154 5444 apud
1215 5376 1439 5428 Patrem
1502 5373 1811 5443 loquimur,

116 5460 342 5514 facilius
392 5461 716 5516 audiamur.
774 5463 896 5515 Jam
954 5462 1296 5532 praedixerat
1361 5463 1563 5515 horam
1620 5461 1812 5514 venire

114 5549 337 5618 quando
370 5552 486 5603 ueri
515 5550 826 5604 adoratores
853 5550 1144 5604 adorarent
1173 5553 1391 5605 Patrem
1421 5553 1479 5604 in
1509 5552 1728 5618 spiritu,
1757 5555 1812 5604 et

115 5637 380 5707 implevit
407 5638 637 5708 quando
666 5637 950 5708 promisit,
987 5643 1047 5692 ut
1075 5638 1172 5708 qui
1208 5639 1474 5708 spiritum
1509 5643 1565 5692 et
1597 5638 1807 5692 verita-

177 5761 199 5782 ⁴
234 5759 539 5808 Mendosum
576 5761 792 5809 omnino
824 5775 918 5808 nec
970 5775 1176 5824 semper
1223 5761 1506 5811 intellectui
1543 5762 1800 5825 pervium,
1831 5761 2070 5822 quamvis
2101 5761 2151 5808 in
2181 5759 2358 5808 multis
2389 5759 2515 5832 locis
2551 5758 2947 5806 correxerimus.

1926 5038 2058 5076 cum
2087 5022 2258 5088 dicat,
2291 5020 2426 5090 quia
2467 5021 2838 5090 quodcumque
2877 5024 3144 5090 petieritis
3188 5025 3401 5076 Patrem
3433 5026 3490 5076 in
3521 5040 3615 5077 uo-

1926 5114 2066 5164 mine
2096 5126 2207 5164 meo
2229 5110 2383 5162 dabit
2423 5110 2570 5164 vobis
2598 5126 2610 5163 :
2636 5115 2848 5180 quanto
2872 5110 3155 5162 efficacius
3180 5111 3610 5179 impetrabimus

1926 5200 2080 5270 quod
2119 5199 2366 5268 petimus
2399 5198 2607 5252 Christi
2639 5199 2893 5263 nomine,
2923 5197 2967 5249 si
3000 5204 3258 5266 petamus
3289 5199 3467 5268 ipsius
3495 5217 3614 5254 ora-

1924 5287 2126 5340 tione?
2184 5287 2266 5339 Sit
2301 5286 2454 5339 enim
2511 5287 2805 5339 orantibus
2853 5302 3039 5337 sermo
3092 5290 3146 5338 et
3203 5288 3453 5355 precatio
3485 5306 3613 5343 cum

1938 5375 2239 5444 disciplina
2267 5375 2517 5444 quietem
2549 5375 2844 5427 continens
2875 5379 2930 5424 et
2959 5373 3254 5442 pudorem.
3288 5376 3617 5446 Cogitemus

1927 5481 2030 5516 nos
2062 5463 2167 5516 sub
2199 5468 2508 5532 conspectu
2542 5461 2641 5514 Dei
2696 5467 2881 5524 stare;
2921 5463 3256 5530 placendum
3291 5469 3374 5518 est
3409 5465 3617 5519 divinis

1924 5551 2104 5604 oculis
2154 5557 2208 5604 et
2245 5551 2444 5604 habitu
2491 5547 2762 5618 corporis,
2799 5554 2856 5602 et
2904 5551 3074 5602 modo
3124 5551 3312 5615 vocis;
3365 5569 3493 5606 nam
3551 5561 3611 5606 ut

1927 5639 2314 5708 imprudentis
2347 5642 2430 5690 est
2456 5637 2802 5689 clamoribus
2835 5642 3108 5706 strepere,
3140 5638 3218 5692 ita
3273 5642 3536 5709 congruit
3579 5658 3608 5691 ρ

3219 5759 3361 5807 Enlr.
