4068 6192
321 249 452 300 H15

1319 237 1881 300 SUPPLEMENTUM
1924 243 2015 298 AD
2053 241 2287 300 OPERA
2326 243 2381 298 S.
2423 240 2814 299 AUGUSTINI.

3687 252 3825 302 Hlﬁ

313 372 515 422 contra
544 366 1010 421 verecundiorem
1061 365 1330 420 modestis
1377 365 1642 436 precibus
1671 381 1854 421 orare.
1890 367 1997 420 De-
2035 366 2080 420 Δ
2119 365 2262 435 quit,
2295 369 2444 420 orate
2476 382 2491 419 :
2527 367 2686 419 Pater
2734 371 2916 422 noster
2960 367 3056 435 qui
3085 380 3137 420 es
3160 369 3217 420 in
3249 368 3414 436 caelis,
3445 368 3828 440 sanctiﬁcetur

321 457 496 528 nique
549 455 876 526 magisterio
935 471 1036 508 suo
1098 453 1375 508 Dominus
1440 459 1655 509 secreto
1707 472 1868 510 orare
1908 472 2014 510 nos

318 547 594 618 praecepit
620 546 678 599 in
718 545 918 599 abditis
960 549 1017 597 et
1049 543 1278 597 secretis
1309 544 1466 610 locis,
1507 544 1567 597 in
1598 544 1872 598 cubiculis
1902 561 2013 599 no-

321 637 470 704 stris,
506 636 658 707 quod
692 633 874 703 magis
905 631 1172 702 congruit
1221 631 1377 698 fidei,
1428 636 1492 686 ut
1537 629 1781 684 sciamus
1831 631 2010 682 Deum

319 725 536 796 ubique
559 739 676 776 esse
716 726 1085 792 praesentem,
1115 721 1313 775 audire
1345 737 1542 774 omnes
1573 724 1629 774 et
1681 720 1894 784 videre,
1953 723 2010 772 et

323 812 637 883 majestatis
676 827 794 865 sum
835 809 1257 881 plenitudinem
1315 810 1374 863 in
1419 809 1609 863 abdita
1667 823 1911 879 qumque
1957 809 2013 860 et

317 901 534 955 occulta
553 904 876 970 penetrare,
909 898 1052 952 sicut
1080 899 1354 968 scriptum
1379 902 1494 952 est:
1520 901 1630 963 Ego
1658 900 1794 951 Deus
1817 911 2014 965 appro-

312 993 550 1052 ximans,
583 994 630 1044 et
659 1005 765 1042 non
797 989 941 1042 Deus
963 988 1027 1041 de
1061 989 1390 1056 longinquo;
1431 989 1479 1040 si
1509 985 1855 1040 absconditus
1903 987 2014 1051 fue-

311 1081 388 1131 rit
444 1080 595 1132 homo
646 1080 704 1130 in
764 1076 1096 1130 absconditis
1147 1093 1272 1143 ergo
1305 1091 1396 1142 ego
1447 1091 1553 1128 non
1602 1074 1791 1128 uidebo
1842 1076 2002 1126 eum?

315 1167 512 1220 Nonne
537 1167 727 1219 caelum
748 1171 797 1218 et
817 1170 1014 1217 terram
1035 1180 1128 1231 ego
1158 1164 1392 1232 impleo?
1421 1164 1484 1216 Et
1504 1161 1713 1215 iterum
1743 1177 1754 1214 :
1781 1163 1843 1215 In
1867 1164 2012 1214 omni

315 1257 422 1309 loco
478 1256 616 1308 oculi
667 1256 882 1308 Domini
929 1254 1357 1321 contemplantur
1399 1251 1556 1304 bonos
1613 1253 1661 1303 et
1711 1250 1896 1304 malos.
1943 1250 2012 1302 Et

317 1343 548 1412 quando
580 1342 641 1396 in
674 1357 856 1396 unum
875 1357 1017 1394 cum
1053 1341 1322 1394 fratribus
1353 1339 1720 1393 convenimus
1747 1342 1802 1392 et
1832 1339 2007 1391 sacri-

319 1430 444 1484 ficia
474 1430 662 1485 divina
696 1446 825 1484 cum
857 1429 955 1483 Dei
985 1429 1274 1483 sacerdote
1312 1429 1684 1494 celebramus,
1730 1443 2006 1480 verecun-

315 1520 424 1575 diae
456 1524 514 1574 et
565 1519 877 1590 disciplinae
925 1535 1208 1573 memores
1236 1535 1354 1572 esse
1400 1518 1695 1583 debemus,
1726 1533 1843 1570 non
1870 1533 2006 1587 pas—

2121 471 2309 508 nomen
2337 460 2508 524 tuum,
2536 455 2792 509 adveniat
2835 470 3060 522 regnum
3107 459 3275 523 tuum,
3308 458 3407 524 ﬁat
3436 458 3685 512 voluntas
3729 462 3826 511 tua

2121 545 2262 597 sicut
2293 546 2347 597 in
2379 545 2501 598 ca'lo
2535 549 2584 598 et
2611 547 2668 598 in
2711 550 2860 600 terra
2891 563 2905 597 :
2935 559 3128 613 panem
3159 549 3400 598 nostrum
3435 547 3824 614 quotidianum

2121 632 2194 686 da
2226 633 2378 686 nobis
2409 633 2586 698 hodie,
2622 638 2670 686 et
2700 633 2913 686 dimitte
2944 633 3097 687 nobis
3119 633 3299 687 debita
3327 639 3537 699 nostra,
3582 638 3726 688 sicut
3772 640 3823 688 et

2119 735 2214 774 nos
2235 720 2562 774 dimittimus
2610 721 2943 774 debitoribus
2991 723 3193 774 nostris
3221 737 3234 786 ;
3268 727 3320 776 et
3349 737 3414 775 ne
3442 738 3536 776 nos
3585 723 3822 778 inducas

2119 811 2177 861 in
2210 811 2568 872 tentationem,
2607 809 2702 863 sed
2739 809 2911 862 libera
2938 823 3034 862 nos
3074 826 3108 861 a
3137 811 3297 863 malo.
3325 813 3524 864 Amen.

2192 901 2339 951 Ante
2378 897 2571 950 omnia
2606 897 2760 968 pacis
2793 897 2990 951 doctor
3033 902 3204 968 atque
3260 898 3497 952 unitatis
3545 900 3823 970 magister

2121 986 2453 1057 singillatim
2491 987 2678 1040 noluit
2707 991 2762 1039 et
2789 985 3058 1056 privatim
3090 1003 3314 1056 precem
3356 987 3486 1052 dici,
3524 989 3682 1059 quasi
3714 989 3818 1059 qui

2119 1080 2402 1145 precatur,
2438 1091 2544 1144 pro
2580 1091 2638 1128 se
2689 1080 2913 1129 tantum
2959 1075 3179 1144 precari
3218 1075 3494 1131 videatur.
3551 1079 3629 1131 Ne
3663 1077 3816 1130 dica-

2126 1179 2256 1216 mus
2291 1164 2458 1216 Pater
2482 1179 2662 1230 meus,
2690 1179 2876 1233 neque
2896 1178 3105 1232 panem
3130 1179 3324 1216 meum
3356 1164 3426 1217 da
3451 1163 3592 1217 mihi
3623 1165 3818 1230 hodie,

2129 1267 2233 1305 nec
2275 1250 2485 1306 dimitti
2518 1251 2626 1305 sibi
2673 1255 2895 1304 tantum
2953 1251 3351 1321 unusquisque
3382 1255 3630 1322 postulet
3658 1257 3724 1305 ut
3755 1253 3816 1305 in

2122 1340 2500 1394 tentationem
2549 1355 2667 1393 non
2719 1339 3024 1393 inducatur
3068 1344 3237 1410 atque
3279 1355 3311 1392 a
3342 1339 3492 1393 malo
3540 1340 3820 1394 liberetur

2117 1445 2223 1498 pro
2258 1429 2374 1482 solo
2405 1444 2464 1482 se
2506 1431 2704 1499 roget;
2747 1426 2996 1497 ’publica
3026 1431 3111 1480 est
3158 1426 3312 1481 enim
3343 1427 3509 1481 nobis
3552 1433 3604 1482 et
3653 1444 3818 1482 com-

2118 1517 2310 1570 munis
2339 1516 2520 1570 oratio
2554 1521 2610 1570 et
2659 1515 2890 1587 quando
2948 1531 3178 1569 oramus
3220 1532 3333 1569 non
3365 1532 3470 1585 pro
3518 1531 3653 1582 uno,
3713 1517 3818 1570 sed

319 1609 426 1663 sim
457 1608 732 1662 ventilare
763 1624 956 1679 preces
1001 1611 1224 1660 nostras
1261 1607 1564 1661 inconditis
1613 1607 1866 1672 vocibus,
1901 1622 2004 1659 nec
2048 1643 2090 1698 Β
2120 1623 2225 1676 pro
2260 1606 2474 1677 populo
2499 1609 2620 1659 toto
2671 1621 2920 1670 oramus,
2970 1604 3104 1675 quia
3162 1605 3408 1675 populus
3459 1608 3609 1658 totus
3662 1621 3820 1658 unus

316 1697 680 1768 petitionem,
701 1697 1211 1750 commendandam
1228 1697 1479 1750 modeste
1503 1697 1636 1761 Deo,
1655 1696 2008 1749 tumultuosa

315 1787 655 1857 loquacitate
683 1786 920 1856 jactare,
974 1785 1107 1856 quia
1155 1787 1300 1839 Deus
1332 1801 1450 1838 non
1481 1784 1652 1850 vocis,
1689 1784 1783 1838 sed
1816 1783 2002 1837 cordis

315 1874 540 1928 auditor
571 1878 672 1937 est,
707 1889 810 1927 nec
836 1875 839 1879 ’
867 1873 1258 1926 admonendus
1293 1876 1375 1925 est
1405 1871 1747 1925 clamoribus
1780 1871 1877 1942 qui
1911 1887 2005 1923 co-

316 1963 621 2033 gitationes
664 1963 836 2028 videt,
877 1963 1155 2032 probante
1190 1960 1431 2015 Domino
1465 1964 1522 2014 et
1553 1959 1777 2014 dicente
1815 1977 1827 2013 :
1861 1957 2008 2025 Quid

311 2054 560 2117 cogitatis
600 2067 831 2120 nequam
883 2053 940 2104 in
991 2051 1240 2104 cordibus
1296 2052 1528 2103 vestris?
1575 2052 1632 2102 et
1675 2047 1786 2101 alio
1829 2048 1952 2101 loco
1990 2063 2002 2101 :

311 2143 498 2196 Sciant
524 2155 699 2193 omnes
747 2141 878 2208 quia
913 2154 1004 2206 ego
1036 2143 1307 2192 scrutator
1335 2140 1480 2191 renis
1522 2144 1570 2190 et
1611 2136 1808 2201 cordis,
1851 2136 2006 2206 quod

308 2231 475 2282 Anna
504 2228 564 2282 in
605 2228 792 2298 primo
825 2230 1046 2297 Regum
1087 2226 1229 2280 libro
1257 2230 1460 2296 typum
1505 2227 1738 2295 portans
1763 2223 2007 2276 custodit

309 2321 367 2370 et
397 2319 602 2384 servat,
655 2332 783 2387 quas
830 2315 1152 2376 Dominum,
1184 2331 1296 2367 non
1339 2315 1653 2367 clamorosa
1685 2311 2001 2382 lpetitione,

310 2405 411 2460 sed
447 2405 612 2458 tacite
661 2409 717 2456 et
764 2403 1018 2456 modeste
1050 2402 1200 2454 inter
1257 2401 1408 2471 ipsas
1465 2399 1708 2470 pectoris
1758 2399 2004 2452 latebras

310 2497 596 2563 precatur.
651 2491 1010 2562 Loquebatur
1068 2507 1235 2560 prece
1279 2490 1513 2554 occulta,
1548 2488 1644 2541 sed
1703 2487 2002 2541 manifesta

309 2581 420 2635 iide
451 2581 813 2648 loquebatur,
848 2596 962 2632 non
993 2594 1128 2632 voce
1169 2578 1264 2631 sed
1305 2577 1490 2641 corde,
1529 2575 1664 2646 quia
1702 2577 1779 2629 sic
1809 2576 2001 2629 Domi-

318 2686 457 2724 num
481 2669 690 2721 sciebat
717 2669 913 2721 audire
939 2684 950 2720 :
982 2665 1623 2737 impetravitefticaciter
1643 2664 1793 2734 quod
1815 2664 1997 2734 petiit,

314 2758 448 2829 quia
480 2757 726 2810 fideliter
754 2756 1087 2826 postulavit.
1125 2755 1384 2809 Declarat
1410 2754 1531 2807 haec
1575 2753 1864 2822 Scriptura
1907 2752 1998 2805 di-

305 2847 437 2899 vina
469 2863 596 2916 quae
630 2845 764 2898 dicit
793 2861 804 2898 :
830 2845 1178 2913 Loquebatur
1196 2846 1257 2896 in
1282 2843 1440 2897 corde
1470 2857 1586 2909 suo,
1606 2846 1654 2894 et
1674 2841 1820 2894 labia
1850 2842 1999 2894 illius

2121 1711 2342 1749 sumus.
2381 1696 2526 1748 Deus
2545 1693 2700 1764 pacis
2737 1699 2792 1748 et
2819 1693 3139 1747 concordize
3173 1693 3445 1763 magister
3475 1693 3572 1764 qui
3607 1693 3814 1746 docuit

2119 1783 2422 1847 unitatem,
2458 1782 2536 1835 sic
2569 1797 2734 1836 orare
2775 1781 2949 1834 etiam
2983 1781 3196 1846 docuit,
3228 1782 3380 1835 unde
3411 1798 3516 1852 pro
3539 1781 3820 1836 omnibus

2115 1871 2320 1940 voluit,
2353 1870 2643 1942 quomodo
2673 1870 2730 1924 in
2762 1886 2881 1924 uno
2912 1886 3110 1923 omnes
3139 1870 3258 1940 ipse
3290 1869 3560 1939 portavit.

2189 1962 2342 2014 Hanc
2393 1959 2668 2013 orationis
2714 1959 2899 2029 legem
2951 1964 3319 2012 servaverunt
3367 1965 3480 2012 tres
3537 1959 3702 2028 pueri
3752 1960 3819 2013 in

2119 2046 2345 2100 camino
2374 2046 2524 2117 ignis
2553 2046 2776 2113 inclusi,
2809 2051 3187 2100 consonantes
3218 2046 3277 2100 in
3300 2062 3465 2118 prece
3489 2052 3544 2100 et
3574 2048 3820 2118 spiritus

2116 2135 2486 2189 consensione
2518 2135 2842 2188 concordes.
2881 2135 2997 2188 Hoc
3037 2119 3287 2188 declarat
3315 2134 3522 2188 divina).
3553 2135 3817 2205 Scriptu-

2115 2239 2193 2277 τω
2225 2224 2366 2277 fides
2393 2241 2406 2289 ;
2440 2229 2516 2290 et,
2540 2223 2676 2277 dum
2705 2223 2868 2277 docet
2891 2222 3180 2292 quomodo
3213 2222 3499 2276 oraverint
3520 2224 3678 2290 tales,
3707 2224 3816 2278 dat

2114 2312 2444 2380 exemplum
2477 2311 2628 2382 quod
2659 2310 2875 2364 imitari
2908 2311 2967 2364 in
2995 2311 3256 2382 precibus
3287 2311 3591 2365 debeamus
3632 2318 3696 2366 ut
3725 2318 3815 2366 ta-

2113 2400 2195 2453 les
2224 2415 2347 2453 esse
2373 2399 2676 2469 possimus.
2703 2398 3102 2469 Tunc,inquit,
3136 2399 3218 2452 illi
3251 2405 3364 2453 tres
3399 2401 3559 2470 quasi
3589 2418 3657 2454 ex
3687 2419 3816 2456 uno

2115 2505 2212 2542 ore
2275 2489 2554 2558 hymnum
2609 2487 2874 2540 dicebant
2921 2491 2976 2541 et
3005 2487 3418 2542 benedicehant
3475 2489 3812 2546 Dominum.

2115 2576 2519 2648 Loquebantur
2549 2576 2713 2646 quasi
2743 2592 2810 2629 ex
2855 2592 2972 2629 uno
3003 2592 3100 2628 ore
3153 2580 3208 2628 et
3259 2576 3516 2630 nondum
3547 2576 3814 2630 Christus

2111 2665 2240 2725 illos
2263 2665 2530 2718 docuerat
2557 2681 2734 2725 orare,
2760 2668 2816 2718 et
2840 2665 3050 2718 idcirco
3078 2665 3372 2718 orantibus
3398 2665 3500 2718 fuit
3538 2663 3817 2735 impetra-

2111 2755 2245 2808 bilis
2283 2757 2337 2807 et
2367 2753 2564 2807 efﬁcax
2602 2769 2809 2819 sermo,
2853 2753 2988 2823 quia
3014 2753 3454 2823 promerebatur
3484 2755 3660 2807 Deum
3698 2771 3814 2824 pa—

2114 2843 2272 2896 cifica
2307 2847 2361 2895 et
2388 2841 2629 2912 simplex
2660 2847 2717 2894 et
2764 2841 3075 2911 spiritualis
3115 2841 3318 2895 oratio.
3351 2843 3440 2895 Sic
3485 2847 3540 2896 et
3573 2848 3813 2911 aposto-

307 2951 415 2988 non
448 2935 815 2988 movebantur.
853 2935 991 2986 Item
1021 2933 1266 3001 legimus
1312 2931 1373 2984 in
1416 2931 1636 3000 psalmo
1670 2946 1681 2982 :
1733 2929 1909 2982 Dicite
1941 2931 1998 2981 in
2038 2928 2075 2981 C
2113 2932 2198 2984 los
2226 2947 2355 2985 cum
2388 2929 2683 2999 discipulis
2730 2934 2860 2999 post
2913 2945 3206 2983 ascensum
3261 2931 3487 2984 Domini
3535 2930 3815 2984 novimus

305 3024 555 3078 cordibus
584 3025 797 3089 uestris,
827 3027 874 3076 et
903 3025 960 3076 in
1001 3021 1266 3074 cubitibus
1305 3022 1500 3074 vestris
1532 3020 1991 3087 cumpungimini.

314 3113 424 3165 Per
451 3111 757 3165 Jeremiam
790 3125 1014 3180 quoque
1057 3109 1182 3162 haec
1225 3108 1422 3162 eadem
1478 3106 1724 3177 Spiritus
1772 3111 1998 3158 sanctus

312 3199 568 3270 suggerit
597 3204 652 3252 et
694 3199 850 3252 docet
883 3198 1074 3251 dicens
1110 3213 1122 3250 ε
1151 3198 1212 3251 1η
1244 3212 1402 3250 sensu
1449 3200 1626 3249 autem
1671 3194 1821 3247 debet
1867 3193 2000 3246 ado-

308 3290 430 3340 rari
461 3288 562 3340 tibi
590 3289 866 3340 Dominus.
897 3286 1155 3339 Adorans
1199 3289 1408 3346 autem,
1463 3285 1665 3336 fratres
1697 3281 1997 3334 dilectissi-

309 3374 411 3441 mi,
446 3389 548 3426 nec
571 3373 711 3425 illud
747 3373 974 3440 ignoret
1001 3372 1490 3442 quemadmodum
1527 3372 1584 3424 in
1612 3372 1823 3441 templo
1865 3387 1992 3424 cum

310 3458 595 3511 Pharisaeo
630 3459 969 3512 Publicanus
993 3459 1258 3524 oraverit,
1286 3476 1400 3512 non
1429 3459 1660 3512 elevatis
1691 3459 1748 3512 in
1785 3460 1990 3512 coelum

303 3546 674 3614 impudenter
723 3546 899 3599 oculis
958 3563 1061 3600 nec
1103 3547 1366 3600 manibus
1419 3547 1732 3600 insolenter
1769 3547 1990 3608 erectis,

303 3639 502 3704 pectus
550 3635 782 3704 pulsans
827 3638 883 3687 et
932 3634 1374 3704 peccatalintus
1415 3635 1633 3688 inclusa
1681 3639 1999 3689 contestans

309 3708 516 3777 divina:
577 3723 980 3778 misericordia:
1042 3724 1387 3794 implorabat
1434 3724 1730 3778 auxilium.
1769 3725 1995 3778 Etcum

308 3813 625 3867 Pharisaeus
658 3813 764 3867 sibi
818 3815 1087 3884 placeret,
1123 3809 1463 3867 sanctiﬁcari
1517 3813 1608 3866 hic
1661 3813 1845 3884 magis
1876 3830 1996 3868 me-

305 3902 422 3954 ruit
452 3901 551 3971 qui
601 3901 678 3954 sic
720 3901 920 3967 oravit,
965 3901 1063 3971 qui
1119 3917 1276 3970 spem
1321 3901 1518 3954 salutis
1547 3918 1662 3954 non
1693 3903 1751 3955 in
1785 3902 1993 3956 ﬁducia

308 3990 652 4043 innocentiae
687 4006 804 4042 suae
834 3989 1042 4060 posuit,
1079 4005 1208 4043 cum
1238 3989 1512 4043 innocens
1561 4006 1730 4044 nemo
1776 3990 1867 4057 sit,
1897 3990 1992 4043 sed

302 4083 532 4148 peccata
562 4078 852 4131 confessus
885 4077 1180 4132 humiliter
1205 4078 1405 4144 oravit,
1431 4082 1487 4132 et
1515 4079 1803 4132 exaudivit
1824 4096 1993 4132 oran-

301 4171 417 4221 tem
455 4166 553 4236 qui
586 4166 1204 4236 liumilibuslignoscit,
1239 4166 1389 4236 quod
1420 4167 1694 4220 Dominus
1725 4168 1783 4220 in
1816 4169 1992 4220 Evan-

2109 3036 2271 3073 orare
2306 3036 2318 3073 :
2353 3023 2545 3085 Erant,
2589 3019 2796 3089 inquit,
2830 3024 3232 3088 perseverantes
3279 3022 3558 3074 unanimes
3598 3022 3658 3073 in
3685 3036 3814 3073 ora-

2109 3112 2266 3175 tione,
2303 3125 2421 3162 cum
2457 3108 2770 3161 mulieribus
2803 3112 2852 3160 et
2880 3109 3059 3163 Maria
3092 3123 3210 3175 qua:
3238 3110 3350 3173 fuit
3398 3113 3570 3162 mater
3595 3111 3721 3161 Jesu
3757 3116 3813 3161 et

2105 3199 2379 3264 fratribus
2413 3197 2550 3264 ejus.
2589 3196 3032 3249 Perseverabant
3064 3196 3123 3249 in
3175 3197 3427 3250 oratione
3475 3197 3806 3262 unanimes,

2109 3285 2394 3340 orationis
2417 3285 2630 3338 scilicet
2661 3288 2716 3337 et
2755 3284 3086 3338 instantiam
3131 3285 3300 3338 simul
3330 3291 3386 3338 et
3435 3286 3809 3339 concordiam

2105 3374 2462 3428 declarantes
2513 3373 2650 3443 quia
2696 3374 2844 3426 Deus
2889 3373 3210 3427 inhabitare
3241 3373 3375 3426 fecit
3406 3373 3710 3426 unanimes
3741 3373 3808 3426 in

2107 3464 2302 3516 domo.
2341 3463 2460 3515 Non
2494 3461 2743 3514 admittit
2774 3461 2833 3513 in
2883 3461 3134 3514 divinam
3167 3466 3224 3514 et
3254 3466 3526 3514 aeternam
3558 3462 3803 3515 domum

2107 3551 2217 3605 nisi
2261 3567 2354 3604 eos
2385 3549 2534 3619 apud
2572 3565 2715 3620 quos
2761 3549 3048 3602 unanimis
3106 3549 3306 3602 oratio.
3350 3549 3548 3613 Qualia
3608 3556 3806 3605 autem

2114 3640 2248 3707 sint,
2281 3639 2485 3692 fratres
2518 3638 2892 3698 dilectissimi,
2928 3637 3212 3691 Orationis
3245 3638 3553 3692 Dominicee
3614 3657 3803 3693 sacra-

2115 3733 2326 3793 menta,
2361 3743 2532 3798 quam
2569 3728 2766 3793 multa,
2799 3742 2974 3797 quam
3019 3742 3246 3796 magna,
3288 3726 3537 3780 breviter
3568 3727 3627 3781 in
3683 3745 3803 3782 ser-

2107 3831 2277 3870 mone
2312 3817 2564 3881 collecta,
2619 3817 2714 3870 sed
2769 3815 2828 3869 in
2881 3815 3088 3868 virtute
3143 3815 3518 3886 spiritualiter
3564 3818 3799 3888 cepiosa

2107 3905 2424 3973 ostendam,
2457 3908 2519 3957 ut
2558 3904 2698 3957 nihil
2735 3904 2974 3957 omnino
3023 3904 3472 3974 praetermissum
3523 3905 3598 3957 sit
3648 3909 3804 3976 quod

2109 4009 2223 4046 non
2278 3993 2337 4046 in
2394 3991 2656 4064 precibus
2703 3997 2877 4062 atque
2903 3992 3273 4063 {orationibus
3317 3993 3528 4046 nostris
3561 3996 3809 4049 caelestis

2109 4083 2385 4136 doctrinm.
2432 4079 2769 4150 compendio
2813 4081 3292 4150 apprehendatur.
3328 4080 3806 4150 Animadvertite,

2107 4175 2204 4239 sic,
2241 4171 2336 4237 ait,
2365 4175 2514 4223 orate
2545 4187 2558 4224 :

302 4258 450 4327 gelio
476 4257 668 4327 posuit
699 4262 754 4311 et
784 4258 927 4311 dixit
959 4275 971 4311 :
1003 4261 1074 4312 Hi
1131 4259 1237 4311 duo
1269 4260 1623 4313 ascenderunt
1650 4263 1707 4312 in
1739 4263 1992 4329 templum
2033 4264 2076 4317 D
2177 4263 2338 4314 Pater
2377 4264 2557 4312 noster
2588 4261 2686 4327 qui
2722 4272 2774 4312 es
2800 4260 2857 4311 in
2883 4259 3045 4312 cmlis.
3081 4259 3259 4312 llomo
3289 4275 3488 4325 novus,
3547 4265 3805 4320 renatus,

301 4346 550 4409 adorare,
584 4361 723 4399 unus
754 4347 1083 4411 Phariseeus,
1120 4348 1258 4399 alter
1283 4348 1650 4415 publicanus,
1683 4350 1993 4403 Pharisaeus

297 4449 422 4486 cum
447 4436 698 4499 stetisset,
748 4435 883 4487 talia
913 4435 1064 4503 apud
1105 4450 1158 4487 se
1183 4435 1512 4503 precabatur
1545 4453 1556 4488 :
1592 4439 1748 4500 Deus,
1783 4439 1993 4503 gratias

303 4535 403 4585 ago
446 4522 568 4587 tibi,
600 4525 730 4588 quia
759 4539 863 4576 non
911 4539 1028 4575 sum
1058 4525 1194 4576 sicut
1245 4526 1424 4576 caeteri
1455 4526 1725 4579 hominum
1773 4527 1990 4594 injtvsti,

296 4614 562 4678 raptores,
601 4609 838 4663 adulteri
866 4611 1126 4678 quomodo
1167 4616 1216 4664 et
1260 4612 1588 4680 publicanus
1621 4615 1722 4666 iste
1762 4630 1774 4666 :
1802 4615 1992 4682 jejuno

304 4698 386 4750 bis
418 4700 476 4750 in
508 4697 749 4763 sabbato,
785 4698 1015 4752 decimas
1055 4700 1122 4752 do
1153 4702 1388 4753 omnium
1419 4717 1536 4768 qua:
1558 4701 1823 4769 possideo.
1881 4705 1994 4755 Pu—

299 4787 542 4839 blicanus
581 4787 646 4840 de
679 4787 967 4854 longinquo
998 4788 1179 4840 stabat
1205 4794 1255 4843 et
1285 4805 1453 4858 neque
1485 4791 1661 4844 oculos
1692 4791 1766 4843 ad
1806 4791 1992 4844 caelum

296 4875 505 4928 volebat
546 4876 740 4938 levare,
785 4875 879 4928 sed
924 4877 1256 4944 percntiebat
1302 4883 1486 4946 pectus
1535 4894 1712 4935 suum.
1755 4879 1989 4932 dicens:

300 4964 467 5029 Deus,
491 4966 764 5033 propitius
789 4967 898 5016 esto
921 4966 1058 5017 mihi
1077 4967 1350 5032 peccatori
1375 4986 1388 5030 ;
1423 4966 1543 5020 dico
1581 4968 1750 5032 vobis,
1787 4967 1998 5020 descen-

297 5051 380 5106 dit
412 5053 499 5104 hic
513 5053 848 5120 jnstiﬁcatus
869 5055 926 5105 in
944 5053 1159 5106 domum
1180 5068 1333 5106 suam
1355 5057 1530 5119 magis
1553 5071 1714 5121 quam
1741 5057 1832 5108 ille
1851 5057 1994 5108 Pha-

295 5143 504 5207 riswus,
533 5143 662 5209 quia
692 5143 864 5194 omnis
894 5143 990 5209 qui
1018 5157 1071 5194 se
1101 5142 1312 5194 extollit
1340 5143 1720 5195 humiliabitur
1740 5148 1789 5196 et
1821 5147 1918 5212 qui
1939 5159 1994 5197 se

297 5230 545 5281 humiliat
576 5230 930 5282 estaltabitur.
957 5231 1140 5293 Quare
1157 5245 1281 5293 nos,
1310 5229 1512 5283 fratres
1534 5231 1829 5296 carissimi,
1859 5232 1997 5285 divi-

297 5315 677 5383 nailocutione
711 5317 963 5372 dicentes
995 5317 1070 5387 [F.
1099 5317 1748 5388 discentes],'postquam
1783 5337 1996 5389 cogno-

300 5402 484 5455 vimus
517 5405 584 5457 ad
617 5406 932 5458 orationem
967 5407 1212 5476 qualiter
1253 5407 1514 5460 accedere
1547 5407 1875 5469 debeamus,
1903 5425 1994 5461 co-

314 5507 676 5560 gnoscamus,
709 5493 926 5547 dicente
966 5495 1227 5556 Domino,
1272 5494 1406 5566 quid
1449 5511 1678 5549 oremus
1715 5513 1726 5550 :
1776 5496 1870 5557 sic,
1908 5496 1997 5549 in-

2105 4348 2218 4401 Deo
2249 4363 2349 4400 suo
2379 4363 2482 4415 per
2512 4348 2632 4416 ejus
2671 4347 2927 4416 gratiam
2952 4347 3264 4413 restitutus,
3301 4364 3487 4416 PATER,
3518 4349 3711 4418 primo
3744 4349 3807 4402 in

2106 4437 2232 4491 loco
2268 4436 2404 4489 dicit
2434 4435 2570 4505 quia
2600 4435 2753 4489 filius
2800 4451 2921 4488 esse
2966 4436 3080 4506 jam
3113 4436 3302 4506 cmpit.
3345 4439 3406 4490 In
3437 4453 3556 4500 sua,
3590 4439 3807 4510 inquit,

2100 4528 2330 4595 propria
2362 4527 2507 4578 venit
2540 4529 2590 4578 et
2620 4527 2709 4577 sui
2744 4540 2860 4577 eum
2890 4540 2993 4578 non
3024 4531 3371 4593 receperunt;
3405 4532 3666 4595 quotquot
3709 4544 3802 4581 au-

2105 4619 2204 4667 tem
2228 4629 2345 4667 eum
2374 4619 2706 4681 receperunt,
2741 4613 2890 4666 dedit
2917 4616 2991 4666 eis
3032 4617 3347 4681 potestatem
3374 4615 3513 4682 ﬁlios
3538 4617 3634 4668 Dei
3657 4620 3784 4684 fieri
3793 4661 3805 4677 ,

2105 4705 2202 4770 qui
2233 4702 2457 4756 credunt
2489 4703 2546 4754 in
2592 4703 2802 4755 nomine
2831 4701 2968 4769 ejus,
3003 4701 3100 4771 qui
3154 4707 3344 4754 autem
3385 4703 3563 4756 credit
3592 4704 3652 4756 in
3701 4722 3806 4757 no-

2105 4791 2260 4844 mine
2291 4793 2412 4861 ejus
2443 4794 2499 4844 et
2546 4790 2725 4844 factus
2756 4792 2840 4842 est
2889 4789 2987 4842 Dei
3019 4789 3191 4850 ﬁlius,
3240 4791 3372 4844 hinc
3426 4791 3596 4845 debet
3651 4793 3807 4847 inci-

2104 4896 2262 4951 pere,
2284 4884 2349 4932 ut
2377 4878 2588 4949 gratias
2620 4881 2770 4947 agat,
2805 4877 3142 4947 proﬁteatur
3183 4894 3240 4931 se
3273 4878 3371 4932 Dei
3406 4879 3613 4934 Filium
3663 4883 3803 4936 dum

2103 4968 2365 5022 nominat
2386 4972 2610 5037 patrem
2644 4966 2749 5019 sibi
2782 4982 2902 5019 esse
2934 4967 2990 5019 in
3018 4967 3190 5031 caelis,
3239 4969 3414 5020 Deum
3451 4974 3808 5025 contestetur

2106 5073 2335 5128 quoque
2365 5056 2516 5109 inter
2539 5055 2726 5126 prima
2756 5054 2942 5107 statim
2978 5055 3287 5108 nativitatis
3327 5072 3442 5109 sua:
3473 5059 3666 5124 verba,
3710 5077 3807 5114 re-

2103 5145 2397 5198 nuntiasse
2430 5160 2486 5197 se
2516 5147 2744 5196 terreno
2781 5147 2837 5196 et
2867 5143 3079 5196 carnali
3109 5143 3255 5213 patri
3287 5148 3342 5197 et
3369 5149 3591 5214 patrem
3618 5149 3806 5202 solum

2104 5250 2270 5287 nosse
2308 5248 2430 5286 esse
2462 5237 2516 5286 et
2547 5230 2756 5286 habere
2787 5231 3025 5302 cmpisse
3080 5233 3180 5302 qui
3224 5233 3297 5286 sit
3330 5233 3391 5286 in
3435 5234 3615 5293 caelis,
3664 5237 3807 5292 dum

2105 5322 2379 5392 scriptum
2412 5326 2497 5374 est
2517 5337 2529 5382 ;
2553 5320 2660 5384 Qui
2695 5320 2891 5374 dicunt
2921 5321 3089 5390 patri,
3117 5327 3173 5374 et
3199 5321 3391 5386 matri,
3418 5323 3538 5375 Non
3563 5325 3696 5376 novi
3725 5331 3806 5393 te,

2105 5413 2159 5461 et
2187 5409 2336 5462 lilios
2367 5424 2495 5460 suos
2520 5423 2634 5460 non
2666 5410 3042 5477 agnoverunt,
3075 5407 3132 5459 hi
3185 5407 3580 5462 custodierunt
3630 5413 3807 5465 verba

2105 5503 2204 5551 tua
2217 5502 2270 5551 et
2283 5501 2689 5552 testamentum
2706 5502 2869 5552 tuum
2886 5501 3267 5550 servaverunt.
3287 5497 3424 5550 Item
3447 5497 3728 5551 Dominus
3746 5499 3803 5554 in
