4068 6192
282 227 420 279 ιΗΤ

1327 185 1333 192 ’
1397 225 1450 278 s.
1495 225 1862 282 AUGUSTINI
1901 225 2115 282 LIBER
2154 226 2243 280 DE
2284 224 2654 281 ORATIONE.

3659 227 3794 279 HIS

277 345 586 414 Evangelia
631 359 732 397 suo
779 342 1072 414 praecepit,
1123 357 1194 397 ne
1237 359 1504 398 vocemus
1547 344 1710 399 nobis
1748 349 1971 416 patrem
2010 348 2052 400 A
2091 346 2227 415 quia
2256 346 2378 416 ipse
2410 344 2589 399 dixit:
2621 343 2810 398 Sancti
2855 347 3034 398 estote
3086 343 3360 414 quoniam
3423 360 3527 416 ego
3564 350 3792 400 sanctus

273 433 339 486 in
380 438 552 497 terra,
603 432 758 504 quod
805 431 878 485 sit
923 430 1136 485 scilicet
1181 431 1350 485 nobis
1403 448 1554 486 unus
1585 435 1752 487 Pater
1775 433 1874 505 qui
1905 436 1990 486 est

274 522 342 574 in
395 522 571 578 caelis.
628 523 693 575 Et
732 520 1009 590 discipulo
1043 521 1143 591 qui
1178 521 1533 575 mentionem
1565 521 1746 591 patris
1777 521 1989 575 fecerat

279 610 606 679 respondit,
676 610 802 664 Sine
850 610 1054 662 mortui
1097 609 1360 677 sepeliant
1413 614 1696 664 mortuos:
1767 610 1986 663 dixerat

281 699 440 751 enim
489 701 709 768 patrem
759 713 925 750 suum
974 700 1295 762 mortuum,
1335 713 1463 750 cum
1516 698 1588 751 sit
1628 697 1985 751 credentium

280 791 454 856 pater
496 802 664 839 unus.
719 786 916 855 Neque
961 785 1069 838 hoc
1115 784 1321 845 solum,
1369 785 1570 838 fratres
1607 785 1979 848 dilectissimi,

283 873 739 926 animadvertere
771 877 827 925 et
857 872 1178 942 intelligere
1210 871 1482 943 debemus
1529 872 1681 943 quod
1734 872 1984 942 appella-

282 977 415 1014 mus
482 971 704 1030 patrem
769 959 870 1029 qui
931 960 1001 1012 sit
1037 959 1096 1012 in
1141 959 1313 1024 caelis,
1356 941 1900 1029 sed’conjungimus
1931 964 1989 1012 et

282 1047 613 1118 adjicimus,
674 1047 844 1101 Pater
892 1052 1093 1110 noster,
1135 1047 1190 1101 id
1242 1053 1325 1101 est
1373 1064 1571 1101 eorum
1621 1047 1718 1117 qui
1746 1047 1988 1101 credunt

282 1138 443 1207 quod
474 1153 578 1206 per
607 1153 739 1190 eum
766 1136 1103 1190 sanctiﬁcati
1150 1139 1204 1189 et
1252 1137 1450 1206 gratim
1479 1136 1791 1206 spiritualis
1836 1136 1983 1189 nati-

278 1225 454 1278 vitate
485 1224 754 1294 reparati,
799 1224 902 1277 ﬁlii
931 1241 1050 1277 esse
1088 1229 1397 1294 coeperunt.
1432 1225 1568 1288 Quae
1613 1241 1718 1277 vox
1760 1225 1986 1278 Iudaeos

279 1313 576 1382 restringit
605 1317 660 1366 et
689 1313 956 1382 percutit,
989 1313 1089 1383 qui
1109 1312 1215 1365 sibi
1243 1312 1538 1366 Christum
1593 1328 1696 1382 per
1727 1313 1985 1383 prophe-

281 1406 370 1454 tas
410 1400 816 1453 annuntiatum
859 1404 914 1453 et
945 1401 1010 1454 ad
1039 1417 1097 1453 se
1135 1400 1295 1470 prius
1328 1401 1586 1467 missum,
1613 1416 1727 1454 non
1760 1405 1984 1455 tantum

281 1495 628 1561 spreverunt
676 1489 1004 1556 inﬁdeliter,
1054 1489 1152 1543 sed
1209 1489 1379 1542 etiam
1443 1489 1752 1543 crudeliter
1812 1506 1982 1544 neca-

279 1583 528 1632 verunt:
563 1577 662 1648 qui
693 1594 806 1631 non
835 1582 1078 1648 possunt
1105 1581 1326 1648 patrem
1373 1579 1553 1631 Deum
1584 1594 1803 1645 vocare,
1855 1595 1987 1632 cum

285 1666 566 1721 Dominus
612 1682 708 1719 eos
752 1667 1066 1720 confundat
1105 1671 1157 1719 et
1186 1666 1492 1736 redarguat
1536 1667 1763 1720 dicens:
1801 1669 1903 1721 Vos
1925 1668 1989 1722 de

277 1760 443 1825 patre
473 1755 682 1808 diabolo
713 1757 833 1808 nati
859 1757 1005 1820 estis,
1042 1759 1090 1807 et
1122 1757 1580 1823 concupiscentias
1608 1757 1789 1824 patris
1822 1759 1989 1809 vestri

284 1847 468 1910 facere
496 1845 683 1908 vultis,
723 1845 814 1896 ille
851 1846 992 1896 enim
1032 1843 1301 1896 homicida
1356 1845 1467 1908 fuit
1514 1844 1581 1896 ab
1630 1845 1789 1896 initio
1839 1849 1888 1896 et
1929 1847 1987 1896 in

281 1935 515 1985 veritate
544 1947 648 1985 non
692 1930 856 1995 stetit,
892 1933 1022 1998 quia
1061 1934 1264 1984 veritas
1293 1946 1398 1984 non
1429 1935 1504 1984 est
1546 1935 1603 1984 in
1633 1933 1726 1985 illo
1752 1947 1764 1984 ε
1798 1936 1854 1984 et
1885 1947 1988 2001 per

285 2022 493 2074 Isaiam
524 2019 862 2090 prophetam
896 2018 1173 2072 Dominus
1201 2020 1408 2072 clamat
1441 2019 1787 2089 indignans:
1822 2022 1986 2073 Filios

282 2111 448 2176 genui
474 2114 524 2162 et
563 2109 851 2162 emaltavi:
889 2110 1001 2176 ipsi
1039 2113 1213 2161 autem
1260 2114 1576 2177 Spreverunt
1615 2124 1731 2175 me;
1763 2111 1986 2176 agnovit

286 2200 378 2252 bos
419 2212 777 2267 possessorem
828 2212 980 2250 suum
1032 2201 1080 2250 et
1127 2199 1313 2250 asinus
1348 2212 1585 2266 praesepe
1624 2199 1842 2250 Domini
1876 2199 1982 2262 sui,

285 2288 457 2340 Israel
486 2303 567 2340 me
595 2302 698 2339 non
731 2287 973 2352 cognovit
1005 2289 1054 2338 et
1080 2286 1314 2353 populus
1342 2301 1488 2339 meus
1534 2301 1638 2338 non
1668 2287 1934 2339 intellexit
1968 2301 1980 2338 :

283 2390 385 2438 vae,
437 2389 564 2441 gens
620 2375 920 2442 peccatrix,
970 2374 1204 2440 populus
1256 2373 1450 2441 plenus
1505 2375 1762 2443 peccatis,
1811 2387 1985 2425 semen

284 2479 544 2530 nequam,
605 2464 711 2530 ﬁlii
755 2463 1023 2528 scelerati,
1096 2461 1436 2528 dereliquisti
1481 2463 1765 2514 Dominum
1820 2463 1984 2513 Deum

287 2555 441 2603 tuum
466 2555 515 2603 et
542 2550 968 2614 indignationem
998 2550 1200 2601 misisti
1229 2563 1402 2601 semen
1435 2550 1618 2602 Israel.
1645 2550 1705 2602 In
1737 2564 1980 2618 quorum

259 2638 792 2708 .exprobrationem
843 2636 1147 2691 Christiani
1202 2637 1432 2706 quando
1499 2652 1750 2704 oramus,
1819 2639 1985 2690 Pater

287 2732 479 2780 noster
520 2726 710 2796 primo
759 2725 818 2778 in
850 2726 974 2778 loco
1007 2724 1250 2778 dicimus
1280 2725 1413 2794 quia
1445 2732 1638 2779 noster
1665 2741 1784 2778 esse
1817 2725 1986 2794 coepit

285 2821 340 2869 et
370 2816 699 2869 Iudaeorum
732 2814 830 2884 qui
862 2830 993 2866 eum
1035 2813 1468 2883 dereliquerunt
1494 2829 1614 2866 esse
1649 2813 1836 2866 desiit.
1870 2815 1982 2866 Nec

2029 1635 2068 1688 B

2097 450 2236 495 sum,
2273 434 2331 488 id
2361 432 2611 504 petimus
2642 437 2699 486 et
2727 447 3000 502 rogamus
3033 435 3098 485 ut
3119 431 3219 502 qui
3247 431 3307 486 in
3356 431 3640 503 baptismo
3662 451 3791 488 san-

2097 523 2326 577 ctiﬁcati
2371 539 2566 576 sumus
2610 522 2669 575 in
2714 539 2779 575 eo
2823 521 2975 592 quod
3012 537 3131 574 esse
3162 521 3439 591 coepimus
3461 537 3788 592 persevere-

2097 627 2244 677 mus,
2278 615 2331 664 et
2357 610 2463 664 hoc
2496 609 2750 680 quotidie
2780 610 3189 680 deprecamur;
3221 625 3365 680 opus
3395 615 3480 663 est
3509 610 3663 664 enim
3688 627 3791 664 no-

2094 701 2181 753 bis
2212 700 2545 771 quotidiana
2576 698 3040 764 sanctiﬁcatione,
3091 702 3154 752 ut
3184 699 3282 768 qui
3313 698 3573 768 quotidie
3604 700 3791 754 delin—

2095 789 2346 859 quimus,
2382 787 2579 843 delicta
2615 791 2808 841 nostra
2839 787 3279 841 sanctiﬁcatione
3322 788 3546 842 assidua
3589 804 3788 859 repur-

2098 893 2318 947 gemus.

2167 967 2302 1030 Quae
2333 970 2526 1019 autem
2556 965 2627 1018 sit
2644 963 3012 1019 sanctiﬁcatio
3035 980 3164 1035 quae
3180 963 3340 1017 vobis
3371 964 3471 1018 Dei
3506 964 3790 1035 dignatio-

2097 1071 2164 1108 ne
2197 1055 2519 1108 conferctur
2551 1055 2628 1122 [Ρ.
2659 1052 3008 1124 conferatur]
3040 1053 3343 1123 Apostolus
3392 1053 3665 1123 pradicet
3701 1053 3786 1106 di-

2097 1159 2227 1196 cens
2260 1160 2272 1196 :
2307 1145 2489 1212 Neque
2516 1144 2829 1209 fornicarii,
2864 1157 3033 1209 neque
3080 1142 3242 1195 idolis
3276 1143 3587 1207 servientes,
3619 1157 3788 1210 neque

2097 1232 2353 1297 adulteri,
2373 1247 2542 1299 neque
2563 1231 2761 1292 molles,
2779 1245 2947 1297 neque
2969 1231 3326 1282 masculorum
3345 1232 3688 1300 appetitores,
3710 1245 3795 1282 ne-

2098 1335 2198 1387 que
2220 1322 2392 1386 fures,
2417 1335 2587 1387 neque
2616 1319 2981 1385 fraudulenti,
3005 1333 3173 1386 neque
3196 1318 3412 1383 ebriosi,
3436 1334 3605 1385 neque
3633 1315 3792 1371 malc-

2096 1409 2225 1469 dici,
2242 1424 2409 1475 neque
2424 1413 2672 1476 raptores
2693 1422 2916 1473 regnum
2939 1407 3033 1459 Dei
3050 1409 3462 1474 consequentur:
3488 1411 3536 1458 et
3559 1406 3652 1458 hoc
3676 1407 3791 1472 qui-

2096 1496 2214 1549 dem
2246 1498 2453 1562 fuistis,
2499 1496 2592 1548 sed
2637 1496 2813 1548 abluti
2849 1496 2998 1562 estis,
3046 1493 3140 1546 sed
3184 1494 3476 1561 justiﬁcati
3517 1495 3664 1559 estis,
3699 1492 3791 1546 sed

2095 1587 2422 1652 sanctificati
2450 1587 2576 1637 estis
2606 1586 2663 1636 in
2699 1585 2913 1636 nomine
2954 1584 3174 1636 Domini
3214 1584 3388 1635 nostri
3426 1584 3562 1634 Jesu
3589 1582 3794 1637 Christi

2098 1676 2147 1726 et
2183 1673 2401 1741 Spiritu
2451 1675 2546 1726 Dei
2573 1674 2763 1725 nostri.
2817 1672 2944 1724 Ηωο
2980 1669 3349 1723 sanctiﬁcatio
3400 1674 3464 1723 ut
3513 1669 3570 1722 in
3628 1669 3792 1723 nobis

2095 1765 2433 1832 permaneat
2491 1777 2736 1814 oramus.
2799 1762 2862 1813 Et
2902 1759 3179 1812 Dominus
3224 1759 3457 1828 quidem
3511 1763 3567 1811 et
3612 1757 3790 1827 judex

2096 1855 2291 1903 noster
2316 1868 2348 1904 a
2378 1866 2434 1903 se
2459 1849 2770 1919 justilicato
2803 1854 2859 1902 et
2880 1852 3073 1900 sanato
3105 1847 3485 1900 comminatur
3520 1847 3639 1916 jam
3670 1862 3788 1899 non

2097 1939 2428 2010 delinquere
2447 1955 2518 1992 ne
2541 1937 2678 2008 quid
2712 1937 2760 1990 ei
2785 1936 3034 1990 deterius
3057 1935 3296 1989 eveniat.
3332 1937 3483 1988 Hanc
3501 1933 3788 1988 continuis

2097 2026 2452 2080 orationibus
2490 2041 2720 2096 precem
2766 2024 3025 2090 facimus,
3075 2023 3180 2077 hoc
3211 2023 3412 2078 diebus
3441 2039 3504 2076 ac
3532 2022 3789 2076 noctibus

2095 2116 2481 2187 postulamus;
2517 2120 2570 2168 et
2599 2114 2903 2168 viviﬁcatio
2937 2130 3065 2184 qua:
3097 2113 3165 2167 de
3198 2111 3501 2182 Deigratia
3520 2109 3785 2177 sumitur,

2094 2205 2273 2275 ipsius
2310 2204 2664 2274 protectione
2709 2207 2961 2256 servetur
3012 2201 3071 2254 in
3122 2199 3404 2254 oratione.
3441 2199 3738 2270 Sequitur'
3773 2215 3786 2251 :

2092 2295 2374 2348 Adveniet
2402 2309 2624 2359 regnum
2674 2297 2843 2346 tuum.
2888 2293 3152 2360 Regnum
3201 2289 3371 2342 etiam
3428 2287 3529 2340 Dei
3576 2303 3789 2356 reprae-

2094 2383 2304 2435 sentari
2371 2381 2535 2435 nobis
2601 2381 2850 2450 petimus
2919 2379 3064 2432 sicut
3131 2383 3188 2432 et
3258 2393 3466 2430 nomen
3543 2376 3662 2444 ejus
3727 2378 3791 2426 ut

2094 2471 2477 2524 sanctiﬁcetur
2507 2469 2564 2522 in
2598 2469 2765 2522 nobis
2788 2468 3162 2539 postulamus.
3190 2467 3331 2520 Nam
3363 2467 3509 2518 Deus
3552 2464 3786 2534 quando

2095 2575 2210 2612 non
2277 2561 2519 2628 regnat?
2573 2561 2668 2609 aut
2719 2556 2867 2625 apud
2917 2571 3050 2608 eum
3100 2554 3330 2624 quando
3365 2552 3600 2622 incoepit
3631 2553 3780 2620 quod

2093 2662 2318 2716 semper
2357 2645 2463 2699 fuit
2510 2648 2567 2698 et
2612 2659 2731 2697 esse
2776 2659 2891 2696 non
2920 2642 3178 2696 desinet?
3233 2642 3498 2694 Nostrum
3538 2655 3780 2708 regnum

2091 2735 2340 2806 petimus
2381 2733 2642 2787 advenire
2673 2749 2705 2785 a
2739 2733 2852 2784 Deo
2899 2729 3060 2783 nobis
3106 2728 3536 2800 repromissum,
3579 2727 3787 2780 Christi

2093 2821 2371 2891 sanguine
2417 2825 2473 2874 et
2520 2821 2781 2890 passione
2831 2818 3158 2890 quaesitum,
3206 2821 3272 2871 ut
3315 2817 3412 2887 qui
3463 2816 3523 2869 in
3574 2816 3784 2869 smeulo

282 2907 552 2972 peccator
598 2903 844 2972 populus
893 2906 1080 2972 potest
1127 2918 1246 2955 esse
1295 2901 1467 2967 ﬁlius,
1519 2902 1616 2954 sed
1647 2901 1888 2972 quibus:

2176 2917 2222 2963 te
2253 2909 2607 2976 servivimus,
2638 2908 3006 2978 postmodum
3052 2906 3275 2960 Christo
3327 2904 3656 2959 dominante
3687 2919 3782 2956 re-

281 2992 480 3046 missio
508 2996 869 3061 peccatorum
902 2992 1090 3056 datur,
1124 2989 1206 3043 eis
1234 2989 1484 3043 ﬁliorum
1519 3006 1730 3043 nomen
1774 2989 1981 3043 adscri-

281 3081 463 3146 bitur,
492 3080 572 3133 eis
602 3079 890 3134 aeternitas
942 3078 1384 3149 repromittitur,
1441 3078 1684 3132 Domino
1729 3078 1854 3148 ipso
1887 3078 1978 3131 di-

281 3174 482 3222 cente:
548 3170 732 3223 Omnis
769 3171 866 3238 qui
902 3170 1038 3234 facit
1075 3174 1351 3237 peccatum
1407 3183 1590 3220 servus
1637 3172 1715 3220 est
1750 3169 1975 3235 peccati,

281 3274 472 3311 servus
502 3263 680 3311 autem
746 3273 852 3311 non
901 3262 1078 3310 manet
1124 3259 1181 3310 in
1210 3261 1463 3310 aeternum
1495 3259 1554 3308 in
1581 3256 1751 3309 domo.
1789 3256 1978 3319 Quan-

285 3352 340 3399 ta
372 3351 563 3400 autem
599 3347 823 3401 Domini
855 3345 1230 3415 indulgentia,
1251 3350 1462 3414 quanta
1479 3345 1625 3397 circa
1658 3361 1757 3396 nos
1781 3343 1980 3413 digna-

284 3436 457 3488 tionis
498 3437 618 3505 ejus
650 3440 707 3488 et
753 3435 1021 3488 bonitatis
1064 3434 1324 3487 ubertas!
1379 3438 1444 3486 ut
1491 3433 1566 3486 sic
1596 3450 1700 3486 nos
1737 3431 1982 3485 voluerit

285 3524 603 3577 orationem
648 3525 932 3577 celebrare
981 3523 1040 3576 in
1081 3526 1384 3592 conspectu
1416 3522 1534 3588 Dei,
1568 3527 1632 3576 ut
1666 3524 1841 3575 Deum
1873 3538 1980 3591 pa-

284 3620 434 3667 trem
476 3630 740 3667 vocemus
793 3619 849 3666 et
895 3616 958 3666 ut
989 3617 1074 3666 est
1124 3612 1399 3676 Christus,
1437 3613 1607 3665 Filius
1653 3612 1770 3676 Dei,
1825 3612 1901 3663 sic
1929 3615 1979 3663 et

285 3719 394 3755 nos
423 3703 569 3756 ﬁlios
598 3717 1016 3772 nuncupemus.
1052 3700 1208 3763 Quod
1251 3716 1458 3752 nomen
1509 3715 1678 3752 nemo
1723 3704 1977 3752 nostrum

284 3791 525 3843 auderet
590 3790 890 3860 attingere,
960 3788 1072 3842 nisi
1135 3788 1254 3857 ipse
1288 3787 1364 3840 sic
1431 3787 1595 3839 nobis
1634 3787 1982 3856 permisisset

282 3894 470 3932 orare.
504 3879 827 3932 Meminisse
855 3877 1072 3947 itaque,
1098 3876 1300 3929 fratres
1331 3874 1703 3938 dilectissimi,
1751 3879 1806 3927 et
1838 3874 1978 3927 scire

284 3968 584 4034 debemus,
619 3967 844 4037 quando
877 3967 1056 4019 Deum
1085 3968 1307 4018 Patrem
1341 3964 1601 4030 dicimus,
1635 3963 1785 4033 quod
1817 3964 1977 4033 quasi

279 4058 413 4111 Filii
445 4057 545 4110 Dei
564 4073 729 4126 agere
749 4056 1039 4120 debemus,
1068 4059 1128 4107 ut
1150 4053 1438 4124 quomodo
1463 4052 1625 4105 nobis
1652 4052 1978 4121 placeamus

280 4150 353 4202 de
386 4149 524 4212 Deo,
559 4146 636 4198 sic
667 4144 772 4198 sibi
804 4149 859 4196 et
884 4144 1005 4213 ipse
1046 4143 1265 4212 placeat
1316 4142 1384 4195 de
1429 4141 1615 4209 nobis,
1667 4156 1975 4194 converse-

2091 3015 2352 3068 gnemus,
2369 2999 2514 3052 sicut
2539 2997 2658 3068 ipse
2671 2997 2972 3066 pollicetur
3001 3000 3057 3049 et
3085 2994 3216 3048 dicit
3251 3011 3264 3047 :
3293 2996 3494 3056 Venite,
3525 2991 3792 3045 benedicti

2091 3090 2272 3141 Patris
2301 3091 2445 3151 mei;
2487 3089 2752 3156 percipite
2781 3101 3004 3152 regnum
3052 3083 3194 3152 quod
3226 3083 3371 3137 vobis
3420 3085 3680 3151 paratum
3709 3087 3785 3133 est

2091 3176 2157 3229 ab
2185 3178 2394 3243 origine
2419 3175 2628 3228 mundi.

2162 3266 2353 3318 Potest
2377 3279 2529 3329 vero,
2563 3263 2765 3316 fratres
2811 3260 3111 3328 carissimi,
3149 3263 3204 3312 et
3253 3259 3372 3326 ipse
3422 3256 3676 3311 Christus
3699 3273 3786 3309 es-

2091 3369 2147 3406 se
2194 3369 2439 3423 regnum
2472 3352 2594 3417 Dei,
2649 3351 2920 3421 quoniam
2966 3349 3159 3402 venire
3212 3346 3472 3418 quotidie
3500 3346 3781 3416 cupimus,

2090 3442 2250 3512 cujus
2282 3442 2554 3494 adventus
2589 3443 2652 3492 ut
2672 3440 2781 3492 cito
2812 3438 2981 3492 nobis
3010 3440 3455 3507 repraesentetur
3497 3440 3781 3504 optamus.

2093 3531 2232 3584 Nam
2264 3545 2394 3583 cum
2417 3528 2758 3582 resurrectio
2789 3526 2910 3596 ipse
2942 3526 3032 3591 sit,
3085 3525 3220 3597 quia
3266 3525 3324 3577 in
3374 3524 3498 3594 ipso
3533 3522 3784 3592 resurgi-

2091 3635 2237 3683 mus,
2288 3617 2365 3671 sic
2412 3622 2467 3671 et
2509 3632 2753 3686 regnum
2815 3616 2913 3668 Dei
2962 3618 3147 3684 potest
3193 3613 3312 3682 ipse
3359 3610 3624 3680 intelligi,
3652 3610 3788 3680 quia

2089 3708 2149 3760 in
2175 3709 2296 3777 ipso
2329 3705 2621 3775 regnaturi
2651 3720 2865 3757 sumus.
2913 3705 3060 3756 Bene
3086 3716 3327 3770 regnum
3363 3699 3461 3752 Dei
3512 3698 3784 3767 petimus,

2089 3796 2147 3850 id
2180 3800 2262 3849 est
2293 3811 2532 3865 regnum
2561 3795 2805 3856 cccleste,
2841 3791 2974 3861 quia
3006 3794 3089 3843 est
3117 3795 3171 3842 et
3211 3791 3475 3841 terrestre
3508 3802 3785 3856 regnum;

2091 3884 2185 3936 sed
2216 3883 2311 3953 qui
2344 3881 2635 3936 renuntiat
2665 3881 2871 3933 saeculo
2905 3879 3084 3948 major
3118 3882 3201 3931 est
3230 3875 3548 3930 honoribus
3578 3874 3701 3942 ejus
3731 3880 3787 3927 et

2089 3987 2288 4041 regno,
2315 3975 2371 4023 et
2397 3969 2526 4022 ideo
2562 3968 2660 4040 qui
2694 3984 2751 4022 se
2803 3969 2916 4020 Deo
2970 3971 3026 4020 et
3053 3965 3276 4020 Christo
3322 3964 3491 4028 dicat,
3524 3979 3640 4016 non
3671 3967 3783 4015 ter-

2088 4073 2243 4121 rena,
2275 4057 2372 4110 sed
2425 4056 2671 4109 coelestia
2712 4071 2887 4124 regna
2936 4053 3238 4107 desiderat.
3277 4051 3558 4106 Continua
3588 4055 3780 4104 autem

2088 4145 2341 4200 oratione
2384 4149 2439 4197 et
2477 4161 2644 4214 prece
2701 4160 2842 4212 opus
2897 4147 2999 4207 est,
3053 4158 3124 4195 ne
3170 4141 3494 4194 excidamus
3525 4156 3558 4192 a
3601 4155 3781 4208 regno

280 4251 415 4290 mur
437 4235 599 4304 quasi
632 4233 730 4287 Dei
761 4234 992 4303 templa,
1025 4236 1090 4285 ut
1111 4233 1288 4284 Deum
1321 4231 1377 4284 in
1409 4230 1573 4283 nobis
1621 4234 1844 4284 constet
1871 4230 1975 4282 ha-
2016 4223 2057 4276 Ι)
2089 4233 2322 4298 caelesti,
2357 4233 2499 4286 sicut
2526 4232 2726 4297 Judmi,
2754 4232 2960 4301 quibus
2991 4230 3148 4300 prius
3194 4228 3542 4299 promissum
3575 4227 3781 4291 fuerat,

279 4326 490 4389 bitare,
518 4340 622 4378 nec
653 4323 726 4376 sit
751 4323 1002 4390 degener
1033 4325 1186 4374 actus
1235 4325 1425 4372 noster
1455 4337 1484 4372 a
1525 4320 1751 4389 spiritu,
1785 4324 1848 4372 ut
1878 4319 1976 4389 qui

280 4413 608 4485 spirituales
664 4417 719 4465 ct
763 4412 1016 4464 caelestes
1064 4424 1182 4462 esse
1231 4407 1506 4477 ccepimus
1553 4407 1786 4461 nonnisi
1817 4407 1977 4477 spiri-

280 4501 462 4555 tualia
493 4504 548 4552 et
572 4499 818 4552 coelestia
857 4497 1166 4567 cogitemus
1197 4501 1250 4548 et
1282 4512 1532 4565 agamus.
1585 4495 1725 4558 Quia
1769 4499 1825 4548 et
1857 4495 1977 4564 ipse

283 4590 564 4644 Dominus
620 4588 779 4652 dixit,
827 4590 930 4641 Eos
979 4587 1392 4654 quiclariﬂcant
1431 4599 1511 4636 me
1564 4582 1892 4653 clariﬁcabo,
1929 4588 1977 4635 et

281 4682 382 4748 qui
428 4695 508 4731 me
553 4681 763 4746 spernet
808 4680 1104 4744 spernetur.
1151 4675 1350 4726 Beatus
1410 4688 1637 4742 quoque
1682 4673 1974 4741 apostolus

281 4771 340 4821 in
394 4767 638 4836 Epistola
689 4782 791 4817 sua
849 4763 1111 4833 exposuit
1159 4762 1384 4814 dicens:
1446 4762 1559 4814 Non
1607 4763 1732 4813 estis
1782 4763 1971 4825 vestri,

277 4858 456 4924 empti
499 4856 638 4907 enim
685 4855 813 4906 estis
860 4854 1037 4920 pretio
1078 4866 1290 4916 magno,
1345 4851 1651 4917 elariﬁeate,
1710 4850 1878 4902 tollite
1924 4854 1970 4902 et

271 4947 494 5012 portate
526 4947 688 4996 Deum
731 4943 786 4993 in
815 4941 970 4994 corde
1000 4945 1190 4993 vestro.
1222 4940 1352 4990 Post
1377 4939 1484 4990 hoc
1515 4938 1777 5005 dicimus,
1831 4938 1969 4992 San-

275 5035 542 5098 ctiﬁcetur
564 5045 750 5083 nomen
781 5033 951 5095 tuum,
1005 5043 1117 5080 non
1161 5027 1306 5096 quod
1337 5032 1600 5095 optemus
1631 5030 1689 5078 ut
1722 5026 1970 5079 sanctiﬁ-

273 5126 440 5174 cetur
485 5119 542 5172 in
592 5118 948 5172 orationibus
1004 5115 1233 5179 nostris,
1278 5115 1374 5167 sed
1431 5115 1583 5184 quod
1632 5125 1893 5184 petamus
1941 5133 1972 5167 a

277 5213 399 5265 Deo
445 5213 510 5262 ut
554 5223 765 5261 nomen
816 5207 935 5276 ejus
974 5204 1356 5258 sanctificetur
1385 5204 1444 5256 in
1473 5203 1654 5257 nobis.
1691 5204 1972 5258 Caeterum

275 5317 310 5352 a
358 5314 471 5368 quo
518 5297 897 5350 sanctiﬁcatur
955 5297 1102 5348 Deus
1155 5294 1254 5364 qui
1291 5293 1408 5363 ipse
1461 5293 1818 5346 sanctiﬁcat?
1865 5294 1970 5347 Sed

2085 4322 2415 4376 exciderunt
2447 4320 2688 4374 Domino
2721 4317 3122 4372 manifestante
3156 4322 3210 4370 et
3252 4317 3567 4386 probante:
3594 4317 3779 4373 Multi.

2084 4410 2293 4481 inquit,
2316 4413 2526 4463 venient
2552 4410 2619 4462 ab
2652 4409 2863 4463 Oriente
2879 4412 2925 4460 et
2949 4407 3226 4462 Occidente
3251 4410 3300 4458 et
3321 4404 3630 4457 accumbent
3663 4420 3781 4458 cum

2082 4499 2391 4566 Abraham,
2432 4501 2585 4552 Isaac
2634 4503 2681 4550 et
2723 4496 2890 4551 Jacob
2929 4499 2986 4548 in
3020 4511 3182 4562 regno
3222 4496 3496 4561 caelorum;
3528 4494 3632 4562 ﬁlii
3677 4509 3782 4545 au—

2085 4589 2185 4641 lem
2223 4590 2379 4655 regni
2425 4587 2709 4656 ejicientur
2747 4587 2804 4638 in
2861 4585 3102 4637 tenebras
3154 4585 3462 4648 exteriores,
3514 4583 3628 4634 illic
3677 4584 3780 4634 erit

2081 4678 2318 4746 ploratio
2344 4679 2394 4727 et
2445 4674 2650 4727 stridor
2686 4673 2948 4725 dentium.
2991 4671 3253 4724 Ostendit
3309 4671 3445 4742 quia
3476 4674 3644 4723 antea
3676 4669 3779 4720 tilii

2084 4763 2247 4833 regni
2279 4765 2442 4816 erant
2468 4761 2671 4826 Judaei,
2695 4760 2924 4831 quando
2956 4764 3012 4813 et
3040 4759 3144 4813 ﬁlii
3171 4759 3269 4813 Dei
3300 4757 3740 4829 perseverabant
3764 4773 3777 4809 :

2081 4856 2382 4923 postquam
2415 4849 2651 4904 cessavit
2672 4853 2867 4902 contra
2899 4864 2993 4902 eos
3032 4863 3246 4902 nomen
3291 4852 3612 4916 paternum,
3655 4859 3780 4896 ces-

2090 4940 2232 4993 savit
2262 4944 2316 4993 et
2343 4954 2609 5009 regnum,
2644 4942 2698 4990 et
2728 4937 2857 4990 ideo
2891 4953 2994 4990 nos
3021 4935 3329 4990 Christiani
3363 4933 3460 5004 qui
3486 4932 3547 4985 in
3571 4931 3774 4985 oratio-

2082 5045 2152 5082 ne
2181 5027 2536 5098 appellamus
2569 5028 2746 5080 Deum
2780 5027 3003 5078 Patrem
3037 5029 3094 5076 et
3123 5023 3398 5092 coepimus
3428 5036 3557 5073 eum
3588 5037 3774 5084 nosse,

2084 5122 2148 5170 ut
2176 5133 2418 5187 regnum
2455 5116 2553 5169 Dei
2592 5113 2756 5169 nobis
2789 5113 2977 5166 veniat
3025 5127 3273 5165 oramus.
3325 5108 3604 5162 Addimus
3635 5124 3799 5178 quo-.

2083 5223 2192 5278 que
2225 5211 2280 5260 et
2303 5205 2581 5260 dicimus:
2615 5207 2734 5258 Fiat
2764 5203 3043 5256 vooluntas
3081 5206 3172 5253 tua
3209 5202 3348 5254 sicut
3387 5200 3446 5250 in
3485 5199 3608 5251 caelo
3634 5203 3682 5251 et
3720 5201 3777 5252 in

2084 5299 2265 5362 terra;
2300 5310 2415 5346 non
2470 5297 2532 5346 ut
2577 5294 2758 5347 solum
2815 5294 2960 5345 Deus
3017 5289 3184 5342 faciat
3227 5287 3378 5358 quod
3421 5288 3560 5352 vult,
3591 5287 3687 5341 sed
3718 5293 3779 5340 ut

339 5459 359 5478 ³
398 5458 546 5506 Forte
575 5457 764 5505 melius
785 5455 1042 5516 legeretur
1075 5459 1122 5503 et
1155 5453 1568 5515 distingueretur
1606 5453 1705 5499 hoc
1727 5451 1883 5500 modo
1913 5468 1923 5501 :
1966 5455 2152 5502 Hoc”...
2186 5454 2541 5516 postulamus,
2573 5457 2630 5502 ut
2652 5452 2846 5501 vivit...
2879 5454 3136 5498 servetur.
3161 5451 3219 5497 In
3257 5448 3496 5497 oratione
3517 5448 3777 5510 sequitur.

279 5548 444 5596 Paulo
476 5550 594 5612 post
621 5543 1027 5610 expungendum
1056 5542 1265 5592 videtur
1299 5546 1348 5590 et
1369 5541 1518 5591 nobis
1566 5545 1686 5590 ante
1718 5545 1768 5591 et
1809 5553 1984 5590 nonen

3321 5538 3461 5586 Emr.
