4068 6192
283 288 416 339 1119

1281 287 1834 342 SUPPLEMENTUM
1875 287 1963 341 AD
2003 286 2232 341 OPERA
2272 286 2325 340 S.
2371 286 2760 342 AUGUSTINI’.

3642 292 3781 342 HLO

274 425 379 462 nos
433 409 617 463 facere
666 407 950 480 possimus
999 407 1149 476 quod
1197 407 1343 460 vult:
1394 424 1525 460 nam
1571 408 1685 461 Deo
1730 406 1831 477 qui
1860 405 1960 460 ob-
2000 406 2177 460 Anon
2209 421 2550 474 quaecumque
2574 406 2758 465 vultis.
2806 406 2904 459 illa
2946 408 3187 471 faciatis.
3237 406 3531 459 Manifesta
3579 413 3778 460 autem

277 496 443 564 sistit,
474 497 785 569 quominus
816 494 1042 566 quando
1070 494 1205 547 velit
1226 494 1393 549 faciat
1415 494 1441 547 ?
1482 496 1591 552 Sed
1631 496 1768 566 quia
1795 512 1825 548 a
1845 495 1968 549 dia-

279 584 415 639 bolo
456 586 752 640 obsistitur
801 583 1110 654 quominus
1156 599 1259 653 per
1302 584 1493 638 omnia
1526 590 1717 639 noster
1745 583 1970 637 animus

282 676 454 742 atque
516 676 671 725 actus
719 671 832 723 Deo
881 669 1247 739 obsequatur,
1294 685 1525 722 oramus
1548 675 1603 723 et
1630 670 1877 739 petimus
1908 674 1970 722 ut

280 760 378 813 tiat
406 759 464 813 in
491 760 655 813 nobis
684 758 947 810 voluntas
980 757 1093 811 Dei.
1131 756 1291 821 Quod
1323 762 1383 811 ut
1412 757 1589 811 liatiu
1621 758 1788 812 nobis
1825 775 1970 829 opus

281 853 366 901 est
412 848 511 901 Dei
562 847 871 911 voluntate,
922 845 977 897 id
1036 851 1119 898 est
1149 862 1317 915 opere
1351 846 1472 915 ejus
1507 850 1564 899 et
1594 845 1969 916 protectione,

281 934 416 1005 quia
447 950 614 989 nemo
642 934 758 987 suis
780 933 993 987 viribus
1021 933 1182 986 fortis
1214 938 1316 1000 est,
1350 934 1448 987 sed
1480 934 1579 988 Dei
1612 933 1973 1004 indulgentia

281 1025 338 1074 et
363 1020 749 1075 misericordia
779 1025 936 1075 tutus
983 1026 1084 1074 est.
1130 1022 1385 1092 Denique
1418 1020 1691 1075 Dominus
1717 1028 1772 1075 et
1808 1022 1970 1075 inﬁr-

279 1108 540 1162 mitatem
572 1110 822 1163 hominis
853 1125 1026 1180 quam
1042 1110 1305 1177 portabat
1320 1111 1623 1164 ostendens
1648 1111 1727 1164 ait
1748 1130 1765 1167 :
1792 1113 1970 1175 Pater,

278 1200 329 1251 si
353 1200 474 1266 ﬁeri
498 1202 671 1266 potest
690 1202 930 1252 transeat
952 1200 1099 1251 calia:
1130 1201 1275 1251 istea
1312 1214 1394 1252 me
1414 1182 1622 1261 {etiam
1648 1199 1972 1267 exemplum

280 1286 570 1357 discipulis
604 1286 719 1339 suis
750 1287 1005 1341 tribuens
1039 1292 1103 1341 ut
1127 1303 1239 1341 non
1283 1288 1633 1341 voluntatem
1674 1303 1851 1349 suam,
1875 1287 1969 1340 sed

278 1374 436 1428 illam
501 1376 599 1429 Dei
633 1375 864 1441 faciant,
926 1376 1081 1429 addit
1138 1376 1368 1429 dicens:
1445 1377 1819 1430 Verumtamen
1868 1393 1973 1429 non

277 1467 418 1517 sicut
443 1480 537 1532 ego
574 1465 713 1530 volo,
744 1464 838 1517 sed
858 1465 1003 1533 quod
1024 1469 1111 1530 tu;
1145 1469 1201 1518 et
1230 1465 1341 1518 alio
1389 1466 1509 1518 loco
1535 1465 1669 1519 dicit
1698 1482 1709 1519 :
1743 1468 1857 1519 Non
1880 1466 1971 1518 de-

278 1553 464 1607 scendi
483 1552 548 1606 de
585 1553 709 1606 caelo
738 1557 798 1605 ut
822 1555 1028 1619 faciam
1052 1554 1378 1607 voluntatem
1400 1569 1590 1618 meam,
1611 1554 1704 1607 sed
1733 1555 1846 1621 ejus
1877 1556 1975 1622 qui

278 1642 431 1694 misit
457 1656 556 1694 me.
590 1640 752 1704 Quod
784 1639 829 1692 si
865 1640 1038 1693 Filius
1071 1640 1363 1695 obaudivit
1409 1646 1473 1694 ut
1518 1640 1726 1694 faceret
1764 1642 1971 1694 volun-

279 1733 458 1781 tatem
493 1726 694 1794 Patris,
728 1732 943 1798 quanto
998 1728 1180 1799 magis
1233 1744 1428 1782 servus
1480 1728 1739 1783 obaudiri
1780 1730 1968 1796 debet,

278 1820 344 1868 ut
369 1814 537 1869 faciat
566 1815 792 1869 Domini
818 1816 1170 1869 voluntatem
1190 1816 1216 1870 ἵ)
1238 1816 1393 1870 Sicut
1428 1816 1488 1870 in
1519 1817 1758 1887 epistola
1803 1818 1972 1871 Joan-

278 1920 380 1957 nes
411 1920 638 1975 quoque
679 1905 749 1957 ad
803 1904 1121 1958 faciendam
1174 1905 1267 1958 Dei
1323 1906 1672 1959 voluntatem
1716 1906 1976 1958 hortatur

281 1996 335 2045 et
366 1991 598 2045 instruit
650 1992 880 2046 dicens:
929 1994 1107 2051 Nolite
1152 1994 1381 2061 diligere
1399 1994 1679 2060 mundum,
1714 2010 1882 2063 neque
1913 2010 1975 2047 ea

282 2096 403 2148 qua
428 2083 486 2133 in
514 2080 714 2133 mundo
744 2085 908 2143 sunt;
936 2082 987 2134 si
1016 2082 1138 2148 quis
1159 2081 1418 2134 dilexerit
1447 2081 1728 2134 mundum.
1771 2096 1877 2134 non
1898 2085 1976 2134 est

282 2170 527 2223 charitas
571 2171 749 2223 Patris
802 2172 861 2222 in
908 2185 984 2233 eo,
1020 2172 1151 2237 quia
1208 2185 1357 2223 omne
1400 2168 1545 2239 quod
1566 2172 1623 2222 in
1646 2170 1843 2222 mundo
1874 2174 1973 2235 est,

280 2260 711 2327 concupiscentia
740 2260 920 2311 carnis
948 2262 1027 2311 est
1056 2263 1104 2311 et
1124 2258 1415 2322 oculorum,
1446 2262 1496 2312 et
1524 2258 1747 2311 ambitio
1770 2258 1973 2323 saeculi,

280 2352 330 2400 et
360 2345 592 2399 mundus
640 2349 841 2399 transit
875 2352 925 2400 et
981 2349 1413 2415 concupiscentia
1461 2348 1597 2414 ejus.
1645 2345 1751 2411 Qui
1783 2352 1975 2399 autem

282 2434 479 2487 fecerit
506 2435 860 2488 voluntatem
895 2434 995 2487 Dei
1026 2440 1221 2489 manet
1248 2434 1308 2487 in
1349 2440 1630 2488 aeternum
1684 2434 1973 2504 quomodo

281 2530 337 2576 et
385 2523 533 2575 Deus
580 2526 775 2575 manet
822 2522 879 2575 in
930 2526 1251 2588 alternum;
1300 2540 1476 2594 quare
1516 2523 1563 2576 si
1602 2522 1661 2575 in
1694 2528 1975 2575 aeternum

286 2626 514 2664 manere
550 2610 836 2679 volumus,
885 2610 1005 2678 Dei,
1048 2610 1146 2681 qui
1187 2615 1434 2665 mternus
1480 2616 1583 2675 est,
1625 2612 1977 2664 voluntatem

283 2699 467 2753 facere
498 2698 793 2753 debemus.
840 2700 1111 2752 Voluntas
1158 2705 1347 2753 autem
1401 2700 1522 2767 Dei,
1545 2715 1715 2770 quam
1745 2698 1973 2753 etChri-

284 2792 401 2841 stus
451 2788 645 2841 docuit
692 2792 749 2842 et
795 2788 945 2854 fecit,
988 2794 1072 2841 est
1110 2788 1403 2842 humilitas
1433 2788 1492 2841 in
1521 2787 1972 2853 conversatione,

286 2874 561 2928 stabilitas
591 2875 650 2928 in
678 2874 804 2941 fide,
836 2875 1181 2929 verecundia
1210 2876 1269 2929 in
1295 2876 1499 2941 verbis,
1534 2875 1593 2928 in
1628 2874 1786 2929 factis
1812 2875 1978 2943 justi-

2078 498 2208 548 sunt
2238 494 2382 549 facta
2431 493 2614 547 carnis
2665 510 2793 564 quas
2841 497 2971 547 sunt
3006 493 3305 557 adulteria,
3346 493 3779 560 fornicationes,

2080 580 2480 647 immunditiae,
2512 581 2803 652 spurcitia,
2838 580 3201 646 idololatrias,
3249 582 3540 649 veneﬁcia,
3584 583 3777 636 homi-

2079 669 2244 735 cidia,
2278 668 2616 735 inimicitiae,
2648 670 3057 735 contentiones,
3092 670 3514 735 aemulationes,
3548 670 3777 724 animo-

2080 759 2298 826 sitates,
2370 758 2823 829 provocationes,
2902 757 3320 824 simulationes,
3366 758 3779 819 dissensiones,

2080 847 2344 908 haereses,
2393 846 2644 915 invidiae,
2690 848 3012 911 ebrietates,
3075 846 3543 911 comessationes,
3596 849 3653 898 et
3689 845 3783 898 his

2081 934 2309 996 similia,
2343 950 2471 1005 quae
2512 934 2611 1005 qui
2640 935 2775 988 talia
2806 939 2985 1004 agunt
3014 950 3260 1005 regnum
3295 934 3396 988 Dei
3424 950 3542 988 non
3573 949 3777 987 conse-

2081 1028 2349 1093 quentur.
2395 1024 2627 1077 Fructus
2650 1027 2844 1077 autem
2886 1021 3122 1092 spiritus
3162 1023 3459 1093 gaudium,
3510 1022 3781 1085 Charitas,

2080 1127 2208 1181 pax,
2232 1112 2697 1182 magnanimitas,
2740 1112 2986 1179 bonitas,
3017 1111 3179 1176 fides,
3208 1111 3615 1175 mansuetudo,
3650 1126 3783 1163 cou-

2081 1200 2342 1267 tinentia,
2373 1200 2632 1263 castitas;
2665 1205 2720 1253 et
2750 1200 2961 1254 idcirco
2992 1199 3352 1271 quotidianis
3391 1204 3563 1270 atque
3592 1198 3781 1251 conti-

2084 1288 2213 1341 nuis
2264 1288 2618 1341 orationibus
2661 1304 2963 1359 precamur
3011 1293 3067 1341 et
3119 1288 3179 1341 in
3224 1288 3365 1340 coelo
3414 1292 3469 1340 et
3520 1287 3582 1339 in
3624 1289 3786 1338 terra

2082 1377 2435 1430 voluntatem
2460 1376 2559 1429 Dei
2583 1377 2707 1430 fieri
2734 1377 2881 1430 circa
2911 1392 3036 1441 nos,
3068 1376 3204 1447 quia
3242 1376 3365 1429 haec
3390 1366 3651 1428 voluntas
3678 1373 3785 1426 Dei

2084 1470 2167 1518 est
2214 1472 2275 1518 ut
2310 1470 2538 1519 terrena
2583 1465 2903 1518 coelestibus
2945 1465 3172 1531 cedant,
3222 1463 3543 1533 spiritualia
3581 1478 3787 1515 carne-

2082 1553 2233 1606 libus
2263 1554 2632 1623 praevaleant.
2697 1554 2889 1607 Potest
2929 1552 3102 1605 etiam
3131 1552 3211 1606 sic
3255 1550 3523 1619 intelligi,
3571 1549 3784 1603 fratres

2084 1642 2384 1709 carissimi,
2414 1647 2476 1695 ut
2507 1642 2777 1713 quoniam
2805 1642 3036 1696 mandat
3083 1646 3139 1696 et
3186 1644 3381 1695 monet
3414 1639 3695 1693 Dominus
3722 1643 3783 1693 et

2084 1729 2349 1784 inimicos
2392 1729 2629 1801 diligere
2679 1735 2736 1784 et
2778 1746 2882 1801 pro
2934 1730 3024 1784 his
3069 1745 3296 1801 quoque
3333 1728 3556 1799 quinos
3581 1743 3779 1798 perse-

2084 1823 2340 1888 quuntur
2370 1834 2554 1883 orare,
2585 1822 2846 1888 petamus
2875 1823 2932 1871 et
2958 1834 3062 1888 pro
3093 1818 3204 1870 illis
3233 1817 3334 1888 qui
3357 1816 3541 1870 adhuc
3564 1816 3783 1869 terreni

2083 1911 2216 1959 sunt
2249 1911 2307 1959 et
2353 1906 2593 1960 necdum
2653 1906 2907 1960 cmlestes
2929 1910 3226 1975 cmj'ierunt
3269 1921 3411 1971 esse,
3444 1910 3501 1958 et
3539 1908 3602 1957 ut
3630 1903 3784 1957 circa

2083 1995 2212 2048 illos
2252 1996 2511 2048 voluntas
2565 1995 2662 2048 Dei
2714 1996 2835 2064 fiat,
2889 1995 3161 2066 quoniam
3194 1993 3450 2049 Christus
3481 1991 3787 2046 hominem

2083 2083 2495 2144 conservando,
2522 2087 2576 2137 et
2603 2083 3009 2154 reintegrando
3042 2082 3296 2153 perfecit.
3343 2083 3484 2135 Nam
3514 2097 3642 2134 cum
3678 2081 3779 2133 di-

2083 2170 2288 2242 scipuli
2331 2172 2401 2226 ab
2454 2188 2520 2225 eo
2560 2188 2678 2225 non
2724 2172 2847 2241 jam
2898 2171 3113 2226 terreni
3151 2170 3533 2242 appellentur,
3566 2169 3665 2222 sed
3691 2169 3781 2222 Sal

2083 2264 2273 2326 terrae,
2308 2265 2363 2313 et
2386 2261 2692 2331 Apostolus
2720 2260 2975 2330 primum
3015 2258 3310 2314 hominem
3342 2263 3498 2312 vocet
3545 2260 3611 2310 de
3640 2257 3787 2310 limo

2080 2353 2268 2414 terrae,
2315 2348 2627 2402 secundum
2668 2364 2798 2402 vero
2854 2348 2921 2401 de
2961 2349 3130 2412 coelo;
3175 2346 3378 2401 merito
3425 2350 3481 2401 et
3527 2362 3631 2400 nos
3673 2347 3786 2415 qui

2085 2452 2203 2490 esse
2231 2435 2505 2490 debemus
2542 2436 2696 2489 Patri
2749 2437 2862 2490 Deo
2895 2435 3131 2501 similes,
3175 2435 3275 2506 qui
3307 2435 3481 2489 solem
3510 2451 3674 2488 suum
3693 2435 3787 2488 fa-

2084 2524 2161 2579 cit
2190 2524 2329 2577 oriri
2358 2539 2529 2594 super
2573 2523 2755 2577 bonos
2801 2527 2858 2577 et
2907 2524 3084 2577 malos
3132 2528 3189 2576 et
3233 2523 3379 2592 pluit
3407 2523 3791 2592 superjustos

2085 2617 2140 2667 et
2187 2611 2451 2682 injustos,
2493 2611 2573 2665 sic
2622 2612 2844 2666 Christo
2889 2616 3162 2665 monente
3201 2626 3431 2664 oremus
3460 2616 3524 2664 ut
3551 2626 3787 2680 precem

2084 2717 2188 2773 pro
2224 2700 2482 2754 omnium
2523 2701 2703 2753 salute
2749 2699 3041 2754 faciamus.
3100 2700 3166 2753 Ut
3213 2699 3504 2769 quomodo
3529 2700 3589 2753 in
3611 2682 3821 2777 casto,’

2085 2791 2145 2844 in
2166 2789 2331 2844 nobis
2354 2805 2457 2859 per
2500 2789 2674 2843 tidem
2704 2794 2961 2843 nostram
2988 2789 3247 2842 voluntas
3278 2789 3381 2842 Dei
3403 2788 3552 2849 facta
3584 2792 3688 2845 est.
3723 2793 3791 2839 ut

2087 2894 2339 2933 essemus
2378 2878 2538 2938 coelo,
2569 2877 2650 2930 ita
2670 2881 2727 2931 et
2756 2877 2813 2930 in
2839 2882 3014 2944 terra,
3047 2877 3154 2931 hoc
3186 2881 3270 2930 est
3299 2876 3357 2929 in
3406 2891 3519 2929 non
3551 2875 3793 2929 creden-

284 2964 377 3030 tia,
414 2963 474 3017 in
508 2964 774 3034 operibus
800 2964 1209 3026 misericordia,
1246 2965 1304 3017 in
1338 2964 1595 3018 moribus
1638 2964 1969 3035 disciplina:
2012 2969 2051 3024 C
2091 2967 2242 3021 tibus
2296 2967 2363 3019 tit
2407 2965 2668 3019 voluntas
2713 2964 2832 3029 Dei,
2882 2968 2944 3017 ut
2984 2964 3197 3017 scilicet
3246 2963 3387 3017 ﬁant
3428 2963 3681 3017 caelestes
3714 2979 3792 3016 ex

284 3052 555 3122 injuriam
584 3052 768 3106 facere
799 3069 917 3107 non
957 3069 1121 3107 nosse
1164 3058 1221 3106 et
1263 3054 1465 3107 factam
1496 3068 1662 3123 posse
1708 3053 1972 3117 tolerare,

284 3156 416 3194 cum
463 3139 733 3195 fratribus
790 3158 990 3211 pacem
1032 3147 1247 3207 tenere,
1305 3142 1486 3194 Deum
1534 3157 1597 3194 ex
1637 3144 1757 3194 toto
1806 3140 1975 3216 corde

289 3228 550 3299 diligere,
584 3246 774 3283 amare
800 3229 977 3283 inillo
1018 3230 1167 3301 quod
1211 3234 1371 3300 pater
1411 3234 1515 3296 est,
1565 3229 1768 3283 timere
1822 3229 1977 3300 quod

288 3318 437 3370 Deus
468 3321 570 3383 est,
606 3317 827 3371 Christo
858 3318 997 3371 nihil
1047 3333 1383 3387 praeponere
1422 3317 1659 3370 omnino
1711 3316 1843 3387 quia
1875 3333 1979 3370 nec

289 3402 453 3456 nobis
503 3402 597 3456 ille
646 3403 964 3473 quidquam
1010 3404 1344 3474 praeposuit,
1376 3404 1638 3457 charitati
1677 3405 1799 3474 ejus
1828 3404 1977 3457 inse-

289 3490 620 3561 parabiliter
650 3491 961 3557 adhaerere,
1005 3492 1156 3544 cruci
1200 3491 1583 3560 ejus-fortiter
1619 3508 1683 3544 ac
1739 3492 1980 3546 fidenter

288 3578 572 3644 assistere,
604 3577 833 3647 quando
863 3577 931 3631 de
955 3580 1076 3648 ejus
1104 3577 1338 3631 nomine
1385 3583 1441 3631 et
1486 3579 1701 3632 honore
1732 3584 1980 3633 certatur

286 3665 553 3720 exhibere
583 3666 644 3719 in
675 3682 940 3721 sermone
970 3666 1346 3720 constantiam
1398 3683 1511 3737 qua
1550 3668 1976 3729 confirmamur,

287 3754 346 3808 in
379 3754 694 3826 quaestione
712 3754 981 3809 fiduciam
1000 3772 1112 3827 qua
1129 3755 1553 3825 congredimur,
1587 3756 1645 3808 in
1672 3762 1853 3809 morte
1870 3772 1979 3826 pa-

286 3843 547 3897 tientiam
578 3860 692 3914 qua
743 3860 1105 3909 coronamur,
1152 3845 1261 3897 hoc
1290 3849 1376 3897 est
1423 3844 1781 3898 cohmredem
1814 3844 1976 3898 Chri-

286 3934 358 3987 sti
384 3933 525 3986 velle
553 3950 695 3998 esse,
739 3933 846 3986 hoc
883 3938 966 3986 est
1011 3937 1363 4003 praeceptum
1414 3933 1510 3986 Dei
1549 3933 1732 4003 sequi,
1761 3934 1866 3987 hoc
1895 3938 1981 3986 est

289 4021 641 4075 voluntatem
675 4022 857 4074 Patris
890 4022 1092 4086 facere,
1144 4023 1253 4076 hoc
1298 4027 1384 4076 est
1412 4023 1763 4075 voluntatem
1796 4021 1978 4075 Patris

288 4109 548 4180 implere.
598 4109 745 4163 Fieri
802 4115 994 4164 autem
1046 4110 1296 4181 petimus
1365 4110 1714 4163 voluntatem
1770 4110 1867 4164 Dei
1919 4110 1979 4163 in

287 4198 429 4251 coelo
476 4202 533 4252 et
579 4197 640 4251 in
685 4202 857 4265 terra,
900 4198 1052 4269 quod
1094 4203 1401 4269 utrumque
1433 4199 1504 4252 ad
1534 4198 1978 4252 consummatio-

2085 3071 2235 3126 aqua
2268 3059 2323 3107 et
2350 3053 2563 3124 Spiritu
2595 3051 2736 3119 uati,
2767 3051 3110 3123 procedente
3140 3051 3396 3106 oratione
3423 3052 3793 3121 postulamus

2086 3148 2141 3198 et
2173 3144 2416 3198 dicimus
2439 3158 2451 3196 :

2156 3234 2354 3285 Panem
2388 3236 2633 3285 nostrum
2679 3230 3060 3298 quotidianum
3099 3229 3171 3283 da
3210 3229 3361 3283 nobis
3406 3227 3599 3287 hodie;
3630 3228 3793 3297 quod

2083 3321 2269 3388 potest
2334 3316 2708 3388 spiritualiter
2771 3322 2829 3368 et
2891 3314 3227 3385 simpliciter
3264 3314 3546 3384 intelligi:
3623 3314 3786 3384 peti—

2087 3421 2215 3459 mus
2246 3405 2400 3459 enim
2433 3405 2489 3459 id
2521 3404 2671 3475 quod
2707 3403 2921 3458 utiliter
2952 3402 3176 3473 proﬁcit
3208 3402 3279 3456 ad
3323 3404 3591 3456 salutem.
3636 3403 3785 3455 Nam

2084 3495 2249 3565 panis
2280 3494 2405 3547 vita:
2430 3492 2681 3548 Christus
2702 3498 2786 3546 est
2810 3512 2824 3559 ;
2850 3496 2907 3546 et
2937 3492 3094 3561 panis
3116 3491 3196 3545 hit
3242 3491 3502 3544 omnium
3529 3507 3645 3543 non
3677 3495 3788 3553 est,

2086 3582 2182 3636 sed
2206 3587 2399 3636 noster
2429 3587 2513 3635 est
2550 3598 2562 3645 ;
2618 3585 2674 3634 et
2714 3581 3001 3650 quomodo
3053 3580 3314 3645 dicimus,
3366 3580 3531 3633 Pater
3560 3585 3784 3643 noster,

2088 3671 2361 3741 quoniam
2394 3668 2842 3738 intelligentiam
2875 3674 2932 3723 et
2978 3668 3335 3722 credentium
3374 3671 3536 3737 pater
3568 3672 3675 3735 est,
3699 3668 3783 3719 sic

2087 3765 2145 3813 et
2183 3774 2393 3829 panem
2440 3762 2698 3811 nostrum
2751 3772 3040 3823 vocamus,
3088 3755 3223 3826 quia
3272 3754 3527 3809 Christus
3568 3759 3789 3821 noster,

2085 3864 2219 3901 cum
2254 3863 2460 3917 corpus
2487 3845 2609 3915 ejus
2647 3844 3001 3914 attingimus,
3055 3843 3216 3913 panis
3265 3847 3365 3896 est.
3400 3844 3561 3896 Hunc
3590 3847 3787 3895 autem

2086 3950 2295 4004 panem
2345 3933 2466 3986 dari
2520 3933 2687 3987 nobis
2732 3932 2987 4003 quotidie
3038 3933 3413 4001 postulamus,
3462 3946 3536 3984 ne
3586 3931 3688 4002 qui
3720 3931 3784 3985 iu

2089 4022 2309 4077 Christo
2361 4022 2557 4074 sumus
2604 4025 2659 4075 et
2712 4019 3116 4074 Eucharistiam
3167 4019 3422 4090 quotidie
3472 4018 3539 4072 ad
3589 4018 3787 4072 cibum

2088 4109 2287 4175 salutis
2338 4108 2662 4179 accipimus,
2718 4108 3103 4162 intercedente
3142 4107 3336 4177 aliquo
3367 4107 3613 4177 graviori
3645 4106 3788 4160 deli-

2086 4204 2197 4264 cto,
2230 4198 2365 4252 dum
2419 4196 2647 4250 abscissi
2695 4201 2749 4250 et
2801 4212 2913 4250 non
2964 4195 3454 4249 communicantes
3500 4211 3534 4247 a
3575 4195 3792 4248 cmlesti

291 4302 420 4341 nem
469 4289 676 4339 nostrae.
724 4285 1131 4340 incolumitatis
1176 4292 1233 4339 et
1281 4286 1475 4339 salutis
1516 4285 1778 4355 pertinet.
1840 4286 1981 4339 Nam
2014 4277 2057 4331 D
2096 4302 2242 4357 pane
2273 4285 2664 4356 prohibemur,
2698 4301 2732 4337 a
2762 4284 2970 4339 Christi
3002 4300 3237 4353 corpore
3269 4299 3620 4353 separemur,
3662 4283 3791 4352 ipso

289 4391 419 4428 cum
446 4390 655 4444 corpus
684 4374 744 4427 in
776 4379 946 4442 terra,
980 4379 1035 4428 et
1063 4374 1327 4445 spiritum
1369 4374 1763 4443 possideamUS
1796 4374 1857 4427 in
1883 4390 1983 4427 coe-

290 4463 367 4527 lo,
398 4461 508 4530 ipsi
537 4463 743 4515 coslum
796 4466 851 4515 et
892 4467 1044 4515 terra
1090 4478 1286 4515 sumus
1334 4467 1390 4515 et
1424 4462 1483 4515 in
1517 4466 1778 4532 utroque,
1811 4461 1868 4515 id
1900 4468 1984 4516 est

290 4565 531 4619 corpore
579 4554 636 4603 et
684 4550 887 4619 spiritu
938 4556 998 4603 ut
1047 4551 1306 4603 voluntas
1353 4550 1452 4603 Dei
1475 4551 1574 4603 tiat
1603 4566 1854 4604 oramus.
1892 4552 1983 4605 Est

288 4637 442 4691 enim
474 4637 624 4690 inter
649 4653 876 4690 carnem
904 4644 958 4691 et
983 4638 1249 4709 spiritum
1290 4639 1640 4702 colluctatio,
1674 4643 1731 4692 et
1761 4639 1978 4692 discor-

290 4724 555 4780 dantibus
597 4724 897 4778 adversum
952 4743 1009 4779 se
1054 4726 1297 4779 invicem
1339 4726 1408 4779 iis
1469 4726 1803 4796 quotidiana
1845 4744 1983 4780 con-

289 4813 508 4884 gressio
538 4817 640 4879 est,
683 4817 747 4866 ut
772 4829 884 4867 non
915 4829 1043 4884 quas
1080 4815 1363 4883 volumus,
1387 4815 1484 4868 illa
1506 4815 1800 4882 faciamus,
1841 4815 1980 4869 dum

289 4901 523 4973 spiritus
572 4900 818 4955 caelestia
865 4901 1073 4972 quierit
1131 4907 1186 4955 et
1232 4902 1443 4968 divina,
1496 4919 1625 4956 caro
1670 4908 1898 4956 terrena
1929 4909 1983 4958 et

290 4989 583 5044 szecularia
647 4990 1025 5061 concupiscit:
1086 4993 1142 5043 et
1206 4989 1333 5044 ideo
1380 4991 1627 5061 petimus
1680 4991 1829 5044 inter
1868 4991 1982 5045 duo

292 5079 460 5134 istam
492 5095 667 5149 opera
687 5084 744 5133 et
770 5078 985 5132 auxilio
1019 5078 1117 5133 Dei
1144 5079 1504 5132 concordiam
1539 5076 1663 5133 ﬁeri
1694 5084 1758 5132 ut
1788 5084 1845 5133 et
1874 5079 1984 5148 spi-

292 5167 406 5221 ritu
436 5171 490 5220 et
520 5184 688 5221 carne
717 5168 979 5220 voluntas
1011 5167 1111 5222 Dei
1153 5173 1409 5237 geratur,
1446 5184 1689 5237 qumque
1719 5183 1822 5237 per
1851 5184 1981 5220 eum

294 5261 491 5309 renata
528 5261 612 5309 est
660 5255 852 5309 anima
900 5262 1263 5310 conservetur
1308 5256 1364 5309 id
1417 5256 1569 5325 quod
1594 5261 1788 5325 aperte
1810 5260 1981 5325 atque

296 5342 587 5396 manifeste
620 5345 908 5413 apostolus
942 5346 1145 5398 Paulus
1195 5360 1296 5397 sua
1320 5359 1455 5396 voce
1502 5343 1788 5396 declarat:
1823 5344 1980 5404 Caro,

294 5430 581 5501 inquiens,
632 5435 959 5503 concupiscit
998 5433 1257 5486 adversus
1300 5434 1579 5503 spiritum,
1624 5434 1853 5499 spiritus
1875 5432 1983 5484 ad-

292 5534 476 5574 versus
533 5536 765 5583 carnem,
809 5523 917 5576 haec
943 5525 1083 5575 enim
1110 5524 1336 5576 invicem
1375 5521 1735 5575 adversantur
1763 5520 1889 5583 sibi,
1922 5524 1982 5573 ut

2092 4372 2436 4443 praedicante
2470 4376 2524 4426 et
2554 4377 2863 4425 monente:
2904 4364 3018 4440 Ego
3069 4387 3187 4426 sum
3236 4375 3402 4441 panis
3440 4372 3567 4424 vita
3589 4373 3688 4439 qui
3724 4371 3796 4423 de

2093 4462 2216 4516 ca'lo
2238 4461 2489 4515 descendi
2514 4477 2526 4526 ;
2562 4463 2609 4513 si
2630 4463 2753 4529 quis
2774 4460 3183 4513 manducaverit
3226 4476 3293 4513 ea:
3336 4460 3429 4512 hoc
3446 4475 3607 4529 pane,
3644 4462 3794 4512 viret

2092 4552 2150 4603 in
2182 4556 2463 4603 aeternum:
2508 4550 2671 4617 panis
2715 4552 2895 4601 autem
2944 4563 3099 4616 quem
3145 4562 3239 4613 ego
3282 4547 3474 4601 dedero
3514 4562 3639 4599 caro
3672 4563 3792 4600 mea

2092 4642 2171 4691 est
2202 4653 2305 4706 pro
2335 4637 2645 4691 saeculivita
2693 4635 2928 4699 Quando
2958 4651 3094 4705 ergo
3122 4635 3258 4689 dicit
3286 4635 3346 4688 in
3395 4640 3676 4688 aeternum
3706 4635 3793 4686 vi-

2092 4741 2221 4779 vere
2249 4725 2296 4778 si
2318 4725 2444 4795 quis
2474 4724 2656 4778 ederit
2700 4724 2768 4777 de
2814 4724 2936 4793 ejus
2975 4739 3147 4794 pane,
3189 4723 3385 4795 utique
3417 4723 3790 4776 manifestum

2094 4819 2179 4868 est
2200 4830 2297 4867 eos
2345 4812 2531 4866 vivere
2573 4812 2673 4883 qui
2718 4828 2926 4881 corpus
2972 4813 3093 4881 ejus
3137 4812 3443 4881 attingunt,
3477 4816 3535 4864 et
3568 4812 3793 4865 Eucha-

2092 4902 2314 4957 ristiam
2346 4901 2404 4955 in
2437 4917 2496 4955 re
2527 4899 3060 4954 communicationis
3090 4899 3394 4970 accipiunt.
3425 4900 3625 4970 Itaque
3643 4917 3795 4953 con-

2093 4997 2180 5047 tra
2209 4990 2530 5044 timendum
2563 4994 2646 5042 est
2675 4994 2730 5042 et
2750 4988 3031 5042 orandum
3066 5004 3133 5041 ne
3166 4988 3303 5042 dum
3348 4989 3476 5058 quis
3507 4982 3794 5042 abscissus

2092 5082 2446 5148 separatura
2499 5075 2708 5131 Christi
2757 5092 3014 5146 corpore,
3072 5076 3351 5130 abscissus
3411 5070 3793 5130 remaneat'a

2094 5167 2294 5229 salute,
2356 5164 2742 5218 comminaute
2797 5164 2921 5235 ipso
2978 5168 3035 5217 et
3089 5163 3341 5218 dicente:
3386 5165 3508 5219 Nisi
3563 5164 3793 5218 caeritis

2091 5270 2305 5309 carnem
2333 5254 2448 5323 ﬁlii
2504 5255 2734 5307 hominis
2786 5258 2837 5306 et
2882 5253 3125 5307 biberitis
3177 5252 3649 5322 ejussanguinem,
3684 5269 3792 5306 non

2095 5342 2359 5396 habebitis
2396 5343 2566 5394 vitam
2596 5344 2652 5393 in
2679 5340 2845 5394 vobis.
2889 5340 2960 5393 Et
2985 5340 3112 5393 ideo
3159 5356 3368 5409 panem
3411 5345 3698 5399 nostrum.
3732 5341 3789 5393 id

2094 5435 2181 5485 est
2227 5430 2508 5485 Christum
2562 5429 2685 5482 dari
2714 5428 2879 5483 nobis
2919 5428 3177 5498 quotidie
3208 5428 3476 5497 petimus,
3500 5432 3565 5481 ut
3594 5428 3691 5497 qui
3731 5428 3786 5480 in

2092 5519 2312 5573 Christo
2346 5534 2644 5573 manemus
2673 5522 2729 5571 et
2760 5517 3006 5572 vivimus
3036 5534 3068 5570 a
3091 5516 3534 5570 sanctificatione
3576 5522 3631 5569 et
3660 5533 3785 5568 cor-
