4068 6192
303 325 434 375 tl‘ll

1421 321 1472 371 ὃ.
1518 319 1892 374 AUGUSTINI
1933 319 2138 374 LlBElt
2182 320 2269 372 DE
2311 318 2680 374 ORATIONE.

3677 328 3808 378 ll‘l‘.’

297 465 446 518 pore
475 449 594 517 ejus
620 440 735 500 non
767 445 1116 498 recedamus.
1153 446 1344 498 Potest
1374 460 1505 496 vero
1531 450 1588 498 et
1614 443 1692 496 sic
1722 444 1986 513 intelligi,
2017 449 2060 500 A
2098 443 2376 514 iufugaet
2390 443 2771 496 sollicitudine
2795 443 2806 515 [
2826 445 2886 496 [ι’.
2926 443 3256 516 solitudine]
3281 445 3460 498 corvis
3481 446 3808 500 ministran-

298 544 366 590 ut
397 536 494 607 qui
525 536 732 588 saeculo
762 533 1158 586 renuntiamus
1189 537 1244 585 et
1291 532 1515 585 divitias
1570 533 1690 602 ejus
1727 539 1780 585 et
1831 549 1998 602 pom—

295 642 406 694 pas
438 625 548 676 ﬁde
609 622 808 692 gratia:
863 620 1173 690 spiritualis
1221 620 1550 689 abjecimus,
1611 621 1800 673 cibum
1840 621 2001 672 nobis

297 719 529 765 tantum
558 718 820 781 petamus
853 716 908 761 et
941 709 1173 772 victum,
1208 727 1337 762 cum
1369 709 1614 762 instruat
1644 711 1917 762 Dominus
1945 719 2000 762 et

293 801 455 854 dicat
488 817 499 852 :
538 802 639 864 Qui
672 816 775 852 non
824 799 1218 851 renuntiaverit
1267 798 1509 850 omnibus
1541 814 1658 866 quae
1692 803 1818 850 sunt
1861 799 1996 865 ejus,

293 906 409 943 non
465 893 636 956 potest
689 903 799 940 esse
846 901 991 938 meus
1041 886 1362 953 discipulus.
1414 885 1520 948 Qui
1596 891 1724 938 ante
1793 886 2001 939 Christi

292 977 614 1047 discipulus
637 976 805 1045 coepit
835 992 976 1032 esse.
1007 974 1322 1026 secundum
1357 974 1709 1026 voluntatem
1739 973 1998 1043 magistri

295 1067 392 1119 sui
437 1065 772 1119 renuntiatis
825 1063 1112 1127 omnibus,
1161 1062 1430 1115 diurnum
1476 1063 1643 1115 debet
1681 1062 1873 1114 cibum
1903 1079 2000 1132 pe-

294 1161 446 1222 tere,
479 1171 582 1207 nec
631 1154 689 1205 in
723 1153 956 1219 longum
1003 1150 1282 1204 desideria
1331 1149 1619 1220 petitionis
1673 1151 1999 1215 extendere,

295 1244 426 1313 ipso
451 1243 658 1294 iterum
696 1240 934 1293 Domino
980 1239 1383 1309 prmscribente
1429 1245 1484 1291 et
1529 1244 1798 1291 monente
1837 1255 1848 1291 :
1893 1241 2000 1292 No-

299 1333 400 1384 lite
429 1335 484 1383 in
523 1331 820 1383 crastinum
859 1330 1410 1396 cog/itare,‘crastinus
1445 1331 1583 1379 enim.
1615 1327 1726 1380 dies
1757 1330 1872 1394 ipse
1915 1342 1999 1378 co-

299 1421 504 1487 gitabit
543 1419 670 1482 sibi,
707 1416 919 1485 sufﬁcit
949 1418 1089 1470 enim
1121 1415 1232 1467 diei
1253 1417 1467 1468 malitia
1489 1432 1606 1468 sua.
1638 1415 1832 1467 Merito
1865 1431 2001 1483 ergo

300 1508 512 1565 Christi
546 1507 856 1576 discipulus
887 1505 1094 1557 victum
1138 1503 1244 1557 sibi
1275 1505 1334 1556 in
1395 1505 1546 1557 diem
1598 1506 1850 1574 postulat
1897 1504 1997 1573 qui

301 1599 379 1652 de
411 1596 657 1650 crastino
697 1595 1040 1664 prohibetur
1071 1595 1338 1664 cogitare,
1373 1600 1427 1646 et
1469 1594 1602 1663 quia
1651 1592 2002 1646 contrarium

299 1685 414 1738 sibi
444 1686 512 1738 sit
543 1690 598 1737 et
627 1700 953 1754 repugnans
985 1685 1068 1735 est
1100 1688 1164 1734 ut
1195 1698 1518 1752 quaeramus
1569 1682 1625 1734 in
1675 1682 1878 1733 smculo
1905 1681 2002 1733 diu

299 1774 489 1827 vivere
522 1773 621 1843 qui
654 1773 904 1842 petimus
948 1787 1191 1840 regnum
1257 1771 1354 1823 Dei
1401 1770 1672 1823 velociter
1713 1770 1997 1822 advenire.

303 1862 397 1916 Sic
430 1867 484 1915 et
513 1862 803 1931 apostolus
847 1860 1047 1913 beatus
1081 1865 1278 1911 monet
1328 1859 1581 1910 formans
1628 1862 1683 1909 et
1738 1855 2002 1909 corrobo-

299 1969 436 2005 rans
489 1951 610 2020 spei
640 1955 851 2002 nostra:
895 1965 958 2001 ac
987 1947 1120 2000 ﬁdei
1179 1946 1528 2000 lirmitatem.
1565 1946 1756 2013 ‘Nihil,
1791 1943 2000 2014 inquit,

301 2040 603 2093 intulimus
627 2039 686 2091 in
717 2039 867 2091 hunc
900 2036 1208 2089 mundum.
1251 2036 1479 2088 Certum
1511 2040 1594 2087 est
1622 2034 1774 2104 quod
1808 2050 1992 2102 neque

300 2130 526 2182 auferre
567 2127 849 2197 possimus
885 2143 896 2179 :
928 2125 1201 2177 habentes
1234 2124 1424 2194 itaque
1479 2123 1890 2176 exbibitionem
1947 2127 2004 2175 et

306 2221 720 2287 tegumentum,
755 2215 843 2267 his
875 2211 1126 2266 contenti
1159 2211 1355 2264 simus.
1409 2211 1516 2273 Qui
1567 2215 1758 2264 autem
1805 2211 2003 2263 volunt

301 2304 503 2356 divites
536 2305 680 2370 ﬁeri,
713 2302 969 2356 incidunt
1007 2301 1067 2353 in
1099 2300 1472 2354 tentationem
1505 2305 1561 2352 et
1602 2301 1659 2352 in
1709 2299 2000 2368 muscipu-

303 2392 420 2443 lam
447 2395 502 2443 et
533 2389 814 2444 desideria
846 2389 1024 2441 multa
1049 2394 1105 2440 et
1137 2387 1402 2440 nocentia
1433 2403 1559 2456 quae
1595 2392 1860 2456 mergunt
1890 2388 2000 2439 ho-

305 2479 520 2532 minem
553 2479 609 2531 in
650 2477 1032 2547 perditionem
1066 2480 1121 2528 et
1160 2475 1218 2526 iu
1259 2475 1578 2538 interitum,
1633 2475 1787 2526 radix
1847 2474 1999 2527 enim

305 2566 565 2620 omnium
598 2567 881 2618 malorum
918 2570 1001 2617 est
1030 2564 1328 2632 cupiditas,
1361 2579 1533 2632 quam
1556 2563 1787 2632 quidam
1823 2580 1999 2632 appe-

303 2662 491 2710 tentes
521 2655 1003 2724 naufragaveruut
1033 2670 1064 2704 a
1095 2652 1205 2704 ﬁde
1239 2658 1294 2704 et
1325 2651 1588 2704 inserunt
1615 2668 1672 2702 se
1706 2651 2001 2703 doloribus

305 2745 497 2797 multis
560 2759 571 2795 :
634 2743 799 2796 docet
848 2758 963 2794 non
1013 2745 1234 2792 tantum
1287 2739 1751 2804 contemnendas,
1802 2738 1897 2790 sed
1949 2741 2003 2790 et

299 2832 649 2903 periculosas
680 2846 798 2883 esse
840 2828 1062 2882 divitias
1099 2827 1229 2893 illis,
1265 2843 1384 2880 esse
1434 2827 1680 2880 radicem
1715 2827 1999 2879 malorum

298 2920 740 2982 blandientium,
783 2917 1096 2970 caecitatem
1157 2915 1363 2968 mentis
1411 2915 1680 2968 humanze
1715 2915 1997 2968 occultata

299 3009 639 3078 deceptione
669 3006 1010 3060 fallentium.
1063 3005 1217 3058 Unde
1255 3003 1487 3057 divitem
1528 3005 1766 3056 stultum
1823 3019 2002 3056 saecu-

300 3099 448 3151 lares
481 3096 706 3150 divitias
733 3094 1097 3163 cogitantem,
1132 3098 1187 3146 et
1221 3109 1276 3145 se
1324 3092 1704 3144 exultantium
1752 3091 1997 3144 fructum

298 3185 562 3255 largitate
589 3184 902 3252 jactantem
936 3179 1230 3250 redarguit
1263 3179 1456 3232 dicens
1491 3195 1502 3232 :
1542 3179 1740 3243 Stulte,
1777 3181 1875 3231 hac
1904 3194 2000 3230 no-

298 3278 377 3325 cte
409 3273 788 3339 erpestulotur
808 3271 991 3321 anima
1012 3275 1104 3320 tua
1122 3283 1154 3320 α
1178 3272 1224 3320 te
1249 3284 1260 3318 :
1286 3282 1404 3335 qua:
1434 3282 1558 3332 ergo
1587 3269 1821 3334 parasti,
1845 3267 2001 3334 cujus

299 3363 503 3413 erunt?
533 3359 849 3413 Lastabatur
881 3358 1085 3410 stultus
1114 3355 1174 3408 in
1205 3355 1479 3408 fructibus
1510 3360 1676 3408 nocte
1713 3354 1808 3407 illa
1831 3355 2002 3408 mori-

302 3457 484 3512 turus,
517 3454 573 3501 et
598 3448 760 3517 cujus
791 3445 904 3499 vita
933 3447 1050 3515 jam
1093 3446 1288 3498 deerat
1319 3444 1387 3497 de
1431 3443 1611 3497 victus
1647 3444 2000 3498 abundantia

302 3537 609 3607 cogitabat.
650 3538 858 3589 Contra
891 3539 1078 3587 autem
1115 3533 1388 3586 Dominus
1432 3533 1748 3602 perfectum
1781 3538 1837 3585 et
1861 3549 1996 3586 con-

301 3631 650 3678 summatum
669 3625 829 3677 docet
861 3639 991 3675 eum
1014 3622 1139 3675 ﬁeri
1170 3621 1290 3692 qui,
1324 3621 1588 3674 omnibus
1617 3620 1732 3672 suis
1763 3620 2001 3673 venditis

302 3720 473 3784 atque
503 3714 558 3766 in
598 3730 729 3765 usus
768 3727 1088 3781 pauperum
1138 3708 1478 3776 distributis,
1531 3710 1861 3763 thesaurum
1895 3707 2001 3759 sibi

301 3803 508 3856 condat
536 3802 596 3854 in
625 3802 788 3868 coelo,
828 3800 927 3870 qui
959 3798 1270 3869 patientem
1302 3815 1432 3851 eum
1466 3797 1598 3850 dicit
1635 3813 1804 3865 posse
1829 3812 1886 3849 se
1918 3813 2000 3848 se-

301 3891 423 3961 qui,
457 3891 555 3960 qui
586 3889 826 3958 gloriam
857 3887 1160 3941 dominith
1194 3884 1626 3938 resurrectionis
1662 3889 1850 3954 potest
1876 3884 1998 3936 imi-

302 3980 430 4043 tari,
463 3979 561 4048 qui
592 3977 883 4047 espeditus
913 3981 968 4028 et
996 3975 1316 4028 succinctus
1349 3973 1519 4026 nullis
1542 3971 1760 4041 laqueis
1791 3972 1873 4024 rei
1911 3973 1992 4024 ta-

299 4069 540 4120 miliaris
572 4066 896 4130 involvitur,
924 4066 1204 4116 etsolutus
1225 4081 1286 4115 ac
1312 4062 1765 4131 liberLfacultates
1787 4061 1856 4113 ad
1889 4061 1999 4112 Do-

299 4158 522 4210 minum
541 4161 670 4208 ante
685 4152 1137 4224 prcemissasipse
1153 4168 1379 4221 quoque
1398 4149 1721 4204 comitatur.
1744 4150 1825 4202 Ad
1841 4148 1999 4218 quod

302 4251 365 4297 ut
396 4244 574 4314 possit
623 4242 1014 4312 unusquisque
1047 4245 1306 4292 nostrum
1351 4255 1551 4308 parare
1585 4254 1664 4302 se,
1720 4238 1798 4290 sic
1831 4237 1997 4290 discit

298 4349 484 4393 orare,
508 4339 559 4385 et
591 4332 659 4385 de
691 4329 966 4384 orationis
989 4329 1113 4396 lege
1139 4327 1319 4396 qualis
1345 4343 1410 4379 ea
1433 4326 1632 4380 debeat
1662 4341 1992 4393 agnoscere;

300 4437 488 4490 neque
511 4419 663 4472 enim
688 4415 1263 4486 deesselquotidianus
1279 4415 1436 4467 cibus
1457 4419 1647 4484 potest
1669 4415 1847 4482 justo,
1869 4429 1996 4466 cum

299 4510 575 4578 scriptum
599 4508 669 4560 sit
694 4523 705 4559 :
727 4508 842 4561 Non
869 4505 1068 4558 occidet
1097 4506 1350 4556 Dominus
1367 4505 1514 4569 fume
1545 4504 1783 4555 animam
1805 4504 1995 4554 istam:

300 4605 358 4652 et
388 4599 592 4650 iterum
617 4596 850 4649 :Juniur
871 4595 976 4659 fui,
1014 4597 1064 4645 et
1084 4594 1255 4658 senui,
1287 4596 1333 4644 et
1357 4607 1461 4643 non
1483 4590 1602 4643 vidi
1616 4591 1830 4658 justum
1855 4590 2002 4642 dere-

299 4689 508 4750 lictum,
534 4700 626 4738 nec
647 4699 820 4737 semen
845 4682 959 4748 ejus
983 4696 1222 4749 qurerens
1239 4695 1454 4748 panem.
1478 4679 1692 4731 lterum
1723 4677 2001 4731 Dominus

299 4773 646 4845 repromittit
671 4776 725 4823 et
749 4771 885 4824 dicit
919 4787 930 4821 :
966 4768 1142 4823 Nolite
1176 4772 1410 4835 cegitare
1437 4767 1690 4830 dicentes,
1724 4766 1865 4831 Quid
1885 4766 2002 4819 ede-

298 4880 439 4926 mus,
465 4867 558 4915 aut
591 4861 725 4930 quid
756 4860 1006 4934 bibemus,
1037 4862 1130 4909 aut
1163 4872 1265 4925 quo
1296 4859 1582 4909 vestiemur
1608 4856 1634 4907 1’
1667 4855 1774 4908 hac
1823 4861 2000 4907 autem

298 4955 544 5006 nationes
573 4953 822 5018 quaerunt
849 4963 860 5000 :
894 4947 996 4999 scit
1026 4948 1166 4998 enim
1206 4947 1365 4998 Pater
1398 4951 1571 4997 vester
1601 4946 1734 5011 quin
1763 4945 2000 4996 omnium

300 5044 490 5095 horum
517 5038 770 5103 indigetis
809 5051 820 5088 :
854 5037 1076 5102 quaerite
1103 5035 1342 5101 primum
1370 5048 1593 5097 regnum
1629 5033 1725 5084 Dei
1753 5039 1800 5084 et
1824 5031 2002 5098 justi-

299 5131 434 5182 tiam
456 5129 570 5196 ejus
595 5131 643 5179 et
668 5127 775 5178 hasc
815 5125 996 5176 omnia
1032 5119 1554 5188 adjicienturrobis.
1603 5118 2000 5181 Quaerentibus

299 5233 542 5287 regnum
569 5214 669 5268 Dei
699 5219 757 5266 et
777 5210 1061 5281 justitiam
1084 5209 1207 5278 ejus
1235 5208 1429 5262 omnia
1468 5206 1756 5276 promittit
1787 5205 1999 5276 apponi

300 5312 359 5360 et
380 5306 501 5375 jam
533 5320 661 5355 eum
695 5303 807 5354 sint
831 5299 930 5353 Dei
963 5299 1174 5362 omnia,
1207 5297 1439 5350 habenti
1475 5298 1654 5349 Deum
1688 5294 1830 5348 nihil
1863 5294 1995 5347 dee—

299 5395 394 5460 rit,
431 5393 476 5445 si
518 5394 628 5445 Deo
653 5392 770 5460 ipse
804 5405 915 5441 non
950 5387 1094 5440 desit
1144 5386 1233 5440 Sic
1269 5385 1487 5438 Danieli
1525 5383 1580 5436 in
1605 5383 1841 5436 leonum
1875 5383 1998 5435 lacu

294 5485 463 5553 jussu
493 5482 643 5550 regis
673 5479 888 5532 incluso
915 5474 1218 5546 prandium
1255 5473 1526 5527 divinitus
1558 5477 1896 5542 procuratur
1947 5475 2002 5524 et

303 5575 455 5626 inter
477 5572 620 5623 feras
644 5567 955 5622 esurientes
975 5565 1148 5618 homo
1170 5564 1264 5616 Dei
1280 5561 1544 5633 pascitur.
1571 5562 1657 5615 Sic
1674 5561 1835 5614 aliter
1850 5561 1998 5614 Elias

2111 531 2261 584 tibus
2274 536 2327 583 et
2342 531 2665 584 volucribus
2680 531 2867 584 cibum
2887 532 3394 601 apportantibusin
3412 536 3806 602 persecutione

2111 620 2378 672 nutritur.
2410 621 2493 674 Oh
2527 621 2792 673 humanm
2826 621 3058 673 malitias
3099 621 3431 674 detestanda
3462 623 3800 676 crudelitas!

2116 709 2250 760 ferai.
2284 714 2521 777 pascunt
2571 715 2626 761 et
2667 725 2792 761 aves
2823 715 3059 777 pascunt
3090 714 3144 761 et
3173 709 3436 762 homines
3464 710 3807 764 insidiantur

2109 802 2164 848 et
2195 797 2457 849 saeviunt.
2493 799 2623 849 Post
2661 797 2766 849 hoc
2797 803 2852 849 et
2885 815 2984 867 pro
3021 799 3262 866 peccatis
3285 799 3496 851 nostris
3536 800 3804 868 depreca-

2113 900 2244 936 mur
2274 885 2521 937 dicentes
2556 902 2566 937 :
2599 888 2668 938 Et
2725 889 2932 939 remitte
2962 887 3112 938 nobis
3157 894 3377 954 peccata
3419 893 3623 951 nostra,
3665 889 3805 940 sicut

2110 981 2158 1026 et
2189 989 2282 1026 nos
2314 976 2638 1026 remittimus
2661 974 2991 1026 debitoribus
3021 977 3240 1028 nostris.
3267 976 3456 1028 Primo
3485 976 3803 1028 subsidium

2110 1061 2219 1113 cibi
2279 1063 2492 1131 petitur
2542 1067 2596 1113 et
2653 1062 2815 1113 venia
2869 1062 3078 1126 delicti,
3117 1068 3175 1115 ut
3221 1063 3316 1133 qui
3368 1065 3481 1117 Deo
3529 1063 3800 1132 pascitur,

2112 1151 2224 1202 Deo
2257 1150 2422 1214 vivat,
2463 1167 2563 1202 nec
2614 1156 2834 1202 tantum
2894 1151 3160 1219 praesenti
3212 1159 3267 1204 et
3305 1153 3606 1222 temporali
3645 1152 3798 1214 vitai,

2111 1239 2207 1291 sed
2258 1243 2487 1290 aeternae
2549 1237 2884 1302 consulitur,
2939 1239 3007 1290 ad
3069 1255 3241 1308 quam
3290 1241 3470 1294 veniri
3521 1246 3702 1311 potest
3755 1243 3802 1296 si

2113 1332 2342 1395 peccata
2369 1327 2674 1391 donentur,
2709 1344 2835 1396 qua!
2860 1327 3047 1379 debita
3073 1329 3346 1381 Dominus
3367 1331 3635 1399 appellat,
3660 1331 3804 1384 sicut

2112 1415 2169 1466 in
2203 1415 2504 1484 Evangelio
2539 1432 2639 1468 suo
2681 1415 2854 1468 dicit:
2889 1417 3204 1470 Dimisitibi
3235 1434 3382 1471 omne
3414 1419 3651 1472 debitum
3674 1422 3805 1487 quia

2117 1506 2328 1569 rogasti
2349 1519 2446 1556 me.
2482 1505 2660 1567 Quam
2695 1505 3011 1557 necessario
3045 1510 3259 1573 autem,
3293 1523 3463 1575 quam
3495 1508 3804 1576 prudenter

2113 1597 2167 1644 et
2212 1592 2514 1645 salubriter
2567 1593 2949 1647 admonemur
3004 1594 3155 1663 quod
3211 1600 3531 1663 peccatores
3585 1612 3802 1660 sumus,

2043 1726 2083 1779 Β
2116 1680 2214 1750 qui
2245 1697 2347 1750 pro
2376 1679 2620 1750 peccatis
2651 1697 2849 1749 rogare
2882 1681 3298 1750 compellimur,
3336 1688 3414 1749 ut,
3449 1684 3586 1736 dum
3619 1684 3804 1736 indul-

2115 1767 2368 1838 gentiam
2402 1785 2432 1821 a
2469 1770 2581 1821 Deo
2608 1769 2869 1838 petimus,
2893 1769 3253 1822 conscientia:
3277 1771 3503 1823 animus
3537 1771 3804 1824 recorde—

2119 1862 2229 1922 tur,
2268 1873 2336 1910 ne
2369 1856 2498 1926 quis
2525 1857 2607 1908 vel
2643 1857 2746 1909 sibi
2778 1857 3050 1910 innocens
3085 1859 3298 1927 placeat
3327 1865 3382 1912 et
3402 1877 3459 1912 se
3485 1860 3803 1913 extollendo

2122 1946 2248 2015 plus
2275 1950 2488 2014 pereat.
2525 1945 2829 1997 lnstruitur
2862 1950 2917 1997 et
2965 1945 3200 1998 docetur
3231 1962 3289 1998 se
3330 1962 3563 2016 peccare
3614 1945 3806 2017 quoti-

2111 2033 2206 2086 die
2238 2034 2373 2086 dum
2399 2049 2501 2103 pro
2531 2033 2776 2101 peccatis
2801 2033 3039 2102 jubetur
3067 2049 3228 2086 orare
3258 2055 3272 2098 ;
3304 2034 3448 2088 sicut
3482 2035 3724 2106 denique
3749 2040 3805 2088 et

2111 2124 2358 2176 Joannes
2390 2123 2448 2174 in
2479 2121 2718 2191 epistola
2751 2139 2853 2173 sua
2881 2121 3140 2190 sequitur
3161 2121 3385 2177 dicens:
3413 2126 3472 2178 Si
3503 2125 3804 2178 dixerimus

2113 2210 2256 2276 quod
2286 2215 2562 2277 peccatum
2613 2225 2716 2262 non
2757 2209 3031 2273 habemus,
3072 2225 3165 2262 nos
3205 2213 3349 2279 ipsos
3402 2212 3724 2275 seducimus,
3758 2217 3805 2264 et

2109 2300 2314 2350 veritas
2361 2301 2416 2350 in
2475 2298 2626 2351 nobis
2673 2314 2777 2350 non
2818 2305 2928 2361 est;
2983 2300 3033 2351 si
3064 2306 3240 2351 autem
3267 2302 3497 2364 confessi
3533 2303 3804 2365 fuerimus

2105 2391 2328 2453 peccata
2378 2392 2563 2438 nostra
2601 2385 2774 2453 ﬁdelis
2805 2391 2852 2437 et
2890 2387 3076 2453 justus
3100 2392 3174 2439 est
3210 2390 3464 2441 Dominus
3513 2392 3608 2456 qui
3657 2390 3806 2442 nobis

2107 2479 2327 2540 peccata
2373 2474 2636 2527 dimittat.
2684 2475 2744 2525 ln
2790 2474 3027 2543 epistola
3067 2473 3278 2527 scilicet
3328 2481 3602 2546 utrosque
3651 2494 3804 2530 com-

2111 2561 2307 2630 plexus
2339 2567 2442 2628 est,
2479 2567 2542 2614 ut
2579 2578 2781 2628 rogare
2811 2579 2913 2631 pro
2959 2563 3204 2631 peccatis
3237 2564 3441 2616 nostris
3474 2565 3800 2630 debeamus,

2113 2655 2168 2701 et
2201 2649 2577 2719 impetremus
2609 2649 3025 2719 indulgentiam
3059 2667 3188 2703 cum
3230 2667 3534 2720 rogamus;
3588 2652 3718 2706 ideo
3751 2659 3807 2706 et

2112 2737 2338 2790 ﬁdelem
2419 2737 2624 2790 dixerit
2677 2737 2982 2791 Dominum
3039 2738 3110 2790 ad
3169 2738 3509 2792 dimittenda
3553 2746 3802 2810 peccata,

2113 2824 2282 2878 ﬁdem
2317 2825 2739 2894 pollicitationis
2767 2825 2905 2894 {sua}
2947 2831 3264 2879 servantem
3302 2827 3434 2897 quia
3492 2829 3592 2898 qui
3643 2845 3805 2883 orare

2112 2929 2217 2964 nos
2249 2929 2352 2982 pro
2395 2912 2597 2966 debitis
2630 2918 2686 2966 et
2730 2913 2972 2983 peccatis
3011 2914 3220 2978 docuit,
3248 2921 3544 2984 paternam
3576 2917 3804 2970 miseri-

2045 3002 2082 3056 C
2117 2999 2369 3052 cordiam
2395 2999 2726 3068 promisitet
2750 3000 2972 3054 veniam
2986 3006 3310 3055 secuturam
3333 3003 3612 3072 adjunxit;
3637 3006 3804 3075 plane

2113 3093 2170 3141 et
2215 3087 2433 3141 addidit
2483 3087 2667 3157 legem
2701 3088 2847 3141 circa
2892 3106 2991 3142 nos
3041 3090 3467 3161 conditione;et
3496 3093 3804 3161 sponsione

2115 3175 2535 3245 constringens,
2567 3181 2629 3230 ut
2657 3176 2732 3230 sic
2766 3177 2931 3230 nobis
2961 3177 3152 3230 debita
3182 3178 3393 3231 dimitti
3426 3181 3802 3248 postulemus,

2113 3265 2356 3318 scientes
2387 3265 2680 3335 impetrari
2727 3281 2842 3318 non
2883 3282 3047 3336 posse
3089 3267 3238 3336 quod
3281 3283 3382 3336 pro
3435 3268 3674 3336 peccatis
3704 3286 3802 3338 pe-

2113 3353 2308 3420 timus,
2344 3352 2452 3406 nisi
2487 3358 2541 3407 ct
2570 3352 2679 3422 ipsi
2709 3353 2857 3406 circa
2908 3359 3230 3424 peccatores
3264 3361 3483 3408 nostros
3538 3356 3696 3426 paria
3726 3358 3804 3410 fe-

2112 3443 2380 3495 cerimus.
2424 3441 2633 3494 ldeirco
2683 3447 2736 3494 et
2773 3441 2882 3494 alio
2929 3441 2984 3494 in
3041 3442 3162 3495 loco
3197 3442 3329 3496 dicit
3365 3459 3376 3494 :
3409 3445 3472 3496 In
3502 3460 3611 3513 qua
3659 3462 3806 3498 men-

2111 3547 2240 3584 sura
2279 3533 2449 3584 mensi
2498 3532 2737 3597 fueritis,
2789 3533 2847 3583 in
2894 3547 2956 3583 ea
3007 3535 3315 3585 remetietur
3362 3532 3508 3585 vobis
3543 3551 3554 3586 :
3588 3539 3642 3586 et
3672 3534 3806 3604 quia

2112 3635 2416 3673 conservus
2469 3624 2595 3688 post
2640 3619 2943 3671 dimissum
2994 3620 3102 3671 sibi
3153 3637 3320 3673 omne
3351 3621 3626 3689 debitum,
3662 3639 3804 3675 con-

2112 3726 2273 3762 servo
2305 3725 2406 3761 suo
2448 3709 2636 3761 noluit
2687 3708 2992 3773 dimittere,
3057 3709 3114 3761 in
3168 3726 3452 3762 carcerem
3502 3711 3796 3780 religatur,

2113 3799 2248 3868 quia
2289 3797 2586 3865 indulgere
2619 3813 2889 3849 conservo
2921 3798 3106 3849 noluit
3138 3797 3286 3866 quod
3327 3799 3433 3850 sibi
3477 3817 3508 3850 a
3560 3799 3801 3852 Domino

2110 3886 2398 3937 indultum
2439 3885 2623 3936 fuerat
2654 3882 2860 3950 amisit,
2908 3900 3036 3953 quae
3077 3884 3261 3936 adhuc
3309 3884 3562 3938 Christus
3603 3887 3802 3939 fortius

2111 3973 2407 4041 praeceptis
2439 3973 2554 4024 suis
2585 3973 2828 4039 majores
2855 3988 3106 4023 censuras
3135 3988 3251 4024 suae
3281 3972 3474 4040 vigore
3497 3973 3799 4043 prazdixitz:

2112 4065 2240 4118 Cum
2271 4063 2550 4125 steteritis,
2581 4060 2789 4129 inquit,
2821 4061 2894 4112 ad
2918 4063 3233 4128 orationem,
3272 4063 3546 4126 remittite,
3586 4065 3635 4115 si
3672 4065 3803 4130 quia

2113 4151 2318 4204 habetis
2359 4150 2620 4202 adversus
2651 4151 2906 4217 aliquem,
2943 4154 3001 4202 ut
3028 4152 3192 4202 Pater
3238 4154 3409 4202 vester
3441 4153 3537 4218 qui
3562 4153 3618 4203 in
3659 4153 3800 4205 curtis

2113 4245 2187 4293 est
2210 4243 2449 4294 remittat
2473 4238 2621 4290 vobis
2650 4243 2870 4305 peccatu
2904 4243 3100 4290 vestra.
3135 4239 3201 4290 Si
3229 4246 3405 4291 autem
3448 4254 3553 4291 non
3583 4243 3801 4293 remise-

2038 4319 2078 4372 Ι)
2109 4331 2260 4390 ritis,
2293 4343 2460 4396 neque
2495 4329 2650 4380 Pater
2674 4331 2845 4380 vester
2893 4329 2989 4394 qui
3015 4329 3071 4379 in
3105 4328 3246 4380 certis
3278 4333 3354 4379 est
3392 4329 3624 4382 remittet
3652 4329 3801 4383 vobis

2105 4420 2332 4485 peccata
2383 4420 2581 4470 vestra.
2628 4415 2920 4468 Excusatio
2970 4414 3074 4468 tibi
3124 4417 3276 4468 nulla
3328 4415 3386 4467 in
3448 4416 3539 4469 die
3599 4417 3800 4486 judicii

2116 4509 2394 4575 superest,
2454 4521 2583 4557 cum
2660 4503 2972 4557 secundum
3043 4509 3200 4556 tuam
3252 4505 3588 4558 sententiam
3641 4506 3798 4575 judi-

2111 4593 2272 4657 ceris,
2311 4598 2365 4646 et
2412 4593 2567 4663 quod
2599 4592 2815 4656 feceris,
2855 4592 2960 4645 hoc
3019 4597 3075 4645 et
3124 4593 3241 4662 ipse
3300 4593 3551 4662 patiaris.
3598 4596 3797 4649 Pacili-

2110 4699 2202 4733 cos
2235 4681 2388 4734 enim
2426 4687 2481 4733 et
2513 4681 2816 4734 concordes
2850 4685 3017 4750 atque
3049 4681 3346 4735 unmﬁmes
3376 4699 3496 4736 esse
3540 4683 3598 4736 in
3630 4684 3799 4737 domo

2111 4769 2381 4839 przecepit
2411 4770 2578 4834 Deus,
2627 4775 2682 4821 et
2721 4769 2918 4838 quales
2971 4786 3072 4822 nos
3123 4770 3254 4823 fecit
3304 4772 3550 4824 secunda
3602 4773 3801 4824 nativi-

2109 4860 2240 4921 tate,
2291 4855 2428 4907 tales
2482 4861 2643 4908 natos
2691 4858 2809 4909 vult
2865 4873 3246 4927 perseverare,
3297 4865 3355 4911 ut
3411 4859 3510 4928 qui
3560 4859 3664 4912 ﬁlii
3704 4860 3800 4913 Dei

2111 4957 2229 4994 esse
2278 4940 2556 5010 cwpimus
2605 4942 2663 4994 in
2715 4941 2814 4996 Dei
2861 4960 2996 5013 pace
3047 4960 3380 4997 maneamus
3429 4960 3441 4997 :
3493 4949 3550 4997 et
3591 4945 3799 5014 quibus

2109 5029 2351 5098 Spiritus
2382 5035 2606 5082 sanctus
2639 5046 2788 5083 unus
2820 5037 2924 5096 est,
2957 5049 3104 5084 unus
3145 5031 3218 5084 sit
3247 5038 3302 5083 et
3325 5031 3545 5084 animus
3587 5038 3644 5086 et
3672 5051 3798 5086 sen-

2109 5134 2236 5183 sus;
2290 5135 2405 5170 nou
2453 5119 2663 5171 etenim
2698 5119 3036 5172 sacriﬁcium
3072 5121 3218 5172 Deus
3263 5119 3464 5189 recipit
3520 5121 3797 5174 dissiden-

2111 5206 2201 5270 tis,
2238 5207 2331 5259 sed
2384 5205 2452 5258 ab
2479 5206 2641 5257 altari
2676 5208 2937 5260 recedere
2971 5211 3025 5260 et
3074 5207 3232 5277 prius
3254 5207 3415 5260 fratri
3446 5209 3800 5264 reconciliari

2103 5296 2337 5364 jubetur
2387 5295 2636 5364 paciﬁcis
2681 5296 2942 5364 precibus
3003 5303 3064 5349 ut
3116 5297 3259 5349 Deus
3308 5299 3483 5367 possit
3525 5298 3632 5352 sibi
3679 5316 3800 5352 esse

2109 5389 2358 5453 pacatus.
2412 5383 2762 5437 Sacriﬁcium
2818 5386 2930 5437 Deo
3001 5385 3185 5454 majus
3237 5392 3318 5438 cst
3365 5403 3474 5455 pax
3513 5393 3803 5455 nostraet

2112 5474 2359 5524 fraterna
2419 5471 2740 5533 concordia,
2797 5479 2849 5526 et
2898 5474 2965 5526 dc
2999 5453 3210 5526 unitate
3263 5453 3441 5528 Patris
3481 5480 3536 5529 et
3571 5476 3697 5530 Filii
3731 5453 3804 5529 "et

2111 5561 2358 5630 Spiritus
2381 5561 2555 5614 sancti
2589 5562 2746 5631 plebs
2780 5561 3065 5631 adjuvata,
3092 5579 3264 5632 quam
3304 5563 3568 5618 victimas.
3607 5566 3798 5635 Neque
