4068 6192
247 350 380 401 1123

1185 341 1742 399 SUPPLEMENTUM
1782 343 1872 396 AD
1910 340 2143 397 OPERA
2181 344 2236 399 S.
2278 343 2668 399 AUGUSTINI.

3620 349 3755 400 1124

244 470 402 525 enim
445 470 506 524 in
554 466 844 524 sacriﬁciis
875 482 1005 539 quae
1057 464 1195 521 Cain
1226 470 1283 519 et
1325 464 1465 520 Abel
1518 464 1690 535 primi
1719 463 1940 519 obtule-
1973 466 2017 518 Α
2053 463 2160 519 ista
2190 464 2385 519 omnia
2429 464 2929 519 consummatione
2964 465 3240 521 orationis
3291 466 3444 521 venit
3500 467 3626 521 laus
3654 467 3759 521 illa

244 563 401 624 runt,
428 574 670 612 munera
713 571 910 610 eorum
944 555 1111 620 Deus,
1158 553 1253 608 sed
1286 553 1460 607 corda
1498 552 1847 615 intuebatur,
1880 557 1946 606 ut

246 649 347 702 ille
375 649 627 718 placeret
657 645 717 699 in
748 659 988 698 munere
1020 642 1120 713 qui
1166 642 1434 712 placebat
1478 642 1540 696 in
1571 641 1759 696 corde.
1806 641 1944 696 Abel

246 736 516 807 paciﬁcus
566 738 621 788 et
664 734 851 804 justus
897 733 1001 785 uni
1060 733 1174 785 Deo
1232 730 1554 785 sacriﬁcans
1607 730 1944 785 innocenter

247 824 441 879 docuit
472 828 529 879 et
556 827 814 889 caeteros,
848 819 1075 891 quando
1109 819 1179 874 ad
1205 820 1380 873 altare
1432 834 1644 873 munus
1673 818 1940 883 oll'erunt,

252 912 331 965 sic
360 910 552 964 venire
582 925 713 964 cum
744 908 845 963 Dei
876 907 1106 972 timore,
1139 922 1271 960 cum
1314 905 1561 976 simplici
1586 905 1776 972 corde,
1813 921 1943 959 cum

251 999 373 1070 lege
391 998 651 1070 justitiaa,
682 1013 813 1052 cum
858 996 1179 1050 concordiae
1206 1011 1367 1061 pace.
1412 994 1607 1048 Merito
1663 994 1759 1048 ille
1805 993 1941 1048 dum

248 1088 308 1141 in
359 1086 634 1141 sacriﬁcio
689 1085 789 1139 Dei
827 1084 957 1139 talis
1002 1088 1107 1153 est,
1147 1084 1269 1154 ipse
1313 1084 1681 1154 postmodum
1724 1082 1939 1136 sacriﬁ-

246 1175 399 1229 cium
432 1177 547 1230 Deo
574 1175 753 1230 factus
785 1178 890 1240 est,
922 1178 989 1228 ut
1034 1177 1352 1243 martyrum
1393 1173 1613 1241 primus
1639 1171 1942 1226 ostendens

243 1264 498 1320 initiaret
526 1264 804 1335 sanguine
842 1279 945 1316 suo
997 1261 1307 1331 gloriosam
1339 1260 1684 1315 dominicam
1725 1260 1941 1330 passio-

244 1369 377 1408 nem
406 1353 506 1424 qui
532 1358 589 1407 et
612 1351 900 1423 justitiam
940 1349 1170 1405 Domini
1188 1349 1466 1403 habuerat
1495 1354 1553 1403 et
1580 1365 1800 1419 pacem.
1835 1350 1938 1403 Ta-

247 1442 327 1495 les
350 1442 608 1512 denique
642 1457 674 1494 a
709 1441 823 1494 Deo
854 1443 1216 1505 coronantur,
1250 1439 1389 1491 tales
1436 1453 1567 1491 cum
1612 1436 1856 1491 Domino
1880 1438 1941 1490 in

252 1530 343 1585 die
365 1529 570 1601 judicii
595 1528 938 1599 judicabunt
969 1543 982 1593 ;
1016 1532 1283 1581 caeterum
1315 1525 1639 1579 discordans
1687 1530 1743 1579 et
1775 1525 1939 1579 dissi-

246 1618 407 1687 dens,
430 1621 485 1671 et
514 1632 711 1688 pacem
744 1632 873 1669 cum
891 1614 1176 1681 ,fratribus
1212 1630 1330 1668 non
1355 1613 1594 1682 habens,
1623 1612 1939 1667 secundum

246 1706 398 1777 quod
428 1706 626 1760 beatus
656 1704 947 1775 apostolus
994 1707 1051 1757 et
1091 1702 1382 1773 Scriptura
1412 1718 1571 1756 sacra
1629 1705 1933 1769 testantur,

244 1811 349 1849 nec
378 1793 424 1847 si
453 1810 558 1864 pro
602 1791 923 1848 Christiano
954 1791 1188 1846 nomine
1232 1790 1449 1845 occisus
1492 1790 1687 1856 fuerit,
1720 1790 1940 1844 crimen

249 1881 619 1937 dissensionis
643 1881 909 1935 fraterna:
940 1880 1153 1951 poterit
1182 1880 1441 1944 evadere,
1477 1878 1613 1950 quia
1635 1880 1781 1933 sicut
1802 1878 1938 1932 scri-

244 1976 411 2042 ptum
443 1975 567 2025 est:
602 1973 708 2039 Qui
736 1970 968 2037 fratrem
1006 1984 1164 2023 suum
1210 1968 1347 2036 odit,
1379 1967 1652 2021 homicida
1696 1972 1792 2033 est,
1836 1982 1940 2020 nec

246 2059 317 2113 ad
370 2075 615 2130 regnum
658 2059 935 2112 caelorum
983 2054 1263 2126 pervenit,
1301 2058 1400 2109 aut
1451 2071 1583 2109 cum
1631 2056 1745 2109 Deo
1801 2053 1940 2108 vivit

248 2146 728 2213 homicida;non
782 2145 937 2199 enim
984 2147 1170 2215 potest
1199 2160 1321 2198 esse
1371 2160 1501 2197 cum
1549 2143 1794 2212 Christo,
1841 2141 1939 2214 qui

243 2235 498 2289 imitator
516 2235 652 2289 Cain
675 2233 903 2288 etludm
924 2232 1130 2287 maluit
1154 2248 1272 2286 esse
1305 2248 1480 2302 quam
1502 2231 1730 2285 Christi.
1762 2231 1937 2295 Quale

242 2322 514 2378 delictum
571 2325 675 2388 est,
702 2321 887 2392 {quod
931 2336 1037 2373 nec
1072 2319 1355 2389 baptismo
1408 2318 1706 2389 sanguinis
1749 2323 1939 2389 potest

244 2409 436 2466 ablui!
488 2411 655 2481 quale
685 2408 904 2463 crimen
953 2412 1036 2461 est
1086 2407 1243 2478 quod
1286 2407 1561 2477 martyrio
1594 2422 1713 2461 non
1749 2411 1939 2478 potest

251 2498 504 2571 expiari!
540 2498 682 2554 Illud
717 2511 948 2567 quoque
980 2495 1298 2549 necessario
1339 2499 1535 2549 monet
1576 2496 1847 2550 Dominus
1876 2500 1940 2550 ut

246 2589 307 2643 in
329 2588 582 2643 oratione
614 2586 868 2640 dicamus
898 2600 911 2638 :
948 2587 1017 2638 Et
1044 2599 1110 2637 ne
1134 2585 1377 2653 patiaris
1407 2599 1502 2637 nos
1534 2583 1722 2638 induci
1746 2586 1803 2637 in
1824 2590 1941 2638 ten-

245 2680 525 2741 tationem;
559 2675 619 2729 in
667 2679 826 2745 parte
866 2672 1185 2727 ostenditur
1215 2672 1303 2726 vel
1345 2671 1699 2726 adversarius
1742 2677 1939 2727 contra

244 2782 349 2819 nos
384 2780 500 2819 non
528 2779 710 2835 posse,
746 2760 857 2815 nisi
894 2762 1041 2814 Deus
1085 2764 1216 2814 ante
1255 2758 1601 2830 permiserit,
1632 2764 1698 2813 ut
1753 2760 1938 2813 omnis

241 2853 414 2907 timor
446 2856 639 2906 noster
684 2847 1003 2903 necessario
1054 2852 1225 2918 atque
1283 2847 1469 2900 omnis
1514 2846 1834 2901 observatio
1868 2846 1938 2901 ad

246 2943 424 2996 Deum
459 2942 819 2995 convertatur
841 2936 900 2990 in
926 2935 1420 3007 deprecationibus
1466 2935 1674 2989 nostris
1704 2935 1935 3006 quando

243 3031 389 3085 nihil
420 3030 570 3084 malo
594 3029 781 3096 liceat,
814 3024 925 3079 nisi
955 3029 1206 3095 potestas
1248 3024 1553 3078 tribuatur.
1588 3024 1797 3078 Probat
1827 3024 1937 3078 hoc
1967 3034 2004 3089 ο

242 3119 434 3175 divina
484 3117 769 3188 Scriptura
811 3129 941 3185 quas
991 3112 1128 3167 dicit
1183 3128 1196 3167 :
1269 3111 1422 3169 Venit
1449 3112 1938 3169 Nabuchodonosor

244 3224 343 3262 rea:
382 3206 701 3275 Babyloniae
754 3206 814 3257 in
860 3200 1199 3257 Hierusalem
1235 3205 1286 3254 et
1341 3201 1692 3269 expugnabat
1733 3217 1850 3255 eam
1889 3206 1939 3255 et

246 3295 478 3350 tradidit
507 3310 623 3348 eam
656 3294 918 3347 Dominus
961 3291 1022 3344 in
1050 3288 1300 3343 manibus
1346 3291 1478 3343 suis.
1536 3290 1715 3343 Datur
1748 3293 1939 3344 autem

170 3446 175 3451 ,
246 3388 495 3456 potestas
545 3383 812 3437 adversus
858 3395 961 3433 nos
1014 3379 1163 3432 malo
1197 3378 1510 3432 secundum
1566 3382 1799 3448 peccata
1832 3394 1935 3432 no-

246 3478 360 3526 stra
401 3471 547 3525 sicut
594 3468 870 3539 scriptum
902 3471 986 3521 est
1036 3482 1048 3522 :
1108 3468 1242 3532 Quis
1283 3467 1436 3521 dedit
1465 3468 1523 3520 in
1584 3467 1940 3537 direptionem

243 3561 418 3616 Jacob
449 3567 498 3615 et
526 3559 693 3614 Israel
723 3559 808 3612 his
838 3558 935 3625 qui
959 3555 1342 3625 pradaverunt
1370 3556 1525 3610 illum
1545 3556 1574 3609 ?
1602 3572 1773 3609 nonne
1802 3559 1937 3610 Deus

247 3652 378 3718 quia
430 3651 789 3719 peccaverunt
843 3650 893 3700 et
940 3645 1203 3700 nolebant.
1239 3647 1298 3698 in
1344 3646 1449 3699 viis
1492 3645 1608 3713 ejus
1640 3645 1935 3712 ambulare,

246 3739 438 3793 audire
471 3739 635 3804 legem
666 3737 802 3805 ejus,
832 3739 882 3790 et
919 3734 1307 3803 superinduarit
1336 3749 1499 3803 super
1523 3748 1607 3788 eos
1638 3735 1781 3787 iram
1809 3736 1939 3788 ani-

247 3827 637 3882 madversionis
680 3823 837 3879 suae?
875 3825 940 3878 Et
988 3824 1198 3877 iterum
1233 3823 1539 3877 Salomone
1580 3825 1852 3891 peccante
1885 3825 1940 3875 et

247 3934 280 3970 a
308 3913 607 3987 praeceptis
636 3918 809 3983 atque
857 3927 891 3965 a
935 3910 1039 3965 viis
1086 3909 1314 3964 Domini
1355 3910 1655 3964 recedente
1688 3909 1938 3980 positum

247 4010 367 4073 est;
401 4011 451 4059 et
480 4004 743 4058 excitavit
787 4001 1051 4054 Dominus
1090 4000 1260 4054 Satan
1290 4000 1402 4067 ipsi
1433 3999 1730 4053 Salomoni.
1773 3998 1937 4051 Pote-

249 4097 361 4147 stas
393 4107 527 4145 vero
566 4074 836 4145 adversus
867 4104 972 4141 nos
1003 4086 1312 4155 dupliciter
1336 4085 1523 4153 datur,
1554 4086 1642 4139 vel
1697 4085 1770 4139 ad
1810 4101 1936 4154 pce-

251 4196 384 4235 nam
411 4194 541 4234 cum
587 4175 996 4248 delinquimus,
1030 4175 1119 4228 vel
1169 4174 1238 4227 ad
1276 4172 1521 4244 gloriam
1552 4189 1683 4227 cum
1728 4172 1936 4243 proba-

249 4285 422 4336 mur;
455 4266 620 4322 sicuti
672 4266 740 4320 de
795 4264 899 4319 Job
952 4263 1164 4317 factum
1203 4261 1483 4327 videmus,
1534 4261 1937 4315 manifestante

2057 550 2352 606 universas
2383 551 2694 623 petitiones
2727 557 2951 608 nostras
2983 557 3039 607 et
3073 568 3266 623 preces
3300 553 3533 606 collecta
3559 551 3757 607 brevi-

2055 643 2177 694 tate
2202 641 2568 706 concludens,
2596 641 2655 695 in
2684 640 2998 695 novissimo
3024 640 3235 695 etenim
3266 640 3560 710 posuimus
3594 658 3607 694 :
3642 641 3758 696 Sed

2054 730 2225 783 libera
2254 745 2348 784 nos
2378 746 2413 783 a
2449 732 2613 797 malo,
2654 730 3207 802 comprehendentes
3258 729 3489 783 adversa
3521 735 3751 795 cuncta,

2054 833 2183 887 qua:
2238 823 2434 872 contra
2465 834 2570 871 nos
2603 818 2663 871 in
2713 823 2819 872 hoc
2865 818 3079 872 mundo
3118 817 3357 871 molitur
3389 818 3679 880 inimicus,
3717 835 3754 871 a

2052 906 2262 976 quibus
2289 910 2477 977 potest
2505 922 2625 961 esse
2657 906 2771 961 ﬁda
2812 910 2869 961 et
2918 907 3083 961 ﬁrma
3112 907 3290 961 tutela
3344 907 3392 960 si
3431 923 3536 961 nos
3597 908 3752 962 Deus

2050 993 2280 1061 liberet,
2315 994 2365 1048 si
2389 994 2826 1065 deprecantibus
2875 998 3044 1065 atque
3090 994 3533 1064 implorantibus
3571 1011 3749 1067 opem

2051 1082 2173 1153 ejus
2199 1082 2320 1152 ipse
2347 1086 2597 1153 praestet.
2623 1082 2859 1147 Quando
2884 1088 3076 1136 autem
3098 1082 3339 1137 dicimus
3368 1098 3383 1136 :
3415 1083 3616 1137 Libera
3640 1100 3749 1138 nos

2051 1186 2085 1224 a
2127 1172 2300 1238 malo,
2331 1171 2477 1225 nihil
2508 1175 2766 1225 remanet
2809 1172 2964 1242 quod
2996 1172 3147 1226 ultra
3192 1171 3379 1225 adhuc
3409 1172 3613 1226 debeat
3644 1188 3750 1242 po-

2051 1258 2269 1325 stulari,
2323 1259 2554 1330 quando
2608 1260 2794 1313 solum
2843 1260 3257 1329 protectionem
3313 1260 3416 1314 Dei
3472 1261 3749 1315 adversus

2052 1347 2269 1401 malum
2302 1363 2625 1417 precemur,
2659 1365 2771 1419 qua
2802 1348 3106 1419 impetrata
3144 1353 3339 1403 contra
3389 1348 3583 1403 omnia
3615 1365 3750 1419 quae

2052 1434 2315 1489 diabolus
2341 1440 2397 1490 et
2422 1437 2671 1490 mundus
2703 1442 3013 1506 operantur
3044 1436 3228 1490 securi
3260 1440 3474 1491 stamus
3504 1442 3560 1492 et
3609 1437 3745 1491 tuti.

2051 1522 2186 1586 Quis
2217 1523 2388 1593 ._enim
2432 1523 2485 1579 ei
2534 1525 2602 1578 de
2650 1525 2857 1578 saeculo
2909 1529 3089 1578 metus
3134 1529 3216 1579 est
3265 1524 3358 1579 cui
3415 1526 3473 1579 in
3533 1526 3750 1580 saeculo

2051 1614 2200 1666 Deus
2241 1616 2396 1666 tutor
2432 1613 2563 1667 est?
2600 1612 2746 1677 Quid
2786 1612 3020 1681 mirum,
3078 1613 3277 1667 fratres
3337 1613 3640 1682 carissimi,
3696 1615 3748 1667 si

2051 1699 2234 1753 oratio
2264 1700 2392 1754 talis
2450 1705 2535 1754 est
2584 1715 2757 1771 quam
2788 1702 2937 1755 Deus
2992 1700 3200 1767 docuit,
3253 1700 3354 1772 qui
3412 1702 3750 1773 magisterio

2051 1805 2152 1843 suo
2192 1805 2425 1843 omnem
2476 1790 2813 1860 petitionem
2866 1794 3121 1844 nostram
3180 1790 3415 1844 salutari
3471 1807 3747 1845 sermone

2052 1877 2373 1932 breviavit?
2426 1879 2539 1932 Hoc
2587 1895 2690 1949 per
2747 1879 2951 1934 Isaiam
2997 1879 3337 1950 prophetam
3392 1879 3579 1935 fuerat
3606 1886 3749 1935 ante

2049 1965 2386 2037 praedictum
2417 1983 2548 2021 cum
2579 1969 2779 2037 plenus
2828 1968 3043 2039 Spiritu
3085 1973 3279 2022 sancto
3311 1969 3380 2023 de
3435 1969 3535 2023 Dei
3566 1971 3755 2042 maje-

2051 2059 2193 2109 state
2225 2060 2395 2126 atque
2425 2055 2637 2125 pietate
2664 2057 2994 2128 loqueretur
3028 2073 3040 2110 :
3079 2058 3313 2112 Verbum
3342 2074 3747 2127 consummans,

2047 2143 2255 2214 inquit,
2304 2148 2354 2198 et
2399 2145 2645 2199 brevians
2676 2147 2733 2199 in
2765 2146 3065 2214 justitiam,
3109 2146 3408 2201 breviatum
3449 2163 3751 2203 sermonem

2049 2233 2217 2298 faciet
2244 2234 2383 2286 Deus
2404 2234 2462 2285 in
2493 2238 2601 2287 toto
2629 2233 2752 2287 orbe
2779 2238 3065 2288 terrarum.
3091 2234 3231 2288 Nam
3261 2250 3393 2288 cum
3415 2235 3515 2289 Dei
3544 2237 3748 2291 Sermo

2049 2319 2326 2374 Dominus
2366 2322 2525 2375 Iesus
2553 2321 2809 2375 Christus
2838 2322 3056 2376 venerit
3086 2322 3371 2391 omnibus,
3388 2329 3444 2378 et
3470 2325 3750 2395 colligens

2054 2408 2249 2463 doctos
2295 2408 2509 2481 pariter
2557 2415 2613 2463 et
2658 2409 2909 2464 indoctos
2960 2410 3117 2464 omni
3167 2412 3325 2464 sexui
3364 2416 3537 2484 atque
3586 2416 3749 2468 aetati

2046 2500 2334 2567 przecepta
2355 2496 2555 2550 salutis
2583 2497 2844 2565 ediderit,
2880 2503 3297 2569 praeceptorum
3329 2516 3569 2554 suorum
3608 2501 3747 2557 fecit

2053 2584 2270 2655 grande
2325 2584 2751 2655 compendium,
2778 2590 2843 2639 ut
2874 2586 2930 2638 in
2963 2586 3259 2658 disciplina
3295 2589 3506 2643 caelesti
3530 2590 3752 2645 discen-

2046 2672 2191 2726 tium
2224 2672 2503 2726 memoria
2528 2690 2657 2747 pon
2711 2674 3010 2743 laboraret,
3063 2676 3165 2730 sed
3218 2676 3372 2737 quod
3412 2682 3564 2732 esset
3596 2678 3735 2733 sim-

2047 2760 2182 2831 plici
2212 2760 2349 2815 ﬁdei
2372 2762 2757 2816 necessarium
2795 2763 3063 2817 velociter
3105 2763 3346 2818 disceret
3372 2766 3565 2837 sicque
3594 2784 3742 2821 con-

2051 2849 2279 2903 doceret
2310 2840 2449 2920 quid
2472 2849 2545 2904 sit
2569 2850 2683 2905 vita
2709 2856 2945 2917 interna,
2973 2858 3392 2908 sacramentum
3421 2855 3579 2910 enim
3606 2856 3744 2910 vitas

2046 2953 2255 3008 magna
2284 2943 2341 2992 et
2389 2938 2581 2992 divina
2621 2939 2894 2994 brevitate
2933 2941 3262 3012 complexus
3309 2947 3433 3008 est;
3493 2948 3551 2997 et
3584 2945 3748 3015 quod

2051 3026 2223 3080 vitam
2278 3031 2551 3081 mternam
2602 3029 2770 3082 vellet
2815 3028 3054 3082 innuere
3094 3030 3341 3084 ostendit
3380 3031 3576 3086 dicens
3626 3049 3639 3085 :
3679 3036 3748 3088 L't

2052 3120 2375 3182 cognoscant
2414 3121 2463 3169 te
2502 3118 2673 3170 solum
2725 3132 2907 3170 verum
2955 3120 3119 3171 Deum
3164 3122 3214 3171 et
3254 3133 3409 3186 quem
3434 3124 3753 3189 promisisti

2053 3204 2347 3260 Christum.
2383 3206 2526 3259 Item
2569 3222 2700 3259 cum
2732 3205 2799 3260 de
2846 3206 2972 3277 lege
3010 3211 3065 3261 et
3120 3208 3418 3278 prophetis
3457 3214 3750 3282 praecepta

2050 3291 2239 3361 prima
2277 3297 2333 3346 et
2379 3286 2597 3363 majora
2641 3294 2967 3364 decerperet
3024 3311 3037 3347 :
3082 3296 3259 3363 Audi,
3307 3296 3519 3368 inquit,
3575 3301 3749 3354 Israel

2047 3381 2305 3434 Dominus
2345 3381 2491 3435 Deus
2539 3387 2661 3435 tuus
2705 3381 2852 3436 Deus
2882 3397 3020 3436 unus
3051 3388 3129 3437 est
3161 3399 3173 3436 :
3223 3384 3417 3452 diliges
3456 3389 3749 3443 Dominum

2047 3470 2215 3523 Deum
2237 3473 2387 3522 tuum
2425 3469 2490 3523 de
2529 3473 2634 3523 toto
2666 3471 2821 3524 corde
2862 3476 2971 3539 tuo,
3003 3475 3053 3525 et
3081 3472 3147 3525 de
3186 3476 3296 3526 tota
3325 3476 3517 3530 anima
3546 3480 3665 3543 tua,
3699 3482 3751 3531 et

2048 3557 2113 3611 de
2138 3561 2253 3611 tota
2281 3560 2480 3612 virtute
2524 3563 2619 3612 tua
2650 3575 2663 3612 :
2698 3560 2791 3613 hoc
2826 3562 3087 3629 primum,
3134 3564 3184 3614 et
3229 3562 3522 3617 secundum
3570 3566 3750 3619 simile

2047 3649 2128 3700 est
2148 3647 2272 3699 huic
2304 3662 2317 3699 :
2352 3647 2553 3712 Diliges
2575 3650 2890 3715 proximum
2915 3653 3064 3701 tuum
3091 3650 3233 3703 sicut
3269 3654 3351 3703 te:
3384 3652 3441 3704 in
3492 3652 3577 3705 his
3607 3653 3746 3705 duo-

2049 3733 2145 3787 bus
2180 3737 2466 3803 prmceptis
2499 3739 2610 3788 tota
2636 3736 2722 3788 lea:
2748 3736 2945 3805 pendet
2997 3740 3047 3790 et
3080 3738 3381 3806 prophetae.
3422 3739 3488 3792 Et
3507 3738 3743 3807 iterum,

2048 3823 2401 3891 Quaecumque
2448 3825 2727 3878 volueritis
2756 3828 2814 3878 ut
2851 3827 3063 3891 faciant
3110 3825 3260 3880 vobis
3312 3826 3549 3883 homines
3585 3829 3744 3897 bona,

2048 3913 2128 3965 ita
2153 3915 2204 3967 et
2223 3926 2315 3965 vos
2359 3913 2527 3978 facite
2560 3911 2673 3966 illis
2709 3929 2721 3966 :
2754 3913 2863 3967 haec
2908 3916 3049 3967 enim
3077 3915 3164 3967 lea:
3193 3920 3243 3969 et
3276 3917 3572 3986 prophetae.
3636 3919 3749 3973 Nec

2048 3997 2238 4053 verbis
2271 4002 2497 4054 tantum
2527 4000 2622 4054 sed
2655 3998 2816 4055 factis
2850 4001 3129 4055 Dominus
3158 4018 3320 4057 orare
3371 4020 3475 4057 nos
3527 4006 3744 4073 docuit,

2049 4086 2173 4156 ipse
2208 4102 2379 4140 orans
2419 4087 2749 4158 frequenter
2779 4092 2837 4143 et
2866 4089 3175 4159 deprecans
3223 4096 3278 4145 et
3337 4092 3477 4163 quid
3524 4110 3631 4149 nos
3672 4095 3750 4148 fa-

2049 4190 2175 4227 cere
2238 4180 2528 4245 oporteret
2582 4176 2829 4247 exempli
2887 4177 2976 4231 sui
3032 4180 3443 4234 contestatione
3501 4182 3748 4237 demon-

2051 4268 2257 4330 strans,
2307 4263 2453 4318 sic’ut
2495 4265 2774 4335 scriptum
2822 4271 2907 4320 est
2937 4282 2950 4319 :
2982 4269 3101 4336 Ipse
3134 4273 3311 4322 autem
3337 4272 3453 4336 fuit
3496 4272 3750 4326 recedens

252 4357 495 4411 Domino
526 4371 591 4409 ac
620 4354 843 4409 dicente
876 4370 888 4406 :
921 4354 1053 4406 Ecce
1093 4353 1275 4405 omnia
1325 4365 1669 4419 quaecumque
1698 4349 1857 4403 habet
1885 4351 1943 4403 in
1977 4368 2021 4422 ι)
2050 4352 2108 4405 in
2132 4352 2450 4406 solitudines
2476 4358 2526 4407 et
2548 4353 2816 4420 adorans;
2850 4359 2907 4408 et
2935 4354 3144 4410 iterum
3178 4373 3191 4411 :
3226 4359 3414 4412 Exivit
3442 4364 3501 4413 in
3521 4365 3755 4415 montem

247 4460 444 4509 manus
485 4449 605 4498 tuas
653 4443 742 4511 do,
785 4442 878 4497 sed
925 4442 1104 4510 ipsum
1148 4439 1272 4493 vide
1316 4455 1381 4492 ne
1410 4443 1622 4505 tangas.
1656 4438 1721 4491 Et
1751 4437 1942 4491 Domi-

250 4547 357 4585 nus
383 4531 444 4584 in
498 4530 801 4601 Evangelio
856 4528 1114 4599 loquitur
1157 4532 1414 4598 tempore
1452 4525 1772 4597 passionis:
1808 4527 1943 4583 Nul-

249 4621 358 4674 lam
396 4618 615 4673 haberes
665 4622 982 4688 potestatem
1011 4617 1271 4672 adversus
1310 4632 1412 4687 me,
1444 4617 1556 4669 nisi
1593 4615 1783 4669 datum
1811 4619 1945 4669 esset

250 4709 355 4763 tibi
384 4707 632 4777 desuper.
667 4696 903 4771 Quando
935 4710 1129 4760 autem
1174 4721 1445 4775 rogamus
1490 4721 1561 4758 ne
1585 4704 1647 4758 in
1675 4704 1945 4758 tentatio-

252 4813 384 4851 nem
412 4796 756 4863 incidamus,
782 4794 1159 4849 admonemur
1197 4793 1547 4848 inﬁrmitatis
1578 4798 1635 4847 et
1686 4791 1942 4846 imbecil-

254 4886 433 4941 litatis
462 4891 697 4953 nostras,
742 4884 878 4939 dum
914 4881 990 4935 sic
1040 4898 1307 4952 rogamus
1347 4899 1419 4937 ne
1468 4880 1598 4953 quis
1627 4882 1946 4935 insolenter

252 4977 483 5031 extollat
513 4992 595 5046 se,
626 4990 698 5029 ne
730 4972 857 5045 quis
889 4969 1133 5041 superbe
1158 4974 1328 5041 atque
1358 4974 1698 5041 arroganter
1728 4968 1947 5040 aliquid

254 5068 524 5131 assumat,
565 5079 638 5117 ne
686 5060 816 5132 quis
847 5061 945 5114 aut
974 5054 1349 5111 confessionis
1384 5059 1482 5110 aut
1508 5055 1790 5126 passionis
1830 5056 1947 5127 glo-

252 5152 397 5206 riam
439 5168 602 5206 suam
655 5150 824 5215 dicat,
875 5162 1006 5201 cum
1059 5143 1336 5200 Dominus
1395 5143 1517 5214 ipse
1561 5143 1947 5199 humilitatem

253 5239 459 5293 docens
490 5239 741 5293 dixerit:
774 5237 1012 5303 Vigilate
1057 5238 1107 5287 et
1150 5236 1319 5301 orate,
1360 5247 1425 5285 ne
1455 5234 1686 5285 veniatis
1733 5233 1792 5285 in
1832 5237 1945 5287 ten-

257 5331 512 5384 tationem
538 5346 554 5394 ;
586 5330 817 5398 spiritus
847 5325 1064 5396 quidem
1089 5325 1376 5393 promptus
1395 5326 1492 5387 est,
1516 5337 1641 5376 caro
1669 5326 1847 5376 autem
1867 5317 1949 5375 in-

254 5416 438 5487 ﬁrma.
476 5416 546 5471 Ut
571 5416 708 5470 dum
739 5413 1011 5486 praecedit
1030 5410 1268 5467 humilis
1285 5415 1342 5465 et
1369 5409 1650 5464 submissa
1669 5410 1945 5465 confessio

254 5510 310 5560 et
335 5506 504 5560 datur
534 5507 716 5558 totum
746 5503 860 5557 Deo
888 5500 1169 5573 quidquid
1208 5498 1540 5570 suppliciter
1577 5514 1708 5552 cum
1740 5498 1947 5553 timore

255 5599 313 5649 et
338 5594 557 5649 honore
592 5590 690 5646 Dei
717 5589 953 5661 petitur,
990 5587 1169 5660 ipsius
1208 5587 1418 5659 pietate
1451 5590 1771 5658 praestetur.
1817 5587 1950 5642 Post

2052 4456 2227 4506 orare,
2257 4444 2312 4494 et
2339 4441 2449 4495 fuit
2482 4447 2803 4510 pernoctans
2853 4446 2911 4497 in
2940 4447 3182 4499 oratione
3211 4448 3323 4500 Dei.
3356 4445 3519 4510 Quod
3573 4448 3621 4501 si
3648 4448 3748 4501 ille

2054 4526 2251 4580 orabat
2281 4527 2379 4598 qui
2402 4529 2522 4582 sine
2546 4534 2774 4599 peccato
2798 4534 2939 4597 erat,
2973 4538 3188 4602 quanto
3217 4533 3400 4602 magis
3423 4540 3754 4605 peceatores

2055 4619 2280 4685 oportet
2302 4630 2467 4670 orare
2481 4618 2510 4670 ?
2537 4618 2602 4672 Et
2620 4616 2669 4671 si
2688 4617 2784 4672 ille
2802 4635 2906 4689 per
2927 4624 3104 4674 totam
3124 4626 3349 4676 noctem
3365 4623 3587 4693 jugiter
3610 4624 3755 4695 vigi-

2052 4704 2175 4757 lans
2199 4703 2483 4759 continuis
2507 4706 2771 4776 precibus
2797 4708 3013 4775 orabat,
3046 4714 3258 4780 quanto
3282 4711 3463 4781 magis
3484 4712 3761 4783 frequen-

2052 4792 2229 4846 tanda
2247 4792 2504 4847 oratione
2527 4794 2801 4849 debemus
2831 4800 2993 4852 nocte
3015 4796 3249 4868 vigilare
3270 4800 3299 4852 ‘P
3320 4799 3531 4854 Orabat
3550 4806 3754 4856 autem

2054 4880 2331 4935 Dominus
2354 4887 2409 4935 et
2437 4883 2677 4953 rogabat
2706 4900 2821 4938 non
2847 4901 2951 4955 pro
2983 4903 3073 4952 se;
3101 4887 3241 4958 quid
3268 4888 3421 4941 enim
3444 4904 3550 4958 pro
3580 4906 3639 4943 se
3660 4890 3761 4945 in—

2055 4984 2269 5023 nocens
2291 4971 2665 5040 precaretur?
2697 4972 2807 5027 Sed
2847 4990 2952 5044 pro
2993 4974 3210 5030 delictis
3240 4977 3469 5042 nostris,
3518 4977 3669 5032 sicut
3698 4984 3759 5033 et

2053 5056 2173 5127 ipse
2204 5057 2451 5112 declarat
2482 5074 2613 5113 cum
2644 5059 2783 5114 dicit
2813 5061 2883 5115 ad
2918 5062 3146 5116 Petrum
3177 5079 3188 5117 :
3222 5064 3364 5118 Ecce
3387 5063 3632 5121 Satanas
3657 5083 3758 5120 ea:-

2053 5147 2248 5215 petivit
2268 5162 2360 5201 vos
2380 5153 2441 5201 ut
2460 5149 2725 5203 cribraret
2748 5152 2886 5204 sicut
2918 5152 3192 5217 triticum;
3227 5168 3320 5220 ego
3358 5158 3538 5207 autem
3560 5158 3761 5222 rogavi

2052 5251 2153 5304 pro
2181 5240 2228 5289 te
2249 5251 2314 5289 ne
2339 5236 2556 5304 deﬁciat
2573 5237 2706 5306 ﬁdes
2741 5242 2852 5292 tua.
2880 5239 2944 5292 Et
2968 5255 3072 5309 pro
3092 5239 3360 5294 omnibus
3379 5243 3758 5311 postmodum

2057 5324 2396 5394 deprecatur
2426 5324 2620 5379 dicens
2647 5342 2659 5379 :
2685 5328 2801 5382 Non
2825 5342 2927 5396 pro
2959 5329 3044 5382 his
3066 5333 3244 5382 autem
3278 5344 3407 5397 rogo
3434 5332 3631 5397 solum,
3660 5332 3763 5386 sed

2052 5427 2155 5481 pro
2180 5413 2292 5465 illis
2323 5414 2420 5480 qui
2446 5414 2708 5467 credituri
2735 5418 2862 5469 sunt
2882 5430 2982 5484 per
3000 5415 3219 5471 verbum
3240 5417 3455 5472 illorum
3478 5421 3535 5472 in
3550 5436 3668 5485 me;
3696 5426 3757 5474 ut

2058 5515 2234 5554 omnes
2261 5516 2428 5554 unum
2457 5503 2567 5555 sint
2600 5503 2740 5557 sicut
2778 5507 2838 5557 tu
2871 5503 3038 5559 Pater
3075 5506 3135 5558 in
3182 5520 3262 5559 me
3287 5510 3336 5560 et
3365 5522 3458 5573 ego
3489 5507 3655 5572 inte;
3694 5515 3757 5563 ut

2058 5593 2107 5643 et
2134 5590 2245 5658 ipsi
2275 5590 2333 5643 in
2353 5589 2503 5644 nobis
2549 5591 2677 5645 sint.
2730 5592 2930 5662 Magna
2958 5596 3108 5647 certe
3147 5597 3277 5648 ante
3309 5594 3489 5649 Deum
3518 5601 3757 5667 propter
