4068 6192
240 346 377 395 1123

1342 342 1401 395 S.
1451 341 1822 396 AUGUSTINI
1865 342 2080 398 LIBER
2118 342 2209 396 DE
2250 334 2623 399 ORATIONE.

3616 353 3744 402 112ἱὶ

234 465 481 518 salutem
512 469 764 519 nostram
792 462 999 518 Christi
1029 462 1354 534 benignitas
1385 463 1598 534 pariter
1630 468 1684 518 et
1725 465 1928 534 pietas,
1960 477 2003 530 Α
2044 464 2195 519 ranti
2244 465 2403 519 testis
2450 466 2558 520 fuit
2591 466 2822 520 dicens:
2878 468 3055 536 Opera
3098 469 3202 521 Dei
3234 472 3472 524 revelare
3512 476 3558 525 et
3589 476 3750 539 conﬁ-

233 557 303 606 ut
332 570 451 607 non
480 558 778 608 contentus
822 552 973 623 quod
1007 568 1109 606 nos
1140 552 1419 622 sanguine
1449 569 1551 606 suo
1600 552 1929 620 redimeret,

229 642 421 696 adhuc
452 659 553 712 pro
588 642 753 696 nobis
780 640 1027 711 amplius
1059 645 1113 694 et
1146 647 1389 711 rogaret.
1429 642 1702 711 Rogantis
1743 646 1933 696 autem

229 730 585 784 desiderium
609 730 737 784 vide
772 730 925 800 quod
956 729 1147 801 fuerit,
1182 734 1242 783 ut
1267 730 1555 800 quomodo
1587 746 1767 784 unum
1798 736 1935 785 sunt

234 820 407 873 Pater
437 824 493 872 et
524 818 720 887 Filius,
752 818 811 871 in
842 834 957 872 una
989 817 1206 871 unitate
1239 818 1317 871 sic
1340 822 1397 872 et
1426 834 1532 872 nos
1558 835 1890 873 maneamus
1918 837 1931 886 ;

235 914 300 962 ut
342 908 477 962 hinc
535 924 767 977 quoque
811 906 995 977 possit
1042 906 1289 977 intelligi
1321 913 1604 978 quantum
1637 909 1937 980 delinquat

233 997 340 1068 qui
378 996 653 1051 unitatem
689 995 896 1049 scindit
927 999 983 1048 et
1027 1010 1245 1065 pacem,
1293 1011 1423 1048 cum
1472 1012 1574 1066 pro
1624 998 1730 1050 hoc
1760 1013 1929 1067 roga-

237 1086 387 1139 verit
417 1086 714 1151 Dominus,
746 1086 943 1138 nolens
976 1083 1190 1138 scilicet
1234 1084 1463 1154 plebem
1509 1102 1669 1138 suam
1693 1086 1761 1140 de
1792 1086 1935 1140 schi-

236 1174 493 1229 smaticis
522 1175 727 1240 vivere,
747 1190 878 1227 cum
900 1173 1067 1226 sciret
1087 1173 1158 1227 ad
1180 1189 1421 1243 regnum
1453 1173 1553 1227 Dei
1575 1174 1923 1229 discordiam

236 1280 360 1317 non
404 1264 615 1317 venire.
666 1262 899 1326 Quando
947 1267 1140 1315 autem
1192 1265 1410 1315 stamus
1467 1262 1538 1316 ad
1589 1263 1927 1331 orationem,

240 1356 448 1408 fratres
496 1354 867 1419 dilectissimi,
920 1353 1158 1423 vigilare
1192 1358 1248 1406 et
1278 1352 1606 1406 incumbere
1638 1354 1707 1407 ad
1738 1369 1936 1422 preces

241 1445 522 1499 debemus
546 1462 562 1507 ;
592 1443 860 1513 cogitatio
879 1442 1066 1497 omnis
1087 1443 1329 1495 carnalis
1359 1447 1415 1496 et
1432 1443 1718 1496 saecularis
1743 1444 1936 1497 absce-

235 1534 357 1598 dat,
392 1548 495 1586 nec
546 1531 859 1602 quidquam
911 1530 1136 1585 animus
1167 1547 1340 1601 quam
1394 1531 1453 1585 id
1502 1532 1687 1585 solum
1731 1533 1938 1603 cogitet

240 1622 402 1693 quod
460 1625 746 1691 precatur.
793 1620 925 1673 Ideo
988 1626 1044 1673 et
1104 1619 1363 1673 sacerdos
1431 1624 1562 1673 ante
1612 1620 1930 1674 orationem

237 1710 579 1781 praefatione
602 1709 898 1779 praemissa
926 1712 1090 1778 parat
1118 1708 1361 1762 fratrum
1392 1714 1613 1763 mentes
1652 1709 1891 1763 dicendo
1917 1726 1928 1762 :

232 1772 472 1852 :S'ursum
499 1772 681 1864 corda,
716 1800 780 1850 ut
819 1772 957 1850 dum
995 1796 1299 1866 respondet
1330 1796 1510 1865 plebs,
1540 1797 1823 1851 Habemus
1863 1798 1936 1851 ad
1966 1772 2005 1825 Β

236 1891 545 1953 Dominum,
603 1888 977 1940 admoneatur
1027 1885 1167 1938 nihil
1212 1902 1270 1938 se
1310 1884 1463 1938 aliud
1529 1902 1703 1955 quam
1755 1887 1934 1939 Deum

236 1976 499 2046 cogitare
530 1974 755 2029 debere.
808 1974 1118 2029 Claudatur
1164 1978 1361 2027 contra
1403 1974 1792 2028 adversarium
1833 1991 1933 2045 pe-

236 2069 364 2118 ctus
396 2069 453 2118 et
473 2064 577 2117 soli
612 2064 722 2117 Deo
754 2064 994 2133 placeat,
1027 2079 1131 2116 nec
1171 2063 1242 2116 ad
1294 2079 1351 2116 se
1409 2064 1632 2117 hostem
1665 2064 1764 2117 Dei
1790 2066 1933 2117 tem-

236 2170 381 2224 pore
427 2152 697 2206 orationis
743 2152 898 2205 adire
962 2152 1274 2221 patiantur.
1326 2152 1563 2221 Obrepit
1614 2150 1767 2204 enim
1814 2152 1934 2206 fre-

237 2246 483 2313 quenter
512 2246 568 2295 et
597 2244 859 2311 penetrat
908 2245 963 2294 et
1004 2239 1287 2293 subtiliter
1335 2239 1537 2292 fallens
1584 2254 1785 2308 preces
1828 2255 1931 2292 no-

238 2336 387 2384 stras
432 2346 466 2382 a
512 2331 626 2383 Deo
688 2332 900 2394 avocat,
952 2332 1013 2380 ut
1058 2327 1215 2381 aliud
1262 2328 1575 2381 habeamus
1631 2328 1692 2381 in
1742 2328 1931 2393 corde,

238 2418 398 2471 aliud
428 2418 489 2471 in
536 2433 689 2481 voce,
741 2416 971 2487 quando
1008 2414 1327 2469 intentione
1376 2415 1595 2469 sincera
1625 2416 1933 2469 Dominum

236 2508 447 2561 debeat
478 2523 597 2559 non
618 2506 771 2559 vocis
803 2521 995 2565 sonus,
1024 2504 1119 2557 sed
1143 2503 1368 2557 animus
1410 2508 1465 2557 et
1508 2520 1703 2557 sensus
1735 2520 1923 2559 orare.

235 2596 377 2659 Quae
410 2598 602 2648 autem
633 2593 875 2663 segnitia
903 2597 987 2645 est
1020 2592 1255 2645 alienari
1286 2596 1342 2644 et
1372 2591 1498 2661 capi
1545 2591 1753 2661 ineptis
1785 2592 1935 2661 cogi-

240 2679 554 2733 tationibus
605 2683 662 2731 et
708 2676 982 2747 profanis,
1043 2692 1174 2729 cum
1234 2675 1539 2729 Dominum
1587 2676 1929 2745 deprecaris,

237 2767 405 2839 quasi
438 2767 592 2820 aliud
624 2766 695 2819 sit
724 2766 880 2835 quod
906 2765 1087 2834 magis
1119 2764 1322 2817 debeas
1344 2764 1613 2833 cogitare,
1673 2780 1844 2833 quam
1876 2763 1934 2818 id

238 2856 397 2927 quod
429 2872 559 2909 cum
584 2856 696 2908 Deo
716 2853 997 2923 loqueris!
1027 2853 1322 2917 Quomodo
1342 2851 1530 2906 audiri
1549 2868 1581 2905 a
1610 2854 1724 2905 Deo
1750 2858 1804 2906 te
1826 2870 1934 2923 po-

239 2944 441 3009 stulas,
478 2959 606 2997 cum
635 2949 689 2996 te
720 2943 840 3012 ipse
874 2958 990 2994 non
1015 2940 1230 3007 audias,
1264 2945 1320 2994 et
1348 2939 1427 2993 vis
1458 2956 1577 2993 esse
1624 2939 1932 2993 Dominum

2047 556 2148 607 teri
2169 554 2515 622 honoriﬁcum
2547 559 2645 619 est,
2678 571 2805 608 nam
2850 570 2967 609 cum
2999 556 3194 610 orabas
3226 561 3275 609 et
3305 573 3422 612 sero
3454 575 3545 627 ego
3573 560 3747 613 obtuli

2046 645 2354 695 memoriam
2376 645 2636 696 orationis
2668 650 2875 709 vestrae,
2906 648 2963 697 in
2993 651 3273 714 conspectu
3323 649 3595 702 claritatis
3628 652 3747 716 Dei,

2043 735 2243 783 etcum
2288 733 2536 799 sepelires
2578 736 2633 785 tu
2682 738 2915 786 mortuos
2963 735 3239 799 similiter,
3288 740 3337 787 et
3390 739 3523 802 quia
3560 753 3664 790 non
3695 754 3747 791 es

2044 821 2339 873 concitatus
2368 835 2654 886 exsurgere
2686 826 2734 874 et
2761 821 3129 891 derelinquere
3173 824 3478 891 prandium
3513 830 3663 879 tuum
3695 832 3745 879 et

2043 907 2210 961 abisti
2238 913 2287 961 et
2313 908 2608 961 condidisti
2632 914 2921 974 mortuum,
2957 912 3153 964 missus
3182 926 3302 964 sum
3354 917 3560 966 tentare
3593 918 3659 979 te,
3697 919 3746 967 et

2044 997 2237 1049 iterum
2263 998 2414 1050 misit
2444 1013 2524 1050 me
2551 1000 2687 1050 Deus
2717 1012 2907 1051 curare
2941 1004 2987 1051 te
3017 1004 3065 1052 et
3097 1000 3300 1054 Saram
3333 1016 3531 1053 mirum
3571 1006 3739 1055 tuam.

2042 1086 2155 1152 Ego
2186 1101 2303 1139 sum
2335 1086 2577 1154 Raphael
2605 1101 2743 1140 unus
2774 1102 2841 1140 ea-
2870 1092 3069 1155 septem
3109 1090 3315 1155 angelis
3334 1091 3506 1157 just-is
3528 1092 3625 1157 qui
3655 1105 3741 1144 as-

2042 1184 2283 1236 sistimus
2315 1188 2437 1235 ante
2466 1186 2633 1236 Deum
2663 1186 2711 1236 et
2742 1199 3123 1237 conversamur
3148 1190 3269 1238 ante
3289 1187 3591 1240 claritatem
3622 1190 3738 1252 Dei,

2044 1271 2150 1322 Per
2170 1272 2369 1324 Isaiam
2400 1286 2631 1341 quoque
2650 1272 2924 1324 Dominus
2951 1272 3222 1325 admonet
3254 1279 3308 1326 et
3339 1274 3501 1328 docet
3518 1275 3729 1327 similia

2043 1364 2395 1412 contestans:
2438 1361 2608 1427 Solve,
2657 1359 2866 1430 inquit,
2918 1376 3123 1414 omnem
3171 1362 3368 1415 nodum
3420 1364 3726 1430 injustitize,

2043 1450 2241 1501 resolve
2288 1449 2662 1515 su/focationes
2715 1452 3126 1518 importantium
3185 1452 3602 1517 convicinorum,
3657 1452 3741 1504 di-

2045 1538 2195 1589 mitte
2216 1541 2499 1604 quassatos
2528 1540 2585 1590 in
2624 1539 2882 1604 requiem,
2917 1543 2967 1591 et
3013 1554 3161 1591 omne
3210 1540 3473 1606 injustam
3503 1538 3737 1607 dissipa,

2041 1626 2242 1692 frange
2261 1628 2516 1679 esurienti
2546 1642 2740 1694 panem
2778 1631 2949 1693 tuum,
2981 1641 3167 1691 egenos
3189 1627 3303 1679 sine
3332 1632 3462 1679 tecto
3485 1626 3649 1680 induc
3684 1628 3740 1679 in

2046 1713 2260 1765 domum
2295 1718 2471 1778 tuam;
2505 1716 2554 1767 si
2583 1714 2782 1767 videris
2814 1714 3209 1780 nudum,vesti,
3244 1719 3293 1767 et
3319 1714 3629 1768 domesticos
3662 1729 3742 1767 se-

2046 1804 2207 1854 minis
2250 1804 2331 1854 tui
2390 1818 2494 1855 non
2544 1802 2823 1870 despicies.
2874 1804 3021 1856 Tunc
3062 1807 3303 1871 erumpet
3344 1808 3743 1870 temporaneum

2046 1891 2221 1942 lumen
2261 1895 2431 1951 tuum,
2461 1895 2509 1943 et
2537 1894 2853 1943 vestimenta
2887 1894 2981 1943 tua
3012 1894 3113 1944 cito
3144 1893 3385 1944 orientur
3423 1896 3471 1944 et
3515 1893 3739 1959 prazibit

2045 1985 2169 2032 ante
2196 1983 2243 2032 te
2258 1977 2477 2047 justitia
2509 1984 2559 2033 et
2587 1980 2810 2033 claritas
2843 1981 2947 2032 Dei
2970 1981 3354 2034 circumdabit.
3390 1983 3533 2034 Tunc
3554 1983 3741 2034 excla-

2043 2063 2238 2130 mabis,
2284 2067 2331 2116 et
2372 2066 2625 2117 Dominus
2669 2064 2925 2117 exaudiet
2975 2068 3053 2129 te;
3104 2066 3232 2117 dum
3278 2065 3456 2119 adhuc
3484 2066 3737 2132 loqueris,

2045 2152 2217 2205 dicet:
2253 2153 2393 2205 Ecce
2424 2152 2635 2206 adsum.
2669 2152 2878 2205 Adesse
2906 2169 2964 2205 sc
2995 2153 3296 2222 promittit,
3327 2159 3384 2207 et
3434 2154 3627 2207 audire
3672 2169 3737 2207 ac

2044 2244 2349 2310 protegere
2384 2240 2484 2310 qui
2515 2241 2591 2311 inj
2605 2240 2810 2295 ustitite
2840 2241 3019 2295 nodos
3050 2242 3117 2295 de
3146 2242 3314 2295 corde
3351 2242 3654 2310 solventes,
3685 2246 3740 2295 et

2046 2329 2436 2397 eleemosynas
2492 2328 2641 2381 circa
2694 2328 3036 2383 domesticos
3084 2329 3184 2382 Dei
3253 2329 3567 2383 secundum
3616 2330 3739 2400 ejus

2047 2421 2335 2486 praecepta
2360 2416 2653 2483 facientes,
2686 2417 2825 2471 dum
2857 2418 3094 2471 audiant
3123 2418 3275 2488 quod
3302 2420 3447 2472 Deus
3470 2418 3743 2488 praecepit

2044 2506 2170 2559 ﬁeri
2221 2505 2329 2575 ipsi
2381 2522 2611 2575 quoque
2666 2523 2696 2558 a
2760 2508 2872 2559 Deo
2917 2511 3211 2559 merentur
3273 2506 3480 2560 audiri.
3530 2508 3733 2560 Beatus

2051 2610 2283 2663 quoque
2342 2595 2632 2662 apostolus
2689 2595 2895 2647 Paulus
2943 2594 3001 2646 in
3070 2594 3402 2647 necessitate
3456 2611 3742 2664 pressurae

2048 2681 2277 2751 adjutus
2304 2698 2334 2734 a
2364 2681 2655 2744 fratribus,
2691 2698 2864 2750 opera
2895 2697 3023 2750 quae
3047 2686 3179 2734 sunt
3207 2682 3480 2735 sacriﬁcia
3506 2699 3517 2735 :
3576 2684 3739 2737 Satu-

2042 2778 2196 2823 ratus
2227 2786 2366 2837 sum,
2400 2770 2607 2839 inquit,
2640 2773 2905 2838 recipiens
2932 2771 2998 2822 ab
3038 2771 3420 2838 Epaphrodito
3469 2787 3531 2824 ea
3557 2788 3675 2840 qua:
3708 2788 3740 2824 a

2044 2859 2193 2913 vobis
2224 2861 2392 2911 missa
2436 2863 2562 2911 sunt
2594 2860 2650 2911 in
2680 2858 2891 2911 odorem
2919 2861 3210 2912 suavitatis
3241 2862 3566 2927 sacri/icium
3596 2876 3744 2913 acce-

2042 2945 2277 3013 ptumfet
2301 2945 2566 3012 placitum
2598 2947 2718 2997 Deo.
2756 2945 2897 2997 Nam
2932 2960 3062 2997 cum
3106 2944 3234 3013 quis
3274 2945 3573 2998 miseretur
3601 2962 3742 3014 pau-

236 3048 559 3087 memorem
602 3030 682 3085 tui
712 3046 842 3084 cum
867 3046 1053 3101 rogas,
1090 3030 1319 3099 quando
1348 3034 1411 3082 tu
1442 3029 1562 3098 ipse
1596 3027 1680 3082 tui
1710 3044 1931 3081 memor
1981 3056 2021 3111 C
2050 3032 2222 3103 peris,
2260 3033 2375 3085 Deo
2404 3032 2640 3097 fenerat,
2674 3036 2730 3085 et
2760 3032 2859 3102 qui
2894 3032 2989 3085 dat
3038 3032 3291 3085 minimis
3344 3034 3457 3086 Deo
3491 3033 3665 3086 donat
3691 3038 3745 3085 et

238 3139 360 3175 non
384 3121 459 3174 sis
480 3122 505 3171 ?
522 3121 633 3173 Hoc
655 3124 738 3173 est
766 3119 835 3173 ab
858 3120 1022 3172 hoste
1053 3118 1110 3171 in
1136 3123 1322 3172 totum
1348 3134 1459 3171 non
1482 3134 1700 3181 cavere,
1726 3118 1834 3170 hoc
1858 3122 1943 3171 est

240 3208 478 3280 quando
508 3223 634 3260 oras
667 3208 865 3271 Deum,
887 3206 1244 3275 majestatem
1272 3205 1374 3258 Dei
1397 3204 1745 3275 negligentia
1768 3204 1941 3258 otl‘en-

242 3298 404 3363 dere,
435 3296 543 3349 hoc
588 3298 671 3347 est
715 3293 950 3364 vigilare
992 3293 1168 3348 oculis
1200 3297 1254 3346 et
1299 3291 1548 3345 dormire
1597 3292 1783 3358 corde,
1811 3309 1940 3346 cum

241 3386 453 3439 debeat
483 3381 852 3449 Christianus,
888 3386 943 3435 et
973 3397 1104 3435 cum
1136 3380 1349 3434 dormit
1373 3380 1570 3446 oculis,
1606 3381 1773 3434 corde
1791 3381 1937 3451 vigi-

238 3477 385 3540 lare,
419 3474 562 3527 sicut
590 3474 806 3526 dictum
838 3476 920 3525 est
954 3486 1027 3526 ex
1060 3487 1300 3541 persona
1332 3472 1620 3543 loquentis
1674 3472 1936 3526 Ecclesiae

240 3564 301 3616 in
334 3562 567 3617 Cantico
594 3561 982 3615 canticorum:
1019 3563 1131 3626 Ego
1170 3561 1377 3613 dormio
1413 3566 1461 3613 et
1501 3576 1590 3614 cor
1633 3577 1808 3614 meum
1857 3562 1942 3613 vi-

241 3653 386 3719 gilat
414 3654 764 3721 quapropter
792 3648 1029 3702 sollicite
1072 3653 1128 3701 et
1167 3652 1330 3701 caute
1380 3648 1649 3702 admonet
1692 3650 1941 3717 Aposto—

236 3738 328 3790 lus
358 3737 584 3790 dicens:
627 3736 836 3790 Instate
893 3737 1130 3791 orationi
1171 3737 1459 3802 vigilantes
1500 3738 1559 3789 in
1597 3753 1676 3803 ea,
1733 3737 1942 3790 docens

237 3826 454 3879 scilicet
484 3829 539 3879 et
569 3825 876 3879 ostendens
908 3841 1003 3877 eos
1037 3824 1349 3894 impetrare
1374 3824 1527 3894 quod
1575 3825 1869 3893 postulant
1909 3842 1942 3877 a

241 3914 359 3966 Deo
392 3929 555 3983 posse
625 3929 766 3982 quos
810 3913 958 3966 Deus
988 3911 1049 3964 in
1102 3911 1361 3965 oratione
1414 3912 1605 3965 videat
1662 3911 1937 3980 vigilare:

238 4007 474 4055 orantes
504 4005 696 4055 autem
724 4018 840 4055 non
876 4000 1266 4066 infructuosis,
1295 4016 1412 4054 non
1456 3999 1625 4054 nudis
1672 3999 1935 4069 precibus

238 4091 311 4145 ad
344 4092 525 4145 Deum
553 4090 780 4144 veniant
804 4108 818 4157 ;
852 4089 1109 4143 inefﬁcax
1142 4088 1296 4143 enim
1322 4088 1522 4158 petitio
1550 4092 1634 4142 est
1656 4104 1784 4142 cum
1811 4104 1939 4157 pre-

239 4184 405 4233 catur
437 4178 846 4248 Deumﬁsterilis
868 4178 1067 4232 oratio.
1088 4178 1230 4231 Nam
1253 4193 1381 4231 cum
1409 4176 1597 4230 omnis
1623 4177 1794 4230 arbor
1827 4192 1941 4229 non

237 4268 456 4323 faciens
486 4268 731 4321 fructum
764 4266 1055 4321 excidatur
1094 4270 1150 4319 et
1176 4266 1239 4319 in
1286 4265 1480 4335 ignem
1529 4265 1809 4331 mittatur,
1835 4264 1944 4318 uti-

2057 3120 2431 3188 spiritualiter
2467 3122 2576 3173 Deo
2604 3120 2940 3175 suavitatem
2972 3121 3162 3174 odoris
3188 3120 3483 3174 sacriﬁcat.
3530 3122 3593 3173 In
3620 3138 3741 3175 ora-

2057 3207 2312 3261 tionibus
2343 3208 2693 3262 celebrandis
2720 3208 3043 3263 invenimus
3070 3215 3187 3263 tres
3232 3225 3437 3279 pueros
3469 3225 3598 3262 cum
3631 3211 3743 3262 Da-

2055 3296 2204 3350 niele
2256 3297 2317 3350 in
2366 3297 2478 3351 ﬁde
2528 3298 2702 3351 fortes
2758 3303 2814 3351 et
2860 3298 2922 3352 in
2960 3298 3285 3368 captivitate
3314 3297 3571 3364 victores,
3605 3298 3746 3351 hora
3822 3326 3829 3337 ι

2054 3385 2240 3453 tertia,
2299 3390 2472 3454 sexta,
2526 3402 2697 3453 nona,
2781 3390 3135 3440 sacramento
3207 3385 3418 3439 scilicet
3470 3386 3745 3439 trinitatis
3798 3394 3805 3403 ’

2055 3490 2182 3542 quae
2214 3473 2273 3527 in
2304 3474 2627 3527 novissimis
2685 3477 3039 3543 temporibus
3088 3474 3441 3529 manifestari
3485 3475 3744 3529 debebat.

2054 3562 2195 3615 Nam
2220 3566 2275 3615 et
2309 3564 2492 3632 prima
2521 3564 2661 3617 hora
2695 3563 2755 3616 in
2778 3564 3005 3617 tertiam
3032 3564 3262 3617 veniens
3283 3568 3744 3617 consummatum

2051 3650 2348 3720 promissa:
2377 3650 2516 3704 olim
2549 3667 2854 3705 numerum
2887 3652 3156 3705 trinitatis
3189 3651 3475 3717 ostendit;
3504 3653 3745 3706 iterum-

2052 3756 2164 3809 que
2213 3739 2284 3792 ad
2331 3744 2548 3793 sextam
2593 3755 2698 3808 per
2749 3745 3011 3810 quartam
3049 3741 3359 3810 procedens
3387 3740 3633 3793 declarat
3667 3741 3744 3793 al-

2052 3832 2234 3880 teram
2288 3827 2620 3881 trinitatem.
2673 3829 2735 3880 Et
2765 3828 2995 3897 quando
3023 3844 3055 3879 a
3105 3826 3347 3896 septima
3390 3842 3544 3879 nona
3586 3843 3747 3880 com-

2052 3916 2243 3984 pletur
2278 3932 2378 3984 per
2401 3920 2591 3969 ternas
2620 3916 2810 3983 horas,
2844 3915 3068 3969 trinitas
3098 3916 3347 3985 perfecta
3383 3922 3740 3969 numeratur.

2053 4005 2189 4068 Quae
2234 4003 2508 4057 horarum
2556 4004 2739 4074 spatia
2761 4004 2885 4074 jam
2928 4004 3497 4073 praedeterminantes
3540 4004 3744 4058 adora-

2057 4096 2206 4145 tores
2234 4092 2333 4145 Dei
2367 4092 2586 4146 statutis
2619 4098 2675 4146 et
2719 4093 2995 4162 legitimis
3045 4094 3115 4147 ad
3154 4110 3350 4163 preces
3391 4093 3747 4163 temporibus

2057 4180 2397 4248 serviebant,
2441 4186 2497 4235 et
2544 4181 2846 4235 manifesta
2892 4181 3259 4251 postmodum
3296 4197 3385 4233 res
3443 4185 3525 4233 est
3562 4196 3746 4233 sacra-

2058 4276 2253 4323 menta
2290 4269 2428 4323 olim
2480 4269 2674 4337 fuisse,
2724 4270 2876 4341 quod
2908 4274 3036 4324 ante
3067 4269 3144 4323 sic
3168 4269 3304 4340 justi
3343 4269 3741 4339 precabantur.

238 4374 356 4429 que
385 4373 571 4411 sermo
603 4372 718 4410 non
748 4355 963 4409 habens
994 4354 1241 4408 fructum
1270 4354 1590 4423 pramereri
1614 4355 1793 4407 Deum
1824 4369 1941 4407 non
1974 4376 2015 4428 D
2056 4360 2199 4412 Nam
2238 4374 2410 4429 super
2441 4359 2750 4429 discipulos
2794 4360 2935 4413 liora
2982 4359 3147 4415 tertia
3179 4357 3464 4413 descendit
3504 4356 3749 4427 Spiritus

237 4450 453 4517 potest,
508 4445 607 4516 qui
658 4445 815 4499 nulla
859 4443 1188 4513 operatione
1241 4443 1514 4497 fecundus
1560 4446 1661 4495 est.
1705 4443 1769 4495 Et
1808 4442 1938 4495 ideo

240 4536 437 4589 divina
458 4534 746 4604 Scriptura
770 4531 1003 4585 instruit
1041 4531 1272 4586 dicens:
1302 4533 1451 4585 Bona
1501 4537 1580 4584 est
1623 4533 1795 4585 oratio
1822 4547 1940 4585 cum

229 4625 447 4692 jejunio
478 4626 529 4676 et
575 4623 922 4689 eleemosyna,
978 4635 1113 4673 nam
1158 4618 1258 4689 qui
1303 4619 1362 4672 in
1402 4618 1606 4688 judicii
1656 4618 1747 4672 die
1786 4636 1937 4689 pra:-

238 4714 426 4766 mium
472 4729 575 4783 pro
625 4711 896 4782 operibus
948 4716 1004 4763 et
1038 4708 1419 4778 eleemosynis
1469 4708 1794 4763 redditurus
1834 4714 1940 4777 est,

236 4801 413 4855 hodie
439 4817 670 4872 quoque
698 4800 768 4853 ad
801 4798 1119 4851 orationem
1150 4813 1281 4850 cum
1311 4796 1639 4866 Operatione
1690 4797 1942 4850 venienti

240 4889 532 4960 benignus
564 4888 792 4943 auditor
816 4892 918 4940 est.
955 4886 1045 4940 Sic
1073 4885 1320 4955 denique
1354 4885 1647 4939 Cornelius
1682 4885 1941 4938 centurio

240 4994 377 5031 cum
407 4982 595 5031 oraret
624 4976 835 5031 meruit
861 4974 1119 5030 exaudiri
1146 4990 1157 5040 ;
1182 4974 1289 5027 fuit
1310 4973 1464 5027 enim
1488 4974 1694 5027 multas
1726 4974 1940 5028 faciens

242 5068 638 5137 eleemosynas
681 5065 742 5118 in
782 5064 948 5135 plebe
996 5067 1051 5117 et
1100 5078 1327 5133 semper
1369 5079 1536 5116 orans
1564 5063 1763 5117 Deum.
1801 5062 1943 5117 Huic

241 5156 395 5209 circa
440 5154 641 5209 horam
682 5170 897 5209 nonam
930 5151 1150 5206 adstitit
1194 5151 1383 5206 oranti
1418 5151 1652 5221 angelus
1674 5151 1942 5206 testimo-

240 5244 410 5298 nium
435 5244 679 5298 reddens
707 5242 794 5295 sui
824 5241 1014 5311 operis
1045 5244 1100 5294 et
1143 5240 1335 5294 dicens
1363 5255 1376 5292 :
1409 5240 1635 5305 Corneli,
1673 5242 1941 5295 orationes

234 5339 344 5388 tuae
367 5337 415 5387 et
448 5334 785 5400 eteemosynae
842 5336 947 5385 tuae
994 5330 1349 5384 ascenderunt
1388 5328 1461 5382 ad
1506 5332 1816 5384 memoriam
1847 5345 1939 5384 co-

236 5438 362 5476 ram
405 5423 650 5476 Domino.
696 5419 818 5474 Cito
864 5435 944 5473 ea:
993 5418 1280 5472 orationes
1340 5416 1647 5470 ascendunt
1695 5433 1837 5487 quas
1869 5417 1941 5472 ad

242 5505 552 5561 Dominum
576 5503 779 5558 merita
808 5502 985 5557 nostri
1016 5501 1206 5573 operis
1238 5501 1580 5570 important.
1622 5500 1708 5554 Sic
1741 5505 1797 5554 et
1828 5502 1938 5555 Ra-

238 5594 413 5666 phael
445 5594 682 5663 angelus
708 5591 902 5646 Tobias
942 5606 1171 5661 semper
1216 5588 1406 5644 oranti
1443 5593 1500 5644 et
1545 5604 1773 5659 semper
1802 5605 1936 5659 ope-

2051 4448 2297 4510 sanctus,
2322 4444 2423 4514 qui
2453 4444 2693 4514 gratiam
2727 4442 3030 4498 dominicae
3054 4442 3448 4514 promissionis
3470 4442 3746 4513 implevit.

2053 4533 2195 4585 Item
2228 4534 2428 4586 Petrus
2455 4534 2597 4586 hora
2626 4537 2780 4585 sexta
2810 4532 2867 4584 in
2908 4535 3120 4585 tectum
3151 4529 3411 4600 superius
3441 4530 3750 4584 ascendens

2054 4620 2217 4690 signo
2268 4621 2479 4691 pariter
2523 4625 2580 4674 et
2632 4637 2765 4674 voce
2817 4619 3041 4674 Domini
3093 4619 3379 4673 monentis
3432 4619 3743 4672 instructus

2053 4714 2137 4762 est
2169 4712 2230 4761 ut
2255 4724 2455 4762 omnes
2486 4708 2555 4761 ad
2587 4707 2831 4777 gratiam
2860 4707 3056 4761 salutis
3107 4707 3456 4773 admitteret,
3505 4723 3636 4760 cum
3668 4706 3737 4759 de

2053 4796 2423 4850 emendandis
2474 4796 2736 4865 gentibus
2782 4800 2912 4850 ante
2976 4796 3281 4850 dubitaret.
3353 4797 3415 4849 Et
3473 4795 3749 4849 Dominus

2052 4884 2193 4938 hora
2220 4888 2377 4938 sexta
2409 4884 2707 4938 cruciﬁxus
2739 4890 2840 4951 est,
2875 4889 2931 4939 et
2955 4886 3023 4939 ad
3056 4902 3268 4939 nonam
3292 4888 3520 4955 peccata
3552 4886 3748 4936 nostra

2054 4971 2269 5038 abluit;
2305 4976 2361 5025 et
2391 4976 2451 5025 ut
2470 4972 2750 5026 redimere
2782 4979 2837 5027 et
2884 4972 3167 5026 viviﬁcare
3208 4988 3310 5025 nos
3354 4974 3559 5041 posset,
3612 4974 3750 5023 tunc

2052 5057 2350 5112 victoriam
2399 5074 2562 5112 suam
2606 5058 2792 5129 passio
2842 5058 3096 5129 perfecit.
3163 5057 3270 5111 Sed
3312 5056 3496 5122 nobis,
3550 5055 3750 5108 fratres

2053 5146 2356 5215 carissimi,
2442 5151 2652 5217 praeter
2752 5147 2920 5201 horas
3008 5145 3324 5215 antiquitus
3402 5144 3748 5207 observatas,

2053 5234 2254 5287 orandi
2286 5249 2442 5287 nunc
2475 5239 2528 5289 et
2563 5234 2744 5304 spatia
2772 5238 2830 5287 et
2874 5235 3228 5286 sacramenta
3267 5236 3587 5297 creverunt,
3617 5245 3751 5282 nam

2053 5328 2109 5375 et
2160 5338 2328 5376 mane
2382 5322 2681 5387 orandum,
2731 5327 2795 5375 ut
2823 5319 3162 5374 resurrectio
3209 5318 3443 5373 Domini
3468 5317 3754 5372 matutina

2053 5410 2308 5465 oratione
2341 5412 2677 5479 celebretur,
2727 5409 2879 5480 quod
2928 5408 3066 5462 olim
3118 5407 3361 5478 Spiritus
3393 5410 3619 5460 sanctus
3651 5406 3747 5460 de-

2052 5499 2317 5569 signabat
2344 5500 2404 5553 in
2430 5501 2649 5570 psalmo
2678 5498 2869 5552 dicens
2901 5513 2914 5549 :
2970 5499 3083 5551 Rex
3128 5511 3275 5549 meus
3318 5500 3367 5549 et
3412 5498 3550 5549 Deus
3582 5510 3748 5561 meus,

2052 5592 2305 5659 quoniam
2345 5589 2419 5643 ad
2475 5594 2524 5643 te
2573 5588 2816 5652 orabam,
2862 5600 3018 5639 mane
3051 5585 3311 5639 exaudies
3354 5600 3527 5639 vocem
3557 5599 3748 5651 meam,
