4068 6192
343 324 472 374 1127

1344 321 1900 376 SUPPLEMENTUM
1943 322 2033 374 AD
2073 321 2305 378 OPERA
2346 326 2402 379 S.
2443 327 2829 384 AUGUSTINI.

3701 340 3842 390 H28

334 458 490 495 mane
527 443 792 496 adsistam
827 442 926 495 tibi
953 446 1001 493 et
1027 440 1422 509 contemptabor
1460 445 1526 498 te.
1572 443 1635 494 Et
1685 441 1889 494 iterum
1921 457 2022 510 per
2061 446 2101 497 A
2137 455 2240 503 est.
2288 450 2526 514 Quando
2574 451 2728 505 enim
2788 451 2912 506 sine
2968 451 3189 506 lumine
3237 459 3342 522 est,
3396 457 3489 510 cui
3547 457 3746 511 lumen
3781 458 3840 511 in

335 531 678 600 prophetam
708 531 965 599 loquitur
989 529 1291 582 Dominus:
1335 530 1578 583 Dituculo
1607 530 1915 594 vigilabant
1953 529 2026 582 ad

279 679 282 690 Ι
337 636 417 672 me
447 620 718 673 dicentes:
763 622 962 671 Eamus
1010 622 1056 670 et
1104 624 1440 670 revertamur
1487 619 1561 671 ad
1606 621 1886 672 Dominum
1937 635 2027 670 no-

337 714 528 760 strum.
559 705 878 760 Reeedente
916 706 1125 758 iterum
1165 705 1283 758 sole
1314 722 1377 758 ac
1425 706 1516 759 die
1545 713 1798 759 cessante
1833 723 2024 760 neces-

338 795 483 848 sario
513 811 707 846 rursus
737 793 1018 847 orandum
1069 798 1183 859 est;
1229 810 1359 846 nam
1408 796 1551 847 Deus
1598 800 1788 848 noster
1828 796 1907 847 sol
1941 799 2023 847 est

338 888 392 935 et
423 883 542 936 dies
571 899 756 946 verus,
782 887 839 935 ct
868 883 985 935 sole
1018 900 1080 936 ac
1112 883 1204 936 die
1235 883 1426 936 saeculi
1463 884 1764 936 recedente
1792 883 2023 953 quando

339 987 568 1024 oramus
600 976 656 1023 et
701 970 948 1040 petimus
970 975 1034 1023 ut
1077 986 1248 1040 super
1296 987 1400 1023 nos
1440 973 1530 1024 lux
1579 971 1786 1030 veniat.
1837 971 2025 1024 denuo

338 1059 544 1114 Christi
563 1075 866 1128 precamur
884 1059 1192 1112 adventum
1214 1059 1354 1111 lucis
1375 1064 1603 1112 aeternae
1621 1059 1864 1128 gratiam
1880 1076 2026 1128 prai-

336 1149 608 1201 biturum.
625 1147 910 1201 Christum
935 1152 1122 1200 autem
1147 1147 1297 1200 diem
1313 1147 1524 1200 dictum
1545 1147 1790 1200 declarat
1808 1148 2020 1217 iupsal.

332 1236 578 1306 Spiritus
601 1241 826 1289 sanctus
852 1235 1043 1288 dicens
1071 1252 1081 1288 :
1117 1238 1165 1288 Λ
1199 1235 1430 1288 Domi-no
1461 1237 1668 1300 factum
1689 1240 1766 1288 est
1796 1236 1946 1288 istud
1977 1240 2027 1288 et

332 1330 409 1378 est
440 1325 688 1378 mirabile
710 1328 767 1377 in
789 1327 955 1376 oculis
1002 1327 1222 1389 nostris,
1281 1329 1334 1376 et
1377 1340 1574 1376 rursus
1608 1340 1620 1376 :
1656 1326 1770 1376 Ista
1800 1329 1876 1376 est
1908 1324 2022 1376 dies

337 1430 498 1482 quam
543 1415 672 1475 fecit
719 1414 1004 1472 Dominus,
1048 1415 1343 1465 exaltemus
1386 1418 1432 1464 et
1470 1413 1830 1479 jucundemur
1868 1415 2023 1465 inea.

335 1501 476 1566 lntem
521 1500 672 1569 quod
730 1500 811 1552 sol
858 1501 1176 1568 appellatus
1222 1500 1312 1565 sit,
1385 1500 1687 1552 Malachias
1745 1500 2025 1570 propheta

334 1591 572 1640 testatur
618 1588 846 1640 dicens:
909 1588 1070 1640 Vobis
1124 1593 1301 1640 autem
1349 1590 1446 1654 qui
1477 1590 1674 1641 timetis
1703 1603 1891 1640 nomen
1922 1591 2024 1640 Do-

332 1677 469 1728 mini
484 1678 686 1728 orietur
716 1677 794 1728 sol
809 1676 1045 1742 justitia:
1074 1677 1201 1729 etin
1233 1677 1358 1728 aliis
1381 1677 1704 1730 obscuratio.
1764 1675 1926 1739 Quod
1978 1674 2025 1729 si

334 1765 395 1818 in
423 1764 730 1835 Scripturis
761 1765 968 1818 sanctis
998 1767 1079 1818 sol
1114 1783 1279 1818 verus
1312 1771 1366 1818 et
1394 1766 1514 1819 dies
1558 1782 1724 1818 verus
1773 1765 2026 1819 Christus

333 1859 435 1920 est,
465 1853 606 1907 hora
636 1854 792 1906 nulla
817 1854 1154 1907 Christianis
1201 1853 1503 1923 excipitur,
1553 1853 1862 1923 quominus
1907 1854 2022 1906 fre-

335 1945 576 2009 quenter
605 1957 670 1994 ac
718 1957 944 2011 semper
989 1942 1138 1995 Deus
1178 1943 1382 1995 debeat
1428 1941 1695 2007 adorari;
1745 1947 1808 1994 ut
1835 1941 1934 2012 qui
1965 1941 2026 1994 in

333 2027 554 2080 Christo
584 2029 692 2081 hoc
723 2033 809 2082 est
840 2028 956 2081 sole
982 2033 1038 2081 et
1067 2028 1125 2080 in
1155 2028 1246 2082 die
1297 2045 1429 2082 vero
1479 2045 1697 2093 sumus,
1748 2028 2026 2082 instemus

333 2132 433 2185 per
452 2121 627 2169 totam
658 2116 808 2170 diem
832 2117 1094 2186 precibus
1121 2120 1176 2170 et
1205 2133 1454 2183 oremus,
1489 2122 1552 2171 ut
1573 2117 1803 2186 quando
1825 2117 2027 2170 mundi

332 2209 388 2256 et
414 2204 555 2273 legis
595 2204 846 2257 decursis
875 2205 1087 2257 vicibus
1117 2205 1351 2258 alternis
1384 2221 1491 2257 nox
1541 2205 1792 2256 resoluta
1834 2219 2025 2255 succe-

333 2292 435 2356 dit,
469 2293 694 2345 nullum
752 2293 822 2346 de
887 2292 1182 2345 nocturnis
1233 2293 1482 2346 tenebris
1544 2309 1664 2346 esse
1724 2291 2020 2345 orantibus

334 2379 608 2432 damnum
641 2379 834 2449 possit,
865 2379 1000 2449 quia
1031 2378 1163 2432 ﬁliis
1192 2379 1334 2432 lucis
1366 2384 1422 2432 et
1450 2379 1509 2432 in
1540 2379 1664 2450 ipsa
1715 2384 1880 2432 nocte
1906 2379 2026 2432 dies

2135 540 2303 593 corde
2333 544 2416 592 est
2436 541 2463 593 ?
2491 545 2588 593 aut
2619 541 2850 610 quando
2880 541 2960 594 sol
2994 545 3049 594 et
3077 541 3197 594 dies
3219 558 3336 595 non
3371 549 3476 609 est,
3511 545 3602 598 cui
3649 547 3734 599 sol
3779 552 3837 598 et

2137 627 2256 680 dies
2287 628 2540 682 Christus
2569 630 2689 682 est?
2719 629 2826 691 Qui
2871 634 3061 684 autem
3114 631 3172 683 in
3227 632 3470 697 Christo,
3513 634 3622 687 hoc
3657 639 3748 687 est
3779 635 3838 687 in

2137 715 2353 768 lumine
2402 733 2628 786 semper
2680 717 2914 782 fuimus,
2977 734 3079 771 nec
3133 721 3394 772 noctibus
3451 722 3521 774 ab
3569 723 3840 776 oratione

2137 820 2440 869 cessemus,
2473 804 2619 858 sicut
2649 807 2810 858 Anna
2827 806 2995 858 vidua
3025 806 3146 859 sine
3166 806 3588 862 intermissione
3620 827 3836 881 rogans

2137 907 2360 961 semper
2384 897 2442 945 et
2470 892 2712 961 vigilans
2739 894 3134 962 perseverabat
3169 895 3228 947 in
3261 898 3643 965 promerendo
3696 900 3840 960 Deo,

2138 979 2281 1032 sicut
2328 980 2387 1033 in
2438 981 2738 1050 Evangelio
2782 981 3057 1051 scriptum
3085 988 3209 1036 est:
3258 986 3377 1039 Non
3407 985 3702 1053 recedebat,
3738 987 3838 1040 in-

2137 1069 2278 1138 quit,
2315 1069 2380 1122 de
2419 1071 2612 1138 templo
2631 1069 2865 1137 jejuniis
2895 1074 2943 1122 et
2974 1072 3306 1124 orationibus
3331 1076 3567 1128 serviens
3598 1081 3750 1129 nocte
3790 1083 3842 1128 et

2137 1157 2250 1222 die;
2308 1173 2424 1210 non
2456 1157 2718 1211 viderunt
2756 1158 2967 1212 scilicet
3009 1160 3107 1229 qui
3183 1161 3494 1214 illuminati
3554 1168 3704 1228 sunt,
3741 1166 3831 1217 vel

2134 1245 2314 1299 Judmi
2364 1246 2462 1315 qui
2504 1246 2710 1300 deserti
2769 1247 2986 1299 lumine
3020 1248 3076 1300 in
3110 1249 3360 1302 tenebris
3391 1257 3816 1304 remanserunt.

2140 1335 2272 1399 Nos,
2303 1335 2508 1387 fratres
2527 1334 2899 1402 dilectissimi,
2930 1336 3030 1405 qui
3062 1336 3120 1389 in
3144 1337 3372 1390 Domini
3421 1338 3546 1391 luce
3595 1355 3835 1408 semper

2137 1439 2350 1486 sumus,
2387 1423 2486 1492 qui
2511 1409 2828 1477 meruimus
2871 1429 2929 1476 et
2957 1429 3219 1478 tenemus
3258 1426 3397 1496 quid
3447 1443 3569 1479 esse
3604 1434 3841 1497 accepta

2135 1511 2316 1579 gratia
2358 1511 2720 1580 coeperimus,
2762 1517 3160 1581 computemus
3193 1520 3412 1568 noctem
3437 1531 3540 1584 pro
3567 1515 3679 1580 die,
3707 1533 3837 1569 am-

2138 1601 2334 1652 bulare
2367 1616 2594 1670 semper
2637 1601 2697 1653 in
2747 1601 2963 1655 lumine
3010 1619 3114 1654 nos
3146 1603 3464 1668 credamus,
3493 1619 3609 1657 non
3643 1604 3841 1673 impe-

2141 1688 2367 1741 diamur
2395 1705 2424 1741 a
2461 1688 2711 1742 tenebris
2769 1705 2911 1758 quas
2959 1689 3261 1755 evasimus,
3312 1692 3471 1744 nulla
3517 1691 3634 1744 sint
3673 1692 3843 1744 horis

2136 1776 2427 1830 nocturnis
2467 1792 2698 1846 precum
2748 1777 2974 1842 damna,
3012 1778 3169 1832 nulla
3211 1780 3536 1832 orationum
3590 1780 3762 1850 pigra
3785 1785 3846 1834 et

2133 1867 2330 1935 ignara
2362 1865 2660 1934 dispendia
2687 1881 2700 1928 ;
2738 1881 2842 1934 per
2874 1865 2973 1918 Dei
3001 1865 3418 1936 indulgentiam
3454 1869 3690 1922 recreati
3714 1870 3838 1939 spi-

2134 1952 2420 2006 ritualiter
2442 1957 2498 2006 et
2526 1953 2709 2006 renati
2736 1951 3031 2006 imitemur
3054 1955 3210 2023 quod
3242 1955 3420 2008 futuri
3460 1973 3678 2023 sumus,
3733 1959 3839 2010 ha~

2133 2040 2310 2093 bituri
2341 2039 2400 2093 in
2447 2056 2647 2110 regno,
2696 2041 2820 2095 sine
2868 2040 3191 2095 interventu
3240 2043 3443 2108 noctis,
3495 2044 3630 2097 solis
3673 2045 3836 2098 diem

2134 2128 2588 2198 sempiternum;
2659 2129 2823 2199 quasi
2877 2129 2937 2182 in
2993 2130 3214 2185 lumine
3272 2130 3577 2201 vigilemus
3604 2133 3839 2188 oraturi

2135 2234 2360 2288 semper
2386 2222 2442 2272 et
2463 2218 2642 2272 acturi
2675 2219 2789 2271 Deo
2822 2218 3068 2288 gratias:
3103 2235 3167 2271 ac
3197 2235 3298 2289 per
3336 2221 3443 2272 hoc
3473 2225 3530 2273 et
3554 2220 3648 2273 hic
3683 2238 3837 2291 quo-

2133 2323 2242 2376 que
2276 2323 2439 2360 orare
2467 2311 2523 2359 et
2548 2321 2714 2375 agere
2736 2305 2946 2374 gratias
2977 2322 3092 2359 non
3121 2306 3468 2362 desinamus.

1041 2661 2058 2787 OPUSCULUM
2164 2661 3113 2805 SECUNDUM,

1973 2859 2183 2924 SIVE

731 3007 1077 3094 LIBER
1134 3009 1284 3092 DE
1344 3008 1891 3106 QUATUOB
1950 3007 2643 3094 VIRTUTIBUS
2731 3007 3416 3093 CHARITATIS

399 3203 753 3257 Desiderium
775 3203 1064 3257 charitatis
1081 3209 1279 3256 vestra),
1302 3221 1334 3256 a
1356 3203 1519 3256 nobis
1559 3203 1735 3272 exigit
1765 3203 2020 3257 debitum
2054 3210 2090 3264 C
2135 3201 2328 3256 omnia
2358 3202 2562 3256 tolerat
2583 3200 2817 3255 emicuit
2840 3201 2897 3254 in
2928 3205 3120 3254 sancto
3142 3202 3258 3254 Noe
3286 3217 3298 3254 :
3327 3217 3456 3271 quas
3483 3201 3682 3254 omnia
3701 3217 3836 3254 cre-

328 3290 606 3343 sermonis
657 3291 948 3356 ofﬁcium;
1003 3293 1096 3344 sed
1156 3296 1311 3345 tanta
1359 3296 1492 3344 sunt
1523 3309 1650 3362 quae
1681 3296 1934 3345 terreant
1964 3296 2020 3345 et

325 3383 591 3431 revocent
615 3378 874 3431 animum
906 3385 1164 3432 nostrum
1199 3385 1281 3444 ut,
1315 3379 1360 3431 si
1390 3380 1629 3433 velimus
1661 3396 1861 3449 parere
1911 3379 2014 3433 de-

325 3464 532 3518 siderio
564 3470 776 3534 vestro,
808 3482 926 3518 non
953 3467 1026 3519 sit
1057 3468 1177 3519 sine
1211 3466 1465 3537 periculo
1518 3472 1728 3521 nostro.
1779 3469 2016 3521 Locutu-

324 3568 420 3604 rus
451 3569 699 3623 namque
722 3553 792 3607 de
812 3554 1105 3620 charitate,
1132 3554 1357 3608 silentio
1384 3572 1500 3608 non
1523 3561 1858 3626 praeteream
1889 3571 2018 3625 quae

325 3640 476 3694 bona
505 3658 569 3695 ex
601 3658 664 3696 ea
698 3643 1028 3712 procedant,
1061 3648 1117 3696 et
1147 3660 1276 3713 qum
1307 3659 1428 3696 eam
1478 3645 1865 3710 comitentur;
1918 3643 2017 3696 sed

321 3730 596 3799 temporis
627 3737 944 3784 coarctatus
991 3731 1292 3800 angustiis,
1339 3748 1452 3801 quo
1495 3749 1586 3785 me
1630 3733 1916 3785 conferam
1957 3733 2017 3786 in

325 3817 524 3888 primis
553 3817 660 3870 nisi
693 3818 763 3871 ad
797 3825 1003 3872 sancta:
1034 3819 1210 3889 ipsius
1233 3820 1471 3888 vestigia
1503 3820 1815 3887 charitatis,
1858 3836 2014 3874 eam-

321 3921 432 3974 que
483 3906 754 3975 deprecer
796 3911 859 3960 ut
899 3907 1077 3960 donet
1125 3907 1270 3960 mihi
1311 3907 1528 3976 aliquid
1578 3908 1819 3977 dignum
1861 3908 1931 3962 de
1958 3923 2016 3960 se

320 3994 529 4057 dicere,
582 4011 695 4064 quo
744 4001 800 4048 et
842 4012 1030 4048 meum
1081 3997 1378 4066 suppleam
1428 3996 1810 4050 ministerium
1835 4001 1891 4050 et
1922 4014 2014 4050 ve-

319 4087 500 4134 strum
533 4083 732 4135 satiem
761 4083 1110 4136 desiderium
1134 4084 1160 4137 ?
1211 4085 1364 4137 Inter
1402 4090 1632 4137 caeteras
1679 4090 1868 4138 autem
1899 4084 2014 4137 vir-

318 4175 466 4223 tutes
497 4171 640 4240 ejus,
669 4188 810 4241 quas
863 4177 1274 4225 commemorat
1322 4173 1614 4242 apostolus
1662 4174 1889 4238 Paulus,
1937 4173 2016 4226 ait

318 4259 469 4328 quod
519 4261 723 4312 caritas
767 4275 871 4313 non
915 4261 1218 4328 aemulatur,
1263 4276 1370 4314 non
1414 4261 1531 4328 agit
1567 4277 1873 4330 perperam,
1908 4277 2014 4314 non

317 4350 596 4413 irritatur,
620 4365 726 4402 non
753 4352 955 4415 cogitat
976 4351 1215 4414 malum;
1243 4355 1298 4403 et
1327 4357 1614 4419 postremo
1636 4351 1737 4403 has
1767 4355 2012 4420 quatuor

318 4436 441 4504 ejus
493 4436 732 4490 virtutes
780 4437 937 4491 brevi
989 4453 1252 4491 sermone
1312 4438 1748 4507 comprehendit
1793 4438 2007 4504 dicens,

315 4526 509 4577 Omnia
570 4525 776 4588 tolerat,
848 4528 1027 4578 omnia
1089 4527 1280 4590 credit,
1345 4528 1527 4579 omnia
1589 4531 1793 4594 sperat,
1828 4529 2011 4580 omnia

313 4612 559 4662 sustinet.
598 4611 675 4662 De
708 4611 796 4663 his
824 4611 1000 4681 igitur
1031 4617 1276 4682 quatuor
1309 4611 1609 4665 virtutibus
1642 4617 1848 4665 sanctas
1878 4614 2010 4665 cha-

318 4697 502 4750 ritatis
553 4698 715 4768 loqui
764 4701 1027 4753 convenit
1074 4701 1356 4753 sanctitati
1401 4706 1622 4765 vestra),
1654 4701 2010 4770 delectatque

323 4786 588 4856 primitus
635 4786 867 4853 intueri,
921 4788 1406 4857 quemadmodum
1457 4794 1704 4858 quatuor
1751 4789 2010 4842 cardines

313 4873 465 4946 orbis
489 4873 788 4927 continens
808 4879 994 4928 totum
1021 4876 1337 4945 possederit
1385 4877 1685 4930 mundum.
1725 4877 2006 4946 Requira-

310 4944 651 5032 mus’igitur,
687 4963 733 5016 si
767 4964 970 5034 placet,
1004 4963 1328 5034 aliquorum
1380 4966 1642 5034 exempla
1674 4970 2001 5019 sanctorum

309 5067 505 5104 eorum
537 5051 767 5115 scilicet,
793 5053 892 5122 qui
915 5052 1002 5105 his
1030 5053 1338 5106 virtutibus
1371 5053 1607 5123 possessi
1633 5058 1784 5116 sunt,
1818 5058 1874 5106 et
1922 5055 2002 5107 eis

311 5141 552 5210 singulis
582 5141 664 5194 ita
694 5141 920 5212 singula
948 5142 1286 5210 tribuamus,
1319 5148 1380 5195 ut
1405 5159 1602 5196 omnes
1633 5142 1692 5196 in
1741 5143 2008 5196 omnibus

310 5245 430 5281 esse
459 5245 779 5292 noscamus,
811 5229 1082 5299 quoniam
1116 5231 1306 5284 omnis
1337 5230 1433 5299 qui
1468 5231 1558 5300 pie
1602 5232 1822 5296 tolerat,
1858 5236 2008 5285 recte

309 5315 505 5379 credit,
526 5315 738 5385 aliquid
758 5317 836 5384 [Ρ.
862 5317 963 5383 ιφ.
989 5317 1169 5370 credit
1186 5318 1378 5387 atque]
1394 5323 1607 5388 sperat,
1630 5323 1687 5371 et
1703 5318 1802 5387 qui
1817 5326 2010 5386 sperat

313 5401 573 5465 sustinet,
590 5419 660 5454 ne
683 5403 893 5472 absque
917 5421 1015 5472 spe
1037 5405 1217 5457 cadat.
1241 5405 1482 5472 Sedjam
1501 5406 1734 5474 quinam
1756 5405 1851 5459 isti
1877 5412 2010 5459 sunt

311 5490 621 5556 videamus,
654 5506 902 5559 quorum
933 5492 1101 5544 ﬁdem
1129 5493 1470 5562 inquantum
1502 5493 1746 5562 desuper
1775 5494 2005 5563 adjuva-

314 5593 443 5632 mur
468 5579 694 5648 assequi
723 5579 1030 5633 valeamus.
1066 5581 1255 5634 Virtus
1297 5587 1503 5636 sancta:
1552 5581 1840 5636 charitatis
1879 5599 2007 5653 quae.

2132 3290 2212 3344 dit
2245 3291 2304 3344 in
2330 3294 2521 3344 sancto
2548 3290 2836 3344 Abraham
2862 3306 2874 3343 :
2907 3306 3036 3360 quae
3056 3290 3250 3343 omnia
3273 3295 3462 3359 sperat
3487 3289 3546 3342 in
3570 3290 3835 3359 patribus

2132 3380 2360 3443 nostris,
2410 3379 2466 3432 id
2512 3383 2594 3432 est
2634 3379 2694 3432 in
2741 3380 2956 3449 populo
2996 3379 3189 3445 Israel,
3217 3379 3367 3432 unde
3397 3378 3516 3448 ipse
3551 3379 3833 3432 Dominus

2131 3473 2360 3521 exortus
2394 3472 2479 3521 est
2505 3487 2518 3531 ;
2551 3484 2679 3537 qua:
2707 3466 2900 3519 omnia
2930 3466 3191 3533 sustinet,
3221 3467 3279 3518 in
3308 3465 3432 3536 ipso
3491 3465 3676 3535 capite
3713 3467 3830 3519 Do-

2130 3558 2287 3611 mino
2335 3562 2532 3611 nostro
2573 3559 2704 3610 Jesu
2746 3556 2988 3622 Christo,
3021 3556 3124 3626 qui
3153 3560 3237 3609 est
3263 3572 3393 3608 vera
3421 3555 3667 3608 charitas
3695 3571 3826 3625 quae

2128 3662 2426 3716 nunquam
2475 3645 2642 3699 cadit.
2697 3646 2808 3698 Nec
2865 3649 3098 3697 cmteros
3149 3648 3371 3697 sanctos
3411 3643 3597 3696 abhis
3642 3643 3823 3696 virtu-

2126 3734 2280 3787 tibus
2301 3739 2486 3787 vestra
2516 3733 2759 3786 charitas
2791 3732 3027 3803 deputet
3056 3732 3268 3785 alienos
3300 3748 3444 3802 quos
3483 3747 3588 3800 pro
3631 3731 3822 3784 brevi-

2127 3827 2241 3876 tate
2272 3821 2548 3891 temporis
2579 3827 2636 3875 et
2675 3838 2779 3891 pro
2829 3837 3091 3874 sermone
3139 3825 3400 3890 suscepto
3450 3819 3531 3872 ita
3577 3824 3826 3889 printer—

2128 3909 2328 3964 missos
2359 3927 2476 3964 esse
2509 3909 2834 3980 cognoscite
2867 3914 2930 3962 ut
2956 3914 3149 3963 tamen
3199 3907 3514 3962 certissime
3542 3908 3821 3960 noveritis

2128 4015 2330 4052 omnes
2360 4015 2480 4052 esse
2512 3999 2568 4052 in
2604 3998 2825 4052 Christo
2856 4006 2913 4050 et
2943 3998 3000 4050 in
3032 3997 3298 4050 omnibus
3347 3996 3659 4050 Christum.
3709 3997 3816 4049 Sed

2119 4087 2242 4158 jam
2273 4087 2565 4140 videamus
2592 4085 3072 4158 quemadmodum
3099 4090 3322 4138 sanctus
3353 4085 3470 4137 Noe
3502 4085 3826 4154 possederit

2125 4181 2394 4229 virtutem
2458 4175 2751 4228 charitatis
2781 4191 2909 4245 qua:
2967 4173 3163 4227 omnia
3222 4174 3442 4226 tolerat.
3505 4172 3710 4226 Statim
3757 4189 3821 4224 ac

2124 4263 2219 4316 ille
2251 4265 2577 4318 admonitus
2603 4264 2729 4328 fuit,
2751 4263 3010 4332 confugit
3037 4263 3107 4317 ad
3139 4262 3357 4331 lignum
3397 4267 3454 4314 et
3484 4266 3613 4330 post
3657 4276 3820 4313 cam-

2123 4367 2329 4420 porum
2361 4367 2717 4404 amcenorum
2745 4351 2945 4404 faciem
2977 4356 3255 4419 angustus
3287 4365 3343 4402 se
3376 4347 3620 4402 recludit
3640 4364 3768 4402 arce
3798 4365 3810 4400 :

2121 4439 2324 4491 tolerat
2381 4437 2501 4490 haec
2553 4437 2866 4502 fremitum,
2909 4437 3158 4489 solutum
3205 4451 3488 4504 aquarum
3533 4435 3821 4504 fragorem

2123 4531 2181 4579 et
2209 4525 2560 4589 nimborum,
2595 4529 2651 4577 et
2679 4529 2806 4593 post
2835 4524 2941 4576 ista
2971 4521 3163 4576 omnia
3195 4522 3297 4592 qui
3326 4521 3543 4575 solebat
3565 4521 3820 4590 gaudere

2119 4613 2406 4666 consortio
2485 4613 2786 4666 hominum
2840 4611 3025 4665 socius
3089 4610 3512 4681 quodammodo
3573 4610 3823 4663 efﬁcitur

2119 4702 2475 4771 serpentium
2507 4717 2570 4753 ac
2599 4701 2870 4766 ferarum,
2900 4716 3004 4752 nec
3052 4699 3375 4768 expavescit
3415 4700 3499 4751 vir
3526 4698 3632 4751 iste
3659 4699 3814 4768 quod

2125 4805 2255 4842 cum
2287 4806 2353 4842 eo
2419 4789 2554 4842 fera:
2619 4788 2732 4842 sint
2795 4787 2856 4840 in
2907 4803 3057 4852 arca,
3110 4787 3234 4839 imo
3291 4785 3369 4839 ibi
3404 4786 3664 4854 agnoscit
3721 4803 3819 4840 or-

2127 4877 2320 4931 dinem
2371 4893 2538 4931 suum
2569 4875 2783 4942 feritas,
2827 4876 2961 4946 quia
3014 4892 3070 4928 se
3119 4873 3753 4943 cognovithumanitas,
3775 4879 3829 4927 et

2115 4965 2342 5036 jubenti
2378 4965 2599 5018 homini
2646 4964 2944 5029 obediunt,
2992 4963 3129 5033 quia
3189 4962 3485 5015 hominem
3538 4962 3826 5032 superiori

2121 5055 2360 5108 Domino
2425 5054 2654 5107 obedire
2719 5058 3090 5122 cognoscunt.
3153 5051 3453 5104 Ostensum
3496 5055 3584 5104 est
3619 5050 3678 5103 in
3715 5053 3826 5105 Noe

2120 5143 2276 5213 quod
2333 5142 2512 5196 Adam
2566 5147 2916 5210 praeceptum
2971 5139 3203 5194 Domini
3233 5139 3650 5192 contemnendo
3695 5155 3822 5208 per-

2119 5230 2350 5299 diderit,
2392 5235 2450 5284 et
2495 5231 2954 5283 demonstratum
3009 5233 3092 5282 est
3131 5243 3300 5298 posse
3351 5226 3619 5281 homines
3651 5228 3820 5280 etiam

2118 5318 2332 5384 bestiis,
2365 5324 2423 5372 et
2450 5318 2755 5383 dominari,
2787 5317 2833 5370 si
2865 5317 3111 5371 subdant
3139 5333 3196 5370 se
3231 5315 3572 5370 obedientiaa
3619 5316 3817 5368 condi-

2116 5407 2276 5459 toris.
2317 5407 2607 5476 Exspectat
2627 5411 2683 5458 et
2732 5406 2937 5458 tolerat
2997 5410 3225 5458 sanctus
3267 5404 3372 5457 iste
3429 5404 3605 5456 ﬁnem
3655 5403 3812 5456 dilu—

2117 5495 2214 5562 vii,
2265 5511 2369 5548 nee
2411 5501 2717 5566 antequam
2773 5494 3008 5547 ﬁniatur
3051 5508 3220 5546 causa
3265 5493 3515 5546 ferarum
3563 5508 3692 5546 arca
3721 5509 3811 5545 re-

2117 5583 2420 5654 linquitur.
2491 5584 2712 5637 Tolerat
2778 5583 2964 5638 bonus
3004 5583 3156 5636 mala
3183 5586 3240 5634 et
3300 5581 3481 5634 donec
3574 5581 3637 5634 in
3703 5582 3812 5634 ﬁne
