4004 6182
182 266 315 317 1129
1118 268 1326 323 LIBER
1370 271 1458 326 DE
1499 272 1823 334 QUATUOR
1866 275 2273 330 VIRTUTIBUS
2311 277 2743 332 CllARlTATIS.
3551 288 3680 338 1l30

172 388 346 443 etiam
404 404 639 459 corpore
675 394 1031 459 separentur,
1083 389 1233 444 intus
1265 407 1501 446 manens
1550 394 1717 448 corde
1748 411 1861 450 non
1902 399 1943 452 A
1982 396 2191 463 minus,
2222 400 2445 467 Accipe,
2478 396 2685 469 inquit,
2718 397 2893 468 ﬁlium
2935 404 3083 452 tuum
3117 399 3268 453 illum
3296 416 3449 468 quem
3495 403 3680 469 diligis

170 493 413 548 corpore
445 480 760 547 separatur.
805 476 859 531 Si
916 493 1027 547 qua
1058 494 1117 531 es
1160 478 1351 532 anima
1382 496 1508 550 quae
1543 482 1705 553 cupis
1736 500 1875 554 pos-
1991 488 2165 553 Isaac,
2197 494 2246 540 et
2272 488 2409 540 vade
2440 491 2495 540 in
2536 492 2731 541 terram
2763 489 3044 555 ercelsam,
3080 494 3128 542 et
3158 490 3344 557 offeres
3372 508 3488 545 eum
3530 492 3675 545 holo-

165 566 352 621 sidere
377 568 642 620 virtutem
664 566 956 620 charitatis
990 582 1117 636 quae
1142 568 1333 621 omnia
1360 568 1579 632 tolerat,
1613 571 1873 641 relinque
1990 579 2230 628 caustum
2280 579 2339 627 in
2387 592 2552 629 unum
2594 579 2853 630 montium
2900 592 3053 644 quem
3098 578 3286 632 dixero
3320 580 3438 632 tibi.
3488 581 3677 649 Neque

172 656 479 721 mundum,
509 656 749 724 confuge
778 655 845 709 ad
870 655 1050 708 crucis
1074 655 1326 725 lignum;
1358 673 1470 711 non
1499 664 1719 713 metuas
1745 677 1875 730 pro-
1989 663 2091 715 hac
2143 663 2377 733 quidem
2420 664 2671 734 jussione
2730 665 2995 718 turbatur
3034 669 3131 718 aut
3169 667 3455 736 frangitur
3484 683 3677 721 servus

171 745 341 797 cellas
372 750 429 797 et
455 743 717 797 turbines
749 743 918 813 hujus
954 744 1171 807 diluvii,
1198 761 1309 798 non
1335 748 1607 817 mergeris
1636 747 1683 801 si
1719 750 1876 820 ligno
1987 750 2187 804 fidelis.
2226 753 2399 805 Adest
2459 753 2611 806 enim
2671 752 2721 805 ei
2774 755 2948 805 virtus
2983 754 3269 807 charitatis
3320 772 3447 824 qua:
3483 756 3675 809 omnia

166 831 505 902 portaberis.
544 831 707 885 Novit
735 832 1055 901 gubernare
1089 833 1188 903 qui
1219 834 1485 903 dignatus
1522 841 1607 890 est
1630 853 1822 891 creare
1861 845 1871 880 ε
1986 839 2180 893 credit.
2233 840 2446 910 Surgit,
2499 841 2732 895 domum
2771 842 2974 911 pergit,
3011 842 3232 895 asinum
3264 844 3483 909 stravit,
3519 844 3666 914 ligna

169 924 402 974 tantum
424 920 765 974 absitvirtus
787 920 1078 974 charitatis
1103 937 1229 992 quin
1261 923 1454 976 omnia
1477 925 1876 994 tolerat,nulla
1984 926 2253 993 concidit,
2309 929 2565 997 gladium
2628 935 2684 983 et
2738 930 2927 999 ignem
2978 930 3171 996 sumit,
3218 947 3462 999 puerum
3505 932 3674 985 simul

174 1025 264 1062 res
296 1010 366 1062 ab
407 1025 534 1062 arce
567 1008 743 1063 solida
773 1013 826 1062 te
862 1008 1109 1075 divellat,
1138 1011 1622 1080 permanebonus
1653 1018 1707 1066 et
1733 1016 1874 1068 tole-
1984 1016 2213 1069 adducit
2271 1021 2325 1069 et
2373 1017 2562 1086 pergit
2606 1017 2674 1070 ad
2728 1018 2932 1071 locum.
2992 1019 3150 1071 Nunc
3200 1019 3453 1073 intentus
3494 1020 3673 1073 factus

179 1114 267 1151 res
292 1098 508 1163 malos;
544 1098 747 1151 melius
778 1103 860 1151 est
897 1098 1048 1151 enim
1083 1112 1142 1151 ut
1173 1098 1326 1152 intus
1357 1100 1578 1169 positus
1636 1108 1875 1172 prOpter
1985 1104 2135 1155 Isaac
2183 1108 2405 1173 patrem
2455 1104 2767 1173 interrogat
2821 1104 3033 1173 dicens,
3090 1108 3265 1170 Pater,
3308 1107 3404 1172 ait,
3441 1112 3497 1160 at
3553 1107 3669 1173 ille,

181 1187 367 1239 bonos
398 1186 606 1240 toleres
649 1185 846 1250 malos,
881 1202 1054 1255 quam
1085 1186 1219 1240 foris
1250 1188 1439 1242 exiens
1473 1196 1529 1242 et
1582 1205 1783 1260 pereas
1818 1200 1873 1246 et

176 1272 359 1327 bonos
389 1272 680 1344 relinquas
724 1278 779 1327 et
808 1274 1007 1328 malos.
1059 1274 1114 1328 Si
1142 1292 1277 1345 ergo
1309 1282 1443 1330 sunt
1472 1282 1661 1331 tecum
1714 1278 1867 1344 ferae,

165 1360 225 1414 id
259 1366 343 1414 est
402 1361 449 1413 si
504 1366 635 1415 sunt
692 1366 880 1415 tecum
937 1360 997 1414 in
1059 1362 1300 1417 Ecclesia
1349 1380 1520 1435 prava
1580 1365 1863 1428 docentes.

163 1449 310 1502 falsa
349 1450 677 1515 sentientes,
708 1449 963 1504 haeretici
994 1452 1081 1504 vel
1130 1452 1491 1519 schismatici,
1544 1459 1641 1507 aut
1695 1456 1865 1509 etiam

168 1537 280 1607 ipsi
330 1538 467 1591 mali
499 1537 780 1603 catholici,
823 1555 982 1592 more
1036 1540 1285 1593 ferarum
1337 1541 1555 1594 animas
1586 1542 1856 1597 devorare

161 1630 509 1696 quaerentes,
544 1627 821 1680 soleretur
850 1644 1031 1697 usque
1064 1627 1122 1681 in
1150 1628 1320 1682 ﬁnem
1354 1630 1546 1683 saeculi
1578 1635 1853 1702 tanquam

164 1715 342 1769 finem
376 1715 595 1768 diluvii.
634 1715 879 1786 Rugiant
912 1717 1055 1783 licet,
1089 1717 1336 1771 fremant
1366 1718 1654 1785 dentibus,
1690 1726 1857 1791 atque

157 1805 347 1874 ipsam
404 1820 593 1857 arcam
654 1804 1015 1875 confringere
1047 1810 1341 1859 conentur.
1402 1808 1524 1860 Non
1574 1823 1856 1878 pavescas,

164 1892 328 1945 ﬁnito
368 1892 581 1946 diluvio
612 1892 737 1945 illos
787 1893 968 1962 rapiet
1020 1892 1203 1947 inanis
1234 1898 1290 1947 et
1322 1894 1549 1964 spinosa
1580 1895 1737 1955 silva,
1774 1900 1855 1949 at-

159 1996 274 2050 que
315 1985 367 2033 te
398 1980 601 2033 fertilis
632 1980 899 2049 suscipiet
929 1984 1093 2033 terra.
1140 1983 1269 2034 Post
1305 1982 1478 2034 linem
1512 1984 1702 2036 saeculi
1738 1983 1853 2036 im-

160 2067 244 2136 pii
279 2068 574 2137 rapientur
616 2068 687 2122 ad
738 2069 986 2123 tenebras
1032 2072 1338 2136 exteriores,
1387 2071 1467 2123 ibi
1515 2075 1618 2125 erit
1663 2088 1856 2125 FLETUS

162 2172 223 2207 nr
274 2170 497 2209 srmoon
551 2155 810 2221 dentium,
853 2156 972 2226 pios
1029 2156 1294 2227 suscipiet
1332 2162 1483 2211 terra
1527 2159 1853 2213 viventium.

163 2243 306 2296 Nam
355 2248 412 2296 et
453 2243 574 2313 ipse
620 2248 844 2298 sanctus
880 2246 994 2299 Noe
1048 2250 1174 2315 post
1206 2245 1378 2299 tinem
1424 2246 1622 2300 diluvii
1650 2248 1855 2302 obtulit

159 2330 499 2385 sacriﬁcium
533 2333 669 2399 Deo,
703 2333 799 2387 sed
826 2333 895 2387 de
928 2318 1270 2387 animalibus
1301 2334 1531 2388 mundis
1561 2338 1615 2389 et
1644 2352 1758 2389 non
1784 2337 1852 2390 de

156 2418 492 2474 immundis.
521 2420 699 2475 Simul
732 2421 885 2475 enim
917 2426 973 2475 et
1013 2421 1228 2475 munda
1258 2426 1313 2475 et
1342 2422 1510 2476 etiam
1551 2422 1851 2479 immunda

158 2507 429 2562 animalia
479 2508 537 2562 in
593 2526 782 2563 arcam
826 2510 1038 2565 intrare
1067 2516 1412 2581 potuerunt;
1470 2512 1566 2565 sed
1600 2513 1749 2565 mala
1779 2514 1852 2567 ad

159 2596 503 2650 sacrificium
549 2598 647 2651 Dei
678 2614 792 2651 non
834 2604 1235 2668 pervenerunt.
1287 2599 1395 2653 Sed
1429 2600 1549 2669 jam
1584 2600 1717 2654 hinc
1747 2602 1848 2655 ali-

152 2684 387 2755 quando
432 2689 788 2740 transeamus
832 2693 885 2739 ut
918 2692 1123 2741 caetera
1156 2692 1507 2757 perscrutare
1536 2690 1843 2744 valeamus.

156 2773 435 2828 Procedat
469 2773 529 2826 in
590 2774 841 2828 medium
903 2778 1126 2829 sanctus
1155 2775 1251 2828 ille
1298 2775 1601 2841 Abraham,
1636 2780 1691 2830 et
1742 2794 1845 2831 suo

148 2877 258 2916 nos
288 2860 489 2914 doceat
510 2863 795 2931 possidere
819 2864 1080 2933 exemplo
1107 2863 1372 2917 virtutem
1403 2864 1692 2917 charitatis
1715 2881 1843 2935 quae

1983 1191 2128 1255 Quid
2156 1196 2252 1255 est,
2284 1193 2413 1259 ﬁli?
2474 1193 2535 1245 Et
2583 1192 2780 1246 ﬁlius:
2825 1193 2980 1259 Ecce,
3044 1193 3140 1257 ait,
3204 1196 3345 1262 ignis
3396 1200 3445 1247 et
3492 1194 3666 1262 ligna,

1978 1279 2073 1331 ubi
2119 1284 2195 1332 est
2244 1282 2359 1333 ovis
2409 1296 2571 1347 quam
2619 1282 2994 1334 immolaturus
3041 1296 3092 1333 es
3138 1281 3210 1333 ad
3253 1283 3665 1336 holocaustum?

1980 1366 2043 1419 Et
2102 1371 2266 1437 pater
2319 1367 2613 1437 respondit
2655 1386 2665 1421 :
2709 1371 2845 1423 Deus
2900 1369 3205 1437 providebit
3257 1370 3365 1423 sibi
3417 1386 3559 1423 ouem
3596 1371 3669 1422 ad

1976 1454 2315 1523 sacrificium
2367 1456 2465 1523 ﬁli.
2514 1456 2779 1525 Magnum
2829 1456 2935 1510 hoc
2984 1462 3040 1509 et
3108 1456 3321 1526 grande
3372 1456 3532 1510 video
3584 1472 3668 1509 sa-

1975 1547 2366 1595 cramentum:
2440 1542 2594 1596 aliud
2661 1544 2947 1596 Abraham
3033 1544 3201 1597 corde
3270 1545 3530 1614 gestabat
3610 1549 3663 1597 et

1978 1629 2133 1683 aliud
2166 1629 2283 1683 filio
2326 1630 2714 1699 promittebat,
2750 1632 2849 1684 sed
2894 1648 3080 1701 neque
3130 1648 3257 1702 quae
3303 1633 3667 1703 promittebat

1980 1717 2162 1771 filium
2212 1718 2501 1784 fallebant,
2537 1735 2721 1789 neque
2775 1720 2965 1790 aliqua
2994 1719 3321 1789 {inﬁrmitas
3354 1737 3452 1774 cor
3481 1722 3603 1790 ejus
3634 1738 3665 1772 a

1976 1806 2267 1876 proposito
2302 1806 2722 1860 immutaverat.
2748 1806 2890 1870 Quid
2925 1807 3134 1874 plura?
3161 1807 3349 1877 pergit
3378 1808 3547 1873 viam,
3581 1806 3663 1859 vi—

1973 1895 2067 1948 det
2091 1896 2277 1948 locum
2326 1896 2392 1948 de
2442 1895 2611 1965 longe
2662 1899 2716 1948 et
2748 1898 3001 1949 statuens
3030 1911 3240 1965 pueros
3268 1911 3399 1949 suos
3448 1894 3549 1963 ibi,
3581 1894 3659 1947 eis

1971 1983 2105 2036 talia
2126 1983 2300 2037 verba
2332 1983 2548 2053 profert
2579 1982 2771 2037 dicens
2806 2000 2817 2038 :
2856 1983 3041 2038 Sedete
3072 1986 3154 2038 hic
3202 1999 3320 2038 cum
3359 1986 3531 2049 asino,
3567 2000 3660 2049 ego

1969 2074 2146 2123 autem
2175 2074 2223 2123 et
2250 2085 2387 2138 puer
2405 2070 2601 2125 ibimus
2630 2086 2798 2139 usque
2820 2072 2970 2139 illuc,
3003 2076 3054 2125 et
3080 2087 3197 2125 cum
3228 2071 3657 2136 adorarerimus,

1968 2163 2296 2211 revertemur
2325 2158 2398 2211 ad
2435 2172 2541 2212 vos.
2574 2158 2617 2212 Ο
2641 2162 2830 2212 sancte
2863 2159 3169 2221 Abraham,
3203 2159 3339 2229 quid
3381 2164 3464 2212 est
3504 2159 3655 2229 quod

1967 2245 2125 2310 dicis,
2156 2261 2286 2299 cum
2304 2246 2457 2300 aliud
2476 2245 2581 2299 tibi
2602 2246 2670 2300 de
2688 2263 2867 2316 puero
2892 2247 3203 2317 gerendum
3220 2247 3337 2300 sit?
3370 2246 3660 2317 Numquid

1967 2339 2065 2387 aut
2097 2340 2175 2402 te,
2209 2338 2307 2387 aut
2330 2339 2456 2387 tuos
2486 2334 2673 2388 fallis?
2698 2335 2844 2401 Non,
2869 2334 3073 2405 inquit,
3108 2335 3204 2389 sed
3242 2335 3393 2406 quod
3418 2335 3659 2405 prophe-

1964 2424 2069 2475 tice
2102 2424 2183 2475 vel
2220 2422 2343 2476 dico
2373 2423 2459 2476 vel
2492 2438 2628 2492 gero
2669 2422 2849 2476 virtus
2879 2424 3170 2477 charitatis
3202 2430 3281 2478 est
3316 2425 3373 2477 in
3406 2440 3495 2478 me
3524 2440 3651 2477 ma-

1962 2527 2105 2564 nens
2137 2526 2262 2581 quae
2294 2511 2485 2563 omnia
2534 2511 2714 2565 credit
2752 2516 2808 2565 et
2835 2511 2965 2565 facit
2998 2516 3052 2565 et
3082 2512 3235 2565 dicit.
3290 2512 3470 2566 Audio
3497 2512 3650 2566 enim

1962 2616 2087 2652 eam
2123 2600 2241 2651 sine
2270 2598 2510 2668 strepitu
2542 2598 2691 2651 vocis
2722 2598 2875 2651 intus
2908 2600 2975 2653 ad
3010 2616 3102 2651 cor
3136 2600 3461 2669 loquentem
3495 2604 3551 2653 et
3572 2600 3651 2653 di-

1961 2692 2180 2741 centem
2219 2687 2359 2739 mihi
2387 2688 2494 2739 :Tu
2525 2685 2754 2755 quidem
2780 2686 2910 2738 licet
2934 2691 3382 2739 resurrecturum
3413 2685 3651 2737 credens

1958 2777 2127 2846 pleno
2167 2781 2223 2830 et
2258 2776 2507 2847 perfecto
2543 2780 2672 2828 voto
2714 2790 2955 2845 puerum
2998 2775 3168 2827 ducas
3208 2774 3646 2837 immolandum,

1958 2864 2107 2918 filius
2128 2870 2259 2919 tuus
2287 2865 2346 2917 in
2380 2863 2486 2916 isto
2517 2863 2802 2918 Sacrificio
2836 2879 2949 2916 non
2982 2862 3348 2923 cremabitur,
3383 2862 3515 2932 quia
3562 2879 3646 2915 re-

146 2950 345 3005 omnia
374 2950 590 3017 credit;
628 2953 725 3021 qui
771 2968 881 3005 non
914 2955 997 3004 est
1045 2956 1336 3005 cunctatus
1368 2952 1437 3006 ad
1471 2968 1646 3006 unam
1677 2969 1841 3007 voca-
1874 2964 1912 3017 (ζ
1954 2953 2227 3006 surrectio
2258 2952 2354 3006 Dei
2406 2953 2542 3005 Filio
2574 2956 2915 3005 reservatur.
2954 2950 3147 3005 Merito
3208 2951 3377 3019 hujus
3431 2950 3537 3004 viri
3576 2952 3642 3004 ti-

140 3041 364 3097 tionem
390 3038 714 3110 relinquere
735 3040 1001 3110 patriam,
1026 3039 1240 3104 sedem,
1266 3040 1521 3109 domum,
1544 3040 1838 3095 familiam.

142 3129 352 3185 Omnia
382 3130 785 3200 relinquuntur
809 3131 867 3181 ut
898 3127 1136 3182 Domino
1170 3127 1525 3198 praecipienti
1548 3133 1837 3198 pareatur.

141 3221 278 3286 Emi,
328 3219 518 3290 inquit
555 3220 723 3283 Deus,
756 3218 821 3269 de
856 3218 1171 3283 coynatione
1204 3221 1295 3269 tua
1326 3222 1373 3270 et
1422 3216 1487 3270 de
1541 3217 1696 3271 domo
1747 3223 1841 3271 tua

140 3313 194 3361 et
224 3311 349 3362 veni
376 3312 432 3362 in
461 3314 661 3363 terram
689 3322 1079 3375 quamcumque
1113 3306 1389 3360 ostendero
1410 3306 1529 3360 tibi.
1556 3307 1664 3360 Nec
1691 3308 1841 3378 apud

141 3412 206 3450 se
239 3397 509 3468 cogitavit
539 3396 643 3451 iste
690 3398 914 3449 sanctus
961 3400 1017 3447 et
1047 3393 1208 3457 dixit,
1266 3393 1388 3457 Quo
1432 3392 1593 3447 eam?
1628 3395 1719 3447 cui
1752 3412 1839 3449 me

147 3486 505 3539 committam
526 3487 554 3539 ?
576 3484 635 3538 in
665 3499 838 3554 quam
898 3487 1107 3536 terram
1139 3482 1339 3536 vadam
1361 3482 1386 3534 ‘l
1425 3481 1533 3536 Sed
1567 3486 1631 3535 ut
1660 3482 1837 3544 audit,

150 3574 360 3643 surgit,
389 3574 585 3638 currit,
620 3571 871 3638 festinat,
905 3571 1210 3637 accelerat;
1260 3574 1471 3623 terram
1503 3569 1841 3640 promissam

142 3678 265 3716 non
296 3662 464 3729 videt,
499 3663 595 3715 sed
628 3659 914 3715 credendo
957 3675 1081 3712 eam
1113 3657 1354 3712 ﬁrmiter
1383 3657 1603 3713 retinet.
1638 3658 1841 3712 Ambu-

140 3752 225 3804 lat
246 3756 396 3805 recto
423 3749 648 3814 itinere,
684 3764 786 3801 nec
813 3746 1209 3801 oberrantibus
1237 3745 1489 3817 vestigiis
1504 3745 1640 3800 alibi
1669 3763 1840 3816 quam

144 3838 348 3893 debuit
378 3836 698 3903 declinavit,
737 3835 874 3905 quia
919 3834 1017 3905 qui
1056 3850 1187 3887 eum
1236 3834 1304 3887 ad
1338 3834 1594 3903 ignotam
1626 3838 1839 3888 terram

139 3928 431 3993 mittebat,
466 3926 603 3997 ipse,
641 3925 900 3995 inquam,
934 3922 1033 3993 qui
1089 3922 1373 3983 mittebat,
1414 3937 1526 3975 non
1590 3921 1837 3975 dimitte-

142 4018 263 4085 bat,
314 4031 418 4071 nec
449 4031 579 4069 eum
612 4014 735 4084 ipse
762 4013 981 4067 fefellit.
1016 4010 1292 4066 Redditur
1324 4026 1535 4064 merces
1562 4010 1836 4077 credenti,

139 4106 215 4160 ad
248 4110 458 4160 terram
492 4102 771 4175 pervenit,
807 4101 1096 4165 dilatatur,
1121 4098 1553 4168 multiplicatur,
1589 4115 1655 4151 ex
1696 4115 1835 4168 pau-

134 4210 278 4265 pere
300 4194 545 4247 efﬁcitur
576 4192 751 4257 dives,
780 4206 848 4244 ex
878 4187 1117 4259 ignobili
1143 4192 1365 4258 potens,
1400 4186 1611 4241 ditatur
1645 4186 1833 4239 omni-

1953 3041 2079 3095 dem
2112 3040 2351 3094 Iacobus
2394 3041 2680 3111 apostolus
2727 3054 3179 3093 commemorans
3229 3038 3307 3091 ait
3340 3054 3353 3091 :
3390 3038 3646 3093 Credidit

1952 3129 2234 3183 Abraham
2281 3132 2383 3182 Deo
2420 3134 2469 3181 et
2516 3133 2825 3197 reputatum
2894 3131 2970 3181 est
3017 3127 3101 3180 illi
3140 3126 3213 3179 ad
3261 3127 3539 3195 justitiam
3589 3130 3645 3178 et

1952 3218 2169 3271 amicus
2202 3217 2300 3271 Dei
2330 3216 2650 3287 appellatus
2700 3220 2803 3270 est.
2838 3215 3061 3268 Amicos
3096 3220 3160 3266 ut
3216 3214 3477 3267 novimus
3508 3229 3640 3266 con-

1948 3305 2166 3376 junctio
2197 3308 2522 3359 animorum
2555 3304 2703 3358 facit.
2743 3304 2899 3357 Unde
2932 3302 3165 3373 quidam
3216 3301 3437 3371 sapiens
3466 3302 3637 3370 hujus

1953 3393 2155 3447 mundi
2187 3393 2310 3446 ait:
2353 3394 2493 3446 Velle
2554 3397 2713 3461 atque
2758 3391 2898 3444 idem
2940 3391 3076 3445 nolle
3121 3406 3181 3443 ea
3228 3390 3438 3443 demum
3485 3392 3646 3458 ﬁrma

1950 3484 2195 3535 amicitia
2242 3485 2336 3533 est.
2404 3481 2544 3549 Ergo
2587 3479 2818 3541 amicos,
2861 3484 2923 3532 ut
2975 3479 3258 3543 novimus,
3320 3478 3646 3547 conjunctio

1951 3569 2275 3623 animorum
2308 3568 2439 3621 facit
2474 3584 2485 3619 :
2536 3566 3023 3637 quemadmodum
3056 3571 3246 3619 autem
3280 3566 3383 3618 iste
3414 3570 3639 3619 sanctus

1950 3657 2308 3728 conjunxerit
2338 3657 2592 3709 animum
2629 3656 2764 3721 Deo,
2799 3661 2859 3708 ut
2890 3656 3009 3724 ejus
3049 3656 3264 3708 amicus
3314 3655 3639 3725 appellare-

1947 3750 2040 3800 tur
2064 3746 2223 3816 juvat
2256 3761 2437 3799 nosse.
2493 3744 2646 3797 Sicut
2679 3743 2831 3796 enim
2886 3744 3035 3796 Deus
3092 3744 3253 3796 Pater
3280 3742 3449 3795 unico
3499 3742 3639 3795 Filio

1948 3850 2061 3888 non
2098 3833 2371 3904 pepercit,
2408 3832 2485 3885 sic
2519 3832 2755 3902 jubente
2790 3832 2905 3884 Deo
2937 3834 2995 3883 ut
3046 3830 3441 3883 immolaretur
3484 3829 3535 3882 ei
3567 3829 3641 3883 fi-

1949 3922 2056 3975 lius
2088 3937 2259 3992 quem
2307 3921 2541 3975 dederat
2586 3920 2687 3986 illi,
2738 3920 2939 3973 devoto
2972 3918 3017 3970 is
3058 3917 3225 3971 corde
3256 3917 3462 3971 obtulit
3483 3933 3635 3972 eum.

1947 4010 2055 4065 Sed
2078 4027 2206 4081 qua:
2242 4014 2559 4080 sequuntur
2588 4008 2908 4071 videamus;
2937 4007 3180 4061 delectat
3213 4007 3363 4059 enim
3398 4022 3499 4059 nos
3538 4006 3636 4059 ad-

1941 4098 2175 4168 juvante
2210 4097 2451 4151 Domino
2480 4096 2651 4165 hujus
2674 4094 2925 4148 historice
2947 4093 3179 4163 plenam
3210 4093 3368 4146 vobis
3402 4093 3637 4145 reddere

1948 4186 2261 4240 notionem.
2296 4187 2605 4255 Postquam
2638 4183 2846 4236 relictis
2878 4182 3068 4253 pueris
3100 4182 3170 4235 ad
3206 4183 3391 4234 locum
3426 4181 3635 4235 sacrifi-

134 4283 248 4337 bus
278 4281 444 4335 bonis
468 4287 523 4335 et
545 4280 605 4334 in
636 4281 733 4333 illo
765 4278 1037 4348 impletur
1058 4276 1209 4347 quod
1247 4274 1521 4329 Dominus
1576 4274 1633 4327 in
1666 4276 1835 4327 Evan-
1869 4290 1908 4341 ι)
1949 4274 2021 4327 cii
2060 4280 2220 4344 pater
2242 4290 2370 4327 cum
2397 4273 2515 4327 tilio
2550 4273 2723 4338 venit,
2758 4286 2915 4324 aram
2940 4270 3251 4332 constituit,
3296 4270 3449 4338 ligna
3479 4286 3635 4321 com-

136 4371 295 4441 gelio
327 4370 443 4422 suis
474 4366 765 4437 discipulis
797 4364 1057 4437 promisit
1088 4363 1315 4418 dicens:
1352 4365 1412 4418 Si
1455 4365 1575 4431 quis
1610 4362 1835 4416 dimise-

132 4462 215 4513 rit
239 4458 454 4512 domum
484 4461 579 4511 aut
619 4471 812 4523 agrum
843 4460 939 4508 aut
965 4458 1216 4523 parentes
1243 4466 1409 4505 causa
1446 4454 1679 4505 nominis
1714 4455 1834 4517 mei,

133 4552 197 4601 in
232 4548 332 4601 hac
364 4550 477 4600 vita
507 4546 813 4613 centuplum
843 4545 1071 4611 accipiet
1111 4544 1159 4595 ei
1196 4544 1251 4594 in
1301 4542 1487 4605 futuro
1533 4540 1722 4593 sacculo
1756 4542 1834 4592 vi-

138 4644 259 4693 tam
299 4638 649 4704 consequetur
698 4639 975 4687 aeternam.
1037 4630 1370 4685 Cumulatur
1425 4629 1610 4684 adhuc
1668 4628 1838 4698 hujus

132 4726 540 4788 ﬁdeimerces,
597 4726 652 4775 et
704 4721 825 4775 seni
883 4718 1240 4791 promittitur
1304 4716 1473 4771 filius.
1536 4717 1708 4771 Adest
1757 4716 1837 4768 illi

130 4815 324 4868 virtus
360 4810 650 4867 charitatis
708 4825 836 4879 qua:
882 4807 1077 4861 omnia
1126 4806 1343 4872 credit;
1394 4804 1573 4873 audit,
1607 4804 1837 4869 exultat,

133 4901 390 4972 amplius
436 4900 645 4970 diligit,
702 4898 938 4968 suscipit
996 4896 1178 4950 tilium
1234 4896 1302 4949 de
1359 4894 1601 4964 conjuge
1636 4892 1833 4951 sterili,

132 5006 316 5062 quam
350 5005 445 5061 spe
475 4987 738 5059 pariendi
768 4986 1095 5041 destitutam
1127 4983 1391 5037 sterilitas
1436 4987 1686 5051 (Plusque
1710 4981 1832 5051 jam

125 5080 369 5140 fecerat,
405 5082 573 5148 atque
600 5076 658 5129 in
686 5075 785 5129 illo
816 5073 1275 5128 benedictionem
1296 5072 1552 5125 omnium
1580 5072 1837 5138 gentium

122 5166 479 5238 promissam
512 5163 839 5219 firmissime
871 5167 1062 5227 tenet;
1087 5161 1185 5215 sed
1213 5160 1397 5215 adhuc
1427 5175 1557 5213 eum
1593 5158 1838 5213 charitas

124 5254 342 5326 probat
392 5253 812 5323 probatumque
844 5249 1212 5304 commendat
1242 5252 1297 5301 et
1346 5244 1834 5317 quemadmodum

136 5342 290 5397 nihil
347 5341 461 5395 Deo
513 5340 779 5409 prmferat
823 5337 1107 5409 posterius
1141 5340 1439 5390 monstrat.
1484 5334 1657 5387 Vocat
1703 5350 1833 5386 eum

130 5430 416 5484 Dominus
446 5429 514 5482 de
542 5428 681 5482 cmlo
716 5427 910 5481 dicens
944 5442 954 5480 :
991 5427 1298 5489 Abraham,
1331 5423 1627 5483 Abraham,
1664 5426 1718 5474 et
1742 5420 1835 5473 ille

131 5526 419 5589 tanquam
464 5532 654 5570 servus
703 5516 995 5579 obediens,
1048 5518 1175 5569 Ecce
1214 5513 1427 5577 adsum,
1475 5510 1568 5575 ait,
1615 5513 1668 5562 et
1725 5510 1832 5563 Do-

500 5625 771 5689 Pnaon
823 5622 1065 5688 XLVII.

1948 4363 2157 4431 posuit,
2190 4362 2425 4432 deponit
2456 4362 2704 4415 humana
2738 4364 2990 4430 paternae
3021 4358 3246 4430 pietatis
3278 4358 3508 4422 indicia,
3543 4357 3637 4410 in-

1949 4450 2145 4504 duitur
2196 4450 2510 4503 sacerdotis
2554 4450 2760 4503 devota
2785 4447 3124 4507 constantia,
3160 4446 3349 4500 educit
3380 4446 3635 4515 gladium

1946 4544 2010 4592 ut
2040 4539 2285 4608 perimat
2320 4538 2521 4591 tilium.
2554 4537 2700 4600 Quid
2738 4536 2895 4589 vobis
2930 4536 3176 4603 videtur,
3210 4534 3406 4588 fratres
3430 4537 3457 4586 ‘l
3488 4534 3635 4587 Nihil

1945 4627 2037 4680 hic
2059 4627 2335 4679 sentimus
2366 4626 2682 4678 humanum
2716 4640 2726 4677 :
2762 4624 2877 4676 imo
2908 4627 3097 4677 totum
3132 4622 3525 4692 cognoscimus
3558 4622 3635 4674 di-

1946 4715 2138 4767 vinum
2168 4733 2179 4777 ;
2224 4713 2320 4766 sed
2355 4718 2409 4765 et
2440 4713 2533 4764 ille
2556 4711 2706 4763 filius
2734 4711 2831 4782 qui
2865 4711 3041 4781 paulo
3068 4714 3197 4763 ante
3229 4725 3390 4763 ovem
3445 4710 3637 4779 requi-

1947 4802 2123 4864 rebat,
2154 4802 2258 4855 sub
2303 4799 2522 4870 ingenti
2555 4799 2781 4853 silentio
2816 4800 2950 4853 talia
2982 4800 3040 4852 in
3085 4816 3141 4852 se
3177 4798 3295 4852 fieri
3331 4798 3628 4861 sentiebat,

1946 4894 2001 4941 et
2033 4887 2111 4941 ita
2140 4888 2361 4957 patiens
2394 4886 2699 4949 invenitur,
2732 4894 3007 4955 tanquam
3035 4887 3153 4954 jam
3187 4885 3278 4937 ille
3334 4888 3503 4949 esset,
3538 4884 3635 4953 qui

1946 4975 2088 5028 sicut
2118 4974 2234 5027 ovis
2265 4975 2335 5028 ad
2372 4974 2786 5027 immolandum
2838 4974 3039 5027 ductus
3090 4978 3207 5038 est;
3252 4978 3307 5025 et
3362 4977 3633 5041 tanquam

1946 5079 2124 5135 agnus
2154 5066 2367 5131 :coram
2416 5062 2686 5115 tondente
2731 5079 2788 5115 se
2822 5062 2940 5115 sine
2973 5078 3129 5126 voce,
3166 5063 3244 5115 sic
3275 5077 3387 5114 non
3416 5061 3638 5131 aperuit

1946 5170 2007 5206 os
2039 5167 2225 5207 suum.
2258 5152 2300 5206 Ο
2332 5158 2386 5205 et
2416 5157 2497 5217 tu,
2532 5156 2721 5205 sancte
2767 5152 2942 5217 Isaac,
3002 5150 3191 5204 indica
3230 5150 3394 5203 nobis
3426 5150 3633 5204 silentii

1945 5242 2115 5309 hujus
2142 5245 2258 5295 tam
2307 5239 2525 5311 grande
2558 5244 2857 5293 secretum.
2915 5239 3087 5292 Paulo
3126 5244 3255 5292 ante
3288 5238 3429 5293 nihil
3489 5241 3547 5293 in
3582 5245 3635 5293 te

1945 5330 2068 5386 ﬁeri
2102 5329 2407 5391 sentiebas,
2441 5332 2495 5379 et
2524 5344 2555 5379 a
2585 5334 2746 5396 patre
2791 5328 3026 5380 arietem
3076 5327 3440 5397 requirebas;
3482 5344 3635 5381 nunc

1946 5425 2137 5473 autem
2196 5417 2459 5471 manibus
2516 5416 2726 5485 ligaris,
2790 5416 2847 5468 in
2890 5430 3047 5469 aram
3099 5416 3428 5485 imponeris,
3476 5418 3634 5487 ligno

1948 5506 2369 5580 quodammodo
2402 5503 2762 5574 suspenderis
2792 5509 2846 5557 ct
2891 5503 3057 5557 modo
3092 5504 3276 5556 taces?
3307 5504 3507 5569 Taceo,
3541 5503 3635 5556 in-

3242 5616 3323 5673 36
