4004 6182
373 271 497 322 H31

1389 255 1941 313 SUPPLEMENTUM
1982 255 2069 307 AD
2107 252 2340 308 OPERA
2380 252 2432 304 S.
2477 249 2863 305 AUGUSTINI.

3743 250 3853 300 H32

366 390 509 461 quit.
551 387 648 442 Dic
699 402 895 457 quare,
942 386 1172 438 obsecro
1229 382 1574 435 noverimus.
1627 379 1804 432 Vultis
1863 392 2049 438 nosse,
2091 382 2131 432 Α
2163 373 2238 428 cit
2270 391 2281 428 :
2319 374 2483 429 Credo
2506 373 2687 427 uidere
2740 372 2876 426 bona
2910 371 3120 425 Domini
3148 374 3202 424 in
3235 377 3384 426 terra
3414 374 3738 425 viventium.
3771 372 3848 424 131-

365 480 464 544 ait,
493 493 670 548 quare
713 475 880 528 modo
905 479 1058 526 taceo
1082 473 1109 527 ?
1141 471 1282 534 Quia
1311 470 1554 537 ﬁguram
1583 468 1735 521 illitis
1769 470 1927 538 gesto
1952 464 2051 535 qui

363 567 655 620 voluntate
701 563 863 634 ponit
908 561 1157 615 animam
1201 574 1382 620 suam,
1435 573 1550 610 nou
1603 555 1952 608 necessitate.
1989 552 2050 604 In

364 654 470 708 hoc
526 657 642 706 tam
699 649 903 721 grandi
968 653 1022 703 et
1077 647 1314 718 mystico
1377 649 1732 699 sacramento
1804 641 1938 696 ﬁdei
1999 643 2053 691 et

364 741 650 795 Abraham
706 742 929 792 sanctus
995 736 1262 806 apparuit
1332 734 1623 804 probatus,
1679 737 1736 786 et
1783 729 1936 785 iilius
1993 730 2050 782 in

361 828 629 899 praesenti
668 831 751 880 est
788 827 1074 880 liberatus.
1121 825 1178 877 Si
1219 840 1331 893 qua
1366 839 1426 876 es
1477 822 1666 875 anima
1713 835 1841 890 qua:
1893 818 2051 888 cupis

361 914 522 984 sequi
567 912 802 983 vestigia
853 912 987 967 ﬁdei
1038 913 1214 982 patris
1269 910 1446 963 nostri
1501 909 1808 969 Abraham,
1862 906 1951 960 exi
1981 906 2051 958 de

355 1006 505 1056 terra
530 1007 627 1054 tua
649 1006 706 1054 et
729 1003 1064 1070 cognatione
1097 1005 1194 1053 tua
1224 1016 1235 1052 :
1272 999 1529 1068 relinque
1552 997 1830 1067 populum
1855 999 2043 1057 tuum,

358 1097 413 1144 et
444 1091 680 1144 domum
742 1091 919 1159 patris
969 1089 1074 1155 tui,
1131 1088 1186 1140 id
1238 1092 1320 1140 est
1371 1086 1613 1139 fideliter
1641 1082 1903 1136 renuntia
1930 1082 2048 1136 dia-

361 1180 516 1244 bolo,
550 1179 773 1248 pompis
806 1179 930 1248 ejus
969 1183 1024 1231 et
1070 1176 1288 1246 angelis
1349 1176 1488 1244 ejus,
1524 1179 1580 1227 et
1637 1187 1873 1241 sequere
1903 1172 2051 1223 viam

364 1273 579 1320 rectam
618 1282 746 1336 quae
771 1271 822 1318 te
854 1265 1127 1335 perducat
1165 1265 1228 1317 ad
1265 1269 1474 1317 terram
1507 1263 1563 1315 in
1593 1277 1704 1331 qua
1729 1261 1965 1314 ditescas
1997 1265 2051 1312 et

365 1355 615 1408 emineas
667 1359 721 1407 et
769 1353 1030 1406 efticiaris
1071 1352 1252 1405 socius
1297 1351 1554 1404 Abrahae.
1596 1349 1703 1402 Sed
1756 1364 1886 1401 cum
1945 1347 2051 1400 ista

363 1443 557 1495 omnia
587 1440 808 1507 feceris,
849 1439 896 1493 si
945 1439 1117 1493 virtus
1159 1439 1446 1492 charitatis
1487 1453 1614 1507 quae
1648 1435 1840 1488 omnia
1872 1434 2051 1487 credit

363 1534 446 1583 est
472 1530 530 1582 in
560 1535 634 1595 te,
667 1529 848 1582 adhuc
873 1528 1114 1581 tentabit
1140 1533 1194 1581 te
1227 1532 1283 1580 et
1313 1527 1614 1596 probatum
1642 1523 1940 1578 coronabit
1971 1528 2046 1586 te,

362 1617 573 1687 expetit
602 1633 634 1670 a
664 1622 716 1670 te
749 1617 1086 1669 sacrificium
1118 1615 1309 1669 dilecti
1343 1614 1445 1668 tui.
1479 1613 1627 1677 Quid
1662 1617 1772 1666 ate
1804 1611 2046 1680 expetit?
2083 1653 2122 1707 Β

360 1706 518 1769 Quod
552 1705 836 1759 Abraham
868 1704 951 1759 illi
985 1703 1199 1758 dictum
1231 1709 1314 1757 est
1347 1720 1358 1756 :
1401 1705 1476 1755 Da
1506 1702 1647 1755 mihi
1681 1700 2046 1770 unigenitum

363 1795 637 1848 dilectum
667 1798 849 1847 tuum.
884 1793 1008 1846 Tibi
1040 1792 1176 1846 dicit
1196 1792 1493 1862 sapientia,
1524 1791 1602 1844 Da
1633 1789 1796 1855 mihi,
1831 1787 1934 1851 iiIi,
1957 1802 2052 1839 cor

357 1887 540 1941 tuum,
585 1882 703 1950 ipse
736 1887 819 1934 est
863 1881 1099 1935 dilectus
1150 1880 1386 1945 unicus;
1427 1879 1563 1949 quid
1615 1876 1820 1931 metuis
1847 1876 2049 1930 offerre

360 1984 457 2021 cor
488 1975 649 2022 tuum
670 1968 698 2021 ἶν’
729 1967 880 2021 Οίΐυτ
918 1967 1259 2021 sacriﬁcium
1290 1965 1688 2019 contritionem
1729 1962 1910 2016 cordis
1941 1963 2048 2015 Do-

358 2057 514 2109 mino
557 2058 670 2110 Deo
701 2059 820 2118 tuo,
865 2059 921 2108 et
955 2055 1042 2108 dic
1085 2070 1212 2107 cum
1246 2054 1542 2124 propheta,
1578 2053 1912 2106 Hotocaustis
1945 2066 2051 2104 non

356 2144 720 2198 delectaberis.
773 2144 1111 2210 Sacriﬁcium
1166 2143 1276 2196 Deo
1329 2144 1564 2210 Spiritus
1635 2140 2046 2203 contribulatus,

358 2246 447 2284 cor
468 2234 759 2284 contritum
795 2235 844 2284 et
867 2230 1229 2295 humiliatum,
1254 2231 1416 2293 Deus,
1440 2243 1547 2281 non
1573 2227 1851 2295 despicies.
1898 2226 2049 2279 Nihil

361 2322 580 2370 metuas
610 2317 711 2371 tali
740 2316 1018 2370 sacriﬁcio
1046 2317 1255 2380 oblato,
1291 2321 1345 2368 et
1375 2316 1478 2369 tibi
1512 2319 1804 2384 acceptum
1837 2313 1966 2377 erit,
1996 2319 2052 2366 et

362 2407 516 2478 quod
551 2405 823 2460 obtuleris
850 2404 1139 2474 integrum
1159 2403 1538 2474 permanebit.
1565 2403 1749 2458 Aliam
1781 2401 2048 2456 viitutcm

361 2494 654 2549 charitatis
684 2510 813 2564 quae
845 2493 1039 2548 omnia
1087 2495 1318 2563 superat
1350 2491 1534 2562 placet
1564 2506 1713 2544 nunc
1747 2489 2044 2560 inspicere,

358 2599 530 2653 quam
565 2583 824 2653 superius
854 2581 1036 2652 {plebi
1089 2581 1258 2635 Israel
1316 2585 1372 2634 et
1415 2579 1675 2649 patribus
1721 2577 1927 2633 nostris
1960 2595 2046 2630 as-

360 2671 612 2741 signasse
645 2669 1062 2740 cognoscimus.
1121 2669 1251 2738 Ejus
1282 2683 1533 2738 namque
1576 2667 1801 2721 virtutis
1828 2683 1930 2720 vox
1965 2671 2047 2721 est

355 2759 416 2813 in
442 2774 608 2813 versu
633 2758 730 2811 illo
753 2757 1085 2828 prophetico
1119 2773 1132 2809 :
1166 2757 1227 2810 In
1269 2760 1318 2810 te
1348 2761 1698 2824 speraverunt
1734 2759 1919 2823 patres
1952 2770 2047 2808 no—

357 2849 480 2912 stri,
514 2851 866 2916 speraverant
895 2850 944 2900 et
990 2845 1235 2900 liberasti
1273 2859 1373 2898 eos.
1429 2845 1492 2898 Et
1534 2844 1643 2914 ipsi
1691 2860 1757 2897 ex
1808 2846 2044 2914 Egypto

2161 463 2301 516 tima
2326 462 2500 516 virtus
2530 460 2817 515 charitatis
2851 464 3028 514 restat
3073 476 3201 530 quae
3261 461 3459 514 omnia
3505 460 3771 519 sustinet,
3811 471 3852 512 ei

2160 567 2458 623 nunquam
2500 550 2665 605 cadit.
2699 551 2851 603 Hanc
2887 548 2994 618 ipsi
3025 549 3199 619 capiti
3230 554 3428 602 nostro
3457 548 3711 602 Domino
3739 549 3853 601 Jesu

2162 641 2385 696 Christo
2417 639 2717 693 convenire
2749 638 3028 701 novimus,
3069 645 3126 691 et
3160 637 3288 690 ideo
3340 637 3399 690 in
3450 637 3661 690 ultimo
3693 637 3851 706 poni-

2160 733 2274 798 tur,
2305 731 2561 798 quoniam
2608 729 2734 794 ﬁnis
2789 727 2921 794 legis
2954 731 3032 779 est
3079 726 3346 780 Christus.
3392 725 3623 789 Quanta
3671 729 3851 778 autem

2161 817 2281 888 ipse
2339 833 2441 886 pro
2497 816 2662 869 nobis
2712 814 2983 868 sustinuit
3034 819 3174 883 puto
3224 813 3560 867 charitatem
3611 818 3848 866 vestram

2165 905 2433 976 ignorare
2467 920 2582 958 non
2615 919 2798 973 posse.
2828 904 3043 956 Tamen
3077 903 3284 956 exinde
3320 901 3538 972 aliquid
3580 901 3790 965 dicam,
3812 906 3852 954 si

2158 996 2350 1046 tamen
2372 992 2441 1045 de
2472 995 2631 1044 tanto
2661 990 2877 1061 aliquid
2909 991 3079 1062 digne
3112 990 3316 1045 dicam.
3347 991 3508 1043 Prius
3539 990 3683 1042 illud
3709 989 3847 1059 quod

2162 1081 2307 1134 Deus
2346 1079 2539 1145 homo,
2598 1080 2747 1150 quod
2797 1079 3043 1132 Verbum
3087 1094 3217 1132 caro
3269 1079 3480 1132 factum
3535 1084 3647 1142 est,
3709 1078 3848 1148 quod

2160 1171 2340 1224 multa
2371 1170 2518 1224 bona
2549 1169 2698 1237 fecit,
2731 1174 2786 1224 et
2824 1171 2974 1222 mala
3023 1185 3322 1239 perpessus
3361 1174 3464 1234 est,
3495 1169 3659 1239 quod
3706 1184 3849 1221 mor-

2159 1262 2286 1310 tuos
2325 1257 2634 1322 suscitavit,
2680 1262 2737 1310 et
2782 1260 3035 1309 mortuus
3091 1260 3212 1321 est;
3250 1257 3406 1327 quod
3436 1256 3728 1326 singulari
3760 1256 3844 1308 illa

2161 1346 2438 1416 patientia
2467 1346 2703 1416 pertulit
2731 1344 3074 1399 diabolicum
3098 1349 3458 1408 tentatorem,
3501 1344 3844 1414 discipulum

2162 1435 2518 1496 traditorem,
2562 1434 2714 1504 quod
2747 1434 2931 1504 ipsum
2957 1432 3160 1487 Judam
3208 1432 3547 1503 priusquam
3611 1431 3849 1486 tradito-

2159 1539 2276 1576 rem
2322 1522 2558 1593 pertulit
2588 1523 2793 1587 furem,
2827 1526 2884 1575 et
2917 1525 3047 1574 ante
3097 1520 3561 1590 experimentum
3597 1521 3851 1574 vinculo-

2159 1627 2309 1677 rum,
2339 1610 2539 1674 crucis,
2576 1626 2639 1663 ac
2675 1611 2895 1672 mortis,
2925 1609 3091 1664 labiis
3119 1609 3241 1679 ejus
3273 1609 3487 1663 dolosis
3540 1625 3668 1662 non
3702 1625 3854 1679 nega-

2161 1699 2241 1753 vit
2267 1699 2526 1752 osculum
2553 1698 2726 1767 pacis.
2774 1700 2834 1751 ln
2865 1697 2988 1768 ipsa
3018 1700 3207 1751 autem
3260 1703 3446 1751 morte
3481 1701 3714 1768 quanta
3747 1715 3850 1750 sus-

2163 1786 2373 1840 tinuit?
2398 1787 2635 1840 Pertulit
2667 1785 2930 1840 odiorum
2960 1786 3242 1852 flammas,
3289 1784 3591 1838 ministras
3625 1786 3850 1855 pessimi

2161 1875 2344 1929 cordis
2377 1874 2619 1944 linguas.
2657 1874 3056 1928 Clamaverunt
3085 1873 3286 1939 Judaei,
3323 1873 3622 1942 Cruciﬁge,
3685 1875 3853 1930 Cruci-

2159 1966 2282 2032 ﬁge,
2316 1968 2371 2017 et
2400 1967 2462 2017 ut
2483 1961 2566 2016 rei
2595 1965 2895 2016 manerent
2930 1961 3126 2024 Judaei,
3162 1961 3438 2014 innocens
3468 1961 3544 2015 ab
3595 1962 3687 2015 eis
3739 1979 3853 2016 cru-

2161 2051 2357 2105 ciﬁxus
2382 2054 2465 2106 est
2506 2051 2677 2105 Filius
2711 2050 2851 2116 Dei;
2883 2049 2951 2103 ad
3012 2064 3237 2103 crucem
3268 2049 3520 2116 ducitur,
3564 2051 3852 2122 expalma-

2161 2147 2251 2196 tur
2308 2139 2407 2210 qui
2465 2142 2551 2192 est
2607 2139 2798 2208 palma
2846 2137 3117 2205 victorias,
3159 2137 3338 2208 spinis
3389 2143 3723 2192 coronatur
3765 2140 3852 2210 qui

2165 2227 2357 2298 spinas
2388 2233 2748 2297 peccatorum
2788 2231 3116 2281 nostrorum
3169 2226 3323 2280 venit
3351 2225 3772 2297 confringere;
3803 2227 3855 2280 li-

2159 2321 2329 2388 gatur
2357 2315 2455 2386 qui
2505 2315 2669 2369 solvit
2706 2315 3097 2385 compeditos;
3132 2315 3289 2386 ligno
3345 2315 3742 2382 suspenditur
3771 2317 3854 2387 qui

2159 2403 2328 2474 erigit
2356 2403 2561 2469 elisos;
2595 2408 2753 2457 aceto
2787 2406 3016 2472 potatur
3064 2403 3195 2458 fons
3225 2402 3376 2467 vitai,
3401 2402 3725 2472 disciplina
3757 2422 3850 2458 cte-

2164 2492 2340 2559 ditur,
2377 2493 2529 2546 salus
2579 2493 2933 2560 vulneratur,
2963 2491 3076 2546 vita
3127 2491 3389 2556 moritur,
3454 2492 3753 2546 occiditur
3796 2495 3851 2546 ad

2160 2587 2387 2652 tempus
2416 2582 2529 2636 vita
2567 2598 2600 2635 a
2631 2585 2834 2648 morte,
2879 2581 3029 2635 utin
3082 2587 3363 2651 perpetuo
3396 2597 3428 2634 a
3456 2581 3578 2635 vita
3636 2583 3852 2637 occida-

2159 2675 2253 2724 tur
2293 2685 2468 2724 mors.
2527 2670 2674 2734 Quid
2729 2669 2821 2723 hic
2865 2669 3050 2724 Judaei
3101 2669 3160 2723 iu
3215 2670 3320 2723 hac
3382 2675 3577 2724 morte
3611 2671 3854 2726 Christi?

2158 2759 2560 2813 Exultaverunt
2589 2758 2752 2830 quasi
2781 2758 3042 2824 victores,
3069 2762 3126 2811 et
3155 2757 3292 2811 dum
3328 2763 3642 2813 terrenum
3672 2765 3733 2813 et
3761 2776 3845 2813 ca—

2159 2847 2371 2902 ducum
2420 2863 2660 2918 regnum
2718 2847 3037 2901 timuerunt
3064 2845 3325 2917 perdere,
3376 2861 3584 2917 regem
3643 2849 3781 2902 cceli
3808 2856 3858 2902 et

355 2934 870 3005 fugerejubentur,
901 2938 1051 2987 terra
1066 2933 1159 2989 .eis
1187 2934 1268 2985 lac
1303 2938 1358 2987 et
1398 2932 1508 2985 mel
1545 2933 1727 2984 tluens
1757 2931 2039 3001 promitti-
2083 2937 2120 2990 C
2153 2939 2320 2991 terra:
2349 2952 2462 2990 non
2497 2935 2900 2990 dubitaverunt
2930 2933 3204 2989 occidere.
3237 2933 3343 2988 Sed
3371 2949 3479 2987 nec
3549 2935 3708 2989 sicut
3759 2953 3854 3008 pu-

355 3027 468 3088 tur,
504 3039 606 3093 per
634 3039 790 3077 mare
845 3022 1103 3076 Rubrum
1137 3025 1457 3085 transeunt,
1518 3020 1587 3072 ad
1619 3019 1916 3072 heremum
1949 3035 2041 3073 vc-

354 3111 540 3179 niunt,
575 3111 816 3165 ducebat
846 3126 940 3164 eos
969 3126 1094 3180 spes
1125 3108 1414 3163 charitatis
1449 3112 1512 3161 ut
1551 3107 1835 3162 discerent
1866 3109 2044 3162 Deum

356 3214 545 3253 amare
578 3197 774 3269 gratis.
811 3196 1087 3252 Redditur
1142 3197 1228 3250 his
1268 3211 1483 3250 merces
1521 3195 1682 3262 fidei;
1727 3211 1840 3248 non
1890 3195 2042 3248 enim

351 3291 543 3357 potest
594 3303 707 3340 non
773 3284 1010 3338 reddere
1068 3285 1164 3356 qui
1201 3301 1257 3337 se
1289 3283 1560 3353 dignatur
1602 3283 1785 3338 facere
1833 3283 2044 3338 debito-

352 3390 495 3428 rem.
527 3362 666 3427 IPost
697 3373 995 3427 heremum
1019 3371 1188 3426 mella
1219 3388 1248 3425 e
1279 3376 1438 3441 petra
1472 3373 1758 3425 ﬂuxerunt
1786 3388 1799 3438 ;
1833 3387 2042 3441 panem

353 3461 478 3517 coeli
509 3462 1032 3527 manducaverunt;
1086 3477 1197 3514 non
1247 3465 1380 3514 sunt
1420 3461 1624 3531 privati
1679 3477 1709 3513 a
1767 3460 2042 3514 desiderio

353 3564 455 3605 suo
488 3550 641 3620 quod
675 3553 1066 3620 speraverant,
1090 3553 1299 3603 terram
1333 3548 1502 3602 etiam
1529 3547 1926 3618 promissionis
1958 3563 2043 3601 ac-

353 3643 646 3709 ceperunt.
681 3639 928 3708 Exurgat
958 3637 1149 3691 anima
1207 3653 1336 3707 quae
1385 3637 1555 3706 hujus
1585 3635 1874 3688 charitatis
1923 3634 2043 3688 vir-

352 3733 473 3782 tute
515 3727 926 3798 comprehensa
979 3731 1064 3781 est
1115 3742 1126 3779 :
1176 3725 1410 3794 effugiat
1456 3741 1520 3778 ex
1572 3725 1828 3793 Egypto,
1862 3723 1920 3777 id
1960 3729 2043 3777 est

352 3832 420 3871 ex
468 3816 639 3886 hujus
669 3815 860 3869 saeculi
891 3813 1195 3880 desiderio,
1226 3817 1426 3884 pergat
1457 3813 1525 3866 ad
1570 3828 1727 3866 mare
1758 3811 2038 3874 Rubrum,

352 3903 566 3959 scilicet
596 3903 802 3958 Christi
845 3902 1226 3973 baptismum;
1284 3902 1412 3956 ideo
1448 3900 1684 3954 rubrum
1719 3900 1851 3971 quia
1881 3899 2039 3954 Chri-

351 3993 420 4046 sti
452 3991 728 4062 sanguine
755 3995 1082 4062 purgatum.
1123 3991 1542 4061 Persequantur
1573 3990 1780 4055 hostes,
1813 3995 2042 4059 peccata

349 4080 562 4135 scilicet
590 4097 720 4134 cum
751 4095 853 4133 suo
904 4085 1134 4133 auctore
1167 4079 1416 4144 diabolo,
1464 4083 1737 4148 tanquam
1774 4093 1838 4132 ex
1871 4079 2039 4148 (Egy-

347 4173 444 4239 pto
475 4184 604 4222 cum
635 4183 736 4221 suo
770 4183 902 4237 rege
959 4167 1254 4221 Pharaone
1305 4165 1557 4230 saeviant,
1591 4170 1901 4236 sequantur
1949 4167 2038 4219 fu-

2155 3028 2440 3090 taverunt,
2485 3023 2724 3077 victores
2804 3021 3162 3076 exstiterunt.
3223 3021 3279 3076 Si
3332 3021 3489 3075 enim
3573 3024 3855 3089 vicerunt,

2155 3128 2396 3184 regnum
2421 3111 2708 3183 quomodo
2727 3109 3144 3182 perdiderunt?
3166 3109 3460 3173 Quomodo
3491 3126 3658 3166 nunc
3682 3129 3854 3184 usque

2155 3201 2300 3255 servi
2330 3202 2768 3254 remanserunt?
2804 3201 2916 3254 Ista
2944 3214 3194 3270 namque
3223 3214 3392 3253 causa
3423 3204 3514 3254 est
3539 3216 3664 3271 qua
3694 3203 3853 3257 Chri-

2153 3295 2274 3343 stus
2327 3289 2396 3344 ab
2436 3289 2516 3342 eis
2566 3288 2780 3343 occisus
2829 3291 2930 3342 est.
2963 3288 3233 3342 Dixerunt
3277 3302 3536 3359 namque
3583 3291 3752 3360 apud
3802 3307 3855 3344 se

2151 3377 2437 3448 principes
2465 3378 2816 3442 Judaaorum,
2850 3380 2914 3430 ut
2939 3375 3286 3446 evangelista
3323 3381 3526 3430 narrat
3559 3393 3574 3431 :
3619 3379 3854 3447 Videtis,

2150 3465 2437 3536 inquiunt,
2468 3466 2604 3533 quia
2628 3469 2766 3518 totus
2793 3463 3030 3518 mundus
3048 3468 3172 3532 post
3207 3478 3324 3517 eum
3343 3463 3519 3531 abiit;
3559 3467 3613 3519 si
3637 3465 3855 3522 dimise-

2148 3556 2321 3608 rimus
2350 3569 2468 3607 eum
2492 3555 2684 3620 vivere,
2710 3555 2924 3606 venient
2951 3553 3181 3606 Romani
3205 3557 3254 3606 et
3287 3553 3473 3622 tollent
3504 3554 3673 3609 nobis
3702 3563 3754 3610 et
3785 3559 3855 3610 lo-

2149 3658 2266 3696 cum
2294 3647 2344 3696 et
2373 3657 2598 3709 regnum
2623 3661 2637 3705 ;
2677 3646 2732 3694 et
2758 3641 3049 3696 Christum
3081 3640 3430 3707 occiderunt,
3465 3645 3524 3695 et
3572 3642 3779 3698 locum
3807 3651 3855 3699 et

2150 3745 2391 3800 regnum
2422 3728 2808 3798 perdiderunt.
2840 3728 2986 3792 Quid
3016 3728 3175 3782 vobis
3205 3729 3438 3800 profuit,
3467 3746 3503 3783 o
3528 3731 3730 3787 insani
3758 3735 3855 3788 Ju-

2151 3817 2281 3883 daei,
2315 3818 2463 3888 quod
2497 3821 2720 3871 tantum
2746 3817 2926 3871 scelus
2952 3817 3316 3871 commisistis
3336 3819 3365 3870 ?
3391 3819 3697 3891 Numquid
3726 3824 3856 3894 quia

2151 3906 2370 3960 Christo
2403 3904 2664 3970 Domino,
2719 3910 2783 3958 ut
2841 3904 3049 3971 decuit,
3111 3904 3320 3959 servire
3366 3906 3667 3975 noluistis,
3730 3911 3853 3965 facti

2152 3993 2283 4046 estis
2344 3992 2480 4045 mali
2536 3991 2682 4045 servi
2735 3992 3022 4046 bonorum
3077 4008 3365 4046 servorum
3417 3993 3694 4050 Christi?
3758 4000 3854 4052 Per

2150 4081 2302 4150 ipsos
2329 4080 2570 4134 conterit
2600 4080 3016 4134 contumaciam
3050 4083 3313 4148 vestram,
3342 4096 3446 4152 per
3493 4082 3662 4152 ipsos
3694 4086 3851 4140 dissi-

2149 4174 2246 4239 pat
2275 4169 2510 4224 consilia
2556 4173 2760 4231 vestra,
2810 4184 2914 4238 per
2962 4169 3116 4238 ipsos
3169 4169 3368 4223 tribuit
3401 4172 3638 4225 ‘scelera
3674 4175 3738 4227 in
3767 4191 3852 4228 ca-

349 4257 592 4326 gientes,
625 4255 762 4327 quid
791 4256 1042 4310 metuis?
1077 4256 1262 4326 [fsque
1288 4255 1353 4308 ad
1387 4269 1590 4324 aquam
1634 4253 1898 4320 servient;
1950 4253 2036 4308 in-
2070 4251 2112 4306 D
2150 4257 2268 4327 pita
2301 4262 2505 4312 vestra.
2540 4258 2664 4327 Ipse
2710 4261 2901 4311 autem
2947 4257 3224 4312 Dominus
3273 4274 3445 4328 quem
3495 4276 3601 4314 vos
3630 4261 3853 4318 intere-

348 4343 623 4413 gredieris
667 4350 750 4412 tu,
801 4343 1195 4414 ingredientur
1244 4348 1300 4396 et
1350 4343 1432 4397 illi
1487 4347 1612 4413 post
1655 4330 1727 4408 te,
1771 4342 1865 4395 sed
1892 4359 2038 4413 aqua

349 4436 499 4486 retro
548 4447 819 4485 conversa
851 4432 962 4486 illis
995 4431 1103 4486 erit
1151 4432 1207 4485 in
1241 4431 1578 4502 perniciem,
1613 4431 1717 4484 tibi
1776 4431 2039 4500 proﬁciet

351 4520 418 4573 ad
455 4519 713 4574 salutem.
749 4519 879 4574 Illos
918 4520 1144 4581 obruet,
1199 4524 1252 4574 te
1289 4519 1499 4586 abluet,
1551 4519 1678 4572 illos
1722 4519 2034 4587 damnabit,

347 4612 402 4662 te
437 4608 716 4663 liberabit.
747 4610 877 4662 Post
907 4608 1011 4663 hoc
1043 4608 1315 4679 suscipies
1354 4608 1466 4662 mel
1497 4607 1564 4662 de
1595 4612 1758 4678 petra
1803 4624 1915 4678 quo
1963 4609 2039 4661 fa-

344 4684 585 4752 mem'et
616 4697 770 4752 sitim
813 4702 970 4750 tuam
1012 4697 1214 4765 saties;
1246 4699 1402 4751 Petra
1440 4699 1580 4751 enim
1622 4701 1740 4750 erat
1768 4698 2033 4764 Christus,

345 4802 407 4840 ex
439 4786 599 4856 cujus
647 4785 946 4857 prazceptis
993 4789 1267 4856 tanquam
1325 4801 1390 4839 ex
1441 4785 1690 4839 fontibus
1723 4784 2037 4838 dulcedinis

345 4874 592 4943 satiaris,
619 4874 872 4944 gustabis
897 4873 1068 4927 etiam
1111 4890 1339 4943 panem,
1367 4874 1526 4927 illum
1569 4874 1781 4926 scilicet
1816 4873 1915 4944 qui
1946 4873 2035 4926 di-

343 4965 455 5018 cit:
491 4966 603 5031 Ego
628 4979 746 5017 sum
768 4965 934 5032 panis
962 4965 1116 5017 vivus
1149 4965 1245 5032 qui
1274 4963 1339 5016 de
1369 4963 1490 5016 (τινὰ)
1523 4961 1790 5016 descendi.
1834 4963 2034 5016 Gusta-

344 5053 431 5107 bis
467 5058 521 5106 et
550 5052 765 5106 videbis
797 5050 1067 5122 quoniam
1111 5050 1298 5104 suavis
1347 5055 1430 5103 est
1464 5051 1759 5117 Dmniuus,
1802 5055 1854 5105 et
1899 5050 2033 5104 si-in

345 5145 397 5195 te
422 5141 638 5196 eminet
658 5141 835 5194 virtus
862 5139 1153 5193 charitatis
1182 5155 1310 5209 quae
1343 5138 1538 5191 omnia
1565 5144 1771 5208 sperat,
1806 5155 1908 5210 per
1937 5141 2032 5194 he-

341 5245 569 5284 remum
627 5245 851 5283 necesse
911 5232 993 5281 est
1041 5231 1095 5281 te
1148 5226 1408 5290 transire,
1465 5225 1524 5281 id
1566 5232 1650 5281 est
1709 5228 1884 5282 utaris
1927 5228 2033 5282 hoc

343 5318 558 5373 mundo
591 5321 865 5390 tanquam
888 5331 1006 5371 non
1035 5319 1223 5381 utens,
1249 5319 1303 5368 et
1324 5314 1382 5368 in
1399 5314 1502 5368 hac
1525 5314 1639 5368 vita
1663 5315 2030 5386 peregrinum

344 5409 399 5459 te
448 5405 672 5459 noveris
711 5421 852 5470 esse,
913 5404 958 5458 si
1027 5410 1237 5458 terram
1296 5402 1693 5472 promissionis
1753 5404 2030 5475 cupisin-

340 5495 524 5560 trare;
555 5493 673 5547 hoc
703 5498 853 5549 terra
903 5499 988 5547 est
1039 5492 1106 5547 de
1151 5507 1264 5564 qua
1311 5490 1586 5564 propheta
1617 5496 1806 5546 cantat
1855 5499 1907 5546 et
1939 5493 2027 5548 di-

2150 4345 2333 4399 mistis
2393 4360 2513 4398 non
2563 4361 2661 4398 vos
2719 4361 2927 4411 servos,
2975 4346 3072 4400 sed
3130 4346 3338 4400 liberos
3394 4363 3518 4402 esse
3579 4351 3856 4421 cupiebat

2146 4433 2373 4504 quando
2415 4433 2635 4488 dicebat
2666 4449 2677 4486 :
2711 4435 2777 4487 Si
2803 4449 2895 4488 vos
2931 4436 3094 4488 Filius
3119 4435 3454 4504 liberaverit,
3489 4440 3623 4492 tunc
3652 4443 3856 4495 uereti—

2149 4524 2261 4576 beri
2291 4525 2483 4586 eritis;
2513 4538 2609 4575 vos
2640 4526 2828 4576 autem
2865 4524 3039 4577 Deum
3073 4528 3130 4578 et
3184 4523 3495 4578 Dominum
3531 4543 3770 4598 regem,
3803 4536 3855 4582 et

2145 4612 2329 4681 ipsam
2363 4626 2555 4665 veram
2587 4611 2908 4664 libertatem
2961 4627 3075 4665 non
3123 4612 3307 4665 solum
3346 4613 3734 4686 repudiastis,
3773 4633 3855 4670 ve-

2146 4715 2271 4753 rum
2307 4699 2479 4753 etiam
2511 4714 2718 4769 negare
2747 4699 3042 4770 cupientes
3069 4700 3389 4754 clamastis:
3429 4703 3554 4757 Non
3587 4705 3852 4760 habemus

2144 4803 2338 4856 regem,
2372 4789 2483 4842 nisi
2511 4787 2788 4844 Caesarem.
2841 4787 2948 4843 Sed
2982 4805 3051 4843 ne
3105 4788 3163 4842 in
3211 4789 3316 4843 hoc
3357 4789 3599 4860 quidem
3631 4795 3851 4862 glorie-

2149 4876 2290 4929 mini
2324 4876 2473 4946 quod
2530 4876 2818 4931 Christum
2869 4877 3169 4944 occidistis,
3207 4882 3395 4932 actum
3453 4884 3542 4934 est
3570 4881 3641 4936 de
3695 4883 3852 4938 vobis

2144 4965 2336 5035 potius
2367 4968 2421 5017 et
2453 4964 2702 5018 nescitis.
2745 4965 2948 5020 Audite
2983 4965 3170 5036 ipsum
3209 4966 3520 5021 Dominum
3561 4969 3849 5027 dicentem

2143 5068 2243 5122 per
2272 5052 2610 5122 prophetam
2635 5069 2646 5105 :
2679 5055 2788 5121 Ego
2811 5054 3045 5107 dormivi
3070 5061 3375 5110 etsomnum
3397 5059 3556 5126 carpi,
3577 5075 3849 5114 somnum
3903 5082 3912 5092 ·

2143 5140 2437 5210 appellans
2478 5145 2720 5195 mortem
2766 5158 2799 5195 a
2847 5143 3005 5197 vobis
3049 5143 3284 5198 illatam.
3337 5146 3626 5201 Caeterum
3660 5150 3852 5219 qualis

2142 5246 2297 5284 mors
2348 5229 2537 5300 potuit
2585 5246 2706 5284 esse
2754 5229 3039 5296 triduana,
3096 5232 3344 5286 maxime
3376 5233 3532 5288 illius
3591 5237 3698 5306 qui
3751 5251 3852 5307 per

2143 5317 2410 5372 eumdem
2464 5319 2806 5388 prophetam
2865 5319 2978 5373 alio
3029 5321 3151 5373 loco
3199 5319 3335 5373 dicit
3370 5337 3383 5373 :
3418 5323 3710 5392 Numquid
3755 5328 3850 5392 qui

2140 5405 2342 5461 dormit
2369 5421 2472 5461 non
2495 5407 2718 5476 adjiciat
2746 5411 2805 5460 ut
2835 5409 3131 5477 resurgat?
3159 5409 3294 5478 Ego,
3327 5409 3536 5481 inquit,
3572 5412 3849 5474 dormivi.

2138 5509 2242 5565 ego
2273 5494 2370 5565 qui
2410 5497 2750 5564 potestatem
2783 5494 2965 5549 habeo
3014 5496 3266 5567 ponendi
3305 5497 3558 5553 animam
3604 5515 3802 5556 meam
3835 5519 3846 5558 :
