4068 6192
401 298 535 350 113ὕ

1387 290 1946 347 SUPPLEMENTUM
1988 291 2078 345 AD
2115 289 2347 346 OPERA
2387 291 2440 343 S.
2484 289 2870 345 AUGUSTINI.

3756 294 3894 344 H36

393 419 454 471 in
501 416 786 472 frontibus
821 431 1038 470 eorum.
1094 415 1286 484 Ipsum
1354 418 1552 483 gentes
1598 413 2081 484 deprecabuntur,
2127 422 2164 472 Α
2197 412 2449 476 accubat,
2487 411 2755 482 permixti
2777 409 2989 464 scilicet
3018 409 3242 464 subdoli
3285 426 3417 464 cum
3468 411 3892 481 peccatoribus,

396 506 549 575 quod
565 506 686 575 jam
717 505 983 558 obtutum
1007 502 1261 556 cernitur
1289 502 1462 556 fuisse
1490 502 1862 572 completum,
1895 501 2092 570 Sepul-

399 612 560 650 crum
604 601 796 650 autem
849 595 970 663 ejus
1013 593 1072 646 in
1118 597 1344 646 tantum
1384 597 1470 646 est
1510 592 1846 662 gloriosum,
1894 598 1958 645 ut
1990 607 2091 643 ex-

401 689 564 754 cepto
595 683 752 754 quod
777 681 1058 752 redempti
1080 696 1182 750 per
1212 685 1451 734 mortem
1483 681 1606 749 ejus
1639 679 1879 749 gloriam
1929 677 2090 731 exhi-

402 774 622 838 bemus,
676 772 848 825 etiam
896 771 1049 824 locus
1089 769 1210 840 ipse
1253 785 1556 823 coruscans
1588 767 1874 822 miraculis
1897 765 2092 836 gloriae

403 876 540 929 suae,
571 860 642 914 ob
673 874 801 913 eam
831 874 1056 912 causam
1089 859 1160 912 ad
1209 874 1267 912 se
1310 873 1539 911 omnem
1591 857 1873 910 contrahit
1921 871 2094 908 mun—

401 949 558 1005 dum.
597 949 695 1004 Hic
717 950 870 1003 locus
900 947 958 1001 in
987 947 1214 1001 hebraeo
1251 945 1453 1000 habet:
1487 948 1555 1000 Et
1593 947 1696 999 erit
1744 947 1954 1012 requies
1980 943 2095 1011 ejus

403 1040 660 1106 gloriosa,
731 1037 931 1108 utique
996 1036 1130 1106 quia
1191 1039 1445 1088 moriens
1487 1049 1618 1086 caro
1649 1033 1771 1100 ejus
1821 1047 1935 1085 non
1957 1031 2098 1083 vidit

402 1126 853 1196 corruptionem,
913 1124 1226 1178 secundum
1284 1122 1624 1175 sententiam
1691 1120 1918 1190 psalmi,
1963 1119 2098 1189 quia

401 1221 603 1269 nonest
633 1215 889 1268 derelicta
910 1214 1094 1265 anima
1132 1212 1247 1280 ejus
1270 1213 1326 1263 in
1358 1213 1590 1277 inferno,
1627 1225 1731 1262 nec
1770 1209 1967 1262 datum
2014 1211 2098 1260 est

403 1309 646 1364 sanctum
695 1304 816 1373 ejus
872 1301 1056 1355 videre
1103 1301 1514 1368 corruptionem.
1569 1299 1677 1352 Iste
1725 1301 1808 1351 est
1856 1297 1954 1367 qui
1994 1311 2098 1366 per

407 1392 630 1446 Nathan
665 1407 729 1444 ex
769 1389 987 1444 semine
1034 1387 1205 1442 David
1247 1385 1624 1456 promittitur,
1683 1384 1782 1454 qui
1829 1384 2003 1436 etiam
2044 1385 2096 1434 et

406 1494 508 1550 per
541 1479 743 1532 Isaiam
776 1477 1114 1548 prophetam
1145 1475 1223 1528 ita
1269 1473 1720 1544 praenuntiatum
1778 1470 2100 1536 Egredietur

405 1570 566 1634 virga
589 1566 654 1619 de
684 1565 872 1620 radice
896 1567 1057 1629 Iesse,
1090 1569 1139 1616 et
1175 1566 1269 1631 ﬂos
1317 1561 1381 1614 de
1427 1560 1611 1614 radice
1661 1561 1775 1628 ejus
1827 1558 2094 1612 ascendet.

410 1655 537 1708 Haec
564 1654 725 1723 virga
752 1653 823 1707 de
852 1651 1040 1706 radice
1067 1652 1217 1704 Jesse
1252 1649 1406 1719 virgo
1439 1647 1608 1702 Maria
1647 1651 1750 1713 est,
1782 1648 1851 1701 de
1910 1645 2098 1699 radice

413 1741 580 1795 David
616 1745 827 1807 exorta,
865 1755 992 1809 quae
1025 1737 1225 1808 genuit
1255 1737 1454 1791 ﬂorem
1494 1736 1801 1790 Dominum
1853 1735 2094 1788 salvato-

412 1845 554 1894 rem,
579 1829 646 1883 de
679 1845 791 1899 quo
825 1828 997 1881 etiam
1025 1827 1281 1905 sequitur
1311 1843 1322 1878 :
1348 1829 1418 1880 Et
1464 1828 1757 1894 requiescet
1796 1839 1956 1892 super
1985 1838 2103 1877 eum

411 1920 652 1987 Spiritus
685 1919 916 1984 Domini,
949 1918 1179 1984 spiritus
1210 1915 1489 1982 sapientia:
1509 1917 1559 1967 et
1591 1913 1909 1978 intellectus,
1933 1913 2099 1980 spiri-

411 2013 496 2062 tus
521 2006 736 2060 concilii
759 2011 810 2058 et
838 2003 1208 2070 fortitudinis,
1239 2004 1470 2071 spiritus
1503 2003 1736 2055 scientia:
1767 2006 1816 2054 et
1855 2002 2103 2068 pietatis,

413 2095 707 2163 etgreplebit
725 2109 841 2146 eum
854 2094 1081 2161 spiritus
1108 2094 1314 2146 timoris
1336 2092 1573 2145 Domini.
1592 2090 1722 2143 Ideo
1737 2093 1927 2142 autem
1950 2093 2108 2142 tanta

416 2185 568 2238 dona
589 2182 830 2251 Spiritus
843 2196 1013 2250 super
1027 2195 1156 2234 eum
1173 2179 1577 2249 praedicantur,
1598 2177 1731 2248 quia
1745 2178 1804 2230 in
1819 2192 1884 2231 eo
1904 2192 2018 2230 non
2036 2177 2106 2230 ad

415 2285 746 2325 mensuram
759 2268 978 2322 habitat
991 2267 1233 2338 Spiritus
1255 2267 1400 2321 sicut
1419 2266 1475 2319 in
1494 2266 1681 2332 nobis,
1707 2265 1803 2320 sed
1821 2269 1935 2319 tota
1961 2265 2110 2319 inest

415 2358 712 2430 plenitudo
748 2357 1059 2412 divinitatis
1107 2361 1165 2410 et
1213 2355 1547 2426 gratiarum.
1593 2357 1700 2410 Iste
1750 2358 1835 2409 est
1885 2356 1981 2422 qui
2004 2369 2107 2408 non

418 2447 707 2503 secundum
728 2448 986 2500 visionem
1024 2445 1315 2503 oculorum,
1348 2447 1396 2498 et
1419 2442 1669 2496 auditum
1701 2443 1918 2496 aurium
1949 2443 2106 2511 judi-

419 2542 526 2603 cat,
568 2535 661 2590 sed
690 2539 766 2589 est
804 2535 1030 2602 justitia
1068 2532 1340 2599 cingulum
1375 2531 1689 2585 lumborum'
1729 2531 1842 2599 ejus
1882 2535 1933 2584 et
1973 2529 2109 2600 fides

419 2625 736 2679 cinctorium
767 2637 951 2676 renum
1001 2621 1153 2689 ejus;
1199 2618 1259 2672 in
1301 2620 1459 2688 cujus
1504 2618 1739 2672 ecclesia
1781 2618 2002 2673 habitat
2024 2621 2107 2673 lu-

418 2729 527 2784 pus
562 2727 692 2766 cum
735 2725 920 2781 agno;
972 2709 1066 2762 ille
1115 2706 1311 2776 utique
1351 2707 1449 2778 qui
1479 2706 1696 2761 solebat
1717 2707 1785 2761 ab
1813 2722 1879 2761 eo
1908 2723 2108 2776 rapere

417 2799 695 2872 praedam,
730 2803 787 2852 et
819 2799 954 2852 dum
981 2797 1050 2851 ad
1083 2811 1210 2850 eam
1242 2795 1592 2849 convertitur
1622 2810 1751 2849 cum
1783 2795 2109 2849 innocenti-

418 2889 521 2942 bus
555 2891 978 2951 commoratur;
1012 2886 1068 2938 in
1112 2885 1272 2953 cujus
1318 2883 1452 2936 ovili
1503 2885 1714 2954 pardus
1765 2899 1893 2936 cum
1943 2883 2107 2936 hme

2200 499 2280 553 ibi
2304 499 2390 553 vel
2421 499 2595 554 etiam
2625 499 2834 552 vitulus
2861 514 2929 552 ex
2956 498 3409 565 circumcisione,
3451 499 3539 553 leo
3594 515 3659 553 ex
3690 502 3888 554 saeculi

2201 593 2500 659 potestate,
2532 605 2656 642 oves
2683 589 2751 642 de
2782 587 3044 658 populari
3075 587 3274 642 ordine
3305 589 3476 642 simul
3529 605 3895 643 commoran-

2202 684 2317 743 tur,
2349 677 2486 747 quia
2515 677 2573 730 in
2605 677 2715 731 ﬁde
2741 675 3060 730 communis
3095 681 3177 731 est
3217 677 3549 732 commixtio
3605 679 3893 732 omnium.

2204 766 2350 819 Puer
2398 770 2592 820 autem
2636 766 2908 835 parvulus
2977 765 3224 819 minans.
3277 781 3372 820 eos
3426 765 3520 820 ille
3573 764 3902 839 est'utiqne

2205 853 2304 924 qui
2359 870 2417 906 se
2473 853 2796 906 humiliavit
2844 868 2949 924 pro
3005 854 3168 907 nobis
3207 853 3267 908 in
3321 855 3607 924 parvulis.
3665 857 3770 910 Bos
3802 874 3904 910 au-

2203 945 2320 996 tem
2351 946 2408 995 et
2436 942 2524 995 leo
2551 941 2718 995 simul
2736 941 3040 996 comedent
3059 943 3271 1013 paleas,
3297 943 3431 1014 quia
3452 944 3742 1015 principes
3763 960 3896 998 cum

2205 1030 2472 1100 subjectis
2498 1030 2759 1101 plebibus
2798 1047 3162 1085 communem
3189 1032 3402 1086 habent
3432 1033 3770 1087 doctrinam.
3804 1035 3907 1088 De—

2207 1119 2446 1173 lectatur
2471 1134 2700 1189 quoque
2727 1118 2915 1173 infans
2944 1119 3014 1173 ab
3046 1121 3219 1174 ubere
3271 1136 3443 1191 super
3489 1115 3794 1194 foramine.
3813 1138 3902 1175 as-

2205 1208 2376 1278 pidis,
2428 1208 2564 1261 dum
2614 1211 2810 1277 gentes
2855 1222 2984 1278 quae
3025 1207 3284 1262 solebant
3329 1225 3547 1264 venena
3580 1212 3898 1278 praedicare

2208 1296 2515 1366 aliquando
2542 1311 2828 1350 conversae
2852 1295 3023 1351 etiam
3054 1297 3273 1367 parvuli
3317 1297 3526 1352 Christi
3572 1298 3747 1353 ﬁdem
3799 1302 3909 1354 de—

2205 1383 2485 1438 lectantur
2509 1383 2738 1452 audire;
2770 1398 3010 1437 caverna
3039 1384 3193 1438 enim
3222 1384 3403 1455 reguli
3425 1385 3597 1440 corda
3637 1392 3776 1441 sunt
3807 1387 3900 1440 in-

2209 1471 2487 1538 ﬁdelium,
2511 1471 2570 1525 in
2596 1471 2802 1542 quibus
2841 1471 2936 1525 ille
2967 1487 3198 1543 serpens
3245 1477 3431 1527 tortus
3482 1474 3908 1546 requiescebat,

2209 1575 2380 1631 quem
2435 1560 2746 1614 ablactatus
2806 1560 3287 1628 comprehensum
3343 1561 3545 1617 exinde
3609 1562 3904 1634 captivum

2209 1648 2402 1716 traxit,
2454 1653 2517 1702 ut
2555 1647 2614 1701 in
2664 1653 2852 1701 monte
2899 1652 3091 1702 sancto
3135 1649 3276 1718 ejus,
3333 1651 3482 1720 quod
3512 1656 3598 1705 est
3631 1653 3900 1718 Ecclesia,

2211 1751 2329 1790 non
2360 1741 2606 1790 noceret.
2634 1737 2759 1790 Jam
2791 1753 2920 1790 vero
2953 1737 3086 1807 quia
3112 1753 3209 1792 ore
3240 1739 3574 1810 prophetico
3607 1740 3680 1795 de
3705 1741 3907 1795 Mohab

2213 1825 2468 1880 nascenti
2517 1825 2740 1879 Christo
2819 1825 3186 1896 perhibeatur
3265 1829 3678 1895 testimonium,
3753 1829 3909 1884 idem

2214 1913 2385 1968 Isaias
2425 1917 2683 1979 testatur,
2718 1916 2919 1969 Ponam
2984 1918 3148 1983 enim,
3208 1916 3420 1987 inquit,
3479 1933 3642 1987 super
3690 1919 3777 1972 his
3818 1923 3919 1987 qui

2211 2003 2457 2070 fugerint
2495 2003 2560 2057 de
2593 2003 2788 2057 Mohab
2850 2004 3067 2071 leonem,
3113 2010 3174 2058 ει·
3216 2007 3466 2074 reliquiis
3509 2013 3701 2061 terrae:
3732 2010 3920 2060 emitte

2213 2105 2432 2159 agnum,
2466 2092 2701 2158 Domine,
2735 2090 3121 2147 dominatorem
3172 2098 3346 2160 terrae,
3399 2094 3465 2148 de
3503 2101 3664 2164 petra
3711 2095 3919 2150 deserti

2214 2179 2288 2233 ad
2317 2183 2544 2233 montem
2570 2179 2696 2247 filiae
2723 2179 2870 2234 Sion.
2906 2181 2983 2234 De
3014 2181 3118 2235 hac
3158 2181 3312 2235 enim
3357 2188 3528 2253 gente
3577 2183 3916 2237 Mohabita-

2213 2283 2345 2321 rum
2375 2282 2632 2338 egressus
2663 2271 2746 2320 est
2771 2282 2951 2338 agnus
2987 2268 3388 2325 immaculatus
3441 2271 3542 2342 qui
3583 2270 3736 2326 tollit
3785 2287 3921 2337 pec-

2217 2359 2340 2410 cata
2369 2354 2589 2422 mundi,
2633 2354 2732 2426 qui
2750 2355 3083 2412 dominatur
3107 2357 3167 2412 in
3201 2358 3339 2414 orbe
3385 2365 3697 2414 terrarum.
3750 2362 3923 2416 Petra

2217 2448 2406 2498 autem
2455 2443 2665 2498 deserti
2722 2444 2871 2498 Ruth
2919 2445 3204 2517 signiﬁcat
3249 2463 3377 2518 quae
3422 2448 3700 2503 destituta
3729 2458 3922 2504 morte.

2216 2531 2407 2587 mariti
2432 2531 2501 2586 de
2531 2533 2674 2586 Booz
2697 2532 2895 2604 genuit
2912 2533 3089 2602 Obed,
3121 2538 3177 2590 et
3199 2535 3352 2590 Obed
3373 2537 3547 2600 Jesse,
3580 2541 3637 2591 et
3663 2537 3736 2592 de
3761 2539 3791 2592 J
3798 2555 3922 2592 esse

2221 2620 2414 2687 David,
2436 2620 2571 2675 etde
2595 2620 2860 2675 Davidica
2884 2623 3058 2693 stirpe
3077 2629 3245 2678 natus
3261 2629 3344 2678 est
3361 2624 3638 2680 Christus.
3657 2627 3919 2681 Montem

2220 2710 2408 2760 autem
2442 2707 2574 2761 ﬁliae
2605 2708 2743 2762 Sion
2769 2714 2866 2764 aut
2893 2711 3262 2767 historialiter
3313 2713 3495 2784 ipsam
3546 2715 3758 2770 urbem
3795 2718 3927 2772 Hie-

2217 2795 2562 2864 rosolymam
2612 2796 2766 2866 dicit,
2795 2803 2892 2853 aut
2909 2799 3074 2869 juxta
3111 2803 3491 2874 tropologiam
3513 2804 3833 2860 Ecclesiam
3867 2807 3928 2860 in

2221 2885 2470 2952 specula,
2511 2885 2568 2939 id
2603 2891 2687 2940 est
2727 2887 2790 2941 in
2843 2887 3120 2944 virtutum
3175 2890 3525 2946 sublimitate
3560 2892 3925 2947 collocatam.

2319 3026 2504 3034 -—————_—.

1042 3084 1052 3092 ’
1119 3162 2188 3293 OPUSCULUM
2301 3165 3224 3329 QUARTUM,

2076 3367 2258 3433 SIVE

1038 3446 1469 3590 SERMo
1527 3509 1672 3588 IN
1732 3507 2736 3596 CIRCUMCISIONE
2793 3515 3305 3600 DOMINI.

495 3665 1840 3737 lncarnationisdivinaemysterium,nostraeque
1859 3665 2114 3720 recorda-
2144 3669 2182 3722 C
2221 3671 2616 3740 magnitudine
2635 3673 2895 3728 dubitare
2921 3692 2934 3742 ;
2958 3675 3073 3730 imo
3104 3675 3201 3729 illa
3219 3675 3414 3730 omnia
3438 3692 3569 3748 quas
3599 3677 3670 3732 de
3695 3678 3924 3733 humili-

423 3754 904 3826 tionisegregium
933 3758 1351 3810 sacramentum
1385 3755 1456 3808 ob
1503 3754 1610 3808 hoc
1650 3769 1684 3808 a
1726 3753 1888 3809 nobis
1918 3770 2111 3808 annua

421 3843 777 3898 revolutione
799 3841 1118 3897 celebratur
1147 3847 1203 3897 et
1231 3843 1456 3908 colitur,
1489 3845 1553 3896 ut
1573 3843 1715 3896 tanti
1760 3858 2107 3902 commemo-

419 3932 566 3988 ratio
606 3921 868 3988 b'eneﬁcii
897 3932 1051 4002 quod
1077 3931 1244 3986 nobis
1279 3931 1529 4001 indignis
1570 3931 1744 3985 fuerit
1786 3931 2108 4000 impensum

424 4022 706 4088 ostendat,
739 4025 796 4075 et
825 4020 964 4090 quid
993 4023 1167 4075 tanta:
1214 4020 1412 4091 glorim
1447 4019 1754 4074 debeamus
1786 4019 2107 4074 admoneat.

424 4109 692 4172 Proinde,
715 4108 935 4174 fratres,
955 4113 1236 4179 quantum
1256 4108 1575 4162 audivimus
1591 4107 1896 4162 Dominum
1917 4109 1943 4162 J
1950 4123 2110 4161 esum

422 4197 709 4252 Christum
738 4212 843 4267 pro
870 4196 1032 4251 nobis
1061 4196 1509 4251 misericorditer
1540 4196 1927 4262 humiliatum,
1953 4199 2110 4249 tanto

423 4283 607 4355 magis
649 4299 1026 4354 agnoscamus
1077 4282 1441 4337 iueﬁ‘abiliter
1491 4283 1823 4352 gloriosum,
1884 4283 1944 4336 in
1997 4298 2110 4353 quo

420 4389 670 4442 namque
702 4389 865 4428 suam
898 4373 1046 4427 circa
1077 4371 1634 4442 nosinsuperabilem
1658 4371 1990 4425 charitatem
2013 4371 2112 4426 Dei

421 4461 754 4530 unigenitus
777 4462 1070 4517 evidenter
1091 4460 1356 4526 ostendit,
1386 4460 1445 4513 in
1468 4475 1582 4530 quo
1609 4476 1711 4531 pro
1733 4459 1898 4514 nobis
1920 4459 2110 4514 humi-

421 4549 643 4604 litatem
673 4566 820 4605 verte
847 4551 1054 4617 carnis,
1085 4565 1350 4620 verasque
1380 4549 1604 4615 mortis,
1636 4565 1752 4603 non
1774 4554 1996 4604 coactus
2009 4565 2109 4603 ne-

421 4645 679 4701 cessitate
705 4646 804 4701 sed
828 4647 1079 4702 bonitate
1108 4647 1410 4701 miseratus
1439 4647 1762 4718 assumpsit.
1791 4645 1933 4712 Quid
1955 4647 2109 4701 enim

419 4732 558 4788 boni
587 4732 922 4799 feceramus,
949 4733 1170 4797 fratres,
1195 4738 1260 4788 ut
1289 4738 1512 4789 tantum
1549 4734 1716 4788 nobis
1765 4733 2108 4788 beneﬁcium

419 4824 786 4893 praestaretur
803 4819 830 4874 τ
851 4821 989 4886 Quae
1010 4825 1205 4875 nostra
1227 4821 1379 4877 bona
1402 4821 1608 4876 merita
1627 4822 1859 4877 fuerunt
1885 4827 1950 4876 ut
1969 4821 2105 4876 uni-

419 4909 649 4981 genitus
671 4908 772 4963 Dei
792 4908 968 4962 homo
994 4907 1120 4963 ﬁeri
1151 4909 1504 4980 dignaretur,
1537 4914 1598 4964 ut
1646 4910 1969 4965 Altissimus
1996 4911 2105 4965 im-

2221 3761 2332 3814 tate
2347 3763 2516 3830 atque
2529 3761 2885 3817 humanitate
2901 3763 3133 3818 Domini
3155 3764 3461 3820 Salvatoris
3477 3765 3832 3836 audivimus,
3847 3785 3926 3822 vc-

2221 3864 2280 3901 ra
2297 3864 2418 3904 esse
2431 3849 2552 3904 sine
2571 3850 2764 3922 aliqua
2780 3851 3142 3907 hazsitatione
3162 3853 3476 3909 credamus.
3495 3855 3559 3908 Et
3580 3854 3714 3910 ideo
3739 3858 3921 3927 magis

2219 3937 2427 4007 gratias
2454 3954 2714 4009 agamus,
2748 3940 2972 4010 fratres,
2993 3942 3092 4012 qui
3123 3957 3253 3996 cum
3302 3958 3659 3998 mereremur
3687 3961 3922 4014 pcenam

2220 4027 2582 4098 percepimus
2598 4027 2859 4098 gratiam,
2879 4045 2992 4100 qua
3005 4030 3188 4100 gratia
3200 4030 3410 4085 factum
3429 4036 3514 4086 est
3527 4037 3591 4086 ut
3605 4033 3748 4088 dum
3765 4050 3920 4087 mors

2221 4113 2458 4169 debetur
2486 4115 2741 4185 perditis,
2775 4117 2886 4171 vita
2905 4117 3083 4188 gratis
3103 4118 3410 4174 donaretur
3429 4120 3712 4190 indignis.
3739 4122 3919 4176 Altis-

2221 4201 2352 4255 simi
2394 4219 2640 4275 namque
2675 4204 2980 4260 Salvatoris
3031 4206 3323 4262 humilitas
3371 4223 3488 4262 non
3537 4209 3645 4280 ipsi
3675 4211 3924 4281 aliquod

2219 4289 2411 4346 intulit
2438 4291 2867 4362 detrimentum,
2901 4294 3000 4349 sed
3027 4294 3448 4350 incrementum
3478 4297 3647 4351 nobis
3671 4301 3925 4354 contulit

2219 4393 2518 4448 magnum,
2551 4397 2657 4434 nec
2688 4383 2969 4436 excelsum
3003 4383 3228 4454 dejecit,
3261 4384 3356 4438 sed
3395 4384 3645 4454 dejectos
3702 4388 3922 4453 erexit;

2219 4467 2444 4522 utenim
2461 4469 2696 4539 plenum
2716 4471 2814 4524 Dei
2835 4471 3008 4525 Filius
3027 4477 3363 4540 operaretur
3382 4474 3798 4544 redemptionis
3819 4492 3920 4529 uo.

2221 4560 2352 4610 strm
2380 4557 2698 4627 negotium,
2724 4575 2838 4613 non
2863 4561 3046 4613 solum
3072 4560 3338 4631 dignatus
3369 4566 3455 4615 est
3475 4561 3714 4616 Creator
3740 4565 3920 4617 totius

2220 4644 2406 4698 carnis
2419 4645 2488 4700 de
2505 4661 2673 4700 carne
2693 4647 2939 4718 Virginis
2961 4649 3274 4704 secundum
3288 4650 3580 4704 veritatem
3597 4652 3790 4706 carnis
3813 4668 3916 4706 na-

2220 4733 2478 4787 turaliter
2509 4734 2680 4800 nasci,
2716 4739 2773 4789 et
2815 4737 2961 4790 Deus
3012 4737 3191 4792 factor
3233 4738 3485 4792 hominis
3529 4739 3710 4793 homo
3744 4757 3912 4794 verus

2219 4835 2285 4904 ex
2299 4820 2686 4889 homineﬁeri,
2720 4823 3036 4894 quinetiam
3062 4825 3230 4896 panis
3276 4826 3490 4881 involvi
3523 4827 3581 4882 in
3629 4830 3917 4900 angustis.

2220 4907 2366 4963 simo
2380 4909 2676 4981 praesepio,
2695 4911 2964 4966 humanis
2996 4913 3262 4969 manibus
3288 4913 3550 4985 bajulari.
3586 4916 3632 4969 0
3661 4917 3914 4972 clemen-

414 5001 749 5066 molaretur,
779 5001 842 5051 ut
871 4995 1204 5052 indeﬁciens
1237 4999 1587 5068 Angelorum
1619 4999 1782 5069 panis
1827 4986 2108 5054 foemineis
2141 4998 2182 5051 D
2221 4996 2428 5050 tissimi
2453 4999 2550 5052 Dei
2571 4999 2820 5068 gloriosa
2847 4999 3191 5072 benignitas,
3220 5017 3254 5055 ο
3276 5002 3537 5057 altissimi
3566 5005 3666 5058 Dei
3692 5008 3916 5060 excelsa

415 5087 690 5142 uberibus
738 5086 1062 5151 laetaretur,
1102 5090 1166 5140 ut
1213 5087 1554 5141 saeculorum
1597 5103 1696 5141 rex
1741 5087 2101 5142 contumeliis

316 5248 322 5253 Α
419 5176 761 5240 afﬁceretur,
793 5180 857 5229 ut
885 5173 1001 5229 vita
1026 5179 1239 5229 aeterna
1267 5175 1414 5228 mori
1453 5175 1868 5246 patientissime
1899 5176 2104 5247 digna-

417 5270 576 5320 retur
589 5266 618 5318 ?
639 5263 879 5318 Attende
903 5263 1099 5334 igitur,
1119 5262 1315 5328 homo,
1331 5267 1502 5317 tantae
1518 5263 1887 5334 benignitatis
1905 5263 2104 5334 digna-

414 5354 651 5419 tionem,
683 5356 748 5406 ut
772 5351 1085 5422 gratiarum
1119 5351 1402 5423 persolvas
1446 5351 1744 5407 humiliter
1795 5353 2098 5407 actionem.

415 5441 566 5496 Scito
596 5445 791 5495 autem
820 5445 874 5494 te
894 5456 1008 5494 non
1033 5440 1546 5506 honoriﬁcentiam,
1577 5441 1672 5494 sed
1695 5442 2101 5496 contumeliam

415 5530 618 5586 divinae.
667 5529 865 5599 gratia:
916 5529 1154 5584 reddere
1200 5528 1244 5582 si
1295 5529 1532 5599 coeperis
1557 5529 1623 5582 de
1653 5529 1793 5584 tanti
1838 5529 2099 5585 beneﬁcii

2216 5086 2534 5141 humilitas!
2583 5087 2681 5141 Ille
2728 5103 2761 5140 a
2791 5093 2970 5143 matre
3016 5090 3377 5146 nutriebatur
3420 5092 3763 5164 infantulus,
3811 5098 3914 5167 qui

2212 5179 2454 5228 matrem
2485 5176 2590 5230 sibi
2625 5177 2832 5230 creavit
2868 5176 3222 5246 immensus;
3269 5180 3388 5252 ipse
3421 5197 3453 5234 a
3489 5182 3827 5252 parentibus
3851 5182 3915 5235 in

2212 5278 2382 5318 suum
2413 5265 2692 5335 templum
2735 5281 2878 5336 puer
2922 5267 3192 5337 parvulus
3239 5270 3596 5338 portabatur,
3631 5272 3733 5342 qui
3765 5273 3916 5326 Deus

2211 5369 2454 5422 magnus
2483 5351 2544 5406 in
2575 5353 2776 5408 eodem
2806 5356 3019 5425 templo
3047 5371 3080 5410 a
3101 5357 3308 5410 sanctis
3349 5358 3686 5414 hominibus
3740 5377 3913 5431 roga-

2211 5443 2416 5508 batur;
2449 5447 2504 5497 et
2541 5443 2690 5497 idem
2718 5459 2820 5514 pro
2855 5461 2912 5497 se
2966 5445 3305 5500 sacriﬁcium
3367 5449 3645 5519 praecepit
3689 5449 3913 5514 offerri,

2210 5531 2308 5601 qui
2338 5530 2457 5584 sine
2483 5536 2711 5601 peccato
2741 5548 2844 5602 pro
2867 5534 3072 5588 nostris
3099 5539 3330 5588 venerat
3372 5535 3764 5607 impietatibns
3796 5540 3914 5593 im-
