4004 6182
124 293 265 345 1137

1266 300 1498 355 SERMO
1539 302 1602 355 IN
1643 303 2177 361 ClRCUMCISlONE
2222 307 2483 361 DOMINI.

3495 314 3624 367 1138

120 414 357 469 molari.
393 414 701 470 Considera
730 416 923 486 igitur,
976 420 1170 485 homo,
1206 422 1340 491 quid
1373 424 1579 477 debeas
1610 427 1828 480 excelso
1859 431 1901 482 A
1942 428 2325 481 tentissimum
2382 429 2728 495 Creatorem,
2782 430 2841 482 in
2902 431 3051 484 Novo
3110 432 3367 501 ejusdem
3416 436 3622 499 carnis,

111 502 388 556 Creatori
417 506 539 568 tuo,
593 504 903 559 humiliato
960 508 1329 577 Redemptori
1380 515 1493 565 tuo.
1537 512 1827 567 Verumta-

110 605 283 658 men,
319 592 618 657 carissimi,
652 593 757 647 hoc
797 611 1023 665 semper
1074 596 1398 651 Christianae
1443 599 1577 652 ﬁdei
1630 605 1824 653 tenere

111 681 421 734 consuevit
452 680 772 753 integritas,
807 689 869 738 ut
905 685 952 737 si
982 686 1120 755 quid
1180 704 1212 739 a
1256 687 1477 741 Christo
1511 690 1822 744 secundum

112 769 465 823 canonicam
500 770 988 841 Evangelistarum
1010 774 1409 828 narrationem
1432 775 1643 829 factum
1690 778 1823 847 legi-

116 872 275 923 mus,
310 857 392 910 vel
428 856 713 923 audimus,
741 858 1037 914 historiam
1070 862 1319 931 primum
1351 879 1540 917 veram
1565 880 1684 917 esse
1701 865 1821 918 sine

116 943 487 998 dubitatione
534 946 851 1011 credamus,
885 948 1112 1009 deinde,
1153 950 1213 1003 in
1268 938 1535 1005 historica
1590 952 1821 1005 veritate

118 1030 485 1100 spiritualem
518 1048 746 1104 quoque
783 1035 1225 1105 Intelligentiam
1254 1038 1634 1108 requiramus.
1678 1042 1817 1095 Cum

118 1119 282 1172 enim
318 1120 526 1174 divinae
554 1126 739 1175 textus
772 1122 1025 1177 historia:
1056 1141 1219 1179 verus
1250 1142 1370 1180 esse
1402 1127 1674 1193 creditur,
1706 1130 1818 1182 Ma-

117 1209 382 1262 nichaeus
440 1210 502 1262 in
551 1225 653 1263 sua
682 1212 979 1265 severitate
1028 1213 1415 1280 confunditur,
1451 1216 1550 1286 qni
1580 1217 1715 1270 dum
1760 1217 1818 1270 in

115 1298 351 1352 Christo
378 1296 479 1351 Dei
502 1297 642 1352 Filio
666 1299 961 1353 veritatem
988 1316 1103 1355 non
1134 1302 1315 1356 credit
1337 1303 1544 1371 carnis,
1572 1304 1816 1374 scriptu-

115 1381 202 1435 ris
236 1385 442 1437 sanctis
490 1388 546 1438 et
610 1386 893 1440 veteribus
918 1391 973 1441 et
1027 1388 1432 1444 novistcrimen
1478 1391 1675 1445 nititur
1708 1393 1815 1445 im-

110 1482 339 1535 ponere
373 1467 652 1522 falsitatis.
683 1469 823 1523 Nam
856 1486 985 1524 cum
1033 1472 1245 1526 Veteris
1277 1474 1623 1528 Testamenti
1654 1476 1814 1532 deiﬁ-

108 1571 249 1609 eam
281 1557 455 1611 miser
494 1562 790 1612 execratur
814 1559 1131 1627 historiam,
1164 1561 1223 1614 in
1265 1563 1420 1615 Novo
1454 1563 1813 1617 Testamento

109 1643 248 1715 ipse
279 1644 384 1698 sibi
425 1645 668 1716 denegat
698 1647 896 1718 utique
928 1648 1291 1705 medicinam.
1329 1651 1452 1705 Non
1486 1652 1604 1705 vult
1659 1652 1811 1706 enim

1932 521 2103 585 atque
2164 516 2371 569 animm
2422 518 2930 571 clementissimum
2982 525 3396 590 susceptorem,
3466 538 3528 575 ac
3577 524 3623 576 si

1931 605 2117 672 primo
2168 604 2351 657 carnis
2385 606 2707 677 animaeque
2743 607 3036 661 factorem.
3085 610 3452 677 postmodum
3489 627 3621 665 vero

1931 692 2112 744 carnis
2140 692 2458 762 animaeque
2487 694 2843 747 salvatorem.
2874 697 2997 748 Haec
3029 696 3368 750 Manichaus
3401 698 3616 765 audiat,

1930 778 2198 847 conferat,
2238 787 2521 849 agnoscat,
2556 789 2612 835 et
2654 784 2862 844 credat,
2913 785 3263 854 credensque
3319 787 3387 838 ad
3442 787 3622 841 Eccle-

1929 866 2070 919 siam
2132 867 2467 920 catholicam
2528 869 2735 935 redeat,
2793 870 2850 923 in
2908 888 3019 941 qua
3082 871 3419 925 beneficium
3475 890 3621 927 vera:

1930 954 2125 1007 salutis
2165 954 2438 1008 inveniat.
2468 957 2721 1011 Perhzec
2752 963 2943 1011 autem
2975 974 3101 1028 qua:
3134 959 3413 1012 Dominus
3445 960 3619 1027 gessit

1929 1040 2256 1112 incorpore
2305 1044 2643 1096 constitutus
2696 1061 2809 1097 non
2859 1046 3041 1097 solum
3090 1046 3390 1115 utriusque
3420 1047 3618 1099 Testa-

1927 1130 2105 1183 menti
2137 1131 2403 1200 dignatus
2434 1135 2515 1184 est
2562 1131 2923 1185 concordiam
2970 1134 3381 1199 demonstrare,
3418 1150 3616 1187 verum

1927 1217 2098 1271 etiam
2132 1217 2569 1272 Christianorum
2616 1234 2798 1271 mores
2844 1219 3148 1273 salubriter
3197 1221 3380 1275 voluit
3437 1221 3615 1275 infor-

1925 1319 2101 1370 mare,
2138 1305 2380 1375 utquod
2413 1305 2474 1357 in
2504 1305 2601 1358 illo
2629 1320 2731 1375 pro
2781 1312 2974 1359 nostra
3007 1308 3185 1362 salute
3227 1313 3447 1378 gestum
3490 1326 3611 1363 cor-

1924 1392 2196 1460 poraliter
2252 1391 2566 1456 intuemur,
2601 1408 2703 1444 nos
2736 1408 2967 1463 quoque
3024 1394 3397 1464 spiritualiter
3426 1396 3614 1451 imite-

1925 1495 2072 1533 mur.
2110 1480 2242 1534 Ideo
2279 1496 2411 1533 nam
2445 1479 2715 1549 parvulus
2746 1481 2805 1532 in
2832 1486 2984 1534 terra
3015 1484 3181 1535 natus
3212 1485 3295 1534 est
3326 1482 3614 1550 Christus;

1924 1572 1989 1620 ut
2018 1567 2403 1621 humilitatem
2426 1567 2668 1621 disceret
2700 1566 3072 1631 christianus;
3098 1567 3170 1621 ob
3191 1569 3299 1621 hoc
3317 1568 3489 1622 etiam
3515 1586 3612 1639 pa-

1922 1654 2181 1709 rentibus
2211 1656 2395 1709 carnis
2421 1670 2538 1709 suae
2570 1655 2827 1709 subditus
2854 1660 2992 1721 erat,
3026 1661 3091 1709 ut
3110 1656 3611 1713 honoriﬁcentiam

109 1733 353 1787 credere
384 1734 695 1789 humanam
726 1751 955 1790 carnem
987 1754 1019 1791 a
1076 1739 1189 1791 Deo
1228 1740 1589 1808 plasmatam,
1625 1756 1809 1811 neque
1843 1713 1882 1767 Β
1922 1758 2146 1812 semper
2194 1743 2341 1813 patri
2388 1746 2445 1795 et
2501 1741 2667 1796 matri
2713 1743 2899 1796 omnis
2953 1743 3296 1796 christianus
3324 1745 3607 1799 exhibeat.

109 1822 612 1877 circumcisionem
644 1825 829 1878 carnis
860 1825 1198 1895 imperatam
1231 1845 1262 1881 a
1297 1829 1408 1881 Deo
1446 1834 1639 1882 nostro
1682 1845 1809 1883 san-

108 1908 223 1963 ctis
252 1910 529 1978 patribus,
563 1928 665 1965 nec
712 1911 998 1967 victimam
1055 1914 1124 1968 de
1179 1916 1444 1969 carnibus
1475 1916 1808 1970 animalium

114 2000 236 2052 Deo
270 1999 392 2053 vivo
424 2004 480 2053 et
510 2015 643 2054 vero
675 2000 876 2072 priscis
908 2003 1260 2073 temporibus
1290 2003 1669 2070 immolatam,
1706 2020 1810 2059 nec

106 2085 417 2141 sabbatum
471 2104 539 2143 ex
580 2090 679 2143 Dei
732 2097 1021 2161 praecepto
1054 2108 1116 2145 ac
1158 2093 1451 2147 voluntate
1499 2097 1807 2159 servatum,

104 2191 222 2229 nec
253 2177 495 2232 Domino
528 2180 828 2248 templum,
864 2180 978 2234 Deo
1010 2180 1265 2249 iubente,
1286 2181 1621 2236 fabricatum
1661 2200 1672 2247 ;
1702 2182 1807 2235 ita-

106 2280 231 2333 que
269 2265 406 2319 dum
455 2265 515 2319 in
559 2267 864 2336 Scripturis
918 2269 1125 2322 sanctis
1175 2285 1291 2323 non
1344 2270 1610 2324 discernit
1662 2276 1805 2324 tem-

101 2368 323 2421 porum
370 2354 726 2424 qualitatem,
781 2357 997 2425 spernit
1070 2362 1126 2411 et
1179 2357 1418 2427 despicit
1494 2359 1806 2413 Dominicaa

106 2442 529 2496 Incarnationis
625 2443 1060 2497 saluberrimam
1143 2446 1460 2501 veritatem.
1565 2448 1808 2519 Quapro-

107 2534 246 2597 pter
300 2535 362 2583 ut
432 2530 777 2584 Manichacus
851 2532 1274 2586 evidentissima
1332 2535 1550 2588 ratione
1624 2537 1807 2590 vinca-

107 2622 233 2683 tur,
307 2623 364 2671 et
443 2619 623 2673 victus
682 2620 904 2674 utinam
958 2625 1339 2687 convertatur,
1406 2638 1469 2676 ex
1529 2624 1806 2679 hodierna

105 2706 441 2775 evangelica
469 2708 709 2762 lectione
749 2709 1041 2762 veritatem
1085 2709 1429 2762 Testamenti
1464 2711 1676 2764 Veteris
1707 2712 1801 2765 de-

98 2796 428 2860 fendamus,
463 2802 530 2849 ut
560 2813 625 2849 ex
652 2797 756 2850 hoc
787 2802 842 2850 et
888 2797 1098 2851 Veteris
1136 2800 1189 2850 et
1237 2797 1377 2850 Novi
1412 2798 1591 2851 Deum
1622 2815 1803 2852 unum

94 2883 571 2938 manifestissime
593 2885 1053 2954 comprobemus.
1080 2886 1214 2939 Ecce
1234 2890 1425 2938 sancto
1457 2886 1804 2955 evangelista

1920 1831 2050 1885 ldeo
2083 1836 2274 1885 autem
2307 1831 2560 1885 Christus
2610 1831 2814 1884 vilibus
2872 1831 3158 1884 involutus
3212 1835 3296 1884 est
3328 1831 3511 1896 annis,
3546 1838 3611 1886 ut

1918 1919 2260 1973 christianus
2302 1935 2418 1972 non
2477 1919 2796 1973 declaretur
2841 1918 3090 1972 vestibus
3140 1918 3442 1989 pretiosis;
3478 1935 3609 1988 pro-

1916 2012 2112 2077 pterea
2131 2023 2263 2060 vero
2296 2006 2549 2061 Christus
2582 2007 2640 2060 in
2671 2012 2823 2060 terra
2854 2019 3074 2077 pauper
3101 2006 3280 2059 voluit
3304 2021 3600 2076 apparere,

1916 2100 1980 2150 ut
2027 2094 2228 2149 divites
2276 2095 2567 2150 christiani
2618 2095 2898 2149 discerent
2932 2100 3187 2148 terrenas
3227 2094 3451 2148 divitias
3491 2110 3607 2148 non

1916 2198 2126 2248 amare,
2154 2182 2251 2236 sed
2279 2184 2668 2251 eleemosynas
2696 2182 3043 2253 pauperibus
3064 2182 3349 2251 erogando
3372 2186 3606 2253 possent

1916 2285 2045 2323 suas
2095 2268 2319 2323 divitias
2376 2270 2434 2322 in
2482 2269 2624 2323 coelo
2675 2285 2918 2323 servare.
2975 2270 3081 2321 Per
3117 2268 3609 2322 circumcisionem

1913 2372 2045 2410 vero
2072 2372 2240 2427 quam
2280 2356 2374 2409 Dei
2416 2356 2587 2409 Filius
2612 2355 2668 2407 in
2697 2371 2862 2408 carne
2894 2354 3157 2424 suscepit,
3191 2353 3372 2407 nostri
3422 2353 3609 2406 cordis

1912 2443 2403 2499 circumcisionem
2436 2442 2496 2496 in
2523 2441 2727 2511 spiritu
2756 2439 3238 2510 praemonstravit,
3290 2455 3465 2510 quam
3495 2440 3603 2492 cir-

1913 2532 2321 2586 cumcisionem
2380 2529 2545 2583 nobis
2606 2544 2793 2585 sermo
2850 2526 3045 2598 legalis
3098 2526 3318 2593 indicit,
3379 2526 3600 2579 dicente

1914 2621 2096 2689 Moyse
2140 2635 2153 2671 :
2188 2618 2566 2674 Circumcidite
2601 2617 2933 2684 praeputium
2981 2613 3159 2667 cordis
3206 2615 3390 2676 vostri,
3419 2618 3466 2664 et
3500 2615 3605 2664 cir-

1912 2707 2284 2762 cumcidimini
2324 2708 2545 2759 Domino
2601 2707 2703 2757 Deo
2745 2706 2939 2755 vestro.
2987 2701 3090 2753 Cui
3134 2703 3420 2769 praecepto
3472 2714 3603 2752 con-

1912 2795 2109 2849 cordat
2156 2794 2355 2847 beatus
2404 2791 2612 2845 Paulus
2666 2790 2954 2859 apostolus
3005 2788 3197 2842 dicens
3251 2806 3262 2841 :
3312 2789 3430 2843 Non
3461 2791 3601 2840 enim

1913 2886 2009 2951 qui
2046 2886 2104 2936 in
2153 2882 2441 2946 manifesto
2483 2879 2734 2942 Judwus,
2782 2893 2951 2944 neque
2982 2892 3099 2944 qua
3128 2880 3184 2929 in
3223 2878 3512 2942 manifesto
3547 2879 3602 2928 in

100 2977 381 3026 narrante
412 2973 786 3043 cognovimus
809 2974 1093 3028 Christum
1123 2973 1221 3027 Dei
1242 2974 1444 3027 Filium
1478 2989 1673 3027 verum
1698 2974 1801 3027 ho-
1832 2992 1870 3045 (ς
1910 2987 2070 3026 carne
2107 2970 2458 3035 circumcisio,
2492 2967 2583 3019 sed
2604 2970 2699 3034 qui
2725 2968 2783 3018 in
2813 2966 3126 3019 abscondito
3143 2964 3393 3028 Judaeus,
3426 2969 3476 3017 et
3497 2966 3605 3016 cir-

100 3061 325 3114 minem
357 3065 578 3127 natum,
635 3061 918 3117 Christum
983 3062 1081 3115 Dei
1127 3062 1330 3115 Fllium
1370 3062 1646 3116 veraciter
1684 3063 1790 3116 cir-

95 3150 445 3216 cumcisum,
488 3167 591 3221 pro
618 3150 839 3204 Christo
898 3150 995 3204 Dei
1030 3150 1167 3204 Filio
1200 3151 1539 3203 sacriﬁcium
1574 3151 1642 3204 de
1677 3167 1792 3204 car-

102 3239 279 3292 nibus
334 3240 645 3294 secundum
700 3255 922 3292 morem
972 3243 1108 3292 tunc
1158 3238 1364 3292 divinae
1422 3238 1794 3293 institutionis

100 3327 385 3394 oblatum,
420 3327 536 3381 sive
568 3332 760 3381 autem
794 3328 1146 3381 circumcisio
1177 3326 1381 3392 carnis,
1436 3328 1551 3381 sive
1596 3344 1793 3381 carna-

102 3415 257 3467 lium
286 3414 690 3469 sacriﬁciorum
718 3416 936 3484 regula,
989 3414 1047 3467 in
1092 3414 1275 3467 Veteri
1315 3416 1673 3468 Testamento
1703 3432 1793 3467 co-

102 3502 405 3571 gnoscitur
435 3502 712 3556 instituta.
746 3504 857 3556 Cur
888 3502 1080 3572 igitur,
1115 3502 1489 3569 dilectissimi,
1531 3519 1647 3556 non
1676 3518 1795 3556 cre-

103 3592 280 3643 datur
303 3590 613 3658 justissime
648 3591 704 3643 in
740 3591 924 3645 Veteri
972 3591 1348 3658 Testamento,
1392 3591 1664 3660 quoniam
1699 3592 1799 3645 Dei

105 3679 377 3733 manibus
408 3680 717 3748 plasmatus
749 3685 833 3733 est
878 3680 1070 3745 homo,
1123 3680 1347 3750 quando
1376 3681 1439 3733 in
1495 3681 1645 3733 Novo
1675 3681 1800 3733 Tes-

105 3771 363 3820 tamento
398 3773 459 3821 ut
508 3784 620 3821 nou
664 3767 723 3821 in
756 3772 1035 3821 aeternum
1067 3769 1275 3838 periret
1303 3768 1477 3821 homo
1525 3768 1645 3837 ipse
1681 3769 1801 3820 uni-

104 3856 339 3924 genitus
372 3856 468 3910 Dei
520 3873 620 3926 pro
665 3857 830 3910 nobis
874 3858 1051 3911 factus
1095 3861 1177 3911 est
1232 3873 1395 3910 verus
1437 3858 1658 3910 homo?
1691 3856 1802 3910 Cur

110 3958 230 3995 non
262 3944 523 3997 credatur
557 3945 704 3998 Deus
738 3944 907 3997 etiam
963 3943 1456 3998 circumcisionem
1506 3943 1691 3996 carnis
1732 3943 1801 3996 ad

104 4030 331 4101 aliquid
363 4032 799 4102 signiﬁcandum
832 4047 1084 4102 congruo
1115 4035 1370 4101 tempore
1396 4030 1632 4100 jussisse
1654 4029 1798 4093 ﬁeri,

104 4136 243 4173 cum
274 4135 397 4174 eam
434 4121 531 4174 Dei
565 4120 741 4174 Filius
765 4121 823 4174 in
857 4136 959 4174 suo
994 4135 1228 4189 corpore
1260 4119 1454 4172 fecerit
1494 4118 1801 4172 celebrari?

107 4208 230 4262 Cur
260 4211 448 4259 autem
478 4223 593 4260 non
646 4206 754 4260 sibi
807 4208 954 4260 Deus
995 4211 1188 4260 noster
1224 4205 1510 4275 praeterito
1543 4212 1800 4275 tempore

108 4295 400 4365 populum
436 4295 761 4349 Judaeorum
796 4296 1011 4365 typicas
1036 4295 1298 4363 jussisset
1329 4295 1583 4347 victimas
1618 4296 1802 4348 carnis

109 4380 342 4447 offerre,
379 4383 610 4451 quando
641 4383 759 4452 ipse
791 4384 934 4436 Deus
966 4382 1295 4452 unigenitus
1326 4398 1394 4435 ex
1418 4383 1626 4437 Judzeis
1658 4389 1799 4437 tem-

110 4469 396 4539 poraliter
421 4475 586 4523 natus
616 4472 867 4540 seipsum
908 4486 1010 4540 pro
1068 4470 1276 4523 nostris
1328 4471 1565 4538 peccatis
1614 4487 1803 4525 secun-

111 4558 255 4611 dum
291 4573 519 4611 carnem
557 4559 823 4629 dignatus
849 4563 930 4612 est
959 4558 1256 4612 immolare
1276 4558 1303 4609 ’ἲ
1333 4559 1598 4611 Attendat
1628 4558 1803 4628 igitur

111 4643 463 4699 Manicbazus
496 4645 793 4715 utriusque
824 4645 1151 4700 testamenti
1179 4644 1723 4709 manifestissimam,
1748 4650 1803 4699 et

103 4731 615 4786 concordissimam
668 4732 983 4793 veritatem,
1015 4737 1070 4785 et
1116 4747 1415 4785 conversus
1463 4747 1623 4785 suam
1653 4732 1803 4801 ,abji-

106 4822 228 4875 ciat
255 4819 583 4876 vanitatem.
624 4821 822 4876 Videat
860 4822 917 4875 in
974 4821 1161 4875 Veteri
1194 4822 1551 4875 Testamento
1586 4819 1800 4890 signiﬁ-

105 4907 396 4963 cationem
422 4909 773 4977 futurorum,
817 4908 875 4962 in
908 4910 1058 4962 Novo
1108 4909 1512 4962 revelationem
1545 4908 1801 4978 praeteri-

107 5003 305 5050 torum
333 5012 346 5057 ς
378 4995 665 5050 Christum
706 5003 897 5051 autem
941 4998 1116 5051 Deum
1153 4996 1452 5049 amborum
1482 4997 1806 5049 Testamen-

110 5088 333 5147 torum,
358 5082 417 5135 in
448 5083 636 5136 Veteri
658 5086 1017 5139 Testamento
1058 5084 1210 5155 quod
1239 5084 1591 5137 exhibiturus
1619 5086 1806 5137 fuerat

111 5169 574 5241 promittentem,
598 5172 655 5225 in
681 5174 832 5226 Novo
866 5173 1017 5243 quod
1042 5173 1385 5244 promiserat
1413 5171 1802 5238 exhibentem,

112 5274 223 5312 nec
281 5258 341 5311 in
394 5259 771 5328 promissione
836 5260 1193 5324 mendacem,
1255 5275 1357 5311 nec
1403 5258 1463 5310 in
1497 5258 1805 5311 donatione

107 5347 400 5414 fallacem,
435 5347 533 5399 sed
556 5346 767 5417 ubique
796 5348 1031 5411 bonum,
1062 5346 1272 5416 ubique
1298 5346 1543 5415 justum,
1593 5345 1804 5414 ubique

113 5439 402 5497 sanctum,
455 5435 668 5505 ubique
715 5438 1027 5504 potentem,
1091 5433 1301 5503 ubique
1348 5433 1705 5485 clementem.
1740 5431 1805 5483 In

116 5521 305 5575 Veteri
332 5523 689 5576 Testamento
717 5523 920 5587 carnis,
954 5526 1122 5591 atque
1161 5520 1425 5574 humanae
1460 5518 1664 5572 animm
1702 5534 1802 5587 po-

1906 3060 2157 3115 cumcisio
2195 3056 2369 3111 cordis
2401 3058 2459 3107 in
2489 3057 2708 3123 spiritu,
2741 3069 2845 3106 non
2891 3054 3092 3116 littera,
3127 3053 3280 3119 cujus
3318 3053 3435 3104 laus
3482 3066 3586 3103 non

1905 3165 1975 3204 em
2008 3146 2328 3209 hominibus,
2379 3143 2472 3197 sed
2518 3158 2583 3195 ea:
2628 3145 2725 3195 Deo
2779 3146 2875 3195 est.
2911 3139 3157 3193 Proinde
3208 3138 3592 3193 circumcisio-

1907 3253 2039 3291 nem
2073 3238 2131 3290 in
2165 3248 2401 3302 corpore
2449 3231 2647 3285 habuit
2699 3230 2973 3293 Christus,
3019 3234 3082 3281 ut
3126 3227 3499 3297 spiritualiter
3528 3228 3589 3279 in

1907 3327 2073 3381 corde
2125 3325 2331 3379 habeat
2384 3320 2747 3386 christianus,
2798 3319 2868 3372 ob
2923 3320 3028 3372 hoc
3082 3333 3330 3387 namque
3361 3317 3454 3370 ille
3493 3317 3591 3387 qui

1908 3415 2131 3470 nullum
2156 3411 2365 3466 habere
2385 3410 2573 3480 potuit
2606 3408 2839 3462 omnino
2863 3411 3157 3478 peccatum
3180 3406 3445 3477 deposuit
3466 3422 3601 3476 prae-

1907 3500 2137 3571 putium
2160 3497 2363 3561 carnis,
2392 3501 2457 3549 ut
2478 3512 2582 3549 nos
2616 3495 2948 3565 abjiciamus
2975 3494 3255 3549 desideria
3278 3494 3591 3564 pravitatis.

1912 3588 2161 3644 Christus
2203 3584 2378 3655 igitur
2433 3583 2695 3637 manibus
2735 3588 2817 3636 est
2865 3587 3119 3651 portatus
3176 3582 3243 3635 ad
3296 3582 3598 3650 templum,

1912 3682 1974 3731 ut
1999 3673 2343 3730 christianus
2388 3671 2551 3725 bonis
2593 3672 2860 3740 operibus
2906 3670 3244 3724 conscendat
3274 3669 3334 3722 in
3366 3669 3594 3722 coelum.

1910 3763 2260 3820 Sacriﬁcium
2289 3777 2390 3832 pro
2423 3776 2479 3813 se
2514 3759 2715 3812 offerre
2741 3758 2921 3811 voluit
2948 3758 3200 3812 Christus
3230 3762 3292 3809 ut
3323 3756 3393 3809 ad
3421 3756 3598 3808 altare

1914 3850 2133 3907 Domini
2195 3865 2250 3902 se
2285 3849 2483 3901 otferat
2531 3846 2901 3911 christianus;
2952 3842 3195 3896 maxime
3229 3846 3419 3895 autem
3454 3841 3599 3894 bene

1914 3940 2149 3995 vivendo
2202 3938 2452 4008 seipsum
2509 3936 2621 3988 Deo
2661 3933 2863 3986 offerre
2922 3930 3167 3993 festinet,
3203 3934 3259 3982 et
3316 3929 3599 3982 mundum

1914 4027 2251 4082 sacriﬁcium
2315 4040 2371 4077 se
2426 4022 2633 4077 divinis
2674 4020 2963 4074 obtutibus
3015 4022 3174 4072 curet
3213 4016 3505 4082 exhibere;
3541 4016 3600 4069 in

1914 4116 2037 4186 ipso
2097 4114 2250 4168 enim
2309 4129 2414 4182 pro
2469 4110 2686 4163 Christo
2735 4106 2923 4159 oblato
2960 4104 3256 4169 sacriﬁcio,
3312 4103 3599 4173 quoddam

1915 4205 2210 4275 spirituale
2270 4199 2610 4254 sacriﬁcium
2670 4196 2830 4250 nobis
2902 4195 3264 4265 agnoscimus
3334 4192 3596 4247 indicari.

1914 4294 2039 4359 Pur,
2076 4289 2283 4360 inquit,
2318 4292 2589 4340 turturum
2636 4290 2685 4337 et
2724 4284 2854 4336 duos
2898 4283 3075 4350 pullos
3113 4280 3496 4335 columbarum.
3538 4281 3601 4333 In

1912 4380 2019 4432 hoc
2044 4392 2253 4447 genere
2285 4375 2495 4441 avium,
2518 4370 2868 4427 dilectissimi
2887 4370 3108 4433 fratres,
3136 4384 3410 4437 magnum
3435 4368 3601 4421 nobis

1912 4462 2348 4518 commendatur
2392 4458 2683 4514 catholica:
2731 4456 2863 4510 ﬁdei
2916 4458 3369 4519 sacramentum;
3420 4453 3482 4507 in
3512 4470 3602 4507 co—

1913 4554 2106 4608 lumba
2126 4552 2280 4605 enini
2312 4551 2553 4604 charitas
2575 4546 2921 4618 agnoscitur,
2957 4551 3013 4597 et
3044 4544 3101 4597 in
3121 4549 3345 4597 turture
3375 4544 3601 4598 castitas

1912 4641 2215 4696 invenitur.
2241 4642 2451 4693 Turtur
2472 4651 2720 4705 namque
2743 4638 2923 4687 servat
2943 4632 3343 4686 intemeratam
3366 4632 3463 4686 uni
3483 4632 3601 4685 viro

1912 4730 2104 4792 ﬁdem,
2147 4727 2410 4781 columba
2440 4740 2572 4778 vero
2602 4722 2842 4775 aliarum
2876 4720 3330 4774 cohabitantium
3370 4735 3485 4773 non
3517 4718 3605 4772 de-

1913 4818 2049 4871 serit
2074 4815 2373 4869 unitatem.
2417 4811 2769 4867 Christianus
2794 4810 2969 4879 igitur
2995 4814 3130 4862 tunc
3161 4823 3288 4861 vere
3328 4808 3599 4877 spiritalis

1912 4910 2100 4959 turtur
2121 4901 2365 4956 efﬁcitur
2416 4901 2460 4953 si
2486 4914 2676 4952 veram
2709 4896 2980 4951 trinitatis
3012 4897 3183 4950 ﬁdem
3214 4896 3379 4947 ﬁrma
3404 4896 3599 4949 credu-

1914 4992 2071 5044 litate
2117 4992 2430 5052 conservet,
2462 4991 2517 5039 et
2546 4985 2825 5039 haeretica)
2852 4982 3143 5053 pravitatis
3192 4996 3421 5033 sensum
3470 4984 3597 5035 tan-

1914 5096 2085 5150 quam
2118 5073 2964 5143 fornicationisinquinamenta
2987 5068 3263 5139 repudiet.
3290 5069 3446 5120 Tunc
3464 5083 3597 5122 vero

1915 5171 2023 5221 erit
2052 5164 2315 5220 columba
2357 5162 2402 5214 si
2434 5159 2839 5229 longanimiter
2870 5172 3047 5226 usque
3078 5156 3136 5208 in
3176 5156 3349 5208 ﬁnem
3391 5154 3452 5208 in
3508 5170 3598 5209 ca-

1914 5242 2125 5309 tholica
2176 5251 2442 5305 societate
2498 5250 2848 5318 permaneat,
2911 5249 2965 5296 et
3024 5246 3221 5295 contra
3270 5242 3602 5296 tentationis

1917 5340 2181 5395 scandala
2209 5336 2493 5391 immobili
2544 5334 2811 5388 ﬁrmitate
2859 5330 3145 5393 consistat,
3181 5332 3245 5381 ut
3276 5344 3378 5383 nec
3428 5329 3605 5384 haere-

1920 5432 2025 5484 tica
2068 5427 2371 5483 foruicatio
2425 5427 2751 5492 corrumpat
2782 5421 2839 5474 in
2885 5420 3052 5473 corde
3098 5417 3231 5472 ﬁdei
3259 5417 3601 5483 castitatem,

1918 5533 2019 5570 nec
2055 5530 2248 5569 amara
2286 5512 2565 5566 dissensio
2614 5508 3000 5563 ecclesiasticae
3044 5506 3333 5561 charitatis
3373 5505 3607 5575 dissipet
