4004 6182
180 287 309 340 1141
961 287 1167 341 SERM.
1212 287 1279 340 IN
1323 286 1548 344 LOCUM
1591 289 1644 342 S.
1690 289 2017 342 MATTIIA‘II
2062 290 2305 344 EVANG.
2351 290 2438 343 ET
2479 290 2568 344 DE
2609 289 2912 344 JEJUNlO.
3545 291 3679 344 1142

255 411 490 472 Tertius,
513 409 588 462 De
612 408 829 478 nuptiis
847 411 903 462 in
925 409 1120 463 Chana
1139 410 1382 471 Galilew,
1405 414 1648 479 servatus
1668 412 1815 464 estin
1829 411 2206 478 antiquissimo
2219 412 2415 475 cortice,
2437 411 2590 478 cujus
2611 414 2847 478 primam
2862 413 3122 479 pagi-nam
3139 410 3358 478 jamdiu
3369 412 3614 464 attritum
3629 417 3678 464 et

174 484 595 542 evanescentem,
637 479 884 532 chemicis
938 480 1268 548 ailjumentis
1318 486 1580 548 quantum
1640 483 1792 535 licuit
1838 483 2165 544 instauravi,
2212 482 2482 550 multoque
2513 482 2691 534 labore
2736 496 2798 534 ac
2846 482 3120 548 patientia
3163 482 3267 546 legi
3291 498 3303 544 ;
3349 497 3452 534 non
3488 483 3566 534 ita
3597 487 3676 534 ta-

173 567 300 604 men
330 555 390 603 ut
418 552 531 602 sine
560 551 766 617 aliquot
798 551 1006 602 lacunis
1056 552 1146 615 sit,
1196 566 1332 618 quas
1378 553 1586 618 emptori
1615 551 1912 619 aliqua-mlo
1941 567 2092 618 posse
2131 553 2226 604 ulc
2252 557 2401 619 puto.
2436 554 2760 618 Compara-vi
2797 550 3013 618 quidem
3059 553 3195 603 hunc
3225 567 3515 603 sermonem
3557 567 3672 604 cum

175 623 490 688 Augustini
516 620 835 674 tractatibus
862 627 1044 674 octavo
1083 628 1130 674 et
1170 636 1307 673 nono
1329 624 1386 674 in
1419 623 1709 686 Joannem,
1741 621 1836 674 ubi
1866 621 2005 674 idem
2035 627 2410 688 argumentum
2435 625 2733 682 evolvitur;
2762 637 2818 673 re
2845 629 3019 673 tamen
3047 637 3172 673 vera
3202 627 3379 675 noster
3409 624 3491 673 hic
3533 629 3671 674 totus

175 693 426 745 diversus
457 696 553 744 est.
596 691 632 742 Ι
635 698 734 742 tem
757 690 908 743 Beda
940 694 999 744 in
1028 694 1403 746 commentario
1442 692 1515 744 ad
1537 693 1695 746 Pauli
1729 693 2024 758 Epistolam
2049 698 2285 760 priorem
2332 693 2404 744 (ιιι
2444 694 2672 745 Timoth.
2703 708 2820 759 cap.
2872 707 2938 752 iv,
2971 707 3123 758 quem
3151 708 3216 743 ea:
3255 693 3574 758 Augustini,
3616 698 3674 744 ut

176 765 402 827 scimus,
437 761 686 830 operibus
719 764 1133 826 consarcinavit,
1167 762 1314 814 haud
1343 777 1634 816 sermonem
1664 767 1925 825 nostrum,
1957 765 2050 815 sed
2077 763 2194 816 illos
2219 765 2274 815 in
2303 762 2426 815 Joh.
2463 778 2574 830 prae
2605 763 2768 816 oculis
2801 761 3006 814 habuit.
3040 763 3222 816 Nihilo
3256 766 3430 814 tamen
3471 764 3669 827 minus,

179 835 434 900 quisquis
466 831 608 884 beati
630 833 927 896 Augustini
949 834 1168 899 stylum,
1193 835 1491 900 praesertim
1523 835 1579 885 in
1601 831 1950 895 sermonibus,
1975 848 2268 900 parumper
2293 834 2467 894 callet,
2499 834 2636 885 hunc
2669 847 2821 899 quem
2847 837 2902 884 in
2926 832 3173 886 manibus
3197 832 3448 885 habemus
3475 836 3674 885 tracta-

179 909 315 969 tum,
351 904 464 956 sine
495 901 656 954 dubio
686 903 828 954 inter
856 903 1088 955 sinceros
1109 907 1344 972 reponet.
1371 905 1732 972 Praeterquam
1763 902 1908 970 quod
1936 905 2035 956 illa
2065 919 2182 970 quae
2218 907 2406 956 statim
2437 904 2534 956 sub
2567 907 2724 956 initio
2757 903 3018 956 adversus
3039 903 3360 957 Manichacus
3389 904 3666 967 dicuntur,

178 977 304 1042 quis
333 988 439 1026 non
461 972 529 1025 ab
559 986 647 1025 ore
668 974 967 1038 Augustini
981 973 1266 1042 procedere
1287 975 1572 1040 agnoscit?

254 1045 498 1108 Quartus
531 1042 762 1109 denique
789 1057 980 1109 sermo,
1009 1045 1097 1096 cui
1123 1043 1317 1098 titulus
1347 1045 1422 1097 De
1450 1043 1619 1097 missa
1664 1042 1971 1108 cotidiana,
2003 1058 2207 1096 nonum
2236 1045 2361 1096 item
2404 1043 2707 1110 Augustini
2751 1045 2890 1108 gerit
2919 1045 2976 1095 in
3001 1047 3303 1109 pervetusto
3329 1044 3628 1112 emcmplari
3651 1064 3667 1105 ,-

174 1113 488 1181 dictumque
543 1119 793 1180 apparet,
849 1114 978 1167 dum
1019 1113 1198 1168 adhuc
1228 1115 1429 1168 ethnici
1451 1114 1730 1183 judaeique
1778 1116 1921 1166 inter
1961 1115 2286 1168 christianos
2332 1120 2698 1167 versarentur.
2735 1117 2911 1180 Neque
2948 1128 3031 1166 res
3072 1115 3262 1178 igitur,
3311 1128 3476 1180 neque
3513 1119 3663 1179 aetas,

173 1200 348 1252 neque
377 1187 510 1253 ipse,
547 1185 607 1236 ni
633 1184 821 1248 fallor,
863 1185 1036 1252 stylus
1062 1184 1296 1251 obstant,
1327 1187 1611 1252 quominus
1641 1186 1898 1249 auctoris,
1932 1199 2085 1252 quem
2115 1200 2284 1238 sermo
2319 1199 2432 1250 prae
2480 1198 2532 1236 se
2577 1189 2683 1249 fert
2724 1186 2780 1235 in
2813 1184 2986 1246 titulo,
3015 1185 3202 1247 foetum
3225 1198 3334 1236 esse
3362 1184 3661 1238 credamus.

172 1255 318 1309 Nam
349 1269 442 1307 nec
473 1257 685 1306 cunctos
723 1255 1025 1323 Augustini
1057 1259 1320 1309 tractatus
1350 1255 1591 1309 indiculo
1621 1269 1715 1309 suo
1763 1255 2223 1323 comprehendisse
2273 1254 2596 1318 Possidium,
2660 1255 2998 1322 exploratum
3029 1259 3130 1306 est.
3190 1255 3444 1308 Caeterum
3483 1255 3663 1308 hiatus

172 1326 411 1394 aliquot,
444 1323 802 1391 obscurasque
841 1330 937 1377 aut
983 1325 1176 1379 dubias
1229 1327 1474 1380 lectiones
1519 1328 1576 1377 in
1617 1328 1712 1379 hoc
1747 1327 2052 1393 prasertim
2081 1340 2143 1379 ac
2181 1327 2455 1392 superiore
2485 1339 2739 1384 sermone,
2774 1339 2923 1377 nemo
2957 1337 3131 1391 quaeso
3163 1325 3390 1394 miretur
3423 1340 3433 1376 :
3468 1325 3663 1379 codicis

169 1395 666 1520 euganboriginalis,
705 1394 834 1449 dum
877 1395 1162 1450 editionem
1195 1397 1473 1461 metiebar,
1515 1399 1827 1464 praesentem
1870 1397 2185 1461 facultatem
2223 1411 2329 1448 non
2361 1395 2562 1461 habui;
2601 1398 2690 1448 cui
2722 1395 2968 1462 deinceps
2997 1393 3346 1461 incommodo,
3383 1399 3441 1446 ut
3485 1410 3660 1463 spero,

169 1481 251 1519 me
355 1482 433 1520 or.

164 1467 433 1520 medebor.

244 1539 367 1591 Haec
397 1540 607 1591 tantum
631 1537 690 1590 in
713 1537 970 1605 praesenti
992 1552 1004 1602 ;
1037 1535 1203 1592 latius
1229 1541 1412 1606 postea
1441 1552 1553 1590 rem
1586 1538 1722 1590 hanc
1745 1541 1794 1591 et
1823 1537 1965 1592 alias
2003 1540 2368 1604 expositurus,
2403 1541 2452 1591 et
2481 1538 2692 1603 gratias
2724 1537 2883 1589 etiam
2911 1535 3022 1588 illis
3043 1539 3264 1588 acturus
3300 1535 3348 1587 si
3374 1537 3469 1601 qui
3496 1550 3577 1588 me
3605 1537 3663 1589 in

167 1608 259 1662 his
294 1607 569 1662 laboribus
593 1623 654 1660 ac
674 1607 1122 1672 vestigationibus
1147 1609 1336 1672 favore
1364 1622 1458 1660 suo
1497 1608 1844 1676 adjuverunt,
1874 1609 1956 1660 vel
1987 1607 2240 1675 adjuturi
2269 1612 2410 1661 sunt.

745 1823 976 1880 SERMO
1017 1825 1294 1880 PRIMUS.
1889 1829 1935 1882 A
1975 1829 2121 1899 quit,
2164 1830 2400 1897 timere;
2434 1846 2539 1901 ego
2571 1846 2718 1884 sum.
2747 1831 2948 1899 Magna
2977 1831 3042 1884 ﬁt
3062 1830 3158 1899 :eis
3186 1831 3516 1896 consolatio,
3548 1833 3657 1885 Do-

241 1950 312 2001 De
347 1946 620 2012 evangelio
649 1945 744 1999 ubi
765 1946 948 2001 beatus
970 1949 1158 2002 Petrus
1173 1949 1231 2001 in
1255 1950 1398 2002 mari
1428 1952 1787 2017 tempestatem

415 2039 677 2112 sustinuit
710 2039 769 2090 in
800 2037 953 2093 navi.
987 2038 1180 2092 Matth.
1215 2054 1325 2106 xxv,
1358 2039 1425 2092 22
1457 2052 1603 2108 seqq.

238 2161 496 2216 Nutritos
524 2161 774 2216 hirundo
804 2163 992 2233 pullos
1016 2179 1150 2216 suos
1187 2177 1318 2217 cum
1334 2161 1574 2225 ,volandi
1604 2161 1710 2216 arti
1737 2161 1857 2215 dis—

160 2249 347 2320 ponit,
408 2249 710 2320 paululum
765 2249 1001 2321 quidem
1053 2250 1113 2304 in
1157 2267 1287 2304 aere
1334 2249 1590 2318 dimittit,
1650 2250 1857 2320 quibus

155 2342 356 2392 tamen
396 2337 519 2408 ipsa
563 2337 747 2392 vicina
777 2342 878 2400 est,
915 2353 986 2393 ne
1015 2339 1159 2394 forte
1200 2338 1463 2395 decidant
1491 2339 1852 2410 trepidando,

159 2426 352 2480 adhuc
382 2425 597 2480 inﬁrmi
626 2426 889 2480 volando.
948 2427 1030 2481 Ita
1074 2431 1127 2482 et
1171 2427 1416 2481 salvator
1462 2433 1654 2481 noster
1698 2428 1856 2481 Jesus

157 2512 418 2568 Christus
448 2512 758 2584 discipulos
803 2529 934 2568 suos
979 2514 1141 2585 quasi
1172 2519 1397 2569 teneros
1445 2516 1633 2587 pullos
1663 2515 1733 2570 de
1760 2515 1851 2569 ni-

154 2599 314 2655 dulis
343 2600 551 2672 quietis
611 2599 802 2654 emisit
847 2599 1082 2654 marinis
1133 2600 1402 2655 ﬂuctibus
1431 2601 1852 2672 adprobandos.

153 2693 233 2743 At
259 2688 359 2744 ubi
390 2689 560 2760 coepit
584 2689 790 2759 pinnas
808 2687 1128 2742 devotionis
1151 2704 1350 2744 eorum
1363 2689 1586 2743 marina
1607 2690 1854 2760 procella

155 2775 415 2843 turbare,
448 2779 506 2829 et
534 2778 768 2828 ventosa
795 2778 1100 2844 tempestas
1129 2774 1425 2844 dissipare,
1486 2775 1607 2844 ipse
1652 2779 1853 2845 potens

150 2867 245 2917 est
271 2861 430 2935 sequi
488 2860 715 2930 navigio
755 2859 855 2930 qui
904 2859 1151 2930 imperat
1185 2865 1375 2915 vento.
1411 2861 1563 2915 Fecit
1593 2861 1701 2916 sibi
1750 2879 1852 2932 po-

152 2947 538 3002 tentissimam
577 2946 962 3016 monopedam
987 2946 1088 3015 (a),
1113 2946 1460 3017 singularem
1491 2947 1846 3018 quadrigam,

149 3035 478 3090 mirandam
534 3035 653 3089 suis
695 3034 950 3105 vestigiis
1002 3035 1249 3105 plateam
1301 3051 1667 3106 componens,
1732 3051 1848 3089 non

149 3121 541 3176 marmoribus
570 3127 831 3176 ornatam
862 3123 960 3177 sed
992 3123 1260 3177 fluctibus
1285 3105 1514 3194 pictam,
1549 3139 1664 3178 non
1698 3125 1846 3178 saxis
1880 3105 1918 3160 Β

148 3208 257 3262 sed
291 3207 521 3277 plantis.
570 3208 695 3261 Non
761 3209 928 3279 longe
965 3208 1196 3275 recedit,
1239 3210 1338 3280 qui
1387 3210 1478 3280 pie
1539 3210 1840 3281 pragmisit.

147 3294 544 3350 Ambulabant
582 3294 688 3348 soli
719 3299 774 3348 et
824 3311 936 3348 non
984 3295 1108 3362 soli,
1151 3297 1489 3366 temptandi,
1549 3297 1845 3367 probandi,

146 3379 440 3434 visitandi.
495 3379 718 3434 Invenit
757 3380 1112 3435 occasionem
1161 3382 1323 3453 quasi
1376 3383 1598 3436 subtilis
1636 3383 1730 3437 fur
1767 3384 1848 3438 ef-

148 3469 387 3534 fractor,
411 3468 510 3538 qui
543 3468 748 3521 excitat
778 3473 1198 3540 tempestatem,
1232 3470 1330 3540 qui
1360 3487 1476 3525 non
1508 3476 1659 3525 amat
1687 3477 1848 3526 tran-

149 3555 536 3626 quillitatem;
593 3559 650 3609 et
707 3556 869 3626 quasi
927 3557 1159 3613 absente
1215 3558 1490 3629 magistro
1541 3559 1849 3629 discipulos

147 3649 419 3714 temptat,
452 3647 652 3697 ventos
704 3643 888 3710 inﬂat,
930 3645 1137 3699 excitat
1180 3662 1357 3713 mare,
1414 3652 1469 3700 et
1511 3653 1845 3718 sequentem

145 3746 270 3784 non
308 3729 460 3784 videt
511 3731 978 3801 gubernatorem.
1010 3733 1095 3786 Fit
1130 3733 1304 3786 servis
1345 3733 1574 3788 absente
1609 3735 1845 3788 domino

146 3822 482 3889 argutatum
519 3819 585 3888 (b)
618 3818 738 3872 sine
769 3835 938 3873 causa
958 3818 1345 3890 naufragium,
1369 3821 1464 3875 sed
1483 3825 1712 3875 tenetur
1732 3821 1847 3892 pie-

143 3911 266 3962 tate
314 3907 638 3976 navigium.
678 3907 767 3961 Illi
815 3907 1030 3961 interea
1069 3923 1272 3961 manus
1313 3907 1644 3974 extendunt,
1680 3907 1844 3961 lacri-

145 4011 276 4050 mas
306 3995 574 4062 fundunt,
607 3995 732 4048 vela
785 3995 1102 4065 deponunt,
1133 3995 1376 4050 stridens
1424 3994 1590 4049 funes
1647 4001 1703 4047 et
1756 4009 1844 4048 re-

144 4088 286 4148 stes,
321 4087 383 4136 ut
433 4084 632 4136 Petrus
690 4081 942 4135 solvatur
982 4085 1038 4136 et
1085 4081 1341 4136 diabolus
1397 4082 1681 4151 alligetur.
1741 4082 1845 4136 Ubi

147 4170 498 4235 exclamant,
542 4169 750 4239 inquit,
787 4169 1022 4224 Domine
1055 4171 1297 4223 salvator
1336 4185 1395 4224 es
1425 4170 1660 4223 noster?
1688 4170 1842 4222 Prce-

149 4256 362 4312 misisti
391 4271 517 4321 nos,
570 4261 625 4310 et
671 4257 934 4311 dimisisti
964 4273 1086 4310 nos.
1129 4257 1266 4309 Ecce
1307 4255 1694 4326 naufragator,
1748 4255 1845 4309 ubi

144 4360 213 4398 es
244 4347 307 4396 tu
338 4343 735 4412 potentissime
776 4343 1168 4413 gubernator?
1216 4344 1348 4398 Ecce
1380 4348 1709 4413 tempestas,
1748 4344 1844 4398 ubi

145 4447 216 4485 es
248 4430 431 4500 pietas
452 4430 478 4484 ?
508 4431 644 4484 Ecce
681 4446 836 4484 mare
865 4431 1053 4497 latrat,
1086 4431 1185 4485 ubi
1213 4448 1271 4485 es
1299 4438 1358 4485 tu
1395 4447 1575 4502 agnus
1608 4431 1710 4486 Dei
1746 4432 1845 4503 qui

147 4515 337 4570 tulisti
362 4520 585 4586 peccata
620 4516 868 4571 mundi?

230 4605 513 4661 Continuo
553 4606 780 4660 advenit
811 4605 1106 4671 Dominus,
1140 4621 1268 4664 cum
1303 4606 1517 4676 pietate
1545 4606 1844 4662 subridens

145 4693 221 4747 ad
256 4696 479 4745 teneros
513 4692 716 4762 pullos.
754 4693 942 4746 Ventis
983 4693 1344 4748 turbantibus
1395 4693 1700 4764 dissipatis,
1745 4711 1841 4748 ve-

146 4781 555 4850 nitﬁpotenter,
594 4781 842 4850 appellat
884 4782 1214 4848 clementer,
1247 4798 1380 4835 suos
1410 4797 1639 4853 quoque
1669 4784 1845 4838 reﬁcit

145 4867 462 4938 sapienter.
498 4867 701 4940 Vident
730 4873 786 4923 et
814 4871 1138 4931 turbantur,
1169 4871 1267 4940 qui
1299 4887 1410 4924 non
1451 4869 1695 4924 videndo
1718 4875 1843 4924 tur—

142 4942 455 4992 babantur.
489 4939 531 4993 Ο
566 4939 988 5006 inenarrabilia,
1037 4939 1239 4994 fratres
1283 4941 1432 4994 mei!
1473 4941 1690 5012 Ubique
1721 4957 1844 4995 me-

141 5033 261 5091 tus,
297 5028 395 5076 aut
423 5025 492 5078 de
523 5025 797 5095 periculo,
832 5031 930 5080 aut
973 5027 1041 5081 de
1092 5027 1392 5082 miraculo.
1445 5027 1554 5080 Sed
1586 5028 1720 5081 tulit
1769 5029 1842 5097 (c)

142 5113 265 5166 illis
296 5109 561 5166 timorem
612 5113 712 5184 qui
741 5113 1024 5184 mitigavit
1056 5119 1474 5185 tempestatem.
1512 5115 1717 5183 Nolite,
1750 5116 1840 5170 in-

189 5269 302 5351 ﬂa.)
341 5269 626 5351 Adnoteut
680 5271 1017 5351 vocabulum
1053 5271 1459 5351 lexicpgraphi.
1511 5272 1600 5327 Sic
1653 5279 1841 5351 autem

141 5339 362 5463 dictzlitur
391 5339 462 5393 ob
519 5340 893 5397 velocitatem.
928 5342 1130 5398 Confer
1187 5339 1466 5414 Caingium
1497 5359 1622 5400 voc.
1656 5346 1842 5400 Mono-

146 5427 216 5464 ne
255 5425 326 5464 ae.

141 5427 326 5542 pelli?
347 5480 426 5533 Ita
449 5481 742 5536 videbatur
777 5483 830 5536 in
865 5483 987 5538 cod.
1030 5485 1283 5553 lntellige
1315 5488 1504 5538 autem
1527 5486 1844 5544 subsiliens;

1970 1916 2113 1970 mini
2142 1933 2404 1987 personas
2425 1917 2840 1987 interpretatio.
2869 1917 3126 1982 Domine,
3159 1919 3404 1972 clamant
3433 1935 3444 1970 :
3475 1918 3658 1972 securi

1970 2020 2192 2070 sumus,
2240 2004 2286 2058 si
2318 2010 2380 2058 tu
2429 2021 2488 2058 es
2521 2021 2534 2058 :
2571 2021 2686 2058 non
2715 2003 3006 2070 timemus,
3063 2006 3108 2058 si
3139 2012 3197 2058 tu
3236 2021 3316 2060 es.
3368 2006 3430 2059 Et
3462 2006 3656 2059 Petrus

1967 2091 2044 2144 ait
2077 2107 2090 2144 :
2122 2092 2358 2145 Possum
2408 2091 2590 2145 facere
2620 2092 2770 2162 quod
2819 2090 2976 2159 facis,
3029 2091 3075 2145 si
3104 2097 3167 2146 tu
3212 2109 3305 2158 es;
3361 2093 3454 2147 sed
3477 2093 3655 2163 proba

1967 2179 2106 2233 mihi
2137 2195 2267 2233 vere
2295 2180 2342 2232 si
2374 2183 2434 2233 tu
2461 2195 2557 2245 es;
2600 2185 2655 2232 et
2703 2179 2842 2248 jube
2887 2195 2978 2232 me
3022 2178 3214 2234 venire
3244 2196 3416 2250 snper
3455 2197 3652 2252 aquas,

1964 2266 2010 2319 si
2041 2271 2102 2321 tu
2129 2283 2212 2321 es.
2255 2267 2494 2320 Domine
2533 2267 2601 2320 ad
2632 2271 2686 2320 te
2717 2266 2835 2321 dixi
2864 2283 2880 2318 :
2917 2265 3038 2320 sine
3071 2271 3124 2319 te
3149 2282 3266 2320 non
3313 2268 3652 2337 prmsumsi;

1964 2355 2012 2407 si
2055 2355 2241 2424 jubes,
2303 2355 2454 2416 dixi;
2505 2355 2602 2409 sed
2644 2353 2689 2408 si
2717 2354 3024 2425 juvaveris,
3058 2355 3207 2425 quod
3240 2355 3374 2409 dixi.
3425 2355 3484 2409 Si
3539 2370 3656 2409 non

1955 2423 2144 2511 juvas,
2174 2442 2292 2496 noli
2334 2442 2574 2511 jubere;
2610 2423 3011 2512 sedisiljuvas,
3072 2423 3308 2511 dignare
3343 2441 3566 2512 jubere,
3597 2445 3652 2495 et

1961 2529 2095 2599 jube
2126 2546 2218 2583 me
2249 2531 2318 2584 ad
2349 2535 2400 2582 te
2431 2530 2622 2584 venire
2642 2544 2816 2599 super
2840 2546 3033 2600 aquas.
3067 2531 3130 2584 Et
3159 2530 3436 2584 Dominus
3466 2546 3494 2583 e
3517 2545 3650 2584 con-

1961 2622 2048 2671 tra
2080 2634 2093 2672 :
2129 2618 2268 2670 Veni
2299 2617 2366 2671 ad
2389 2633 2501 2683 me,
2531 2617 2577 2670 si
2608 2618 2908 2688 prtesumis
2928 2617 2998 2672 de
3024 2633 3133 2671 me.
3164 2619 3348 2673 Laetus
3381 2618 3652 2673 Dominus

1961 2707 2237 2776 vultuque
2261 2705 2520 2776 jucundo
2544 2706 2756 2771 favens,
2777 2710 3082 2774 expectans
3104 2706 3439 2776 piscatorem
3457 2721 3645 2770 suum,

1960 2793 2347 2846 confessorem
2403 2807 2592 2857 suum,
2677 2797 3112 2860 praesumtorem
3165 2809 3352 2858 suum,
3447 2793 3647 2846 ducem

1962 2893 2150 2943 suum,
2193 2892 2468 2946 magnum
2498 2876 2767 2930 comitem
2796 2892 2986 2940 suum,
3020 2883 3077 2931 et
3119 2878 3372 2948 primum
3403 2879 3643 2933 carbun-

1959 2965 2172 3033 culum,
2206 2964 2458 3034 lapidem
2484 2963 2847 3036 |pretiosum,
2876 2980 2991 3019 non
3021 2965 3194 3037 longe
3223 2971 3519 3038 expectans
3549 2966 3646 3021 sed

1957 3069 2138 3125 prope
2173 3059 2407 3125 propter
2434 3053 2727 3124 pietatem.

2031 3144 2196 3196 Petro
2231 3142 2425 3212 itaque
2459 3157 2614 3194 mare
2645 3139 2887 3210 subripit
2912 3142 3238 3212 trepidanti.
3274 3142 3459 3198 Sensit
3489 3158 3644 3197 mare

1958 3231 2017 3284 in
2051 3231 2216 3284 Petro
2267 3229 2441 3282 ﬁdem
2483 3229 2744 3295 deﬁcere,
2777 3234 2830 3283 et
2881 3231 3048 3301 ccepit
3104 3232 3319 3302 majore
3365 3231 3646 3286 undarum

1961 3316 2154 3386 lingua
2205 3317 2432 3371 latrare.
2493 3316 2740 3369 Solvitur
2775 3318 2926 3387 quod
2989 3325 3108 3372 erat
3163 3320 3472 3384 ﬁrmatum,
3514 3322 3649 3390 quia

1956 3405 2093 3459 ﬁdei
2125 3405 2372 3458 solutum
2405 3409 2491 3457 est
2521 3403 2978 3458 firmamentum.
3027 3405 3193 3459 Velut
3225 3422 3350 3460 cera
3390 3406 3508 3460 sole
3551 3423 3647 3460 ca-

1961 3493 2110 3545 lente
2141 3491 2345 3557 soluta,
2388 3491 2467 3544 sic
2517 3491 2688 3560 caepit
2741 3490 2896 3544 unda
2955 3491 3132 3545 laxari
3184 3493 3419 3547 mollita.
3462 3493 3651 3548 Sensit

1958 3583 2180 3650 petram
2207 3577 2398 3649 pelagi
2421 3579 2616 3631 Petrus
2639 3576 2901 3631 vacillare
2936 3618 2948 3630 .
2979 3579 3056 3650 (ἀ)
3077 3580 3197 3649 jam
3219 3581 3462 3635 debilem
3484 3581 3650 3635 flues-

1957 3673 2183 3722 centem
2215 3685 2228 3723 :
2259 3673 2315 3722 et
2363 3667 2646 3737 depressis
2702 3667 2956 3736 vestigiis
3009 3673 3181 3737 atque
3236 3669 3648 3738 palpitantibus

1955 3757 2249 3820 membris,
2283 3756 2530 3810 extensis
2562 3753 2788 3824 palmis,
2823 3755 3106 3807 exclamat
3134 3759 3190 3808 et
3215 3755 3350 3809 dicit
3383 3771 3396 3809 :
3428 3756 3648 3826 Adjuva

1957 3858 2070 3910 me,
2104 3842 2366 3907 Domine,
2399 3845 2455 3895 et
2504 3839 2777 3893 miserere
2819 3838 2953 3902 mei.
3015 3840 3252 3909 Semper
3281 3840 3423 3894 mihi
3476 3841 3648 3895 timor

1955 3934 2040 3982 est
2067 3929 2189 3982 sine
2219 3933 2294 3992 te,
2327 3933 2384 3981 et
2411 3926 2469 3979 in
2520 3925 2784 3980 naviculo
2827 3929 2886 3978 et
2937 3941 3108 3995 super
3137 3927 3293 3982 unda
3348 3929 3648 3996 praesumsi

1954 4017 2146 4071 venire
2177 4017 2248 4070 ad
2280 4021 2354 4069 te.
2387 4013 2573 4078 Quare
2598 4013 2766 4067 tollar
2795 4030 2827 4067 a
2849 4013 3174 4086 te?Adjuva
3205 4031 3316 4082 me,
3351 4015 3420 4068 ad
3445 4029 3646 4067 navem

1956 4119 2175 4170 revoca,
2227 4103 2466 4156 ascende
2513 4117 2768 4170 mecum,
2814 4101 3037 4156 veniam
3069 4106 3271 4158 tecum.
3305 4105 3400 4157 llle
3454 4101 3646 4156 Domi-

1955 4209 2062 4246 nus
2092 4191 2366 4245 virtutum
2393 4188 2710 4256 nobiscum,
2744 4193 3038 4259 susceptor
3060 4196 3252 4244 noster
3283 4192 3430 4245 Deus
3453 4189 3641 4255 Jacob,

1955 4281 2186 4333 Petrum
2245 4277 2531 4343 allevavit,
2595 4276 2864 4342 ﬁrmavit,
2927 4277 3218 4331 ambulare
3293 4278 3643 4349 intrepidum

1953 4366 2120 4433 fecit,‘
2138 4366 2488 4437 trepidantes
2531 4365 2838 4435 discipulos
2869 4366 3082 4434 refecit,
3117 4365 3462 4437 compescuit
3507 4383 3642 4437 pro-

1951 4455 2173 4516 cellam,
2207 4453 2551 4523 gubernavit
2573 4454 2911 4508 naviculam.
2944 4455 3130 4523 lpsam
3159 4471 3319 4510 suam
3351 4471 3640 4526 sponsam,

1953 4546 2202 4594 nostram
2263 4545 2527 4605 matrem,
2589 4541 2921 4610 tranquillet
2978 4542 3319 4608 Ecclesium;
3381 4549 3438 4599 et
3495 4544 3643 4598 inter

1952 4629 2120 4682 istam
2147 4632 2546 4698 tempestatem
2602 4628 2790 4697 ipsum
2817 4629 3127 4684 habeamus
3158 4646 3383 4701 semper
3435 4631 3641 4702 guber-

1953 4722 2236 4780 natorem,
2265 4732 2436 4787 quem
2471 4717 2670 4770 Petrus
2699 4716 2900 4771 habuit
2920 4718 3313 4775 defensorem!
3349 4721 3550 4774 Amen.

2622 4849 2856 4904 SERMO
2900 4851 2963 4904 ll.

2407 4982 2683 5044 Quantum
2718 4982 2894 5036 valeat
2916 4983 3190 5050 jejunium

2026 5119 2241 5190 Moyses
2274 5119 2655 5190 quadraginta
2677 5121 2877 5176 diebus
2906 5125 2961 5174 et
2987 5121 3362 5192 quadraginta
3382 5122 3641 5177 noctibus

1952 5276 2269 5352 nisigmavis
2300 5282 2590 5352 agitatum,
2625 5286 2721 5336 aut
2752 5279 3032 5352 quidlibet
3053 5281 3231 5334 aliud.

2027 5349 2091 5416 (ο)
2125 5349 2338 5418 Nempe
2364 5350 2609 5405 abstulit.

2025 5419 2107 5488 (cl)
2140 5419 2296 5480 Cod,
2332 5421 2573 5474 volitare.
