4068 6192
395 298 530 349 me
1379 290 1936 347 SUPPLEMENTUM
1975 292 2063 345 AD
2101 291 2331 347 oram
2370 293 2425 346 s.
2466 291 2854 348 mensum.
3168 248 3172 257 ’
3728 298 3839 354 uti

392 415 453 469 in
475 429 667 469 eremo
698 414 994 485 jejunavit,
1025 418 1089 468 ut
1117 414 1302 482 legem
1348 413 1577 467 Domini
1631 418 1949 467 mereretur
1997 430 2083 468 ac-
2121 421 2163 473 Α
2198 417 2317 468 toto
2350 429 2498 467 anno
2542 413 2705 468 nobis
2756 413 3016 481 viximus,
3066 415 3270 468 saltem
3302 415 3498 485 paucis
3529 416 3710 472 diebus
3750 421 3844 475 Deo

394 505 606 575 cipere.
660 505 1114 575 Impetraverunt
1164 501 1385 573 jejunia
1438 502 1592 573 quod
1633 507 1832 556 venter
1864 509 2090 557 saturus
2203 503 2389 558 vivere
2429 505 2736 569 valeamus,
2778 505 3081 574 adjuvante
3129 520 3231 558 nos
3269 504 3395 575 ipso
3434 505 3678 571 quicum
3708 510 3845 564 Patre

398 591 752 661 desperabat,
790 590 1044 659 Denique
1099 588 1302 653 videte,
1349 588 1552 644 fratres
1604 589 1903 657 carissimi,
1953 590 2092 661 quid
2204 598 2258 644 et
2279 590 2494 661 Spiritu
2523 598 2716 648 sancto
2748 591 2881 647 vivit
2908 596 2965 646 et
2994 591 3505 662 repnatiuseecula
3525 596 3843 651 saeculorum.

400 680 474 734 sit
500 680 653 733 inter
674 678 960 749 jejunium
993 682 1048 731 et
1097 678 1476 744 saturitatem,
1510 678 1662 732 inter
1708 682 1968 734 ventrem
1995 696 2092 733 va-
2203 680 2405 731 Amen.

401 782 571 821 cuum
604 770 659 818 et
687 766 1017 835 pulmonem
1055 765 1238 836 epulis
1278 769 1632 821 aestuantem.
1687 766 1918 836 Moyses,
1956 766 2092 837 quia
2861 756 3091 812 SERMO
3132 758 3228 812 lll.

396 852 695 924 jejunavit,
733 852 1040 906 Dominum
1079 851 1253 917 vidit;
1302 857 1357 905 et
1386 853 1633 923 populus
1664 854 1801 924 quia
1837 870 2002 909 come

2334 847 2405 898 Dc
2424 844 2699 912 evangelio
2726 844 2819 897 ubi
2846 846 3102 900 Dominus
3133 845 3198 899 de
3226 861 3372 915 aqua
3396 850 3573 901 vinum
3602 851 3733 912 fecit.

404 945 461 995 et
490 940 656 1006 bibit,
699 939 852 993 idola
879 938 1183 993 fabricatus
1213 942 1321 994 est.
1355 939 1501 1002 Quid
1534 940 1602 993 de
1632 941 1819 1010 Moyse
1864 942 2094 1012 loquor,
2854 936 3007 988 Joan.
3044 951 3163 1005 cap.
3191 953 3250 991 ιι.

405 1032 460 1083 et
491 1029 559 1082 de
587 1027 892 1081 israelitica
936 1027 1346 1081 multitudine?
1380 1028 1505 1096 Ipse
1551 1027 1818 1099 princeps
1869 1032 2097 1102 generis
2278 1022 2522 1093 ΝιιΡῐὶεὲ,
2563 1022 2621 1077 in
2665 1021 2874 1093 quibus
2912 1021 3166 1078 Christus
3222 1028 3280 1078 et
3312 1028 3632 1079 munerator
3657 1029 3707 1080 ei
3733 1042 3852 1080 θοι]-⁴

406 1115 585 1170 nostri
613 1115 794 1169 Adam
825 1114 1102 1185 quamdiu
1121 1130 1237 1168 non
1261 1114 1528 1178 comedit,
1562 1116 1620 1170 in
1652 1117 1917 1186 paradiso
1942 1117 2012 1173 fit

2245 1108 2333 1163 iva
2378 1108 2694 1176 discubuit;
2755 1115 3089 1164 munerator
3134 1111 3349 1166 scilicet
3378 1113 3438 1165 in
3469 1112 3695 1182 origine,
3737 1128 3847 1167 con-

408 1203 598 1256 statim
632 1206 693 1255 ut
742 1201 1005 1267 comedit,
1056 1201 1125 1255 de
1178 1202 1443 1273 paradiso
1476 1203 1688 1272 ejectus
1718 1210 1820 1259 est.
1874 1206 1981 1269 Qui
2037 1207 2097 1261 in
2209 1197 2544 1252 "infant-11$
2596 1199 2657 1252 in
2704 1214 2934 1270 genere.
2967 1203 3031 1254 nt
3086 1200 3187 1270 qui
3216 1200 3277 1254 in
3309 1201 3618 1270 primordio
3663 1187 3846 1273 οορίιὶθε

410 1289 673 1361 paradiso
714 1289 834 1355 Dei,
869 1289 1027 1359 virgo
1062 1289 1264 1356 fuerat,
1324 1290 1536 1360 ejectus
1569 1292 1638 1347 de
1696 1293 1959 1362 paradiso
2008 1312 2099 1350 co.
2209 1285 2447 1340 novellae
2490 1292 2843 1340 concesserat
2879 1285 3035 1341 nasci
3066 1302 3134 1340 ex
3163 1286 3401 1342 homine
3431 1287 3725 1356 hominem,
3753 1289 3851 1359 ipse

410 1376 607 1447 guovit
637 1392 876 1431 uxorem
904 1391 1065 1435 suam
1098 1393 1111 1428 :
1145 1392 1369 1448 semper
1403 1379 1557 1433 enim
1587 1379 1871 1435 saturitati
1899 1382 2101 1452 juncta
2211 1387 2442 1444 quoque
2479 1373 2635 1426 nasci
2683 1372 3018 1444 dignaretur
3047 1390 3117 1429 ex
3146 1374 3439 1445 virgine...
3474 1379 3650 1429 Aures
3677 1382 3853 1430 nostrai

413 1464 640 1519 lascivia
690 1469 774 1518 est
807 1481 819 1517 :
852 1464 1036 1518 vicina
1066 1464 1175 1518 sibi
1225 1471 1359 1520 sunt
1388 1466 1600 1537 saginae
1633 1468 1892 1522 membra
1930 1473 2101 1541 atque
2211 1461 2452 1530 Pulsatae
2498 1477 2649 1515 nunc
2688 1476 2719 1515 θ
2758 1466 2950 1516 sancto
2999 1462 3307 1533 Evangelio
3359 1467 3667 1518 sonuerunt
3711 1481 3722 1517 ε
3762 1464 3852 1527 die.

413 1552 686 1617 luxuriat;
711 1567 815 1621 pro
834 1550 1225 1617 membrorum
1247 1552 1468 1621 ordine,
1495 1554 1692 1609 ordine
1714 1554 1986 1613 vitiorum
2007 1574 2019 1611 ε

2246 1548 2419 1619 uquit,
2444 1547 2612 1602 tertio
2646 1549 2863 1618 nuptiae
2900 1548 3063 1603 factae
3093 1554 3229 1603 sunt
3273 1549 3335 1603 in
3376 1550 3608 1605 Chanan
3647 1551 3852 1621 galileae,

414 1639 585 1710 gitur.
2133 1695 2172 1710 ἢ
2215 1639 2271 1689 at
2299 1640 2418 1689 erat
2450 1640 2629 1690 mater
2654 1637 2783 1691 Jesu
2813 1636 2893 1690 ibi
2919 1653 2932 1702 ;
2965 1636 3237 1691 invitatus
3261 1644 3345 1691 est
3363 1641 3556 1692 autem
3576 1638 3725 1691 Jesus
3746 1654 3850 1692 cum

484 1726 671 1782 Helias
701 1729 944 1792 sanctus,
970 1726 1061 1780 cui
1092 1727 1376 1781 elementa
1396 1727 1669 1783 famulata
1690 1734 1842 1796 sunt,
1868 1730 1968 1801 qui
1992 1747 2102 1786 cm-
2133 1695 2175 1749 Β
2214 1721 2507 1792 discipulis
2538 1723 2606 1778 ad
2650 1722 2897 1793 nuptias.
2920 1695 2987 1778 'Si
3019 1723 3461 1778 Manichaeorum
3493 1724 3755 1779 latebrosa
3780 1741 3854 1778 vo-

413 1815 532 1869 lum
562 1815 746 1870 tribus
773 1814 938 1868 annis
967 1820 1024 1868 et
1053 1832 1149 1869 sex
1179 1815 1471 1870 mensibus
1508 1817 1806 1878 clauserat,
1843 1817 1911 1891 ad
1943 1818 2104 1887 cujus
2214 1812 2493 1881 luptuosaa
2532 1811 2906 1883 turpitudinis
2936 1811 3161 1866 foeditas
3177 1812 3247 1866 de
3271 1813 3492 1883 nuptiis
3517 1817 3854 1883 percontetur,

412 1918 610 1959 vocem
645 1919 964 1975 supernum
995 1903 1284 1958 descendit
1306 1903 1652 1971 incendium,
1686 1919 1817 1958 cum
1848 1921 1978 1959 eum
2009 1907 2101 1960 Je-
2214 1897 2361 1951 Deus
2400 1911 2515 1963 ϐεεν
2565 1896 2774 1968 inquit.
2835 1913 2953 1953 non
3000 1898 3150 1952 feeit-
3203 1897 3262 1952 Si
3307 1914 3445 1969 81'80
3501 1900 3644 1953 Dens
3671 1898 3858 1969 nuptias

413 1993 569 2047 zahal
601 1991 770 2046 vellet
798 1990 1090 2062 {occidere,
1123 1995 1179 2046 et
1230 1992 1410 2047 fessus
1440 1993 1545 2047 sub
1593 1992 1861 2048 umbrosa
1900 1994 2101 2048 arbore
2212 1997 2327 2036 non
2371 1982 2520 2049 Ϊθοίῐ,
2577 1984 2871 2055 quomodo
2920 1984 2982 2038 in
3012 1984 3094 2039 Bis
3125 1983 3380 2039 Christus
3432 2001 3565 2039 cum
3614 1985 3860 2055 discipulis

406 2081 620 2150 jaceret
649 2079 709 2133 in
754 2077 1083 2144 solitudine,
1139 2079 1375 2151 angelus
1421 2080 1493 2134 ad
1546 2096 1679 2135 eum
1729 2081 1996 2147 mittitur,
2049 2085 2105 2134 et
2211 2072 2327 2125 Silis
2357 2072 2628 2127 imitatus
2658 2072 2971 2127 adcubuit?
3000 2072 3108 2127 Sed
3137 2074 3254 2142 iam
3298 2072 3462 2142 01W:i
3502 2072 3667 2138 huius
3694 2080 3862 2143 myste-

412 2166 683 2238 praecepit
711 2170 776 2220 ut
803 2169 1054 2220 sumeret
1088 2167 1387 2236 paululum
1418 2166 1583 2236 panis
1631 2172 1688 2222 et
1718 2184 1920 2239 aquae;
1960 2184 2101 2239 qua-
2211 2160 2282 2214 rii
2335 2160 2600 2215 nubilum
2653 2160 3013 2216 ventilemus.
3053 2162 3174 2227 Die,
3226 2162 3435 2232 inquit,
3472 2161 3637 2216 tertio
3683 2162 3862 2232 nuptis:

411 2252 675 2324 draginta
701 2252 854 2306 enim
899 2252 1121 2307 dierum
1146 2253 1369 2324 jejunio
1406 2270 1509 2324 per
1539 2254 1830 2310 desertum
1857 2256 1928 2310 ad
1969 2255 2104 2309 Siua
2212 2247 2373 2302 facta:
2403 2249 2628 2303 suntin
2676 2249 2912 2304 Chanan
2943 2249 3188 2318 galilsea.
3248 2249 3679 2320 Splendescente
3718 2250 3861 2320 igitur

413 2345 668 2396 montem
714 2340 1072 2411 profecturus
1104 2347 1246 2396 erat.
1300 2343 1590 2413 Numquid
1639 2345 1795 2399 enim
1827 2344 2104 2400 Dominus
2213 2351 2384 2406 super
2412 2328 2738 2400 obscurum,
2772 2336 2989 2391 delictis
3019 2336 3448 2401 otfuscantibus,
3485 2338 3751 2393 mundum
3766 2338 3860 2392 Tri-

414 2426 796 2499 omnipotens,
826 2425 926 2497 qui
946 2427 1151 2481 coelum
1174 2431 1231 2481 et
1260 2432 1471 2482 terram
1506 2429 1729 2496 fecerat,
1763 2431 1926 2501 cujus
1964 2431 2101 2484 uni-
2214 2423 2411 2477 uitatis
2444 2423 2558 2490 die,
2610 2423 2866 2480 Christus
2911 2424 3066 2479 venit
3107 2424 3179 2479 ad
3229 2423 3478 2494 nuptias.
3525 2426 3674 2480 Tunc
3707 2431 3862 2479 autem

412 2530 575 2568 versa
605 2518 865 2569 creatura
911 2518 1017 2580 est,
1058 2529 1174 2568 non
1204 2519 1432 2584 poterat
1477 2516 1665 2570 mulsa
1694 2533 1799 2588 per
1827 2519 2095 2589 angelum
2215 2512 2408 2567 anima
2446 2529 2574 2584 quae
2606 2513 2675 2567 de
2703 2512 2827 2566 limi
2857 2513 3042 2567 fuerat
3062 2512 3184 2583 jam
3212 2512 3428 2567 atfricta
3465 2515 3757 2583 consortio,
3783 2530 3864 2585 per

414 2603 511 2654 aut
540 2599 672 2654 vina
692 2598 1096 2664 transmittere,
1124 2604 1221 2653 aut
1245 2600 1502 2655 conditos
1524 2602 1698 2669 cibos,
1732 2609 1831 2658 aut
1852 2606 2102 2660 marinas
2216 2598 2647 2653 fornicationem
2690 2599 3024 2654 oblectantis
3075 2600 3233 2671 pomi
3260 2601 3586 2657 adulterum
3615 2603 3864 2657 demutant

413 2687 661 2754 delicias,
723 2692 821 2743 aut
866 2689 1160 2743 volucrum
1214 2689 1562 2743 suavitates?
1593 2691 1698 2745 Sed
1733 2692 1945 2747 sciebat
1971 2710 2104 2765 pro-
2219 2688 2511 2756 maritum,
2543 2689 2777 2759 polluta:
2825 2689 3107 2743 societatis
3156 2691 3385 2760 nuptias
3427 2693 3695 2747 celebrat.
3746 2690 3862 2745 Audi

416 2778 649 2847 phetam
681 2794 851 2832 suum
898 2794 1016 2833 non
1064 2778 1229 2832 aliter
1257 2795 1421 2849 posse
1452 2781 1859 2850 temptationes
1889 2783 2104 2838 diaboli
2218 2776 2456 2829 Paulum
2489 2775 2660 2846 hujus
2690 2777 2853 2830 malm
2883 2776 3299 2848 conjugationis
3320 2779 3537 2834 iterum
3560 2780 3766 2834 vincula
3783 2779 3866 2833 for-

415 2865 658 2935 vincere,
701 2867 810 2921 nisi
833 2867 1069 2938 jejuniis
1101 2866 1443 2921 erudiretur.
2217 2863 2527 2917 midantem
2557 2880 2569 2917 :
2602 2864 2798 2930 timeo,
2824 2864 3052 2935 :inquit,
3082 2880 3156 2920 ne
3186 2866 3332 2921 sicut
3362 2884 3598 2932 serpens
3622 2868 3777 2921 Evam
3802 2867 3865 2920 fe-

488 2952 660 3022 Ejecit
721 2970 844 3023 nos,
888 2955 1090 3009 fratres
1142 2954 1439 3021 carissimi,
1496 2955 1565 3010 de
1630 2958 1894 3027 paradiso
1925 2960 2104 3026 cibus,
2145 2971 2184 3026 ρ
2222 2949 2364 3004 fellit
2390 2950 2597 3005 astutia
2628 2968 2748 3016 sua,
2801 2951 2879 3006 ita
2902 2960 3347 3024 corrumpantur
3378 2960 3600 3010 mentes
3645 2960 3868 3010 vestram

416 3040 650 3094 reducat
676 3043 907 3097 esuries.
943 3042 1138 3097 Daniel
1196 3043 1292 3097 ille
1338 3044 1664 3099 futurorum
1719 3048 1998 3114 conscius,
2054 3053 2111 3102 et
2221 3037 2583 3108 δίωΡῙίοίῐᾶἲθ
2612 3043 2668 3092 et
2700 3038 2955 3093 castitate
2981 3055 3111 3111 quae
3140 3046 3226 3095 est
3267 3041 3327 3094 in
3369 3042 3595 3098 Christo
3638 3043 3757 3097 Iesu
3787 3042 3868 3095 Πο-

417 3126 690 3181 advcntus
717 3128 945 3183 Domini
969 3134 1024 3184 et
1055 3131 1362 3186 eversionis
1387 3133 1738 3189 Hierusalem
1759 3137 2108 3193 manifestis-
2220 3126 2376 3180 mino
2407 3132 2623 3181 nOSiFO-
2652 3128 2797 3181 Dum
2835 3127 3027 3198 itaque
3062 3129 3121 3183 in
3168 3130 3341 3184 unius
3389 3129 3772 3187 discnbitionis
3796 3129 3869 3182 in-

418 3212 595 3267 simus
623 3215 984 3284 praedicator,
1013 3218 1141 3272 ideo
1186 3219 1272 3272 vir
1314 3219 1730 3275 desideriorum
1787 3224 2024 3294 appellat

2260 3220 2537 3269 .rumento
2563 3216 2647 3285 (α)
2673 3215 2873 3286 jactati
2923 3214 3181 3270 diabolus
3220 3220 3278 3271 et
3321 3218 3519 3272 anima
3570 3219 3866 3279 lascivirent,

418 3306 524 3365 est,
562 3302 698 3372 quia
743 3319 952 3372 panem
1004 3304 1266 3359 desiderii
1309 3322 1422 3361 non
1470 3308 1743 3376 comedit,
1793 3314 1850 3364 et
1906 3315 2106 3381 potum
2217 3303 2452 3358 invitato
2506 3304 2702 3357 .lesu...
2762 3303 2900 3357 dum
2950 3302 3080 3357 vino
3119 3304 3362 3359 luxuriae
3403 3305 3744 3361 defecerunt.
3785 3304 3869 3358 Ge-

417 3387 885 3457 concupiscentize
907 3406 1023 3444 non
1046 3391 1225 3457 bibit;
1250 3393 1428 3462 magis
1447 3394 1598 3447 enim
1626 3395 1911 3451 Christum
1933 3414 2106 3469 quam
2219 3390 2397 3445 notrix
2441 3394 2632 3444 autem
2682 3390 2891 3445 Christi
2932 3391 3051 3458 illa,
3102 3407 3231 3462 quae
3278 3391 3583 3448 facinerosi
3613 3393 3676 3461 (ὁ)
3706 3406 3872 3446 concu-

417 3476 612 3545 epulas
671 3476 1041 3534 desiderabat.
1095 3482 1341 3536 Joannes
1395 3498 1713 3552 prmcursor
1745 3487 1971 3541 Domini
2023 3488 2106 3542 lo-
2218 3479 2367 3533 bitus
2412 3483 2639 3549 pactum
2667 3478 2974 3546 BXhOI‘I‘nit,
3010 3496 3139 3551 quae
3170 3496 3285 3535 non
3315 3482 3503 3537 solum
3550 3497 3771 3553 corpore
3791 3496 3869 3533 V0-

416 3564 589 3619 custis
612 3565 669 3619 in
701 3582 893 3623 eremo
918 3570 1166 3625 nutritus
1192 3573 1293 3635 est,
1327 3585 1443 3626 non
1473 3572 1810 3628 animalium
1842 3577 2107 3631 carnibus
2219 3585 2346 3621 rum
2376 3568 2548 3621 θῑίειω
2582 3573 2772 3621 mente
2794 3568 2952 3639 Virgo
2976 3569 3314 3640 permansit,
3340 3570 3618 3625 intererat
3645 3568 3867 3629 invitata,

417 3657 473 3704 et
499 3653 795 3709 volucrum
827 3656 1220 3711 suavitatibus.
1257 3659 1486 3713 Poterat
1529 3660 1728 3732 utique
1776 3663 1940 3732 juxta
1989 3665 2023 3719 Jt

2261 3655 2546 3710 )nditione
2575 3657 2803 3727 generis
2833 3674 2948 3712 non
2991 3657 3423 3729 participatione
3459 3658 3727 3723 criminis,
3766 3654 3867 3709 uni-

416 3740 577 3793 dauis
606 3741 820 3797 ﬂuenta
848 3743 1089 3813 piscium
1117 3743 1222 3798 sibi
1254 3745 1520 3802 exhibere
1547 3748 1813 3817 delicias;
1858 3751 1952 3805 sed
1986 3768 2103 3822 poe—
2216 3744 2480 3799 \‘crsitate
2527 3745 2793 3799 nascendi
2846 3762 2987 3809 non,
3015 3747 3283 3802 societate
3334 3747 3630 3817 peccandi,
3664 3762 3867 3818 quea..."

419 3826 716 3882 nitentium
768 3830 1175 3899 praedicaturus
1216 3832 1530 3887 doctrinam
1564 3835 1768 3906 rigoris
1800 3842 1856 3891 et
1895 3838 2105 3908 jejuuii
2218 3832 2461 3899 Christo,
2494 3849 2612 3886 11011
2646 3849 2775 3904 quae
2802 3834 3016 3888 mundo
3047 3834 3393 3889 οοηεθηίίτθῖ
3413 3835 3691 3905 iucundo-

416 3916 678 3985 exemplo
723 3932 824 3970 suo
868 3918 1051 3987 magis
1089 3918 1288 3974 debuit
1337 3920 1540 3975 docere
1574 3938 1746 3993 quam
1779 3940 1927 3979 voce.
1963 3926 2104 3979 Cum
2289 3922 2414 3974 Haec
2449 3919 2625 3991 igitur
2672 3924 2854 3975 mater
2882 3921 3087 3976 Christi
3121 3923 3357 3993 longum
3389 3923 3593 3978 mundi
3643 3922 3870 3977 miserata

415 4003 472 4056 in
506 4004 807 4074 Evangelio
831 4005 1061 4075 quidam
1082 4007 1367 4061 daemonio
1391 4009 1613 4078 plenus,
1642 4006 1885 4065 Domino
1907 4011 2105 4067 fuisset
2216 4007 2490 4073 laborem,
2522 4023 2650 4077 quae
2683 4023 2742 4062 SB
2789 4014 3029 4063 Πονθνειῐ
3058 4009 3127 4063 de
3171 4010 3409 4081 Palmite
3450 4011 3588 4065 ﬁdei
3633 4021 3867 4080 ωδϐηυω

416 4089 657 4155 oblatus,
695 4107 867 4161 quem
912 4108 1157 4163 purgare
1189 4096 1428 4165 apostoli
1469 4097 1871 4167 nequiverunt,
1921 4098 2100 4155 inter-
2214 4094 2507 4149 duxisse...
2545 4094 2795 4160 botrum.
2831 4110 2865 4147 ει
2922 4096 3159 4165 proprio
3190 4097 3451 4167 germine
3491 4098 3661 4168 ccepit
3702 4109 3868 4165 expos-

414 4184 684 4247 rogantes
712 4179 953 4233 audiunt
986 4197 997 4233 :
1040 4180 1366 4235 Istiusmodi
1396 4198 1576 4253 genus
1603 4200 1721 4239 non
1753 4185 2101 4256 ejiciturnisi
2212 4195 2337 4234 cere
2368 4180 2583 4234 Vinnm-
2619 4180 2853 4259 Quand?
2883 4186 3073 4236 autem
3102 4183 3308 4253 308810
3339 4184 3606 4253 “Edidit,
3636 4191 3759 4238 tunc
3775 4185 3868 4251 ειπο

416 4266 767 4321 orationibus
797 4272 970 4337 atque
999 4268 1075 4338 jej
1088 4268 1265 4323 uniis.
2143 4328 2179 4342 ἢ
2213 4268 2429 4324 mundo
2460 4269 2776 4341 suggessit:
2803 4273 2936 4324 tunc
2956 4270 3242 4325 inchoavit
3263 4286 3433 4342 agere
3455 4271 3645 4326 saeculi
3665 4283 3869 4327 causam.

485 4353 696 4419 Videte,
748 4328 967 4420 fratres,
999 4328 1225 4425 'qiianta
1270 4356 1343 4410 sit
1402 4358 1578 4413 virtus
1632 4361 2003 4432 jejuniorum,
2039 4369 2103 4419 ut
2142 4328 2182 4381 θ
2215 4356 2443 4427 quando
2474 4328 2600 4411 non
2615 4358 2917 4429 trepidavit
2938 4358 3006 4412 ad
3039 4328 3330 4413 nuntium:
3356 4359 3495 4414 Ecce
3515 4359 3667 4414 enim
3699 4354 3871 4410 ancilla

416 4441 471 4494 id
504 4443 724 4496 valeant
744 4443 964 4512 jejunia
992 4443 1194 4521 facere,
1237 4444 1391 4514 quod
1427 4450 1667 4517 apostoli
1697 4452 2096 4522 nequiverunt.
2214 4444 2459 4511 Domini»
2496 4444 2596 4499 ﬁat
2624 4445 2768 4500 mihi
2820 4445 3131 4500 secundum
3163 4446 3403 4501 verbum
3451 4454 3637 4502 ῐυιιω-
3679 4446 3787 4500 Mox
3818 4456 3869 4493 εί

415 4528 785 4584 Dimittantur
804 4537 1024 4597 vetera;
1054 4532 1450 4603 unusquisque
1482 4552 1539 4589 se
1570 4536 1758 4605 ipsum
1777 4540 2021 4595 considet

2262 4531 2428 4586 :mine
2479 4532 2658 4586 sancti
2703 4533 2944 4602 Spiritus
3000 4540 3313 4605 propagata
3357 4535 3417 4589 in
3449 4538 3593 4589 saltu
3642 4529 3868 4603 virginali

415 4623 470 4671 et
498 4620 813 4689 perpendat
837 4627 1047 4691 quanta
1078 4622 1150 4675 sit
1196 4623 1396 4677 orandi
1437 4625 1759 4682 differentia
1806 4629 1957 4685 inter
2002 4649 2021 4685 η

2261 4617 2506 4673 rimitiva
2531 4620 2660 4674 vitis
2687 4620 2956 4687 efﬂoruit,
2988 4636 3117 4691 quas
3150 4622 3497 4677 umbraculis
3528 4626 3753 4694 opacata
3778 4634 3867 4672 coe-

413 4722 584 4761 cuum
614 4711 866 4761 ventrem
904 4713 961 4762 et
1007 4708 1301 4775 refectum,
1355 4711 1506 4765 inter
1560 4716 1860 4771 rubentem
1896 4717 2019 4773 facit

2266 4706 2445 4762 stibus
2475 4708 2899 4763 subfroudet....
2931 4707 3020 4761 nis
3051 4709 3339 4763 occultum
3380 4712 3613 4765 botrum
3642 4721 3870 4781 procrea-

412 4802 467 4851 et
497 4812 597 4850 ora
622 4796 914 4867 pallentia,
938 4796 1087 4852 inter
1108 4798 1342 4853 salivam
1373 4801 1652 4873 virginem
1690 4808 1745 4859 et
1774 4806 1924 4861 labia
1971 4825 2018 4861 Cl

2258 4801 2307 4851 .t.
2336 4798 2613 4868 Pependit
2633 4799 2784 4852 salus
2818 4798 2877 4851 in
2904 4798 3037 4852 ﬁdei
3068 4798 3247 4869 apice,
3272 4803 3330 4853 et
3363 4800 3586 4871 turguit
3613 4800 3864 4854 botrus....

402 4883 561 4954 pulis
589 4882 887 4952 dissoluta,
944 4884 1094 4938 inter
1136 4900 1470 4956 oppressum
1527 4891 1709 4959 epulis
1767 4909 1997 4950 sensum
2045 4902 2099 4949 et
2210 4883 2345 4938 Ecce
2369 4884 2741 4954 Ροεῖωυάυηι
2785 4901 2849 4939 ex
2885 4885 3136 4939 Πιδίτίοίε
3183 4891 3347 4940 “tero
3401 4901 3663 4940 racemus
3692 4883 3867 4938 ἀίνίοε

409 4972 616 5027 inediae
645 4971 924 5027 tenuitate
955 4970 1306 5043 vigilantem.
1365 4975 1486 5029 Non
1532 4976 1657 5031 dico
1705 4979 1992 5048 duplicata
2043 4987 2100 5038 ρι
2209 4970 2385 5039 prolis
2413 4970 2791 5026 animatus...
2826 4975 2991 5025 natus
3020 4975 3124 5025 est.
3176 4971 3436 5025 Christus
3488 4987 3658 5026 verus
3704 4969 3866 5023 botrus

409 5060 788 5133 multiplicata
808 5061 1048 5133 jejunia,
1081 5076 1195 5115 non
1240 5062 1366 5116 dico
1418 5063 1825 5133 hebdomadas,
1859 5067 1958 5122 sed
1988 5069 2097 5122 sat-
2206 5059 2536 5114 continebat
2589 5060 2859 5132 equidem
2902 5060 3053 5115 intra
3107 5076 3166 5114 se
3221 5061 3350 5115 vitea
3383 5061 3670 5116 vinum....
3717 5054 3868 5112 crucis

405 5154 521 5203 tem
553 5151 808 5221 singulos
861 5150 981 5205 dies
1010 5150 1222 5221 absque
1261 5150 1519 5206 ciborum
1569 5153 1792 5207 luxuria
1822 5154 2099 5226 transiga-
2207 5151 2513 5202 accesserat
2535 5150 2779 5219 prelum.
2814 5148 2958 5204 Dieit
2990 5148 3171 5203 matbr
3214 5151 3338 5218 ejus
3368 5166 3381 5204 :
3410 5150 3617 5203 Vinum
3648 5161 3757 5203 non
3785 5144 3865 5197 il"

405 5250 552 5291 mus.
587 5238 817 5292 Cessent
868 5238 1108 5305 lavacra,
1160 5238 1312 5303 vina,
1365 5240 1452 5293 vel
1485 5239 1739 5307 deliciae;
1798 5258 1913 5297 non
1945 5243 2096 5314 quod
2206 5236 2360 5291 bent.
2412 5237 2455 5292 Ο
2500 5237 2658 5308 virgo
2689 5238 3142 5309 sapientissime!
3180 5240 3353 5294 modo
3408 5236 3667 5293 meruisti
3693 5228 3869 5306 germi-

404 5326 723 5378 creaturam
754 5325 850 5378 Dei
876 5325 1201 5396 judicemus
1232 5343 1352 5381 esse
1395 5327 1801 5396 damnandam,
1853 5330 1949 5384 sed
1995 5328 2094 5400 qui
2204 5328 2398 5380 natam
2426 5325 2682 5380 sobolem
2715 5325 2785 5396 (ο)
2820 5342 3140 5398 procreare,
3171 5331 3231 5382 et
3277 5329 3404 5399 jam
3453 5327 3762 5382 botrum...
3801 5317 3866 5369 vis

475 5478 553 5561 (ει)
581 5479 729 5561 l‘ium
762 5487 1244 5561 prostrumenfo?
1341 5558 1349 5561 _
1474 5560 1477 5561 ν
1570 5558 1578 5561 _
1800 5559 1804 5561 Α
2276 5492 2341 5561 (c)
2377 5492 2537 5558 Cod.,
2572 5494 2829 5553 subtilem.

476 5549 549 5618 (ὁ)
581 5550 660 5603 Ita
688 5552 833 5617 cod.,
865 5555 1082 5619 facinus
1112 5557 1395 5619 facz'neris,
1424 5560 1487 5608 ut
1516 5558 1717 5624 pignus
1746 5559 2006 5625 pignoris.
