4004 6182
244 274 380 324 lliii

1283 280 1516 337 SERMO
1557 283 1644 338 DE
1683 286 1872 350 AQUA
1914 288 1977 342 ΙΝ
2022 289 2241 346 νιΝωι
2284 291 2664 349 (ξοΝνΕιιδλ.

3608 308 3736 360 H-iﬁ

239 394 562 494 esprimere
589 395 615 448 ?
652 395 926 466 Equidem
950 414 1061 452 non
1083 404 1268 469 potest
1289 403 1399 456 nisi
1422 421 1657 474 germen
1679 409 1927 477 germini
1956 414 1996 466 A
2036 413 2222 467 alieno
2272 415 2394 469 viro
2440 419 2658 487 polluta
2706 419 3012 488 cubitabat,
3065 426 3377 494 repentinis
3434 445 3466 481 a
3493 428 3735 494 :Christo

239 481 491 548 obviare,
527 493 580 535 et
625 484 866 553 (palmiti
888 489 1014 556 suo)
1055 489 1332 544 resistere.
1389 491 1490 547 Sed
1523 495 1623 564 qui
1669 496 1737 550 de
1770 496 1927 566 ligno

241 570 455 640 carpsit
493 572 858 642 supplicium,
918 576 976 628 in
1027 577 1178 645 ligno
1227 579 1395 633 debet
1426 587 1719 652 expectare
1750 599 1936 638 reme-

243 657 446 724 dium;
480 663 536 713 et
561 660 659 730 qui
695 661 755 714 in
785 663 982 717 arbore
1032 664 1306 720 inlicitam
1355 668 1664 725 demessuit
1709 671 1932 743 frugem

238 751 540 815 expectare
568 749 641 818 (a)
677 749 846 804 debet
890 751 956 804 ad
1007 768 1253 819 crucem,
1297 761 1360 810 ut
1400 758 1613 814 ubi.....
1666 760 1934 817 hauserat

236 833 570 900 siccitatem,
607 835 683 889 ibi
725 837 919 890 salutis
953 840 1195 909 accipiat
1224 843 1533 912 potionem.
1586 847 1813 916 Vinum,
1844 851 1930 904 in-

239 922 388 991 quit,
422 937 537 976 non
566 923 794 977 habent.
832 927 1063 980 Attende
1091 928 1271 999 virgo,
1299 932 1613 1004 paulisper,
1648 944 1932 1007 praeparet

227 1009 460 1078 judzeus
491 1011 732 1081 lignum,
776 1013 1077 1069 descendat
1106 1017 1296 1072 clavus
1339 1019 1398 1074 in
1466 1022 1720 1091 botrum,
1773 1032 1918 1080 et....

231 1099 447 1167 poterit
494 1099 707 1155 vinum.
751 1101 895 1165 Quid
952 1109 1080 1158 ante
1129 1111 1356 1178 tempus
1406 1111 1590 1165 curris
1619 1113 1687 1166 ad
1717 1113 1924 1184 lacum,

234 1203 370 1240 cum
399 1189 642 1242 necdum
675 1191 1024 1260 impresserit
1051 1195 1078 1248 J
1087 1194 1224 1248 udas
1267 1203 1594 1266 protervum
1629 1218 1799 1273 super
1824 1220 1932 1257 uva

238 1274 614 1330 calcaneum?
644 1277 767 1345 Ipse
809 1284 891 1331 est
933 1280 1087 1334 enim
1135 1280 1229 1336 ille
1277 1285 1446 1339 Iudas
1483 1287 1796 1344 destructor
1841 1308 1927 1344 sa-

235 1367 411 1416 cratae
443 1363 766 1432 vindemiae,
800 1367 901 1436 qui
943 1369 1068 1423 XXX
1112 1375 1313 1440 pactus
1367 1377 1652 1444 argenteis
1700 1378 1930 1433 botrum

238 1451 450 1505 divinae
499 1453 677 1522 prolis
719 1455 1042 1524 judaais....,
1099 1457 1292 1529 impiis
1346 1465 1690 1520 venundavit
1722 1466 1815 1535 (ὸ).
1855 1469 1929 1522 De

236 1555 355 1609 quo
387 1539 447 1592 in
476 1540 842 1612 psalmisjam
873 1544 1055 1599 fuerat
1075 1545 1435 1604 decantatum
1471 1569 1482 1603 :
1513 1552 1650 1607 Nam
1671 1559 1726 1608 et
1751 1557 1921 1609 homo

236 1627 392 1696 pacis
439 1644 602 1694 meas,
654 1630 712 1682 in
761 1646 933 1700 quem
992 1635 1232 1703 speravi,
1305 1638 1403 1708 qui
1469 1641 1674 1696 edebat
1721 1660 1927 1713 panem

241 1731 456 1781 meum,
491 1717 781 1786 ampliavit
812 1736 984 1789 super
1014 1738 1105 1776 me
1135 1724 1480 1782 calcaneum.
1510 1729 1723 1799 Aderit,
1745 1733 1924 1802 virgo,

237 1808 392 1858 certa
419 1804 538 1859 dies
571 1822 685 1876 qua
713 1813 1008 1876 prematur
1038 1810 1251 1865 fructus
1283 1816 1435 1883 tuus,
1470 1821 1524 1870 et
1554 1821 1711 1872 tuam
1746 1818 1925 1889 ipsius

234 1892 486 1946 animam
547 1898 902 1963 pertranseat
948 1898 1184 1966 gladius,
1236 1906 1296 1954 ut
1340 1906 1659 1960 constiterit
1703 1907 1770 1961 de
1830 1909 1927 1962 bo-

237 1984 366 2032 truo
390 1977 464 2050 (ο)
503 1981 787 2052 pendente
829 2000 998 2054 quem
1031 1988 1367 2056 profuderas
1405 2007 1472 2044 ex
1514 1994 1721 2049 radice.

314 2067 536 2132 Vinum,
571 2070 776 2141 inquit,
808 2089 924 2128 non
952 2074 1188 2130 habent.
1229 2078 1295 2132 Et
1316 2081 1441 2134 Jesu
1469 2097 1482 2134 :
1524 2082 1670 2146 Quid
1703 2084 1846 2138 mihi
1878 2090 1934 2140 et

237 2155 343 2210 tibi
373 2161 477 2245 est,
524 2159 730 2214 mulier
752 2161 780 2214 ?
814 2162 1078 2218 Nondum
1108 2166 1262 2221 venit
1290 2167 1431 2222 hora
1478 2186 1683 2226 mea...
1729 2174 1931 2245 Utique

239 2259 355 2332 non
385 2244 485 2299 fati
527 2246 604 2314 (εἰ)
654 2248 750 2302 sed
782 2250 895 2303 voti
925 2251 1084 2319 hora,
1119 2269 1230 2308 non
1271 2257 1620 2313 necessitatis
1650 2244 1932 2332 impositae

239 2331 337 2384 sed
381 2332 686 2386 voluntatis
733 2334 1076 2405 impensae...
1127 2356 1244 2394 non
1295 2358 1410 2412 quo
1443 2331 1930 2416 cogereturrmori,

239 2419 334 2472 sed
369 2435 482 2490 quo
514 2425 630 2490 'pro
675 2424 889 2478 mundo
931 2425 1262 2495 dignaretur
1306 2435 1462 2486 mori.
1509 2435 1658 2493 Ouid
1706 2436 1847 2491 mihi
1877 2443 1934 2492 et

238 2508 366 2573 tibi,
393 2510 598 2564 mulier
617 2512 646 2563 ?
668 2513 756 2565 An
782 2513 993 2567 oblitus
1022 2532 1083 2569 es
1113 2523 1354 2573 matrem
1543 2525 1630 2576 An
1648 2523 1930 2579 discernis

239 2597 554 2666 potentiam
585 2603 741 2653 tuam
761 2601 887 2656 7....
921 2609 1100 2658 neret.
1137 2606 1300 2661 Nulla
1319 2611 1402 2662 est
1422 2609 1526 2664 tibi
1568 2623 1696 2666 cum
1746 2619 1926 2668 matre

238 2687 664 2740 communitas?
713 2692 797 2741 An
819 2730 831 2742 .
850 2730 863 2742 .
887 2729 930 2743 ..
991 2692 1140 2746 oculi
1171 2694 1254 2747 tui
1294 2695 1472 2751 debu.
1498 2741 1536 2752 ..
1563 2740 1573 2752 .
1619 2701 1884 2771 majestas
1905 2705 1933 2756 ?

238 2777 566 2828 Creatorem
612 2780 665 2830 te
715 2777 1014 2848 disignas?
1058 2783 1143 2834 An
1193 2783 1418 2838 cred....
1478 2801 1630 2840 nunc
1676 2788 1927 2844 locui....

239 2868 455 2916 ctorem
488 2865 804 2934 propellere
847 2866 1146 2922 instinc....
1199 2871 1421 2940 periere
1466 2874 1927 2930 nefandissim....

2043 501 2340 557 haustibus
2365 512 2756 560 munerantur.
2778 509 3176 564 Transeuntad
3194 513 3476 568 Christum
3495 519 3728 586 nuptiae.

2045 589 2150 652 Qui
2200 590 2354 644 enim
2414 593 2626 660 vitavit,
2667 594 2787 664 ipse
2845 596 3085 651 dotavit.
3149 600 3409 669 Arripuit
3481 601 3736 658 Christus

2042 677 2386 746 convivium,
2417 685 2471 734 et
2510 683 2748 736 Ecclesia
2780 685 3019 738 mutavit
3050 702 3350 756 sponsum.
3388 689 3548 742 Pavit
3571 690 3732 745 Chri-

2042 770 2180 832 stus,
2215 769 2553 832 etlexclusus
2600 775 2681 824 est
2739 771 3020 826 inimicus.
3056 774 3273 829 Miscuit
3311 775 3398 829 sui
3430 779 3730 848 sanguinis

2041 854 2354 923 potionem,
2384 859 2438 910 et
2459 857 2616 910 duxit
2649 873 2904 912 uxorem.
2937 861 3134 928 Aptavi
3167 861 3355 933 inquit
3387 881 3482 917 vos
3510 872 3731 936 aposto-

2041 943 2124 995 lus
2155 943 2254 996 uni
2288 944 2406 998 viro
2453 945 2730 1016 virginem
2779 951 2987 1001 castam
3020 948 3284 1002 exhibere
3321 950 3561 1005 Christo.
3599 953 3730 1007 Ecce

2041 1032 2137 1085 illa
2177 1035 2465 1104 quondam
2493 1036 2755 1104 jfacunda
2797 1052 2952 1091 nunc
2995 1037 3266 1104 formosa,
3318 1043 3448 1094 ante
3479 1040 3732 1094 adultera

2039 1135 2192 1172 nunc
2240 1124 2518 1184 matrona,
2552 1125 2663 1174 stat
2701 1139 2731 1174 a
2764 1122 2972 1176 dextris
3009 1125 3103 1177 Dei
3130 1124 3186 1176 in
3221 1126 3421 1179 vestitu
3457 1127 3728 1181 deaurato

2040 1206 2462 1261 circumamicta
2509 1208 2794 1276 varietate,
2844 1226 2947 1279 per
2994 1227 3201 1281 aquam
3264 1214 3560 1278 mundata,
3632 1232 3733 1285 per

2041 1293 2374 1362 sanguinem
2427 1300 2764 1365 purpurata,
2811 1312 2914 1367 per
2969 1299 3447 1354 resurrectionem
3499 1301 3726 1353 Domini

2040 1380 2355 1444 candidate,
2390 1383 2652 1452 pretiosis
2683 1383 2925 1455 gemmis
2967 1385 3167 1454 gratiae
3225 1386 3492 1440 varietate
3519 1388 3588 1455 (Γ)
3626 1405 3638 1441 :
3678 1395 3735 1441 et

2041 1469 2184 1522 sicut
2214 1469 2353 1524 dixit
2382 1470 2691 1540 Scriptura,
2723 1471 2859 1526 fulvi
2882 1477 3013 1526 sunt
3059 1473 3209 1526 oculi
3257 1473 3379 1543 ejus
3428 1491 3458 1527 a
3496 1475 3646 1539 vino,
3680 1479 3734 1527 et

2041 1556 2238 1610 dentes
2267 1556 2388 1626 ejus
2419 1559 2772 1613 candidiores
2803 1563 2936 1613 sunt
2982 1561 3143 1613 lacte.
3181 1562 3446 1613 Potemus
3495 1577 3633 1632 ergo
3679 1567 3735 1615 et

2040 1661 2144 1698 nos
2179 1646 2372 1700 vinum
2404 1647 2526 1718 ejus
2557 1664 2685 1702 cum
2717 1649 2859 1702 lacte
2893 1648 3032 1718 ejus,
3071 1647 3118 1700 si
3153 1649 3418 1702 volumus
3448 1654 3503 1703 et
3533 1650 3590 1703 in
3623 1649 3732 1703 ﬁde

2042 1732 2454 1801 pulchrescere,
2487 1739 2543 1788 et
2573 1735 2631 1789 in
2657 1734 2876 1805 {virtute
2926 1735 3278 1802 candescere,
3327 1741 3381 1789 ct
3427 1737 3486 1790 in
3526 1742 3730 1791 ornatu

2041 1825 2246 1874 sanctae
2282 1820 2535 1875 Ecclesia:
2567 1822 2809 1877 radiare.

2112 1909 2364 1980 Accipite
2413 1911 2625 1980 grande
2687 1910 2842 1964 aliud
2890 1926 2922 1963 a
2968 1927 3143 1981 parvo
3217 1911 3569 1981 mysterium.
3614 1913 3730 1966 Ali-

2042 1998 2270 2067 quando
2312 2001 2369 2051 et
2392 1997 2588 2052 Judasa
2618 1997 2811 2051 vinum
2836 1997 2895 2051 in
2926 1997 3183 2052 convivio
3217 2015 3320 2052 suo
3351 2015 3470 2053 non
3510 2000 3732 2068 habuit,

2041 2087 2176 2156 quia
2206 2101 2414 2140 munus
2444 2086 2647 2140 sacrati
2697 2085 2987 2156 sanguinis
3017 2102 3134 2140 non
3179 2085 3437 2156 accepit;
3485 2091 3540 2140 et
3594 2087 3731 2141 dum

2041 2175 2153 2245 legi
2182 2174 2440 2240 nuberet,
2476 2191 2590 2229 non
2620 2173 2836 2228 invenit
2886 2174 3118 2229 omnino
3151 2175 3306 2245 quod
3345 2175 3586 2229 biberet.
3623 2176 3729 2227 Ve-

2042 2261 2127 2314 nit
2171 2263 2444 2330 Christus,
2494 2264 2733 2318 mutavit
2772 2265 2956 2333 legem
2989 2264 3047 2316 in
3085 2263 3348 2333 gratiam,
3384 2262 3542 2316 illam
3573 2262 3734 2315 infla-

2041 2351 2262 2418 tricem,
2295 2350 2461 2419 istam
2502 2352 2857 2422 adjutricem.
2905 2352 3073 2407 Fudit
3102 2353 3160 2406 in
3202 2353 3385 2423 legem
3441 2349 3734 2420 sanguinis

2043 2440 2332 2507 poculum,
2365 2445 2420 2494 et
2450 2439 2583 2494 fecit
2634 2439 2927 2494 moriendo
2974 2439 3297 2494 convivum.
3349 2436 3606 2492 Gustavit
3644 2452 3732 2490 ar-

2042 2525 2412 2590 chitriclinus,
2441 2525 2500 2580 id
2533 2529 2633 2580 'est
2682 2527 2881 2581 mundi
2933 2526 3227 2593 Dominus,
3274 2541 3481 2597 aquam
3537 2523 3730 2577 viuum

2042 2613 2269 2681 factam,
2293 2617 2348 2667 et
2372 2613 2507 2668 dicit
2532 2631 2544 2668 :
2571 2614 2766 2668 Omnis
2797 2615 2970 2668 homo
2998 2613 3249 2684 primum
3272 2612 3466 2666 vinum
3514 2610 3729 2664 bonum

2042 2702 2221 2772 ponit,
2255 2706 2461 2756 etcum
2493 2701 2758 2756 inebriati
2795 2701 3008 2756 fuerint
3039 2701 3319 2769 homines,
3354 2701 3411 2755 id
3453 2701 3600 2772 quod
3632 2701 3730 2754 de-

2043 2789 2218 2843 terius
2249 2794 2371 2856 est;
2403 2791 2476 2859 :tu
2528 2794 2717 2844 autem
2770 2789 3000 2843 servasti
3040 2790 3233 2843 vinum
3287 2789 3502 2843 bonum
3550 2804 3731 2858 usque

2042 2876 2242 2931 adhuc.
2279 2877 2342 2930 Et
2366 2876 2454 2930 lex
2493 2876 2648 2930 enim
2675 2880 2887 2940 sancta,
2922 2881 2984 2931 ut
3023 2877 3355 2930 mandatum
3387 2879 3644 2930 sanctum
3677 2880 3733 2928 et

240 2968 386 3022 opus
414 2952 550 3006 dum
581 2969 775 3008 cum...
828 2955 932 3008 asti
974 2958 1347 3029 praestigium.
1401 2961 1610 3015 Extulit
1648 2963 1738 3017 hic
1769 2965 1931 3018 Chri—
1963 2970 2003 3024 C
2037 2963 2254 3032 justum
2305 2968 2362 3018 et
2399 2963 2643 3029 bonum;
2685 2964 2780 3018 sed
2836 2965 2924 3018 lex
2989 2969 3045 3018 et
3091 2964 3386 3034 propheta:
3427 2979 3607 3034 usque
3663 2964 3728 3017 ad

242 3055 362 3103 stus
395 3066 567 3119 super
615 3053 856 3105 matrem
905 3052 1257 3109 divinitatem
1308 3073 1488 3112 suam.
1552 3060 1676 3113 Non
1706 3063 1934 3132 negavit

243 3143 481 3192 matrem
516 3155 698 3204 suam,
731 3155 918 3210 neque
948 3158 1006 3194 se
1036 3146 1232 3197 natum
1265 3145 1508 3215 negavit
1555 3163 1584 3200 e
1613 3163 1800 3214 carne,
1834 3151 1927 3203 sed

241 3226 522 3296 majestati
569 3243 684 3281 suae
731 3243 890 3281 suam
951 3230 1205 3285 subdidit
1262 3233 1629 3300 genetricem.
1703 3238 1765 3290 Et
1804 3237 1929 3292 ideo

237 3317 350 3370 ait:
386 3315 524 3381 Quid
558 3315 698 3369 mihi
731 3320 787 3370 et
823 3317 944 3380 tibi,
1001 3319 1256 3374 mulier?
1309 3323 1570 3378 Nondum
1602 3325 1752 3379 venit
1783 3327 1923 3380 hora

241 3420 382 3457 mea.
405 3405 466 3457 In
497 3403 770 3457 miraculo
795 3405 946 3458 enim
969 3405 1148 3460 deitas
1171 3411 1350 3462 matre
1372 3409 1541 3466 altior
1562 3413 1926 3482 prmdicatur;

235 3492 295 3545 in
326 3493 463 3544 hora
491 3497 704 3556 autem,
755 3494 952 3547 mortis
996 3497 1374 3552 communitas
1403 3498 1724 3556 intimatur.
1781 3504 1926 3556 Inte-

237 3579 344 3632 rim
376 3579 627 3634 Christus
678 3581 950 3652 insipidos
997 3583 1232 3638 haustus
1281 3587 1559 3642 meriticat
1607 3590 1676 3658 (e)
1699 3608 1715 3642 :
1741 3590 1927 3644 fatuus

235 3669 378 3722 latex
413 3669 828 3724 fundebaturin
852 3671 1103 3741 hydrias,
1129 3679 1185 3728 et
1207 3675 1617 3731 hauriebantur
1642 3678 1919 3733 inebriata

233 3756 490 3810 llumina.
545 3757 680 3819 Quae
720 3763 802 3811 est
845 3757 956 3811 ista
1002 3764 1118 3813 tam
1150 3763 1450 3831 repentina
1480 3766 1773 3820 conversio
1797 3767 1823 3820 ‘I
1856 3769 1918 3821 In

232 3860 382 3914 aqua
409 3844 606 3898 vinum
655 3845 923 3911 nascitur,
969 3846 1030 3901 in
1061 3849 1213 3902 unda
1259 3867 1424 3920 sapor
1450 3853 1694 3906 latenter
1731 3856 1923 3908 exori-

234 3941 356 3986 tur:
393 3933 676 4002 germinat
723 3934 967 3989 suavitas
999 3935 1057 3990 in
1091 3937 1254 4005 vinis,
1306 3944 1362 3992 et
1407 3956 1688 4011 nusquam
1720 3942 1920 3998 fructi-

234 4021 361 4074 ficat
391 4021 551 4087 vitis;
607 4023 767 4077 nulla
793 4023 1132 4083 exprimitur
1172 4041 1298 4092 uva,
1334 4033 1388 4080 et
1438 4027 1758 4083 fervescunt
1801 4030 1922 4085 sine

231 4109 466 4178 palmite
493 4110 640 4164 vina.

304 4200 348 4253 Ο
381 4198 574 4268 magni
620 4198 982 4268 pulchritudo
1027 4201 1313 4256 miraculi!
1364 4204 1702 4259 Inseruntur
1745 4206 1922 4261 divini

2039 3055 2315 3106 Joannem
2347 3053 2869 3122 prophetaverunt;
2898 3057 2954 3106 et
2974 3052 3102 3106 ideo
3124 3052 3458 3106 adveniente
3489 3052 3727 3106 Domino

2042 3139 2170 3194 vina
2228 3142 2496 3195 mosetica
2547 3141 2894 3208 defecerunt,
2953 3145 3008 3194 et
3060 3141 3190 3194 vina
3249 3139 3542 3211 sanguinis
3588 3156 3729 3210 pro-

2040 3229 2342 3283 fluxerunt.
2390 3230 2491 3283 Illa
2527 3233 2869 3299 acceperunt
2933 3228 3261 3295 terminum,
3337 3228 3442 3282 ista
3508 3243 3730 3281 sumse-

2039 3326 2175 3374 runt
2198 3319 2449 3374 initium.
2487 3320 2743 3390 Denique
2775 3319 2882 3374 hoc
2911 3324 2995 3374 est
3020 3319 3253 3374 initium
3283 3319 3575 3389 signorum
3603 3334 3729 3389 quae

2037 3407 2166 3461 fecit
2191 3409 2370 3469 Iesus,
2405 3408 2635 3478 quando
2673 3407 2827 3478 pavit
2874 3412 3072 3478 gentes
3101 3407 3339 3472 occisus,
3394 3412 3450 3462 et
3488 3407 3558 3462 de
3596 3408 3727 3461 vino

2039 3498 2124 3550 sui
2155 3497 2450 3566 sanguinis
2481 3497 2611 3552 fecit
2633 3499 2955 3552 convivium
2987 3499 3334 3552 vulneratus.

2110 3588 2267 3640 Hunc
2297 3587 2524 3641 botrum
2563 3587 2622 3640 in
2653 3592 2803 3640 terra
2834 3585 3231 3656 promissionis
3271 3593 3378 3638 'sru
3429 3585 3488 3638 in
3520 3584 3729 3655 cespite

2036 3674 2377 3745 virginitatis
2410 3680 2686 3743 exortum,
2724 3676 3032 3746 aliquando
3061 3675 3291 3730 Iudaeus
3314 3674 3372 3727 in
3404 3675 3725 3744 palanga(g)

2034 3766 2305 3833 tanquam
2365 3762 2425 3815 in
2474 3762 2755 3832 praisagio
2807 3763 3013 3817 futurae
3072 3761 3251 3815 crucis
3309 3761 3588 3827 inﬁxerat,
3622 3761 3726 3813 sub

2033 3866 2145 3919 quo
2176 3853 2522 3914 curvaretur,
2561 3865 2678 3902 non
2710 3865 2773 3903 ex
2791 3866 2903 3920 quo
2939 3850 3285 3903 reﬁceretur.
3317 3850 3440 3901 1am
3471 3849 3622 3901 enim
3657 3849 3726 3901 dc

2035 3937 2112 3989 eis
2154 3938 2404 4007 psalmus
2464 3936 2648 3989 fuerat
2695 3937 3076 4005 przelocutus:
3140 3936 3528 3990 Obscurentur
3579 3932 3729 3985 oculi

2033 4040 2231 4079 eorum
2264 4041 2335 4078 ne
2367 4025 2612 4091 videant,
2648 4031 2704 4081 et
2733 4026 2962 4081 dorsum
2994 4043 3191 4081 eorum
3216 4039 3442 4095 semper
3469 4023 3721 4076 incurva.

2032 4112 2334 4166 Portabant
2362 4112 2541 4182 igitur
2567 4115 2794 4168 botrum
2843 4115 2974 4183 duo,
3011 4131 3154 4169 unus
3197 4111 3464 4176 anterior,
3500 4115 3553 4164 et
3584 4109 3728 4163 alter

2033 4199 2351 4270 posterior;
2382 4200 2440 4254 in
2463 4201 2650 4255 medio
2673 4203 2924 4272 palmitis
2963 4202 3240 4272 germinis
3290 4216 3542 4273 propago
3581 4215 3723 4269 pen-

232 4287 505 4358 prtecepti
535 4287 704 4356 vires,
737 4291 793 4342 et
821 4288 880 4342 in
929 4304 1078 4360 aqua
1107 4291 1358 4344 nascitur
1379 4292 1613 4346 fructus.
1649 4295 1761 4348 Hoc
1796 4295 1923 4349 fecit
1955 4329 1996 4383 Β
2037 4288 2220 4342 debat.
2264 4287 2490 4343 Primus
2516 4289 2802 4343 indicabat
2832 4291 3110 4361 populum
3136 4290 3484 4383 Iudaeorum,
3531 4301 3726 4383 secun-

234 4375 486 4429 Christus
516 4375 575 4428 in
607 4376 789 4442 latice,
824 4378 977 4446 quod
1017 4384 1170 4432 certo
1217 4383 1472 4448 tempore
1521 4381 1644 4434 facit
1708 4381 1762 4435 in
1790 4383 1917 4438 vite.

233 4465 368 4526 Quis
400 4463 552 4517 enim
581 4463 724 4516 alius
748 4464 994 4517 radicem
1018 4481 1083 4518 ex
1116 4465 1296 4520 imbre
1320 4467 1549 4522 maritat
1568 4469 1592 4522 ?
1611 4469 1747 4533 Quis
1777 4472 1922 4525 alius

230 4567 334 4619 per
383 4552 630 4605 occultas
678 4567 952 4605 venarum
1003 4553 1172 4606 fibras
1216 4555 1464 4609 stellatos
1526 4558 1790 4627 palmites
1839 4561 1918 4614 la-

231 4641 450 4710 queat?
473 4639 607 4703 Quis
637 4644 928 4707 turgentes
958 4639 1148 4694 botros
1178 4657 1240 4694 ac
1275 4643 1426 4696 velut
1451 4644 1510 4698 in
1539 4647 1727 4716 apices
1761 4664 1918 4718 gern—

231 4733 416 4780 matos
463 4726 804 4797 impinguat,
855 4726 967 4780 nisi
1007 4727 1054 4780 is
1101 4728 1201 4799 qui
1254 4730 1517 4783 universa
1567 4741 1835 4802 provocat
1863 4741 1920 4789 ct

226 4816 621 4885 multiplicat?
643 4820 704 4868 ut
735 4815 888 4885 quod
919 4816 1292 4887 adstringitur
1314 4818 1372 4872 in
1396 4819 1612 4874 semine
1635 4822 1917 4877 diffunda-

225 4912 320 4958 tur
352 4905 412 4958 in
458 4903 734 4973 germine,
783 4908 838 4958 et
879 4904 1029 4974 quod
1081 4905 1218 4959 latet
1257 4908 1316 4960 in
1347 4922 1525 4976 grano
1555 4907 1828 4974 _silvescat
1857 4909 1915 4964 in

224 4993 380 5047 folio.
439 4994 660 5046 Interea
707 4992 969 5055 Ecclesia,
1020 5009 1148 5063 quae
1196 4992 1251 5046 in
1304 5010 1500 5047 mensa
1549 4995 1740 5048 saeculi
1787 5011 1916 5050 cum

297 5136 368 5202 (α)
415 5137 860 5206 Empecturcpro
892 5138 1171 5206 spectare,
1222 5135 1279 5188 in
1332 5135 1454 5187 aliis
1507 5150 1734 5206 quoque
1801 5137 1916 5192 vidi

225 5206 509 5258 interdum
541 5204 851 5258 codicibus.
889 5204 1003 5256 Nisi
1035 5205 1178 5259 forte
1201 5210 1430 5276 praestat
1456 5204 1698 5259 scribere
1721 5222 1912 5276 expec-

225 5283 388 5330 tarca
419 5291 592 5328 cruce.

295 5346 372 5414 (ὁ)
405 5347 483 5398 lta
509 5345 633 5399 cod.

298 5417 362 5480 (ο)
395 5417 477 5469 Ita
519 5416 636 5468 cod.
683 5417 886 5470 botruo.
948 5419 1008 5470 Et
1052 5417 1283 5486 quidem
1316 5417 1638 5488 aliquoties,
1669 5419 1764 5472 sed
1799 5435 1910 5473 non

222 5491 570 5548 constanter,
609 5487 915 5541 botruus‘et
963 5490 1209 5541 botrumn
1243 5488 1299 5540 in
1335 5489 1437 5541 hoc
1492 5505 1774 5552 sermone,
1811 5507 1911 5544 nec

219 5574 331 5610 non
366 5557 501 5610 alibi
533 5557 679 5625 apud
713 5559 1112 5626 Augustinum.

2036 4376 2142 4431 dus
2187 4376 2518 4448 designabat
2556 4379 2837 4448 populum
2885 4379 3162 4447 gentium.
3212 4376 3440 4432 Judaeus
3490 4374 3722 4446 quidem

2033 4465 2302 4518 anteibat.
2359 4465 2456 4518 sed
2495 4470 2694 4518 contra
2732 4465 2960 4518 botrum
2991 4464 3156 4518 dorsa
3189 4463 3457 4535 ponebat.
3491 4463 3724 4518 Gentilis

2032 4553 2313 4623 posterior
2339 4552 2688 4618 ambulabat,
2737 4554 2833 4607 sed
2870 4554 3100 4608 botrum
3152 4551 3285 4606 ﬁdei
3324 4551 3502 4605 oculis
3524 4551 3722 4605 adten-

2031 4641 2216 4706 debat,
2247 4641 2380 4712 quia
2416 4641 2476 4694 in
2512 4643 2793 4711 pendente
2836 4641 3119 4696 credebat.
3160 4645 3496 4708 Posuerunt,
3533 4642 3723 4712 inquit

2031 4729 2306 4783 Dominus
2335 4728 2404 4781 de
2433 4729 2664 4795 Judaeis,
2707 4729 2774 4782 ad
2810 4744 2901 4782 me
2928 4729 3094 4782 dorsa
3125 4734 3179 4783 et
3210 4746 3325 4783 non
3367 4729 3538 4784 facies
3570 4743 3717 4780 suas.

2031 4817 2254 4871 Primus
2309 4817 2698 4884 aversabatur,
2754 4817 3032 4872 secundus
3081 4818 3456 4887 pascebatur;
3493 4814 3585 4866 ille
3617 4813 3718 4867 ha-

2028 4905 2256 4958 nelabat
2298 4903 2404 4957 sub
2467 4903 2659 4958 delicti
2703 4921 2899 4972 onere,
2955 4907 3061 4959 iste
3105 4905 3335 4959 bibebat
3371 4919 3432 4956 ex
3485 4902 3717 4955 tetltcre.

2024 4993 2221 5047 Judaso
2249 5008 2385 5063 ergo
2433 4991 2631 5046 botrus
2675 4993 2980 5064 posterior,
3033 4992 3234 5064 gentili
3265 4997 3387 5046 erat
3425 4991 3716 5055 anterior;

2099 5136 2175 5204 (ιι)
2227 5137 2433 5190 Contra
2482 5135 2581 5190 fati
2634 5136 2950 5191 doctrinam
3009 5150 3160 5206 stepe
3209 5134 3433 5204 scripsit
3495 5137 3716 5204 Augus-

2027 5207 2203 5260 tinus.

2099 5278 2166 5344 (ρ)
2206 5276 2608 5330 Animadverte
2630 5278 2935 5346 pulchrum
2961 5276 3320 5330 vocabulum.

2098 5351 2166 5414 (Γ)
2198 5348 2337 5400 Nota
2362 5363 2560 5400 rursus
2589 5348 2952 5416 vocabulum,
2983 5347 3093 5400 nisi
3125 5351 3210 5402 est
3256 5363 3355 5416 pro
3411 5349 3712 5415 varicgata.

2098 5417 2171 5486 (g)
2207 5418 2372 5470 Num.
2428 5434 2546 5485 xui,
2603 5419 2688 5472 2i.
2743 5419 2804 5472 Et
2859 5417 3091 5488 quidem
3148 5418 3406 5486 pulanga,
3458 5419 3543 5472 vel
3573 5421 3711 5487 plut.

2025 5489 2208 5556 (tmgu,
2239 5488 2502 5542 dicebant
2530 5490 2846 5556 prtesertim
2898 5489 3017 5542 Afri
3065 5505 3168 5559 pro
3210 5490 3372 5554 fuste,
3427 5495 3564 5544 teste
3599 5490 3712 5543 Pii--

2025 5559 2117 5612 nio
2142 5559 2290 5627 apud
2315 5560 2540 5612 Forcell.
3062 5591 3068 5604 .
