4068 6192
339 269 467 321 1147

1355 268 1920 325 SUI’PLEMENTUM
1963 271 2050 325 AD
2089 269 2321 326 OPERA
2360 270 2414 323 S.
2455 269 2842 324 AUGUSTINI.

3695 272 3812 326 H48

334 387 448 442 illis
473 387 532 442 in
566 386 700 453 ﬁne,
732 387 902 443 nobis
933 387 993 442 in
1027 387 1311 458 principio
1340 409 1355 455 ;
1401 389 1528 443 illos
1571 389 1918 460 sequebatur
1959 390 2028 444 ad
2058 393 2099 445 A
2138 391 2340 445 tutinis
2365 391 2454 444 vix
2491 406 2602 444 una
2634 390 2773 444 hora
2800 393 2903 454 est,
2945 389 2994 443 si
3025 389 3084 442 in
3128 389 3329 443 diebus
3375 390 3526 444 festis
3562 392 3666 446 vix
3695 395 3805 450 dure

340 474 710 548 supplicium,
746 492 850 530 nos
879 474 1157 530 invitabat
1205 477 1274 530 ad
1315 476 1526 532 cibum.
1561 477 1756 548 Itaque
1814 476 1899 532 illi
1943 477 2038 531 de-

339 563 532 618 siccati
552 567 686 618 sunt
704 568 761 618 et
807 568 1108 629 aruerunt,
1142 578 1245 615 nos
1277 578 1410 618 vero
1458 565 1810 618 comedimus
1856 570 1913 620 et
1941 565 2030 619 bi-

341 650 532 704 bimus
562 654 618 704 et
650 650 847 704 refecti
885 665 1102 715 sumus,
1152 665 1256 719 per
1307 650 1495 720 ipsum
1523 653 1714 706 Jesum
1747 652 2032 707 Christum

343 738 444 810 qui
475 739 611 793 vivit
639 753 775 794 cum
815 739 979 792 Patre
1025 742 1081 791 et
1111 753 1240 792 cum
1277 738 1496 808 Spiritu
1542 739 2034 794 sanctoinsaecula

344 827 707 882 saeculorum.
727 830 929 881 Amen.

1011 947 1244 1002 SERMO
1270 949 1358 1002 ιν.

892 1036 962 1087 De
987 1037 1153 1088 missa
1181 1035 1477 1090 cotidiana.

412 1157 792 1228 Congregatio
821 1156 1192 1212 beatitudinis
1234 1164 1452 1226 vestrm,
1503 1159 1703 1216 fratres
1731 1160 2028 1228 carissimi,

343 1243 479 1298 facit
509 1261 612 1298 nos
640 1243 820 1299 nimio
851 1245 1062 1315 gaudio
1090 1261 1212 1300 esse
1242 1247 1505 1318 repletos.
1546 1248 1654 1304 Sed
1703 1250 1837 1320 quia
1866 1253 2031 1320 pavet

336 1336 533 1401 pectus
568 1332 782 1386 catenis
827 1333 1080 1404 corporis
1117 1333 1451 1406 obligatum,
1499 1353 1616 1392 non
1661 1353 1895 1408 possum
1949 1337 2030 1392 di-

339 1435 466 1473 cere
499 1424 781 1492 quantum
813 1421 1080 1491 splendor
1100 1422 1280 1478 animi
1317 1425 1488 1478 vestri
1511 1425 1752 1480 delectat
1807 1425 2024 1480 audire.

340 1507 556 1562 Tamen
587 1506 910 1577 adgredior,
941 1513 1005 1564 ut
1035 1509 1203 1564 arrha
1251 1527 1282 1565 a
1310 1512 1425 1567 Deo
1474 1511 1604 1566 data
1661 1511 1919 1579 clariore,
1973 1517 2030 1567 et

341 1592 586 1664 pignore
630 1592 1073 1663 splendidissimi
1128 1595 1362 1650 luminis
1417 1596 1755 1667 refulgente,
1787 1596 2028 1668 palpitat

340 1698 540 1737 sensus
579 1681 691 1736 mei
713 1681 952 1736 dicentis
979 1683 1076 1754 (a).
1097 1686 1234 1738 Peto
1253 1689 1316 1738 ut
1331 1685 1523 1740 vestris
1552 1685 1788 1741 auribus
1809 1685 2022 1741 insera-
2054 1682 2093 1736 Β

341 1770 434 1836 tis,
460 1769 662 1823 fratres
693 1768 830 1836 mei,
863 1769 1052 1826 ofﬁcia
1080 1772 1402 1838 sacerdotis,
1450 1773 1656 1844 quibus
1687 1789 1789 1844 per
1816 1773 2030 1828 viscera

341 1857 753 1912 misericordiae
775 1857 1288 1931 incommodum(b)
1329 1877 1444 1916 non
1477 1863 1700 1917 desinet
1719 1863 2024 1934 parturire,

332 1943 555 1998 dicente
612 1946 871 2016 apostolo
939 1947 1152 2002 Paulo:
1210 1949 1392 2004 Filioli
1421 1951 1560 2018 mei,
1620 1967 1764 2022 quos
1817 1951 2027 2006 iterum

330 2029 616 2100 parturio,
651 2032 833 2086 donec
890 2032 1143 2088 Christus
1183 2035 1460 2091 formetur
1500 2037 1558 2092 in
1590 2037 1766 2093 vobis.
1789 2037 1897 2093 Sed
1917 2038 2028 2093 illis

334 2118 414 2173 ait
445 2119 752 2189 apostolus,
787 2119 886 2190 qui
917 2122 1158 2176 novellae
1196 2123 1351 2192 ﬁdei,
1387 2129 1444 2180 et
1473 2125 1629 2181 rudis
1657 2126 1846 2181 adhuc
1898 2142 2027 2180 cre-

339 2208 595 2262 dulitatis
625 2209 895 2278 primitim
936 2210 1338 2268 detinebantur
1395 2214 1454 2269 in
1507 2216 1674 2270 corde
1722 2217 2024 2287 plantaria.

342 2295 573 2359 Verum,
606 2295 856 2366 propitio
885 2297 1018 2364 Deo,
1050 2299 1184 2369 quia
1216 2301 1294 2354 ita
1321 2306 1460 2373 aput
1487 2303 1558 2374 (ο)
1586 2319 1682 2357 vos
1715 2303 1849 2358 tidei
1880 2319 2021 2374 prae-

339 2380 597 2452 rogativa
643 2383 961 2452 veterescit,
1010 2389 1166 2440 utet
1203 2403 1350 2442 nova
1391 2388 1480 2455 sit,
1536 2390 1664 2445 ideo
1713 2391 2024 2446 novitatem

336 2474 513 2532 tenet,
545 2475 610 2524 ut
639 2473 800 2524 vetus
820 2470 927 2526 sit:
985 2472 1121 2542 quia
1167 2474 1247 2528 sic
1301 2476 1576 2547 scriptum
1630 2483 1758 2532 est:
1815 2477 2024 2532 Vinum

340 2556 564 2612 bonum
597 2558 912 2626 veterescit,
934 2563 990 2614 et
1033 2577 1162 2616 cum
1211 2563 1486 2619 suavitate
1516 2564 1761 2619 hibetur.
1809 2566 2022 2621 Tamen

340 2646 527 2700 celare
557 2662 670 2700 non
700 2646 862 2717 potui
891 2652 947 2702 et
977 2648 1220 2704 diustius
1257 2657 1673 2724 suppurgatum
1707 2655 1800 2724 (ά).
1853 2655 2022 2710 Nolui

335 2732 530 2788 videre
596 2734 749 2805 quod
804 2735 1052 2806 lugeam,
1085 2738 1244 2793 nolui
1303 2740 1497 2797 videre
1562 2743 1715 2814 quod
1774 2743 2016 2800 doleam.

336 2821 532 2876 Clamo
561 2822 695 2893 quia
731 2827 928 2893 pastor
966 2840 1094 2879 sum
1132 2843 1244 2880 non
1299 2831 1706 2899 mercenarius,
1755 2832 1855 2904 qui
1900 2833 2019 2887 viso

328 2909 464 2981 lupo
487 2908 658 2980 fugit,
682 2915 738 2964 et
756 2926 886 2965 oves
917 2916 980 2966 ut
1003 2920 1238 2984 pereant
1267 2917 1630 2989 derelinquit.
1661 2920 1856 2975 Clamo
1888 2921 2023 2992 quia

325 2998 526 3064 timeo,
559 2999 744 3053 clamo
774 3000 910 3070 quia
941 3000 1144 3058 doleo:
1175 3003 1473 3060 clamando
1499 3005 1654 3060 enim
1707 3012 1765 3062 et
1788 3023 1880 3062 me
1925 3023 2020 3062 ex-

333 3103 490 3155 cuso,
523 3091 579 3142 et
600 3103 697 3141 vos
729 3102 845 3142 non
897 3089 1094 3160 perdo.
1150 3092 1292 3146 Nam
1345 3092 1393 3146 si
1420 3097 1668 3157 tacuero,
1701 3098 1757 3149 et
1783 3111 1876 3149 me
1904 3111 2019 3149 non

333 3189 560 3240 excuso,
593 3179 650 3230 et
674 3191 772 3228 vos
803 3176 998 3245 perdo.
1032 3178 1126 3233 Ait
1153 3179 1309 3234 enim
1335 3182 1484 3235 Dens
1521 3197 1622 3252 per
1643 3183 1864 3238 Esaiam
1886 3199 2019 3254 pro-

329 3260 563 3330 phetam
589 3275 602 3314 :
629 3261 914 3328 Exclama,
949 3262 1156 3336 inquit,
1198 3265 1258 3320 in
1290 3266 1627 3322 fortitudine
1659 3273 1780 3338 tua,
1810 3273 1864 3324 et
1901 3269 2020 3324 noli

334 3361 609 3416 parcere:
671 3349 819 3404 sicut
871 3349 1006 3404 tuba
1066 3353 1252 3407 exalta
1299 3370 1491 3408 vocem
1529 3359 1708 3422 tuam,
1739 3357 2020 3411 annuntia

329 3433 484 3504 plebi
516 3450 660 3490 meae
691 3442 918 3507 peccata
971 3455 1191 3507 eorum,
1230 3445 1287 3496 et
1323 3443 1520 3497 domui
1558 3445 1728 3499 Jacob
1770 3444 2020 3500 facinora

332 3535 554 3575 eorum.
591 3521 673 3576 Ita
703 3522 856 3576 enim
889 3524 1115 3579 devotio
1136 3530 1318 3582 vestra
1344 3528 1624 3598 refriguit,
1657 3530 1858 3585 fratres
1880 3531 2013 3598 mei,

333 3611 399 3662 ut
426 3611 484 3661 et
513 3605 644 3662 illut
677 3611 946 3680 sentiam,
971 3615 1026 3665 et
1072 3616 1343 3669 metuam.
1388 3615 1548 3680 Quod
1588 3618 1864 3673 Dominus
1901 3618 2017 3672 ait:

325 3711 390 3750 eo
445 3695 595 3767 quod
641 3695 862 3752 facinus
891 3698 1162 3767 abundet,
1212 3700 1528 3772 refrigescit
1571 3705 1773 3759 caritas
1813 3705 2020 3760 multo-

325 3798 480 3852 rum,
504 3787 643 3853 puto
689 3783 750 3838 in
791 3790 978 3840 vestra
1003 3786 1302 3844 devotione
1340 3791 1637 3862 compleri.
1691 3793 1835 3847 Dum
1865 3793 2019 3847 enim

324 3884 420 3923 vos
473 3870 530 3925 in
587 3871 860 3928 domibus
907 3874 1108 3930 vestris
1153 3877 1350 3932 sedere
1392 3879 1686 3934 sectamini
1736 3881 2019 3936 desertam

323 3957 508 4011 facitis
536 3959 772 4014 domum
804 3960 924 4016 Dei.

401 4046 470 4100 Et
502 4047 637 4101 audi
665 4048 804 4119 quid
833 4064 936 4120 per
967 4052 1304 4122 prophetam
1349 4053 1539 4108 divina
1580 4055 1899 4111 istiusmodi
1930 4056 2016 4110 in-

323 4133 582 4205 dignatio
621 4135 880 4190 omnium
909 4144 1128 4193 mentes
1158 4141 1440 4213 objurgat.
1489 4143 1658 4209 Audi,
1689 4144 2014 4205 christiana.

2147 479 2302 532 horai
2331 483 2482 544 sunt,
2513 493 2639 531 ecce
2669 492 2874 547 parum
2920 481 3006 530 est
3051 476 3206 546 quod
3250 493 3284 532 a
3324 481 3379 532 te
3421 479 3592 552 exigit
3630 488 3805 539 auctor

2147 569 2298 620 tuus.
2336 566 2402 619 Et
2429 581 2542 618 non
2581 564 2664 617 vis
2693 579 2816 617 esse
2843 563 3042 617 beatus
3064 562 3092 617 ?
3124 564 3215 617 Vis
3247 564 3348 619 tibi
3386 567 3584 621 caelum
3631 574 3684 622 et
3712 574 3807 623 ter-

2142 669 2288 720 ram,
2310 669 2489 721 mare,
2518 657 2575 706 et
2605 651 2801 706 omnia
2831 652 3116 706 elementa
3163 653 3435 707 omnibus
3481 656 3806 726 temporibus

2139 738 2441 803 deservire,
2469 743 2526 792 et
2565 754 2677 792 non
2711 738 2793 792 vis
2829 755 2944 793 una
2990 738 3130 792 hora
3165 740 3252 792 vel
3292 740 3514 794 duabus
3547 742 3694 796 horis
3721 745 3806 798 do-

2140 823 2367 880 minicae
2416 825 2704 881 devotioni
2757 825 3003 881 vacare?
3044 827 3364 898 Castigetur
3424 845 3558 900 ergo
3601 831 3810 900 pigritia

2138 915 2344 978 vestra,
2377 916 2439 966 ut
2465 911 2896 982 procreationes
2949 928 3078 967 suas
3138 929 3256 967 non
3302 914 3506 984 perdat
3533 921 3693 972 terra.
3727 919 3808 973 ln-

2140 997 2364 1054 ducetur
2389 1001 2610 1068 gladius
2642 1017 2813 1072 super
2843 1017 3017 1071 opera
3066 1017 3343 1056 manuum
3390 1003 3633 1072 illorum,
3689 1006 3809 1077 quia

2141 1087 2288 1142 Deus
2317 1088 2376 1144 in
2401 1089 2650 1145 ecclesiis
2673 1106 2789 1144 non
2819 1090 3072 1146 auditur.

2209 1212 2537 1268 Condemnat
2566 1229 2669 1268 nos
2698 1213 2934 1286 pigritia
2961 1218 3178 1280 nostra,
3218 1214 3422 1269 fratres
3460 1215 3594 1270 mei.
3641 1217 3809 1274 Currit

2139 1299 2454 1355 matutinus
2484 1301 2552 1357 ad
2584 1317 2936 1374 synagogam
2960 1302 3209 1369 Judaaus,
3227 1302 3459 1356 festinat
3473 1309 3531 1358 et
3551 1303 3807 1374 vigilatad

2137 1389 2420 1459 templum
2451 1405 2727 1460 paganus,
2763 1395 2820 1444 et
2851 1405 2969 1444 non
2998 1389 3196 1460 vigilat
3225 1392 3324 1444 aut
3352 1389 3584 1444 festinat
3624 1391 3690 1445 ad
3729 1407 3808 1446 ec-

2136 1474 2367 1530 clesiam
2397 1477 2759 1532 christianus.
2792 1477 2993 1548 Magna
3032 1476 3290 1531 confusio
3344 1481 3432 1531 est
3482 1476 3804 1544 christianis,

2137 1561 2237 1632 qui
2265 1567 2649 1634 provocantur
2695 1564 2889 1619 venire
2935 1565 3005 1620 ad
3047 1564 3283 1620 domum
3330 1563 3431 1618 Dei
3479 1565 3728 1635 exemplo
3761 1569 3812 1618 et

2137 1649 2622 1720 contemplatione
2652 1651 2870 1722 pejori;
2906 1656 2968 1705 ut
3000 1651 3129 1722 plus
3167 1651 3214 1704 si
3255 1651 3488 1706 Judmns
3511 1651 3572 1706 in
3601 1668 3699 1706 sua
3721 1651 3808 1706 ob-

2139 1738 2454 1793 servatione
2486 1739 2814 1809 sacrilegus,
2849 1755 3022 1810 quam
3053 1738 3401 1793 christianns
3447 1738 3511 1793 in
3556 1755 3654 1793 sua
3692 1740 3810 1794 reli-

2139 1824 2307 1894 gione
2338 1825 2596 1880 devotus.
2637 1825 2843 1895 Vigilat
2867 1825 3100 1896 gentilis
3142 1825 3216 1879 ad
3263 1824 3417 1880 idola
3446 1825 3734 1895 profanus,
3763 1832 3812 1882 et

2139 1927 2252 1965 non
2275 1912 2478 1983 vigilat
2502 1917 2602 1967 aut
2634 1913 2869 1967 festinat
2916 1913 3261 1967 christianus
3289 1913 3360 1968 ad
3398 1914 3691 1968 ecclesiam
3718 1931 3807 1984 pro

2137 2014 2252 2069 quo
2285 1998 2587 2054 crucifixus
2618 2004 2703 2053 est
2731 1999 3006 2054 Christus.
3059 2000 3366 2069 Propterea
3413 1998 3654 2069 castigat
3678 1999 3810 2052 Deus

2138 2093 2372 2157 terram,
2403 2092 2466 2142 ut
2485 2087 2658 2142 homo
2689 2087 2928 2158 accipiat
2958 2087 3354 2158 disciplinam:
3387 2091 3449 2140 nt
3493 2086 3664 2140 homo
3691 2099 3804 2139 cor-

2133 2175 2397 2247 ripiatur,
2421 2180 2576 2230 terra
2592 2176 2784 2230 dar....
2809 2175 3017 2230 dicere.
3039 2176 3148 2230 Vos
3174 2174 3356 2230 facitis
3371 2175 3615 2230 domum
3636 2187 3806 2227 meam

2135 2263 2442 2330 desertam,
2493 2266 2550 2318 et
2588 2279 2694 2334 ego
2738 2263 3024 2318 desertam
3068 2262 3274 2318 faciam
3316 2265 3532 2315 terram
3563 2264 3807 2325 vestram,

2133 2351 2238 2405 Vos
2268 2349 2330 2404 in
2364 2349 2645 2405 veniendo
2676 2350 2745 2404 ad
2775 2366 2868 2404 me
2901 2365 3015 2404 non
3045 2348 3192 2404 datis
3241 2347 3388 2402 mihi
3428 2349 3726 2414 honorem,
3761 2351 3809 2398 et

2133 2453 2239 2508 ego
2267 2441 2522 2492 vestrum
2548 2437 2887 2493 intercidam
2906 2437 3196 2492 laborem:
3228 2435 3364 2508 quia
3376 2435 3478 2508 qui
3489 2433 3809 2489 honoriﬁcat

2131 2540 2244 2591 me,
2280 2524 2487 2596 inquit,
2533 2529 2588 2580 et
2615 2540 2723 2596 ego
2755 2523 3146 2580 honoriﬁcaho
3172 2539 3334 2579 eum.

2201 2649 2312 2704 Sed
2359 2649 2615 2704 dicturus
2659 2665 2718 2703 es
2759 2647 2902 2703 mihi
2945 2647 3238 2703 forsitam:
3285 2647 3443 2702 dives
3488 2663 3639 2713 sum,
3666 2651 3720 2700 et
3739 2645 3806 2699 fa-

2132 2737 2436 2792 cultatibus
2464 2738 2684 2793 cunctis
2717 2736 2965 2803 abundo,
2997 2736 3144 2791 nihil
3175 2735 3430 2808 indigeo,
3463 2735 3608 2808 quid
3636 2741 3809 2808 petere

2131 2827 2410 2896 possum?
2446 2828 2595 2898 Ergo
2627 2842 2695 2881 ex
2716 2831 2772 2881 te
2800 2825 2956 2880 dives
2985 2826 3089 2880 es?
3126 2829 3225 2880 aut
3248 2840 3380 2879 cum
3418 2823 3634 2879 divitiis
3661 2829 3810 2878 natus

2132 2914 2237 2966 es?
2269 2913 2368 2984 qui
2419 2913 2607 2984 magis
2653 2915 2934 2984 quantum
2975 2911 3132 2966 dives
3185 2925 3264 2978 es,
3296 2915 3525 2966 tantum
3573 2911 3643 2966 ad
3670 2925 3806 2976 eum,

2131 2999 2294 3069 cujus
2321 3003 2458 3054 sunt
2478 2999 2717 3070 divitia,
2743 2999 3028 3053 manicare
3064 2997 3236 3053 debes
3261 3014 3274 3053 :
3317 2997 3454 3070 quia
3494 3013 3687 3052 meum
3716 3002 3806 3063 est,

2131 3085 2339 3158 inquit,
2365 3103 2570 3142 aurum
2618 3092 2674 3142 et
2711 3091 3034 3159 argentum,
3077 3090 3134 3142 et
3160 3085 3251 3141 cui
3298 3086 3534 3141 voluero
3573 3085 3715 3140 dabo
3749 3084 3806 3138 il-

2131 3175 2248 3230 lud.
2302 3175 2482 3230 Habes
2529 3175 2686 3248 quod
2739 3191 2856 3230 non
2911 3173 3212 3246 accepisti?
3258 3173 3317 3228 Si
3355 3189 3497 3244 ergo
3536 3172 3806 3243 accepisti,

2131 3260 2268 3331 quid
2291 3260 2554 3332 gloriaris
2586 3261 2749 3333 quasi
2769 3277 2884 3316 non
2909 3260 3192 3332 acceperis
3210 3259 3238 3312 7
3267 3260 3429 3316 Certe
3455 3260 3508 3314 si
3538 3258 3804 3331 accepisti,

2132 3347 2276 3404 nihil
2325 3348 2599 3416 habuisti,
2650 3349 2787 3420 quia
2831 3349 3020 3404 nudus
3059 3365 3121 3404 ex
3171 3353 3334 3404 utero
3378 3351 3584 3407 matris
3623 3358 3731 3407 tuae
3757 3353 3808 3407 in

2128 3437 2235 3491 hoc
2288 3438 2563 3491 saeculum
2623 3437 2918 3504 devenisti,
2997 3437 3204 3507 pannis
3277 3437 3522 3504 obsitus,
3574 3445 3808 3494 extrema

2131 3528 2380 3595 egestate
2425 3524 2736 3590 confectus,
2789 3527 2845 3578 et
2885 3525 3006 3595 jam
3069 3523 3214 3577 sicut
3259 3528 3429 3578 natus
3491 3527 3805 3581 moriturus.

2131 3611 2316 3666 Habes
2345 3616 2549 3667 testem
2578 3611 2813 3666 beatum
2839 3611 2945 3667 Joh
2984 3611 3264 3666 dicentem
3290 3627 3304 3666 :
3339 3613 3535 3668 nudus
3578 3615 3718 3670 exivi
3746 3615 3807 3670 de

2128 3702 2328 3753 ventre
2359 3699 2558 3752 matris
2586 3713 2750 3764 meae,
2781 3698 3003 3753 nudum
3031 3713 3122 3752 me
3154 3701 3379 3769 oportet
3401 3699 3490 3754 ire
3521 3701 3584 3755 in
3612 3706 3806 3757 teriam

2131 3785 2323 3841 Curris
2350 3785 2420 3840 ad
2447 3785 2683 3840 domum
2713 3783 3090 3851 freneratoris,
3123 3785 3446 3841 adulatoria
3471 3789 3650 3843 verba
3667 3804 3805 3843 com-

2132 3873 2319 3943 ponis,
2354 3876 2408 3927 et
2439 3887 2557 3926 non
2588 3871 2768 3926 curris
2791 3871 2862 3926 ad
2892 3870 3129 3925 domum
3173 3872 3272 3926 Dei
3301 3875 3560 3943 gratuito
3589 3876 3807 3947 largito-

2131 3960 2255 4016 ris?
2282 3960 2418 4025 Quae
2449 3963 2533 4014 est
2561 3959 2622 4013 in
2645 3959 2800 4014 vobis
2830 3962 2989 4013 tanta
3016 3959 3274 4030 pigritia,
3337 3961 3548 4017 fratres
3597 3966 3726 4029 mei,
3755 3969 3808 4017 ut

2134 4049 2204 4104 ad
2238 4048 2475 4103 domum
2511 4048 2605 4102 Dei
2636 4047 2874 4102 minime
2901 4046 3197 4118 vigiletis?
3224 4049 3349 4104 Tibi
3379 4051 3535 4117 dico,
3568 4051 3806 4124 quisquis

2135 4153 2218 4204 es,
2249 4137 2456 4191 rustice
2487 4137 2686 4208 piger:
2709 4135 3000 4207 pigritaris
3027 4135 3096 4190 ad
3123 4137 3361 4192 domum
3393 4141 3496 4194 Dei
3528 4142 3738 4207 venire,
3762 4147 3810 4194 et

322 4220 475 4292 quod
505 4220 744 4289 timeas;
797 4223 950 4292 audi,
999 4225 1284 4293 timorate,
1330 4229 1482 4300 quod
1519 4245 1751 4286 caveas:
1795 4233 1903 4286 Pro
1950 4249 2015 4286 eo
2049 4249 2091 4304 ι)
2133 4242 2250 4280 non
2278 4223 2570 4296 pigritaris
2599 4229 2808 4278 terram
2840 4228 2999 4278 tuam
3027 4224 3323 4279 excolere?
3352 4226 3420 4280 Et
3437 4227 3549 4281 nisi
3581 4227 3809 4296 desuper

324 4309 481 4379 quod
513 4307 718 4366 domus
751 4327 854 4366 sua
883 4313 1108 4368 deserta
1159 4315 1250 4382 sit,
1300 4317 1544 4388 ideoque
1589 4320 1793 4374 caelum
1838 4321 2016 4375 absti-

324 4394 486 4449 nebit
517 4396 760 4465 pluvias,
811 4403 869 4454 et
910 4403 1060 4456 terra
1091 4418 1207 4457 non
1258 4404 1416 4458 dabit
1465 4405 1710 4461 fructum
1743 4423 1932 4475 suum,
1965 4413 2020 4462 et

325 4480 594 4535 inducam
641 4484 896 4554 gladium
943 4504 1115 4558 super
1152 4505 1328 4561 opera
1367 4505 1642 4547 manuum
1694 4494 2014 4563 hominum,

329 4567 467 4640 quia
498 4568 646 4623 Deus
677 4570 736 4624 in
768 4574 1017 4628 ecclesiis
1046 4593 1160 4630 non
1184 4579 1432 4634 auditur.
1455 4579 1590 4644 Quis
1629 4580 1697 4634 ad
1731 4580 1856 4646 hoc,
1908 4581 2014 4635 fra-

319 4660 438 4710 tres
474 4655 608 4725 mei,
638 4655 893 4713 intentus
919 4677 1033 4715 non
1056 4663 1364 4719 visceribus
1394 4671 1801 4722 contremescat
1826 4669 1855 4721 ?
1883 4669 2019 4734 Quis

318 4761 436 4800 non
460 4745 634 4799 tantis
647 4746 1193 4804 comminationibus
1214 4768 1512 4822 percussus
1535 4759 1768 4821 arescat,
1791 4756 2018 4826 quando

319 4834 398 4888 sic
453 4834 652 4889 audiat
700 4836 1010 4891 Dominum
1063 4838 1476 4910 indignantem,
1511 4859 1576 4896 eo
1607 4844 1760 4913 quod
1784 4845 2018 4901 domum

321 4938 486 4977 suam
521 4923 809 4978 desertam
840 4925 1075 4993 faciatis,
1126 4927 1190 4995 (et
1229 4927 1415 4984 domus
1453 4930 1534 5000 or)
1579 4931 1785 4984 ationis
1815 4948 1846 4985 a
1877 4948 2016 4986 con-

319 5015 495 5063 ventu
528 5009 801 5082 religioso
838 5012 909 5066 sit
941 5028 1115 5067 vacua
1137 5014 1166 5066 ?
1193 5013 1368 5068 Plena
1387 5021 1471 5069 est
1492 5018 1714 5087 populis
1736 5019 1939 5088 platea,
1965 5025 2020 5074 et

317 5095 445 5152 silet
476 5098 737 5152 ecclesia.
797 5099 1022 5170 Utique,
1072 5102 1325 5172 prudens
1358 5101 1555 5169 homo,
1597 5120 1711 5158 non
1743 5104 1847 5158 tibi
1873 5105 2015 5161 dici-

315 5186 409 5237 tur
439 5188 503 5238 nt
537 5185 611 5238 ad
641 5185 882 5240 domum
917 5187 1016 5241 Dei
1041 5188 1355 5243 omnihora
1376 5189 1698 5244 convenias.
1733 5190 1789 5245 Si
1816 5191 1878 5246 in
1896 5208 2015 5248 ma-

390 5342 464 5408 (α)
499 5342 596 5416 _S_ic
639 5342 937 5416 videbatur
985 5344 1040 5398 in
1090 5345 1305 5413 codice,
1359 5347 1522 5416 cujus
1571 5348 1713 5402 mihi
1745 5365 1893 5404 nunc
1925 5368 2012 5406 re-

321 5411 539 5465 visendi
569 5413 730 5481 copia
759 5431 870 5467 non
899 5420 1001 5468 est.

400 5481 474 5542 (ὁ)
511 5482 566 5536 ld
603 5490 684 5535 est
715 5485 1034 5540 molestiam
1065 5503 1165 5556 per
1197 5503 1363 5542 suum
1398 5489 1582 5542 zelum
1615 5506 1823 5543 creare.

2132 4313 2235 4367 tibi
2279 4311 2501 4367 dederit
2551 4311 2826 4380 pluviam,
2867 4327 2982 4365 non
3030 4312 3244 4382 poteris
3275 4329 3550 4385 rumpere
3591 4322 3804 4371 terram.

2133 4400 2282 4454 Nihil
2315 4398 2420 4453 tibi
2449 4398 2519 4453 de
2549 4414 2651 4451 suo
2682 4402 2954 4468 praestare
2974 4399 3203 4469 poterit,
3237 4401 3347 4454 nisi
3387 4402 3640 4474 desuper
3669 4419 3806 4457 acce-

2129 4487 2295 4558 perit.
2331 4485 2619 4557 Scriptum
2633 4490 2716 4540 est
2745 4484 2900 4539 enim
2933 4502 2945 4539 :
2995 4487 3302 4541 Desnrsum
3324 4488 3621 4544 descendit
3661 4506 3693 4543 a
3723 4504 3809 4560 pa-

2129 4581 2214 4628 tre
2243 4574 2549 4640 luminnm,
2583 4579 2721 4645 aput
2777 4589 2947 4645 quem
2995 4590 3112 4629 non
3160 4581 3244 4629 est
3279 4579 3684 4633 transmutatio
3720 4594 3808 4632 nec

2130 4660 2533 4716 vicissitudinis
2555 4660 2936 4716 obnmbratio.
2968 4661 3124 4716 Sicut
3160 4667 3214 4715 et
3245 4661 3304 4716 in
3337 4664 3648 4734 Evangelia
3694 4661 3807 4716 scri-

2129 4756 2293 4821 ptum
2322 4753 2437 4804 est:
2472 4749 2680 4802 Verum
2708 4749 2946 4819 quaerite
2973 4765 3213 4820 regnum
3248 4751 3348 4804 Dei
3372 4752 3568 4822 primo
3607 4757 3663 4806 et
3701 4753 3809 4822 jus-

2128 4838 2338 4904 titiam,
2371 4842 2428 4891 et
2459 4837 2579 4890 haec
2610 4836 2802 4890 omnia
2829 4837 3195 4908 adponentur
3222 4839 3400 4894 vobis.
3426 4840 3598 4911 Ergo,
3626 4841 3810 4896 fratres

2134 4925 2267 4990 mei,
2300 4925 2368 4978 ad
2399 4923 2694 4978 ecclesiam
2733 4922 2830 4976 Dei
2851 4923 3086 4994 vigilare
3125 4926 3364 4980 debetis.
3409 4928 3530 4981 Hoc
3570 4931 3810 4998 expectat

2135 5016 2300 5078 Deus,
2335 5015 2398 5065 ut
2425 5011 2510 5065 illi
2540 5013 2940 5066 tantummodo
2975 5013 3202 5067 fatearis
3246 5019 3301 5068 et
3338 5030 3453 5069 non
3485 5021 3622 5070 sunt
3652 5030 3808 5070 morae

2127 5107 2192 5154 ut
2223 5099 2458 5166 saneris,
2496 5098 2608 5153 nisi
2640 5098 3057 5172 confessionem
3090 5105 3246 5155 tuam
3272 5103 3640 5158 solummodo
3670 5118 3807 5174 qua:-

2127 5188 2358 5243 siturus.
2395 5185 2652 5258 Explicit.

2199 5349 2266 5410 (ο)
2300 5347 2489 5402 Prisca
2537 5345 2946 5415 orthographia
2988 5351 3091 5408 est,
3137 5352 3199 5402 ut
3229 5348 3378 5404 infra
3433 5351 3582 5410 illut,
3651 5352 3776 5402 alim

2197 5420 2276 5489 (ἀ)
2307 5419 2394 5473 Sic
2423 5417 2720 5472 videbatur
2741 5416 2800 5470 in
2831 5417 3036 5471 codice.
