4004 6182
1422 502 2581 633 SOLILOQUIOBUM

530 775 1132 884 SANCTO
1220 772 2135 884 AUGUSTINO
2222 770 3452 879 ADSCRIPTORUM

1163 1083 1175 1090 ·
1275 1033 1733 1138 CAPUT
1829 1029 2718 1136 POSTREMUM

1200 1236 1255 1300 Α
1300 1238 1355 1299 J.
1411 1234 1869 1301 TROMBELLI
1918 1236 1967 1300 E
2017 1235 2411 1301 TENEBRIS
2459 1235 2796 1300 ERUTUM

1040 1539 1391 1601 JOANNES
1423 1539 2053 1601 CHRYSOSTOMUS
2084 1541 2530 1603 TROMBELLI
2564 1542 2927 1603 LECTORI.

323 1688 591 1743 Novimus
621 1691 854 1762 quidem
878 1693 1089 1747 librum
1116 1709 1270 1760 eum,
1294 1694 1394 1765 qui
1426 1697 1729 1763 Augustini
1752 1696 1927 1757 soliio-
1955 1700 1997 1752 A
2035 1696 2252 1766 adjecta
2280 1696 2623 1763 invenimus,
2678 1696 3031 1767 evulgemus.
3090 1692 3359 1748 Plurimis
3419 1691 3655 1769 quidem
3682 1689 3742 1743 in

252 1780 385 1847 quia
411 1778 756 1841 inscribitur,
790 1780 858 1835 ab
888 1782 1207 1852 Augustino
1246 1782 1599 1852 Hipponensi
1639 1782 1936 1853 Episcopo,

255 1881 316 1918 ac
345 1866 777 1935 prmclarissimo
813 1870 1069 1924 Ecclesia:
1123 1872 1359 1924 Doctore
1388 1886 1504 1923 non
1535 1886 1655 1923 esse
1709 1886 1941 1940 compo-

255 1953 425 2007 situm
452 1970 470 2007 :
506 1959 563 2008 at
590 1955 851 2010 novimus
882 1956 1075 2021 etiam,
1116 1974 1146 2010 a
1177 1957 1449 2012 laudabili
1479 1958 1760 2027 Scriptore
1810 1974 1944 2011 eum

254 2041 552 2112 prodiisse.
582 2044 816 2097 Gratum
869 2043 1084 2115 itaque,
1133 2048 1196 2098 ut
1250 2049 1412 2114 puto,
1449 2045 1680 2100 Lectori
1718 2046 1847 2112 erit,
1897 2045 1945 2099 si

258 2147 386 2201 quae
413 2130 472 2183 in
503 2131 717 2199 codice,
751 2148 922 2202 quem
955 2149 985 2187 e
1031 2133 1236 2187 selecta
1283 2150 1384 2188 sua
1412 2134 1757 2189 bibliotheca
1806 2134 1946 2189 mihi

258 2218 405 2271 dono
464 2218 617 2273 misit
673 2219 1081 2288 nobilissimus,
1136 2226 1307 2292 atque
1364 2223 1810 2276 humanissimus
1866 2223 1948 2276 vir

262 2306 559 2362 Faustinus
590 2310 908 2379 Avogadro,
951 2310 1151 2365 Comes
1188 2311 1501 2377 Brixianus,
1538 2312 1722 2367 eidem
1757 2312 1945 2367 libello

2050 1785 2208 1847 locis,
2234 1785 2348 1839 imo
2391 1784 2701 1839 identidem
2729 1784 2901 1838 codex
2930 1783 3027 1837 ille
3071 1800 3105 1836 a
3139 1781 3588 1852 Soliloquiorum
3620 1778 3737 1833 edi-

2053 1870 2304 1925 tionibus
2336 1871 2590 1925 diversus
2629 1875 2712 1925 est
2754 1888 2766 1924 :
2815 1875 2873 1925 at
2920 1887 3021 1924 nos
3067 1874 3423 1941 postremum
3470 1869 3745 1923 duntaxat

2053 1959 2173 2028 ejus
2200 1958 2331 2012 libri
2359 1964 2549 2029 caput,
2580 1960 2734 2029 quod
2768 1959 3022 2014 nondum
3049 1963 3131 2013 est
3161 1957 3399 2024 editum,
3435 1956 3735 2026 proferen-

2052 2046 2192 2101 dum
2222 2047 2568 2102 censuimus.
2601 2050 2679 2102 De
2717 2048 2902 2119 pretio
2933 2052 3147 2112 tamen,
3191 2051 3364 2117 atque
3409 2044 3745 2099 auctoritate

2053 2135 2289 2205 hujusce
2317 2136 2691 2191 additamenti
2734 2136 2951 2191 Lectori
2994 2134 3424 2206 dijudicandum
3478 2130 3749 2201 relinqui-

2058 2240 2202 2277 mus.
2246 2225 2329 2277 En
2367 2239 2434 2277 ea
2463 2224 2655 2295 itaque
2686 2240 2815 2294 quas
2857 2229 2983 2294 post
3039 2239 3204 2280 voces
3235 2222 3360 2277 illas
3409 2235 3568 2276 cauos
3601 2234 3739 2273 meos

2056 2311 2382 2367 invenimus
2404 2311 2506 2382 (a).

928 2722 1852 2823 SOLILOQUIORUM
1925 2704 2306 2809 CAPUT.
2354 2723 3072 2809 POSTREMUM.

340 2916 466 2970 Pius
510 2922 567 2970 ut
610 2918 755 2971 Deus
798 2922 850 2971 te
881 2918 1049 2972 ducat
1080 2917 1151 2971 ad
1207 2917 1477 2972 sublimia
1524 2934 1644 2984 sua,
1689 2918 1951 2972 introduc
1988 2919 2026 2973 Β
2065 2918 2133 2973 ab
2165 2918 2433 2988 operibus
2474 2918 2657 2983 malis,
2690 2918 2786 2972 sed
2815 2917 2984 2971 etiam
3022 2933 3053 2970 a
3089 2915 3527 2986 cogitationibus
3556 2930 3753 2985 super-

264 3020 397 3058 eum
428 3003 499 3058 ad
530 3003 732 3058 intima
764 3009 889 3071 tua;
936 3008 1153 3058 certum
1194 3004 1348 3058 enim
1399 3004 1502 3058 tibi
1551 3004 1639 3067 sit,
1676 3004 1825 3076 quod
1867 3004 1958 3059 de-

266 3093 463 3147 lictum
490 3097 654 3147 tuum
686 3093 858 3147 nimis
890 3093 1094 3164 diligis,
1129 3094 1176 3148 si
1226 3092 1485 3165 quamvis
1515 3092 1749 3147 fortasse
1804 3108 1957 3145 sum-

268 3196 380 3246 me,
416 3179 672 3234 nondum
722 3195 852 3233 eum
893 3184 1085 3234 tamen
1135 3180 1501 3251 singulariter
1532 3180 1721 3251 diligis
1756 3197 1768 3233 :
1801 3179 1951 3251 quod

267 3273 373 3333 est,
417 3266 464 3321 si
515 3267 761 3321 alienam
795 3268 1046 3339 aliquam
1100 3269 1545 3323 consolationem
1595 3270 1825 3341 quaeris,
1877 3269 1959 3322 vel

271 3353 493 3423 recipis.
532 3354 727 3423 Cogita
779 3371 936 3426 ergo,
971 3355 1105 3426 quid
1137 3356 1226 3423 sit,
1276 3358 1429 3427 quod
1462 3358 1520 3410 in
1562 3359 1677 3412 vita
1728 3363 1825 3410 tua
1879 3373 1962 3410 ar-

270 3443 495 3496 dentius
543 3442 811 3504 dilexisti,
842 3443 1043 3497 anxius
1101 3444 1437 3514 concupisti,
1481 3445 1633 3514 quod
1678 3449 1731 3497 te
1758 3444 1961 3513 jucun-

270 3531 397 3583 dius
428 3528 725 3595 afﬁciebat,
769 3530 1085 3600 ceterisque
1118 3530 1382 3584 omnibus
1411 3530 1748 3600 profundius
1782 3531 1963 3585 delec-

268 3617 445 3682 tabat,
476 3619 561 3671 vel
588 3618 776 3687 potuit
795 3617 1093 3671 delectare.
1120 3618 1425 3673 Considera
1448 3634 1607 3688 ergo,
1631 3618 1676 3671 si
1723 3620 1962 3672 eandem

270 3704 584 3759 affectionis
658 3704 1006 3769 violentiam,
1076 3705 1466 3759 delectationis
1549 3706 1963 3760 abundantiam

270 3792 466 3854 sentis,
498 3792 726 3862 quando
758 3792 816 3845 in
850 3793 1063 3845 summi
1096 3792 1384 3846 dilectoris
1414 3792 1762 3847 desiderium
1809 3793 1960 3847 inar-

270 3881 470 3946 descis,
502 3880 731 3951 quando
754 3880 814 3933 in
841 3880 963 3951 ejus
994 3880 1296 3935 dilectione
1331 3881 1641 3951 requiescis
1677 3898 1688 3934 :
1724 3882 1964 3935 dubium

269 3970 423 4024 enim
481 3986 593 4023 non
657 3974 757 4033 est,
810 3970 962 4040 quod
1012 3970 1172 4023 illum
1236 3968 1548 4023 aﬁectionis
1602 3974 1713 4022 tua:
1774 3969 1963 4022 sinum

270 4060 525 4114 nondum
556 4063 732 4125 tenet,
764 4058 811 4112 si
846 4058 1064 4111 intimae
1092 4057 1409 4111 dilectionis
1442 4063 1551 4111 tua:
1576 4058 1804 4111 aculeus
1834 4057 1960 4110 ani-

271 4163 423 4201 mam
449 4153 604 4201 tuam
654 4147 713 4199 in
742 4146 949 4200 divinis
997 4145 1289 4199 affectibus
1335 4143 1525 4197 minus
1562 4149 1839 4214 penetrat,
1879 4150 1962 4197 te-

272 4237 457 4307 pidius
488 4237 752 4306 exagitat,
796 4250 967 4305 quam
1000 4233 1058 4288 in
1102 4233 1303 4287 alienis
1333 4232 1628 4287 affectibus
1660 4233 1965 4304 aliquando

268 4330 593 4394 penetrare,
643 4324 728 4376 vel
784 4320 1068 4391 exagitare
1119 4320 1358 4384 solebat,
1392 4321 1478 4373 vel
1522 4326 1715 4389 posset
1766 4321 1959 4390 aliquo

270 4414 442 4468 modo
473 4416 684 4466 tractus
717 4411 794 4482 (ὁ)
823 4411 1059 4480 alicujus
1088 4409 1238 4463 afﬁci
1272 4426 1284 4461 :
1317 4411 1641 4480 tugquoque
1665 4409 1735 4462 ab
1766 4425 1832 4462 eo
1865 4409 1966 4462 mi-

272 4518 378 4555 nus
408 4500 684 4571 diligeris,
717 4500 762 4552 si
816 4500 881 4553 ad
940 4498 1220 4553 theoricos
1253 4499 1377 4552 illos
1425 4514 1681 4553 excessus
1711 4498 1964 4552 nondum

270 4588 505 4653 vocaris,
538 4588 625 4640 vel
656 4590 952 4638 vocantem
984 4585 1145 4656 sequi
1176 4585 1433 4639 nondum
1484 4586 1780 4639 merueris.
1830 4587 1965 4638 Jam

270 4693 373 4731 non
423 4676 620 4739 dicam,
680 4672 887 4744 inquit,
955 4688 1046 4727 cos
1110 4688 1309 4741 servos,
1367 4674 1461 4727 sed
1546 4675 1742 4727 amicos
1802 4688 1961 4738 meos,

269 4768 399 4835 quia
428 4766 630 4831 omnia,
654 4778 996 4831 quaecumque
1027 4762 1220 4816 audivi
1252 4779 1287 4815 a
1332 4764 1502 4817 Patre
1533 4778 1665 4827 meo,
1705 4766 1833 4815 nota
1860 4763 1966 4825 feci

267 4855 416 4910 vobis
476 4851 568 4922 (c).
618 4850 951 4905 Sublimitas
996 4865 1130 4920 ergo
1178 4850 1501 4903 divmarum
1550 4848 1965 4903 revelationum

267 4946 353 4995 est
381 4938 746 4993 manifestum
795 4937 1095 5002 indicium,
1149 4937 1305 5007 quod
1356 4938 1605 5008 perfecte
1637 4936 1846 5006 diligis,
1877 4936 1964 4990 vel

268 5026 539 5097 diligeris,
574 5026 619 5078 si
652 5025 712 5078 in
758 5040 1119 5077 summorum
1167 5024 1453 5078 desiderio
1488 5026 1555 5078 ad
1589 5040 1834 5095 superna
1865 5041 1963 5077 ra—

267 5115 441 5184 peris,
470 5118 524 5167 et
557 5114 616 5167 in
659 5112 1001 5182 anagogicos
1035 5111 1174 5165 ‘illos
1225 5115 1456 5165 conatus
1504 5112 1711 5165 mentis
1752 5112 1963 5164 aliena-

267 5203 420 5257 tione
450 5202 677 5263 transis,
714 5202 779 5254 Et
808 5200 909 5271 qui
944 5200 1075 5254 huic
1101 5200 1601 5270 contemplationis
1627 5199 1822 5255 virtuti
1845 5200 1967 5253 vult

268 5307 486 5354 vacare,
516 5306 744 5345 necesse
768 5295 872 5359 est,
910 5294 972 5344 ut
1002 5290 1179 5344 discat
1206 5290 1562 5361 requiescere
1615 5305 1727 5343 non
1779 5288 1964 5342 solum

345 5454 417 5522 (a)
462 5453 665 5508 Confer
722 5467 961 5522 operum
1009 5451 1063 5505 S.
1121 5450 1423 5519 Augustini
1475 5448 1776 5504 editionem
1832 5464 1963 5503 nos-

272 5526 417 5580 tram
454 5528 589 5577 tom.
624 5523 691 5575 VI
721 5524 820 5575 col.
864 5524 1120 5575 863-898.
1162 5522 1305 5574 Enn.

2070 3006 2277 3061 vacuis.
2339 3007 2493 3076 Opus
2548 3006 2721 3061 etiam
2755 3010 2839 3060 est
2880 3004 3341 3076 compunctione,
3373 3002 3747 3074 suspiriisque

2071 3095 2273 3167 magis,
2304 3112 2478 3166 quam
2523 3094 2877 3166 argumentis
2910 3111 2923 3149 :
2954 3092 3165 3148 crebris
3195 3092 3503 3164 gemitibus
3547 3092 3747 3162 magis,

2070 3202 2241 3256 quam
2275 3186 2516 3255 copiosis
2568 3183 3191 3255 argumentationibus;
3244 3181 3527 3253 lacrymis,
3584 3197 3755 3252 quam

2071 3274 2402 3341 sententiis;
2433 3273 2712 3341 oratione,
2736 3288 2910 3345 quam
2943 3272 3213 3337 lectione;
3264 3269 3447 3341 gratia
3477 3269 3750 3340 lacryma-

2072 3379 2222 3431 rum,
2268 3379 2441 3433 quam
2490 3363 2727 3418 scientia
2785 3363 3147 3427 litterarum;
3209 3358 3524 3416 caelestium
3567 3357 3759 3429 potius

2071 3451 2567 3522 contemplatione,
2621 3467 2794 3521 quam
2861 3449 3219 3505 terrestrium
3272 3446 3659 3519 occupatione.
3719 3446 3760 3500 Ο

2074 3542 2168 3594 lux
2200 3540 2483 3595 mentium
2516 3541 2684 3605 Deus,
2733 3540 2953 3610 expelle
2996 3555 3029 3593 a
3077 3554 3167 3592 me
3208 3537 3462 3592 stultitiae
3515 3538 3758 3597 noctem,

2074 3635 2128 3683 et
2158 3629 2305 3682 dona
2335 3627 2473 3681 mihi
2504 3628 2795 3699 sapientiae
2829 3628 2981 3682 diem
3016 3643 3028 3680 :
3061 3642 3195 3680 erue
3242 3625 3525 3689 veritates,
3558 3628 3615 3677 et
3640 3623 3763 3692 jus-

2073 3716 2213 3771 titiu:
2253 3717 2429 3771 solem
2476 3716 2545 3770 de
2594 3714 3049 3786 profundissimis
3106 3718 3326 3767 natura:
3379 3716 3493 3765 tua:
3546 3710 3763 3764 sinibus

2074 3819 2305 3858 omnem
2354 3804 2701 3859 intellectum
2744 3802 3146 3873 superantibus
3204 3800 3265 3853 in
3319 3799 3533 3854 aethere
3583 3795 3760 3850 animi

2074 3895 2187 3947 mei
2225 3912 2235 3947 :
2276 3910 2445 3965 super
2477 3899 2685 3947 terram
2717 3891 2904 3946 cordis
2951 3891 3066 3946 mei
3115 3890 3380 3959 extingue
3436 3884 3764 3957 phantasias

2074 3998 2402 4051 corporum,
2463 3986 2517 4035 et
2574 3982 2971 4051 phantasmata
3020 3980 3303 4033 variarum
3353 3974 3761 4046 cogitationum

2073 4086 2351 4123 mearum.
2406 4070 2545 4123 Crea
2590 4069 2810 4139 prolem
2860 4056 3369 4137 iutelligentiarum
3416 4068 3643 4117 tuarum
3703 4061 3762 4113 in

2074 4165 2237 4212 utero
2284 4159 2489 4211 mentis
2538 4172 2699 4211 meas.
2766 4156 3003 4210 Etfunde
3053 4154 3315 4225 spiritum
3375 4158 3537 4207 tuum
3592 4166 3762 4219 super

2077 4262 2252 4316 aquas
2283 4246 2630 4300 inﬁrmitatis
2662 4260 2827 4313 meae,
2862 4250 2924 4299 ut
2967 4258 3267 4297 conversus
3316 4240 3384 4295 ad
3438 4246 3511 4304 te,
3543 4238 3765 4291 confor-

2074 4336 2183 4388 mis
2214 4334 2336 4388 Filii
2364 4335 2468 4395 tui,
2504 4334 2726 4389 videam
2772 4337 2827 4386 te
2859 4332 2916 4386 in
2956 4335 3129 4398 te,'et
3159 4327 3356 4383 omnia
3382 4326 3485 4381 sub
3517 4331 3591 4380 te.
3628 4325 3670 4380 Ο
3700 4329 3765 4379 tu

2076 4423 2381 4488 purissima
2404 4422 2628 4487 veritas,
2670 4427 2732 4475 tu
2758 4421 2881 4474 vide
2934 4425 2985 4473 te
3043 4418 3104 4471 in
3159 4432 3268 4481 me,
3312 4419 3377 4468 tu
3413 4412 3669 4482 intellige
3710 4416 3766 4466 te

2075 4503 2135 4556 in
2168 4519 2279 4557 me.
2317 4505 2421 4556 Per
2452 4519 2541 4556 me
2599 4502 2752 4555 enim
2804 4516 2918 4553 non
2945 4499 3109 4551 video
3171 4494 3280 4549 nisi
3308 4510 3471 4562 vana,
3507 4494 3678 4558 ﬂuxa,
3710 4496 3766 4546 et

2074 4593 2306 4660 caduca,
2356 4607 2459 4645 nec
2486 4591 2647 4644 video
2686 4589 2791 4643 nisi
2837 4589 2995 4654 falsa,
3029 4590 3085 4639 et
3128 4599 3405 4653 corporea
3437 4584 3716 4653 plasmata
3746 4598 3758 4635 :

2074 4698 2178 4753 per
2206 4698 2297 4735 me
2332 4680 2473 4734 nihil
2525 4694 2673 4745 sum,
2707 4676 2816 4730 nisi
2858 4691 3029 4741 mors,
3063 4679 3119 4729 et
3172 4674 3410 4743 abyssus
3439 4671 3761 4737 tenebrosa,

2074 4777 2131 4825 et
2159 4770 2509 4840 imperfecta,
2546 4770 2610 4822 ln
2637 4772 2690 4820 te
2723 4782 2849 4819 sum
2880 4764 3032 4837 quod
3066 4780 3192 4817 sum
3218 4782 3232 4829 ;
3262 4761 3321 4815 in
3368 4766 3424 4813 te
3455 4759 3580 4811 vivo
3610 4758 3763 4828 quod

2074 4859 2201 4914 vivo
2234 4875 2247 4913 :
2279 4860 2338 4912 in
2361 4862 2413 4912 te
2433 4856 2704 4926 intelligo,
2727 4854 2879 4925 quod
2900 4853 3179 4923 intelligo,
3207 4849 3342 4921 quia
3366 4852 3428 4901 tu
3459 4863 3517 4900 es
3539 4863 3766 4901 summa

2075 4947 2470 5019 intelligentia,
2534 4944 2779 4999 essentia
2827 4958 3071 5007 summa,
3132 4941 3243 4993 vita
3297 4952 3540 5005 summa,
3575 4938 3759 5002 Pater,

2074 5040 2131 5090 et
2165 5036 2358 5101 Filius,
2409 5040 2465 5088 et
2510 5031 2752 5103 Spiritus
2792 5030 3052 5089 Sanctus.
3097 5027 3284 5081 unitas
3330 5025 3559 5096 triplex,
3616 5025 3753 5080 inﬁ—

2074 5126 2212 5188 nita,
2255 5129 2311 5178 et
2362 5123 2479 5176 sine
2526 5121 2637 5175 ﬁne
2692 5122 2837 5174 Deus
2877 5134 3025 5172 unus
3060 5116 3117 5168 in
3173 5114 3357 5169 secula
3410 5114 3753 5168 seculorum.

2076 5218 2271 5267 Amen.

2147 5446 2216 5514 (ὁ)
2250 5446 2501 5499 Fortasse
2534 5440 2839 5509 legendum
2870 5442 2951 5493 est
2977 5443 3149 5493 tractu

2148 5517 2217 5585 (ci
2248 5517 2405 5567 .loan.
2445 5530 2529 5575 xv,
2562 5518 2648 5565 1:1.
