4068 6192
657 251 724 257 ...α
733 251 766 255 σ-ς
781 250 1152 258 -..Ψ-ς’...-
1163 252 2000 262 .--—.—.——.—..————_—._._——-——_—.

252 360 891 474 SERMONES
969 361 1550 486 QUATUOR
1627 363 2090 476 SANCTO
2151 360 2850 476 AUGUSTINO
2926 361 3590 475 ATTRIBUTI
3677 350 3753 472 ’⁸.
3837 293 3846 305 ⁸

1079 735 1110 784 ι,
1979 713 2119 768 Ain
2176 713 2356 783 gloria
2409 712 2801 766 resurrecturi.
2863 712 3036 767 Nobis
3097 712 3252 767 enim
3306 719 3361 768 et
3426 730 3533 784 pro
3588 713 3758 767 nobis

325 877 538 928 Fratres
567 875 616 926 si
641 874 1119 927 (-onresurremistis
1153 889 1269 927 cum
1296 875 1531 937 Christo,
1565 889 1682 942 qua:
1730 887 1946 926 sursum

261 969 386 1016 sunt
417 959 644 1029 querite,
677 961 771 1014 ubi
791 962 1036 1016 Christus
1057 965 1131 1015 est
1152 963 1210 1014 in
1227 961 1450 1014 dextera
1484 962 1576 1014 Dei
1603 960 1812 1028 sedens,
1839 963 1942 1013 etc.

260 1053 481 1119 (Coloss.
530 1067 608 1116 ιιι,
666 1050 735 1119 l.)
791 1048 1020 1103 Domini
1064 1049 1245 1103 nostri
1291 1051 1420 1103 lesu
1462 1050 1669 1104 Christi
1710 1050 1945 1104 honora-

260 1137 432 1190 bilem
465 1138 946 1208 sollempnitatem
979 1155 1081 1192 sua
1129 1139 1348 1193 favente
1385 1139 1706 1206 clementia,
1747 1140 1949 1192 fratres

260 1223 568 1294 karissimi,
611 1225 856 1279 ﬁdeliter
884 1241 1224 1280 veneremur
1272 1227 1604 1298 pietatemq.
1649 1227 1769 1297 ejus
1801 1224 1946 1279 inef-

258 1313 490 1366 fabilem
547 1311 618 1366 ad
676 1313 1017 1368 memoriam
1068 1329 1420 1380 revocemus,
1463 1314 1563 1386 qui
1621 1329 1735 1367 non
1765 1314 1949 1367 solum

263 1405 467 1454 nostra:
498 1400 908 1471 redemptionis
940 1417 1108 1455 causa
1132 1402 1443 1456 humanam
1486 1418 1712 1457 carnem
1759 1416 1946 1455 susce-

257 1489 362 1559 pit,
396 1504 589 1542 verum
627 1487 800 1542 etiam
825 1488 1043 1563 diversa
1069 1505 1280 1560 genera
1301 1505 1600 1560 poenarum
1629 1504 1733 1559 pro
1757 1492 1950 1541 nostra

258 1577 438 1630 salute
499 1575 690 1629 subire
748 1575 1015 1645 dignatus
1061 1580 1161 1631 est.
1222 1578 1286 1631 Et
1341 1576 1474 1631 licet
1518 1581 1649 1647 post
1699 1575 1948 1630 multum

258 1663 488 1718 inercise
528 1667 583 1716 et
633 1662 881 1734 pigritia:
927 1667 1135 1717 nostra:
1174 1663 1464 1718 somnium
1497 1678 1609 1717 non
1637 1661 1820 1729 inviti,
1852 1662 1949 1716 sed

260 1750 590 1804 volontariaa
622 1753 828 1804 sanctzn
861 1754 917 1804 et
946 1750 1280 1806 Christianae
1313 1750 1606 1822 religionis
1651 1750 1948 1805 dulcedine

260 1843 597 1908 provocante
646 1839 706 1893 in
764 1839 1118 1894 sanctissime
1172 1839 1609 1909 sollempnitatis
1663 1843 1948 1892 conventu

259 1929 658 2000 expergefacti,
691 1929 939 1984 libenter
983 1934 1039 1984 et
1081 1930 1277 1984 devote
1311 1947 1439 1984 cum
1491 1931 1648 1984 omni
1679 1927 1950 1983 sollicitu-

261 1997 392 2071 dine
417 1997 784 2088 resurgamus
829 2019 1140 2072 secundum
1171 2019 1308 2073 illud
1342 2019 1493 2089 quod
1523 2017 1825 2088 Apostolus
1873 2015 1952 2070 ait
1980 1997 2018 2051 Β

260 2105 320 2160 in
354 2105 602 2176 presenti
635 2106 873 2160 lectione
906 2122 918 2160 :
955 2108 1016 2162 Si
1048 2109 1523 2162 conresurreacistis
1561 2122 1680 2161 cum
1715 2105 1948 2166 Christo,

262 2209 380 2262 qua
400 2209 616 2248 sursum
645 2199 770 2248 sunt
804 2197 1029 2264 querito,
1059 2195 1153 2248 ubi
1185 2196 1432 2252 Christus
1462 2200 1538 2250 est
1567 2195 1641 2248 ad
1673 2193 1950 2247 dexteram

265 2286 356 2338 Dei
403 2284 606 2338 sedens.
669 2285 796 2351 Qua:
843 2299 1058 2338 sursum
1100 2289 1226 2339 sunt
1275 2288 1468 2354 sapite,
1508 2300 1613 2338 non
1645 2299 1764 2352 quae
1791 2298 1951 2352 super

265 2377 483 2426 terram.
521 2371 650 2425 Acsi
675 2371 896 2426 dicatur
933 2389 947 2426 :
983 2373 1095 2427 Nos
1139 2373 1238 2443 qui
1285 2373 1353 2427 ad
1394 2373 1704 2444 imaginem
1746 2375 1952 2427 sanctas

262 2459 552 2514 Trinitatis
593 2459 805 2515 conditi
869 2477 1086 2526 sumus,
1136 2461 1286 2514 trina
1343 2461 1734 2516 submersione
1775 2459 1951 2530 bapti-

263 2550 370 2603 zati
411 2565 514 2620 per
547 2549 962 2604 invocationem
1002 2551 1256 2620 ejusdem
1288 2554 1497 2605 sanctae
1539 2549 1850 2616 Trinitatis,
1885 2549 1950 2602 ad

264 2636 522 2690 eamdem
558 2653 902 2690 reuovamur
939 2637 1272 2708 imaginem.
1307 2639 1372 2692 Et
1401 2637 1498 2709 qui
1547 2637 1696 2691 trino
1714 2640 1953 2709 peccato

269 2724 511 2778 maxime
545 2724 858 2778 decidimus
901 2725 960 2778 in
1014 2729 1279 2793 mortem,
1329 2724 1475 2779 idest
1504 2723 1561 2778 in
1609 2723 1953 2795 cogitatione

266 2813 483 2884 iniqua,
518 2812 574 2865 in
609 2813 970 2867 dilectatione
1001 2814 1186 2867 carnis
1215 2829 1496 2868 consensu
1535 2829 1774 2882 operum
1833 2829 1952 2866 ma-

269 2903 476 2965 lorum,
512 2901 678 2954 tertio
723 2901 923 2954 elevati
980 2902 1047 2954 de
1097 2901 1252 2955 fonte
1304 2901 1639 2956 remissione
1695 2900 1953 2954 omnium

268 2991 625 3056 peccatorum
659 2993 924 3060 precepta
953 2989 1287 3061 [percepta],
1319 3006 1422 3060 per
1452 2989 1658 3044 Christi
1693 2989 1956 3060 gratiam,

269 3075 411 3129 sicut
438 3075 557 3146 ipse
601 3077 768 3130 tertia
811 3077 902 3132 die
957 3077 1284 3144 resurrexit,
1316 3094 1418 3132 nos
1463 3093 1829 3147 resurgamus
1890 3076 1959 3131 ad

269 3165 460 3218 vitam.
497 3166 607 3219 Nos
634 3183 763 3220 vero
795 3167 839 3219 si
879 3183 1220 3238 consurgere
1256 3167 1521 3237 cupimus
1551 3182 1680 3220 cum
1713 3165 1958 3232 Christo,

273 3253 428 3321 prius
459 3253 772 3307 moriamur
798 3254 1012 3308 mundo
1035 3259 1088 3308 et
1109 3254 1584 3324 concupiscentiis
1614 3253 1958 3321 carnalibus,
1990 3284 2027 3338 ρ

271 3346 325 3393 ct
355 3341 709 3410 deponamus
727 3345 976 3395 veterem
993 3341 1304 3408 hominem,
1329 3341 1385 3396 id
1417 3344 1500 3396 est
1519 3341 1724 3394 malam
1757 3341 1957 3394 volun-

271 3431 462 3488 tatem,
490 3427 572 3480 vel
596 3443 761 3480 usum
783 3444 1022 3498 pravum
1045 3434 1102 3482 et
1129 3428 1532 3482 delectationes
1559 3427 1857 3498 pessimas;
1885 3427 1960 3480 in-

271 3515 516 3567 duamus
545 3529 647 3567 nos
681 3513 1112 3585 benignitatem,
1153 3519 1208 3570 et
1255 3515 1522 3586 proximis
1571 3514 1778 3569 nostris
1829 3529 1958 3567 cum

274 3601 429 3655 omni
457 3601 755 3656 devotione
787 3603 936 3657 bona
968 3603 1239 3657 faciamus
1266 3623 1279 3670 ;
1304 3608 1360 3657 et
1388 3608 1512 3674 post
1535 3602 1762 3657 Domini
1798 3602 1961 3658 dilec-

274 3687 486 3742 tionem
523 3688 666 3742 nihil
698 3689 880 3744 amori
914 3689 1152 3760 proximi
1187 3705 1595 3760 proponamus,
1631 3689 1727 3743 sed
1768 3693 1832 3742 ut
1856 3705 1960 3742 nos

273 3775 428 3844 ipsus
461 3776 585 3831 illos
606 3777 934 3849 diligamus.

343 3864 615 3933 Sequitur
644 3882 654 3918 ε
687 3866 812 3931 Quae
850 3881 1063 3920 sursum
1115 3872 1240 3920 sunt
1269 3869 1459 3936 sapite,
1510 3883 1614 3921 non
1645 3883 1762 3936 qua
1799 3881 1962 3936 super

278 3956 508 4018 terram;
570 3958 793 4008 tantum
823 3970 889 4007 ea
927 3971 1056 4025 quae
1088 3955 1317 4009 celestia
1349 3960 1498 4021 sunt,
1548 3971 1659 4009 non
1687 3972 1817 4025 quae
1850 3958 1960 4007 ter-

279 4040 476 4094 restria
527 4046 871 4112 querentes;
930 4047 1097 4098 terraa
1144 4044 1310 4108 mori,
1365 4043 1549 4097 vivere
1609 4049 1802 4097 autem
1856 4044 1962 4097 Do-

279 4126 465 4195 mino;
506 4129 771 4183 celestcm
827 4130 1027 4183 sectari
1077 4131 1436 4201 sapientiam,
1485 4147 1599 4184 non
1655 4135 1963 4196 terrenam,

281 4217 418 4270 Nam
448 4218 707 4289 subditur
739 4236 752 4273 :
785 4220 1000 4274 Mortui
1023 4223 1164 4274 enim
1193 4223 1339 4286 estis.
1379 4225 1430 4275 et
1457 4224 1569 4274 vita
1614 4225 1803 4274 nostra
1835 4220 1966 4273 abs-

276 4306 495 4360 condita
520 4313 598 4361 est
637 4323 754 4361 cum
787 4309 1008 4363 Christo
1039 4311 1096 4362 in
1129 4311 1410 4364 Domino...
1447 4309 1584 4363 Cum
1625 4308 1780 4362 enim
1811 4323 1964 4361 mor-

278 4393 361 4446 tui
394 4393 608 4447 erimus
635 4397 848 4450 mundo
884 4403 940 4451 et
967 4397 1326 4452 facultatibus
1370 4399 1492 4468 ejus
1539 4403 1709 4466 atque
1755 4395 1968 4452 deside-

281 4481 377 4534 riis
407 4482 548 4550 ejus,
583 4482 695 4537 vita
727 4491 922 4540 nostra
968 4485 1300 4540 abscondita
1353 4489 1437 4538 est
1486 4501 1616 4538 cum
1648 4483 1868 4538 Christo
1910 4483 1969 4536 in

284 4570 542 4636 Domino,
605 4574 736 4638 quia
777 4574 880 4640 ﬁlii
935 4576 1151 4628 Domini
1199 4588 1402 4628 sumus.
1471 4571 1627 4625 Unde
1657 4570 1959 4640 sequitur:
1998 4586 2036 4639 ι)

279 4660 409 4713 Cum
431 4659 569 4712 enim
602 4659 847 4716 Christus
899 4665 1218 4729 apparuerit
1247 4665 1362 4716 vita
1390 4665 1590 4727 vestra,
1628 4663 1750 4712 tunc
1797 4661 1847 4711 et
1874 4671 1963 4711 vos

277 4747 614 4816 apparebitis
646 4762 762 4801 cum
807 4751 926 4816 ipso
956 4751 1014 4802 in
1045 4750 1241 4817 gloria.
1285 4749 1550 4804 Nondum
1580 4747 1731 4801 enim
1789 4763 1964 4818 appa-

277 4840 362 4890 ret
390 4835 526 4906 quid
578 4841 674 4890 aut
704 4837 900 4905 quales
946 4835 1121 4890 futuri
1155 4853 1352 4891 sumus
1384 4837 1452 4891 ad
1478 4836 1798 4907 judicium;
1835 4850 1965 4890 cum

275 4927 470 4977 autem
509 4923 764 4978 Christus
798 4923 869 4977 ad
893 4923 1232 4994 judicaudos
1276 4924 1433 4978 vivos
1480 4929 1536 4978 et
1566 4927 1821 4976 mortuos
1872 4939 1967 4994 ap-

279 5011 555 5081 paruerit,
597 5016 732 5067 tunc
782 5017 836 5066 et
867 5029 966 5066 nos
1017 5011 1186 5065 simul
1233 5027 1363 5065 cum
1408 5011 1531 5082 ipso
1566 5010 1968 5080 apparebimus

2058 803 2308 856 nascitur
2337 802 2612 868 Christus,
2641 803 2855 873 patitur
2878 810 2935 858 et
2961 804 3229 874 resurgit,
3266 809 3329 857 ut
3358 820 3462 858 nos
3493 803 3552 858 in
3579 805 3756 858 vitam

2057 905 2159 959 per
2186 890 2374 961 ipsum
2407 906 2790 959 renascamur,
2821 891 2880 945 in
2927 891 3395 947 tribulationibus
3437 899 3496 948 et
3523 909 3656 947 cum
3686 909 3757 945 eo

2057 977 2476 1049 conpatiamur,
2509 984 2565 1032 et
2593 995 2721 1034 cum
2755 995 2820 1034 eo
2865 980 3169 1035 virtutibus
3198 997 3588 1052 resurgamus.
3625 981 3757 1034 Om-

2057 1064 2152 1118 nia
2177 1080 2281 1135 per
2308 1065 2496 1136 ipsum
2541 1066 2598 1120 in
2652 1068 2754 1121 hac
2793 1072 2955 1120 nocte
2985 1073 3302 1122 restaurata
3330 1073 3502 1134 sunt;
3556 1067 3617 1121 in
3648 1068 3756 1121 hac

2056 1153 2272 1224 quippe
2303 1156 2467 1207 nocte
2491 1154 2652 1224 quasi
2677 1153 2942 1225 primitiae
2973 1156 3386 1212 dormientium
3416 1155 3751 1221 resurrexit,

2055 1247 2120 1295 ut
2150 1257 2255 1294 nos
2285 1256 2484 1296 omnes
2513 1247 2705 1312 postea
2735 1259 3126 1314 resurgamus.
3167 1248 3229 1300 In
3267 1246 3373 1300 hac
3407 1262 3546 1316 ergo
3579 1251 3748 1298 nocte

2056 1329 2350 1399 captivitas
2382 1342 2574 1384 nostra
2603 1331 2860 1398 solvitur,
2895 1333 3011 1386 vita
3056 1333 3116 1388 in
3169 1335 3351 1390 Adam
3381 1335 3590 1388 amissa
3633 1350 3750 1386 res-

2057 1421 2345 1486 tauratur;
2368 1417 2426 1470 in
2446 1418 2551 1472 hac
2576 1423 2741 1473 nocte
2759 1421 3183 1492 protoplaustus
3207 1423 3380 1478 Adam
3409 1421 3758 1493 peregrinus

2058 1505 2203 1560 redit
2231 1505 2301 1559 ad
2330 1505 2578 1576 patriam
2614 1508 2894 1578 paradysi.
2945 1509 3030 1564 Ah
3081 1509 3186 1564 hac
3232 1509 3388 1564 enim
3420 1515 3585 1564 nocte
3637 1509 3740 1563 Do-

2057 1593 2284 1649 minicae
2338 1593 2770 1647 resurrectionis
2827 1596 3142 1667 paradysus
3210 1597 3476 1651 omnibus
3557 1598 3758 1666 patet;

2058 1683 2203 1739 nulli
2232 1683 2512 1738 clauditur
2564 1684 2674 1738 nisi
2725 1700 2759 1738 a
2811 1702 2870 1741 se
2903 1686 3027 1758 ipso
3057 1707 3070 1755 ;
3107 1688 3248 1744 nulli
3279 1690 3533 1761 aperitur
3582 1687 3691 1743 nisi
3728 1706 3765 1743 a

2060 1773 2298 1829 Christo.
2328 1773 2396 1826 Et
2427 1771 2552 1826 ideo
2585 1789 2715 1827 cum
2746 1775 2903 1828 omni
2945 1777 3326 1831 sollicitudine
3359 1792 3660 1830 caveamus
3684 1793 3764 1828 ne

2059 1866 2295 1934 propter
2322 1863 2496 1931 oper'a
2523 1861 2732 1916 diaboli
2764 1879 2892 1934 quae
2941 1866 3281 1936 pertrahunt
3331 1866 3402 1920 ad
3431 1865 3761 1926 interitum,

2059 1953 2319 2020 apertum
2349 1949 2514 2002 nobis
2546 1948 2653 2003 iter
2681 1951 2841 2021 regni
2871 1953 3089 2008 celestis
3120 1971 3224 2007 nos
3254 1953 3367 2025 ipsi
3399 1954 3760 2015 claudamus;

2058 2038 2154 2092 sed
2184 2035 2372 2109 potius
2402 2052 2503 2108 per
2541 2052 2713 2106 opera
2732 2038 2968 2108 justitiae
2997 2044 3055 2094 et
3079 2040 3486 2094 misericordiae
3518 2040 3762 2108 planum

2059 2124 2222 2178 nobis
2252 2123 2360 2178 iter
2387 2123 2663 2179 faciamus
2693 2127 2761 2180 ad
2795 2143 2970 2197 regna
3017 2129 3291 2182 celorum.
3328 2129 3473 2198 Ergo
3525 2126 3758 2181 humili-

2060 2216 2172 2265 tate
2202 2216 2396 2265 nostra
2447 2211 2829 2267 humilitatem
2862 2229 2963 2284 pro
3017 2215 3180 2270 nobis
3214 2213 3444 2269 Domini
3484 2212 3662 2267 nostri
3695 2212 3763 2266 in

2062 2299 2398 2354 memoriam
2429 2315 2797 2367 revocemus;
2834 2301 3133 2356 humiliter
3179 2302 3240 2356 in
3289 2301 3398 2355 ista
3427 2300 3762 2371 vigilemus,

2062 2386 2356 2442 humiliter
2385 2403 2614 2442 oremus
2648 2387 2716 2442 ad
2737 2403 2870 2442 eum
2900 2389 3000 2459 qui
3031 2389 3195 2443 nobis
3225 2388 3405 2459 gloria
3436 2386 3525 2441 sui
3577 2386 3764 2440 nomi-

2063 2473 2150 2526 nis
2179 2475 2544 2530 inluminavit
2574 2476 2718 2530 hanc
2749 2481 2996 2532 noctem.
3029 2477 3132 2532 Cui
3163 2476 3408 2531 dicimus
3441 2491 3453 2528 :
3479 2471 3765 2528 Deminus

2065 2578 2243 2629 meus,
2278 2562 2560 2617 inlumina
2619 2563 2882 2618 tenebras
2934 2580 3126 2631 meas;
3174 2564 3455 2635 illumque
3488 2577 3764 2632 rogemus

2063 2656 2127 2706 ut
2157 2650 2392 2722 prebeat
2413 2653 2595 2706 lucem
2627 2651 2891 2706 cordibus
2916 2652 3144 2721 nostris,
3177 2656 3240 2706 ut
3271 2650 3762 2722 quemadmodum

2065 2742 2446 2813 gaudentibus
2477 2742 2654 2797 oculis
2685 2742 2858 2797 istum
2904 2742 3263 2814 splendorem
3303 2740 3590 2795 luminum
3643 2755 3766 2791 cer-

2067 2830 2276 2897 nimus,
2308 2829 2386 2883 ita
2442 2830 2612 2901 hujus
2660 2831 2837 2885 noctis
2872 2830 3205 2901 praeclaram
3245 2829 3486 2900 gloriam
3537 2825 3775 2880 inlumi-

2068 2924 2199 2972 nata
2231 2924 2423 2974 mente
2468 2919 2786 2987 videamus;
2835 2921 3139 2992 ipsumque
3183 2934 3482 2990 precemur
3515 2921 3575 2970 ut
3603 2931 3779 2968 exau-

2068 3005 2185 3060 diat
2214 3022 2316 3060 nos
2375 3007 2676 3078 vigilantes
2719 3007 2778 3061 in
2810 3007 3228 3078 sollempnitate
3285 3022 3408 3073 sua,
3462 3001 3618 3075 quod
3651 3000 3784 3054 dor-

2073 3093 2260 3148 miunt
2288 3094 2389 3163 (sic
2418 3095 2604 3166 miss.)
2633 3113 2736 3168 pro
2765 3097 2944 3150 salute
2977 3100 3189 3149 nostra.

2146 3181 2456 3252 Vigilemus
2486 3199 2622 3254 ergo
2667 3188 2722 3237 et
2763 3199 3013 3249 oremus,
3061 3182 3376 3237 forinsecus
3425 3184 3482 3234 et
3512 3177 3782 3231 intrinse-

2069 3283 2167 3323 cus
2204 3269 2350 3324 hanc
2381 3269 2633 3341 vigiliam
2665 3271 3036 3324 celebremus.
3074 3269 3349 3324 Dominus
3377 3267 3544 3322 nobis
3583 3265 3780 3335 loqui-

2070 3364 2164 3413 tur
2198 3359 2257 3412 in
2302 3355 2640 3410 lectionibus
2675 3355 2826 3423 suis;
2864 3355 3102 3411 Domino
3143 3356 3449 3427 loquamur
3491 3352 3551 3406 in
3583 3350 3776 3422 preci-

2068 3446 2174 3500 bus
2216 3443 2446 3499 nostris.
2483 3443 2541 3498 Si
2571 3443 2799 3514 eloquia
2831 3443 2952 3513 ejus
2991 3442 3325 3498 obedienter
3354 3439 3675 3504 audiamus,
3708 3438 3775 3490 in

2071 3534 2234 3589 nobis
2284 3531 2503 3587 habitat
2545 3547 2716 3601 quem
2766 3547 3030 3602 rogamus
3063 3547 3073 3583 :
3106 3530 3197 3584 cui
3230 3534 3314 3583 est
3345 3529 3524 3583 honor
3556 3531 3612 3579 et
3644 3526 3776 3594 glo-

2073 3623 2153 3677 ria
2179 3623 2235 3677 in
2269 3621 2454 3674 secula
2486 3621 2828 3675 seculorum.
2859 3623 3066 3674 Amen.

2876 3743 2944 3795 Il.

2144 3873 2380 3937 Fratres,
2433 3874 2736 3937 empurgate
2784 3871 2933 3921 vetus
2980 3868 3332 3933 fermentum,
3385 3870 3441 3919 ut
3480 3867 3601 3919 sitis
3640 3870 3774 3918 nutu

2073 3959 2402 4027 consparsio,
2437 3957 2576 4010 sicut
2606 3956 2731 4008 estis
2764 3957 2948 4018 azimi,
2990 3958 3094 4006 etc.
3129 3955 3178 4018 (ι
3203 3954 3323 4008 Cor.
3364 3969 3416 4004 v.
3448 3953 3519 4016 7).
3557 3951 3772 4003 Resur-

2076 4047 2248 4101 rectio
2292 4042 2516 4099 Domini
2550 4041 2729 4094 nostri
2771 4042 2902 4096 Jesu
2944 4039 3169 4100 Christi,
3202 4039 3405 4093 fratres
3452 4036 3775 4100 karissimi,

2074 4135 2247 4188 tidem
2294 4136 2549 4186 nostram
2605 4129 2838 4183 roborat
2881 4145 3006 4182 cum
3042 4129 3186 4182 facta
3233 4126 3504 4191 creditur,
3552 4139 3778 4178 memo-

2078 4223 2220 4277 riam
2252 4222 2376 4292 ejus
2406 4224 2641 4273 renovat
2669 4233 2796 4270 cum
2847 4214 3240 4286 sollempniter
3279 4213 3620 4268 celebratur.
3670 4211 3777 4264 De-

2079 4312 2253 4383 nique
2289 4325 2417 4363 cum
2449 4312 2578 4361 ante
2618 4321 2798 4359 annos
2827 4304 3108 4376 plurimos
3152 4301 3408 4357 Christus
3439 4299 3774 4362 resurrexit,

2080 4417 2194 4455 non
2234 4397 2473 4453 absurde
2520 4395 2784 4458 dicimus,
2852 4392 3081 4465 quando
3132 4388 3521 4445 anniversario
3580 4386 3770 4474 reditu

2079 4491 2184 4544 ista
2207 4484 2599 4555 sollempnitas
2629 4487 2989 4553 presentatur
3022 4497 3033 4533 :
3071 4479 3243 4534 Hodie
3277 4478 3553 4531 Dominus
3587 4491 3780 4528 resur-

2075 4577 2238 4632 rexit.
2273 4573 2434 4638 Quod
2483 4587 2618 4640 ergo
2663 4569 2828 4623 annis
2858 4567 3125 4622 omnibus
3177 4566 3418 4618 iteratur
3440 4578 3570 4616 cum
3607 4563 3772 4615 omni

2074 4663 2368 4719 devotione
2398 4675 2565 4729 agere
2597 4658 2888 4712 debemus.
2926 4657 2988 4710 Et
3022 4653 3172 4726 quod
3208 4653 3418 4706 factum
3467 4655 3551 4704 est
3594 4650 3778 4703 semel

2077 4755 2138 4804 ut
2181 4749 2616 4812 redimeremur,
2658 4745 2764 4798 hoc
2795 4742 3124 4796 institutum
3171 4743 3255 4793 est
3294 4753 3364 4792 ne
3409 4736 3780 4790 obliviscere-

2077 4853 2241 4903 mur;
2290 4851 2424 4890 nam
2479 4834 2580 4905 qui
2613 4832 2786 4886 istum
2837 4830 2986 4884 diem
3041 4828 3215 4899 digne
3259 4826 3419 4897 cupit
3445 4825 3766 4887 celebrare,

2077 4923 2398 4978 meminere
2453 4920 2619 4974 debet.
2650 4917 2804 4988 quod
2846 4917 3138 4986 apostolus
3181 4914 3391 4968 Paulus
3440 4912 3522 4966 ait
3549 4912 3607 4966 in
3641 4928 3780 4982 pre-

2079 5010 2223 5065 senti
2277 5008 2519 5063 lectione
2557 5023 2568 5062 :
2604 5009 2923 5075 Earpurgate
2970 5009 3119 5057 vetus
3167 5005 3491 5069 fermentum
3536 5005 3596 5054 ut
3652 5004 3786 5054 sitis

350 5155 370 5174 '
402 5153 474 5205 Ex
515 5152 604 5206 his
633 5157 882 5223 quatuor
907 5152 1267 5207 sermonibus
1295 5151 1436 5206 duos
1465 5153 1698 5222 priores,
1734 5151 1790 5204 in
1838 5152 1960 5205 loca
1989 5152 2056 5223 iS.
2104 5145 2265 5205 Pauli
2309 5149 2644 5223 adornatos,_
2675 5143 2842 5223 titulo
2885 5147 3076 5223 autem
3127 5145 3182 5195 et
3224 5141 3459 5195 nomine
3504 5146 3785 5223 carentqs,

285 5212 1042 5294 suppeditavitdoctissimus
1071 5223 1430 5294 bibliotheca:
1460 5212 1825 5294 Abrincensis
1855 5222 2173 5294 piftel'ectus,
2222 5221 2321 5290 qui
2388 5216 2720 5294 eos,_nobis
2766 5213 3126 5294 rogantibus,
3175 5229 3242 5265 ex
3276 5212 3664 5294 manuscripto

286 5287 374 5345 vel
400 5287 439 5346 Χ
470 5295 657 5348 saeculi
695 5312 758 5348 no
791 5298 952 5356 2904,
985 5311 1098 5348 non
1130 5295 1251 5347 sine
1279 5293 1498 5362 ingenti
1528 5293 1718 5347 labore
1743 5287 2060 5346 exscribere
2085 5287 2354 5362 dignatus
2382 5295 2485 5344 est.
2521 5289 2607 5362 Ιηᾷ
2628 5287 2816 5362 fronte
2849 5287 3016 5362 hujus
3055 5287 3450 5362 manuscripti,
3494 5297 3686 5362 manu,
3722 5288 3782 5331 ut

287 5362 487 5435 peritis
512 5363 751 5431 videtur,
784 5365 1115 5430 Mabillonii,
1152 5355 1424 5435 scriptum
1473 5369 1589 5416 est:
1635 5364 1786 5429 QttOd
1823 5365 2066 5417 lectiones
2119 5355 2177 5415 iii
2219 5363 2377 5435 Pauti
2417 5360 2670 5435 epistolas
2703 5357 3003 5435 Augustini
3053 5357 3183 5435 sirit.
3240 5355 3387 5435 Duos
3431 5355 3784 5435 posteripres

285 5423 351 5485 ex
383 5433 559 5486 altero
593 5423 846 5502 ejusdem
879 5423 1235 5489 liihliotliccre
1267 5423 1676 5503 fmanuscriplo
1707 5436 1984 5501 excerpsit
2031 5435 2099 5488 Ill.
2141 5432 2286 5486 Felix
2337 5423 2662 5490 Ravaisson,
2690 5431 3079 5497 opusculoquc
3115 5425 3357 5503 inseruit
3399 5423 3488 5476 cui
3539 5423 3740 5475 titulus
3769 5437 3779 5470 :

289 5507 560 5574 Itzrpports
595 5522 685 5560 sur
719 5509 787 5558 lags
822 5508 1200 5573 ΙιίΙιΙῐυΙΙμῖί]τινε
1233 5507 1321 5558 rirs
1344 5507 1734 5573 ric‘pui'temrnts
1769 5505 1832 5556 de
1862 5507 1955 5559 [⁸οι

2119 5506 2270 5558 Paris
2302 5504 2423 5556 18έὶ1
2441 5543 2452 5554 .

3286 5496 3424 5547 Eun.
