4068 6192
322 288 457 339 1153

1285 279 1656 337 SERMONES
1696 281 2019 344 QUATUOR
2061 283 2110 336 S.
2152 282 2439 337 AUGUS’I‘.
2478 285 2862 340 A'l‘l‘ltlBUTl.

3690 294 3821 344 ΗΜ

312 424 454 462 nova
483 408 814 477 consparsio,
863 407 1002 459 sicut
1041 406 1166 458 estis
1215 406 1401 458 azimi.
1454 404 1876 459 Excludendum
1923 412 2007 459 est
2040 411 2081 462 A
2122 420 2252 459 cum
2302 406 2405 459 iste
2446 407 2758 462 debellator
2800 414 2998 464 nostra
3027 410 3272 465 claustra
3319 412 3602 466 vexabat?
3637 415 3745 467 Iste
3778 418 3823 471 si

313 512 453 567 ergo
488 510 656 549 omne
684 494 1034 547 fermentum
1076 493 1291 564 peccati
1356 493 1425 547 de
1482 492 1746 547 cordibus
1813 492 2023 547 nostris

313 589 380 638 ut
418 600 565 654 pura
610 588 802 637 mente
846 587 902 635 et
950 586 1100 636 recta
1142 581 1485 635 conscientia
1521 586 1817 652 tamquam
1845 596 2022 650 panes

322 674 497 729 azimi
529 672 864 735 efﬁciamus,
910 678 976 727 ut
1024 676 1176 727 recte
1224 671 1436 727 Pascha
1462 671 1688 726 Domini
1736 671 2022 726 celebrare

315 762 627 835 possimus.
684 762 891 815 Verum
918 760 965 814 si
1008 760 1353 815 fermentum
1417 760 1630 830 peccati
1694 764 1751 813 et
1788 759 2021 813 malitia:

319 852 383 905 in
411 851 577 905 corde
608 853 928 917 teneamur,
974 864 1091 902 non
1160 864 1451 902 meremur
1506 848 1720 901 Pascha
1799 848 2023 901 Domini

318 939 648 1005 celebrare;
681 941 737 991 et
798 937 928 991 ideo
993 938 1299 1007 Apostolus
1346 936 1461 991 ait:
1524 938 1843 1005 Expurgate
1873 941 2023 991 uetus

316 1031 663 1095 fermentum,
692 1030 751 1079 ut
780 1028 900 1080 sitis
926 1042 1065 1080 nova
1087 1026 1414 1095 consparsio,
1461 1027 1598 1078 sicut
1642 1028 1769 1078 estis
1825 1026 2011 1078 azimi.

318 1114 514 1170 Azimi
544 1128 763 1179 sumus,
796 1113 842 1166 si
875 1113 1047 1167 alieni
1080 1128 1275 1166 sumus
1289 1112 1359 1165 ab
1398 1111 1563 1165 omni
1607 1110 2023 1181 conscriptione

321 1202 558 1275 peccati.
613 1201 895 1255 Modicum
952 1200 1107 1253 enim
1154 1201 1496 1267 fermentum,
1549 1204 1612 1252 ut
1661 1198 1870 1253 Paulus
1923 1199 2023 1265 ait,

324 1296 492 1346 totam
517 1303 755 1344 massam
786 1290 1107 1357 corrumpit.
1147 1288 1210 1341 Et
1256 1287 1385 1341 ideo
1432 1301 1747 1357 expurgare
1800 1290 1857 1339 et
1902 1284 2026 1338 abi-

322 1395 451 1434 cere
481 1377 755 1432 debemus
796 1392 827 1429 a
866 1375 1029 1429 nobis
1083 1390 1253 1429 omne
1302 1374 1652 1444 fermentum
1682 1370 1919 1443 peccati,
1966 1375 2028 1423 ut

326 1465 441 1522 frui
488 1469 662 1519 tanta:
721 1462 949 1518 Pascha:
1000 1461 1428 1532 sollempnitate
1483 1476 1827 1515 mereamur.
1881 1457 2025 1522 Quia

323 1568 461 1623 ergo
495 1550 800 1623 participes
863 1565 965 1604 nos
1030 1549 1215 1604 facere
1265 1553 1438 1603 tantae
1478 1548 1709 1602 Pascha:
1746 1546 2025 1601 Dominus

326 1638 526 1700 voluit,
559 1653 788 1691 oremus
820 1641 886 1691 ut
914 1640 1268 1690 sacramenta
1288 1637 1412 1707 ejus
1431 1637 1601 1707 digne
1624 1650 1937 1695 sumamus,
1961 1638 2026 1687 ut

320 1727 454 1796 jure
486 1725 944 1780 benedictionem
991 1740 1428 1796 consequamur.
1485 1726 1609 1778 Haec
1659 1728 1759 1789 est,
1824 1723 2024 1777 fratres

330 1812 643 1871 karissimi.
685 1812 805 1866 dies
858 1810 1165 1866 Dominicae
1218 1811 1675 1878 resurrectionis,
1726 1816 1782 1864 et
1818 1814 2027 1864 nostrae

328 1902 565 1956 initium
594 1900 1031 1970 redemptionis,
1088 1902 1196 1954 haec
1223 1903 1324 1964 est,
1381 1899 1641 1969 inquam,
1694 1898 1807 1952 1ies
1858 1912 2029 1967 quam

324 1993 459 2059 fecit
514 1992 813 2057 Dominus;
873 1990 1171 2043 emrltemus
1221 1992 1271 2041 et
1325 1989 1545 2041 tetemur
1602 1989 1661 2040 in
1717 2001 1797 2039 ea.
1878 1986 2030 2038 Hanc

329 2094 531 2134 omnes
587 2094 722 2131 voce
780 2093 1047 2143 consona,
1106 2077 1219 2130 leto
1277 2075 1503 2144 spiritu,
1565 2074 1732 2128 corde
1781 2073 2029 2127 contrito

328 2167 701 2231 celebremus,
732 2169 788 2219 et
814 2180 1052 2236 agamus
1084 2163 1401 2235 spiritalem
1431 2163 1492 2217 in
1518 2162 1752 2233 psalmis
1783 2166 1839 2215 et
1872 2162 2032 2231 hym-

331 2256 423 2311 nis
458 2251 724 2321 letitiam,
755 2252 815 2306 in
871 2251 1209 2306 memoriam
1243 2250 1524 2321 passionis
1563 2255 1619 2304 et
1667 2249 2033 2304 resurrectio-

332 2344 421 2398 nis
452 2340 659 2397 Christi
699 2340 758 2393 in
807 2355 905 2409 spe
946 2339 1153 2393 futurae
1205 2338 1335 2393 vita:
1385 2338 1624 2393 letitiam
1656 2339 1676 2361 '
1713 2355 1725 2391 :
1766 2340 1898 2391 Ecce
1929 2338 2034 2391 ista

333 2431 427 2485 die
459 2427 687 2501 quando
721 2427 1042 2481 audivimus
1091 2427 1354 2493 Alleluia,
1387 2427 1639 2498 quodam
1692 2426 1859 2480 modo
1888 2426 2033 2480 leta—

336 2522 432 2572 tur
481 2515 711 2586 spiritus
768 2519 983 2581 noster,
1041 2519 1098 2568 et
1141 2514 1496 2585 jocunditate
1548 2519 1700 2568 totus
1740 2512 2032 2584 perfundi-

339 2611 465 2672 tur;
517 2604 747 2658 alleluia
784 2619 1035 2675 namque
1086 2603 1212 2657 laus
1257 2603 1319 2657 in
1372 2602 1603 2657 excelsis
1635 2601 1876 2656 Domino
1907 2600 2037 2655 dici-

337 2697 453 2758 tur,
483 2692 638 2763 quod
667 2692 831 2746 nobis
862 2692 1126 2747 convenit
1152 2696 1218 2745 ut
1248 2692 1451 2747 devota
1480 2695 1672 2744 mente
1704 2688 1862 2743 omni
1891 2693 2033 2742 tem-

335 2796 476 2850 pore
529 2780 620 2835 die
666 2785 860 2834 tamen
914 2780 1020 2834 isto
1071 2779 1343 2850 precipue
1399 2777 1627 2832 laudem
1683 2776 1745 2830 in
1803 2775 2035 2830 excelsis

338 2867 583 2922 Domino
643 2868 1043 2934 decantemus;
1101 2866 1160 2922 id
1213 2871 1299 2921 est
1343 2864 1702 2920 non.solum
1757 2879 1875 2928 ore,
1938 2862 2035 2916 sed

331 2956 506 3011 etiam
556 2972 727 3027 opere
759 2956 1010 3027 perfecto
1055 2955 1362 3010 Dominum
1398 2956 1578 3008 Deum
1608 2955 1866 3006 nostrum
1904 2966 2033 3005 voce

333 3050 391 3099 et
421 3045 587 3100 corde
618 3044 679 3098 in
729 3044 992 3099 laudibus
1034 3044 1281 3097 exaltare
1338 3042 1689 3105 studeamus,
1726 3042 1786 3091 ut
1824 3053 1931 3091 nos
1975 3036 2035 3091 in

334 3132 529 3187 celesti
558 3130 673 3185 vita
711 3148 813 3202 per
870 3131 1033 3185 illum
1067 3131 1312 3185 exaltare
1361 3142 1709 3192 mereamur,
1765 3126 1864 3196 qui
1905 3140 2035 3178 cum

337 3221 577 3275 Domino
612 3220 776 3273 Patre
808 3223 865 3273 et
907 3218 1123 3288 Spiritu
1160 3222 1352 3272 sancto
1383 3216 1521 3270 vivit
1563 3221 1619 3270 et
1656 3219 1858 3285 regnat
1890 3229 2037 3267 unus

340 3310 488 3363 Deus
519 3322 620 3379 per
644 3305 976 3362 inmortalia
1007 3305 1196 3360 secula
1224 3304 1567 3360 seculorum.
1599 3305 1803 3357 Amen.

1140 3430 1236 3482 ΙΙΙ.

417 3553 635 3619 Exulta,
669 3551 894 3618 caelum,
925 3555 981 3605 et
1010 3549 1068 3603 in
1100 3547 1298 3603 laetitia
1360 3551 1501 3614 esto,
1552 3551 1722 3601 terra.
1777 3548 1885 3601 Iste
1918 3545 2039 3601 dies

338 3641 500 3695 vobis
531 3638 779 3710 amplius
806 3654 873 3692 ex
904 3636 1207 3708 sepulchro
1240 3635 1477 3690 radiavit
1506 3652 1680 3707 quam
1710 3635 1779 3690 de
1803 3636 1917 3689 sole
1949 3651 2036 3689 re-

338 3732 514 3787 fulsit.
571 3732 711 3786 Ovet
737 3735 793 3784 et
818 3730 1098 3799 infernus,
1131 3728 1266 3801 quia
1322 3728 1437 3782 vita
1466 3727 1537 3781 ad
1572 3744 1630 3782 se
1660 3727 2038 3782 descendente

338 3837 371 3873 a
400 3836 503 3875 sua
530 3819 826 3891 impietate
853 3819 1139 3873 resolutus
1170 3821 1272 3871 est.
1308 3817 1580 3883 Gaudeat,
1613 3816 1748 3888 quia
1778 3816 1838 3870 in
1887 3816 2034 3870 sedi-

335 3910 447 3965 bus
478 3910 596 3965 suis
625 3909 1003 3964 descendente
1053 3908 1294 3963 Domino
1347 3906 1609 3961 visitatus
1661 3910 1762 3960 est.
1814 3905 2037 3959 Exultet

334 3999 513 4054 homo
535 3998 735 4065 Adam,
766 3997 903 4068 quia
930 3997 1187 4068 ignotam
1220 3996 1403 4049 lucem
1431 3997 1561 4065 post
1610 3992 1816 4047 saecula
1865 3992 2034 4063 longa

336 4087 498 4153 vidit,
525 4092 581 4141 et
610 4087 759 4141 inter
793 4085 1095 4156 profundae
1117 4083 1300 4139 noctis
1326 4084 1597 4154 caligines
1625 4082 1927 4137 suffocatus
1947 4087 2030 4137 te-

335 4176 530 4233 nebris
594 4174 917 4246 respiravit.
977 4174 1292 4244 Opulchra
1353 4174 1477 4227 lux!
1534 4188 1662 4243 quae
1692 4172 1761 4226 de
1791 4171 2033 4227 candido

336 4266 467 4322 coeli
496 4263 741 4336 fastigio,
772 4263 1123 4332 promicasti,
1151 4268 1208 4316 et
1239 4266 1362 4333 post
1386 4262 1599 4316 ﬁuenta
1636 4277 1927 4332 purpurea
1955 4277 2038 4315 se-

335 4356 535 4411 dentes
580 4354 640 4407 in
688 4352 937 4407 tenebris
978 4359 1032 4407 et
1080 4352 1285 4406 umbra
1345 4351 1543 4405 mortis
1574 4351 1761 4405 subita
1787 4350 2039 4405 claritate

336 4444 574 4498 vestisti.
598 4443 913 4499 Confestim
933 4443 1109 4513 igitur
1130 4447 1344 4496 {eterna
1379 4456 1485 4495 nox
1524 4440 1864 4506 inferorum,
1887 4437 2041 4492 Chri-

339 4540 429 4589 sto
461 4534 859 4599 descendente,
909 4531 1287 4604 resplenduit.
1337 4529 1503 4586 Siluit
1554 4528 1765 4584 stridor
1808 4528 1904 4582 ille
1954 4528 2038 4580 lu-

338 4621 639 4694 gentium;
682 4620 933 4675 cecidere
981 4620 1206 4674 vincula
1252 4620 1719 4689 dampnatorum.
1773 4615 2039 4672 Attonita:

338 4714 560 4764 mentes
590 4708 941 4779 Obstupuere
981 4712 1263 4761 tortorum
1290 4724 1303 4773 ;
1334 4704 1520 4760 omnis
1550 4705 1721 4758 simul
1764 4704 1943 4774 impia
1961 4704 2040 4758 of-

336 4797 506 4852 ﬁcina
562 4795 929 4861 contremuit,
995 4810 1127 4848 cum
1159 4793 1446 4848 Christum
1514 4797 1747 4863 repente
1818 4794 1878 4846 in
1921 4793 2040 4847 suis

336 4886 571 4941 sedibus
597 4884 755 4939 vidit.
775 4884 1049 4948 Quisnam
1082 4882 1260 4949 enim,
1285 4880 1576 4952 inquiunt,
1624 4880 1729 4934 iste
1765 4878 2037 4933 terribilis

335 4981 393 5030 et
424 4975 592 5028 niveo
623 4972 929 5043 splendore
959 4986 1225 5025 coruscus
1253 4971 1282 5023 ?
1311 4970 1615 5038 Nunquam
1643 4967 1812 5021 talem
1842 4970 2039 5020 uoster

335 5062 556 5134 excepit
586 5063 889 5123 Tartarus;
924 5074 1220 5129 nunquam
1254 5057 1312 5110 in
1344 5060 1597 5109 nostram
1628 5069 1929 5109 cavernam
1952 5058 2036 5107 ta-

332 5152 450 5206 lem
474 5150 650 5205 vomit
666 5149 934 5203 mundus.
955 5146 1211 5201 Iudicem
1234 5143 1513 5211 videmus,
1536 5157 1650 5195 non
1681 5140 1996 5212 supplicem
2023 5166 2035 5205 ;

333 5255 598 5310 pugnare
646 5236 801 5291 venit
859 5251 973 5289 non
1022 5232 1411 5296 succumbere,
1458 5230 1679 5300 eripere
1729 5244 1847 5283 non
1914 5244 2034 5282 ma-

332 5344 492 5383 nere.
528 5325 791 5393 l'binam,
824 5321 1057 5393 putatis,
1086 5320 1363 5391 janitores
1422 5317 1601 5372 nostri
1661 5315 2029 5371 dormierunt.

414 5487 754 5542 Ita-dandam
788 5485 1014 5539 videtur
1043 5499 1145 5537 vox
1181 5483 1435 5535 letitiam.
1488 5480 1629 5533 Ευιτ.

2130 508 2261 546 reus
2288 498 2451 557 esset,
2493 494 2675 548 audax
2728 510 2842 548 non
2887 500 3050 549 esset.
3097 495 3153 548 Si
3201 513 3335 551 eum
3381 498 3573 568 aliqua
3619 499 3824 556 delicta

2129 581 2433 642 fuscarent,
2468 597 2763 652 nunquam
2794 583 3014 653 fulgore
3045 601 3147 637 suo
3170 589 3392 639 nostras
3421 588 3682 657 tenebras
3711 591 3821 644 dis-

2131 667 2361 737 siparet.
2387 669 2494 723 Sed
2511 670 2557 723 si
2592 671 2737 725 Deus
2786 676 2887 739 est,
2930 672 3030 742 qui
3072 672 3129 725 in
3187 674 3490 743 sepulchro
3530 677 3710 731 facit?
3765 679 3822 731 Si

2130 756 2303 810 homo
2333 762 2435 824 est,
2461 774 2637 829 quare
2687 758 2935 830 captivos
2984 760 3199 814 solvit?
3241 763 3672 834 Numquidnam
3718 765 3821 819 iste

2130 860 2260 899 cum
2283 850 2508 900 auctore
2537 851 2727 900 nostro
2759 853 2922 917 pacta
2952 850 3312 919 composuit?
3345 853 3433 905 An
3458 851 3605 907 forte
3635 858 3691 907 et
3738 855 3821 925 ip-

2131 949 2259 986 sum
2290 934 2590 1004 adgressus
2619 934 2772 1001 vicit,
2807 942 2860 991 et
2882 936 2960 990 sic
2992 937 3061 991 ad
3082 953 3259 1008 regna
3289 944 3483 993 nostra
3512 943 3823 997 transivit?

2132 1022 2291 1076 Certe
2349 1025 2606 1075 mortuus
2667 1029 2807 1087 erat,
2861 1030 3010 1077 certe
3064 1024 3243 1079 victus
3295 1032 3434 1080 erat.
3486 1028 3691 1082 Illusus
3740 1036 3825 1085 est

2131 1110 2422 1180 prazliator
2470 1116 2661 1165 noster
2710 1111 2769 1165 in
2824 1113 3077 1179 mundo;
3129 1114 3304 1167 nescit
3351 1131 3522 1185 quam
3572 1121 3819 1187 stragem

2132 1200 2521 1269 procuraverit
2550 1200 2607 1254 in
2640 1200 2881 1255 inferno.
2925 1201 2966 1254 Ο
3015 1217 3147 1256 crux
3196 1202 3313 1270 illa,
3364 1203 3563 1257 fallens
3611 1206 3821 1275 gaudia

2132 1291 2335 1352 vestra,
2373 1292 2429 1341 et
2457 1289 2780 1357 parturiens
2810 1289 3016 1342 damna
3048 1292 3258 1344 nostra.
3323 1293 3430 1345 Per
3477 1294 3699 1363 lignum
3735 1295 3820 1347 di-

2134 1375 2234 1428 tati
2262 1390 2477 1442 sumus,
2512 1391 2615 1445 per
2644 1376 2866 1446 lignum
2896 1376 3213 1432 evertimur.
3249 1380 3397 1433 Perit
3422 1388 3675 1449 potestas
3702 1384 3819 1451 illa,

2135 1461 2350 1516 cunctis
2396 1478 2622 1533 semper
2658 1464 2886 1534 populis
2929 1464 3251 1519 formidata.
3304 1467 3502 1521 Nullus
3542 1471 3645 1524 sub
3677 1472 3815 1526 cede

2134 1554 2327 1604 nostra
2379 1552 2634 1622 captivus
2683 1568 2833 1607 nunc
2872 1553 3129 1624 palpitat.
3182 1554 3261 1607 En
3292 1554 3440 1624 quod
3474 1558 3819 1624 gemendum

2137 1644 2219 1693 est
2250 1644 2306 1693 et
2334 1638 2589 1693 insultat.
2624 1642 2915 1711 Nusquam
2945 1642 3167 1713 antiqui
3198 1644 3384 1708 ﬁetus,
3421 1644 3564 1698 nulli
3590 1645 3712 1715 jam
3745 1663 3827 1701 re-

2137 1730 2343 1779 sonant
2370 1726 2631 1796 ejulatus.
2666 1728 2980 1781 Turbidum
3010 1744 3209 1797 specus
3249 1729 3551 1785 obmutuit.
3585 1734 3827 1788 Putasne

2136 1812 2242 1865 iste
2274 1811 2396 1866 sine
2436 1816 2629 1867 nostro
2688 1813 2903 1867 excidio
2956 1814 3153 1868 redit?
3212 1818 3388 1871 Nemo
3443 1834 3697 1889 unquam
3756 1825 3822 1877 ad

2139 1915 2241 1952 nos
2282 1899 2439 1953 vivus
2491 1900 2737 1955 intravit.
2792 1901 2966 1955 Nemo
3014 1902 3091 1955 sic
3119 1904 3303 1957 audax
3360 1904 3485 1960 fuit.
3545 1908 3719 1962 Nemo
3750 1911 3827 1964 sic

2138 1985 2429 2041 carniﬁces
2446 1988 2667 2043 terruit.
2691 1990 2994 2061 Nunquam
3015 1990 3074 2044 in
3097 1992 3201 2045 hoc
3222 1993 3384 2047 hiatu
3402 1993 3566 2064 nigra
3584 1995 3827 2066 caligine

2137 2075 2616 2145 etecojocundum
2638 2078 2832 2132 lumen
2845 2078 3130 2149 apparuit.
3154 2083 3237 2134 An
3252 2079 3398 2135 forte
3421 2082 3504 2135 sol
3521 2082 3589 2135 de
3610 2083 3827 2137 mundo

2138 2162 2404 2232 migravit
2431 2164 2460 2217 ?
2489 2164 2595 2219 Sed
2618 2182 2721 2220 nec
2753 2166 2956 2220 coelum
3000 2167 3165 2221 nobis
3213 2173 3478 2240 astraque
3520 2174 3743 2241 parent,
3776 2176 3830 2224 et

2138 2255 2330 2304 tamen
2360 2251 2618 2307 infernus
2646 2255 2815 2309 lucet.
2850 2254 2997 2317 Quid
3029 2256 3253 2325 agimus
3276 2258 3305 2309 ?
3342 2257 3464 2322 Quo
3512 2260 3831 2314 vertimur?

2142 2340 2453 2395 Defendere
2483 2347 2679 2397 contra
2709 2343 2881 2397 istum
2921 2350 3186 2399 cruentas
3235 2345 3442 2401 domus
3490 2352 3545 2401 et
3574 2349 3831 2406 obtinere

2141 2443 2394 2482 cavernae
2415 2435 2632 2512 nostrae
2657 2433 2938 2487 custodias
2965 2449 3079 2488 non
3110 2451 3433 2505 possumus.
3471 2438 3609 2492 Male
3640 2438 3833 2494 intrati

2143 2533 2356 2573 sumus.
2408 2520 2645 2574 Tantam
2690 2522 2874 2576 lucem
2924 2524 3183 2579 obtinere
3243 2526 3587 2597 nequimus;
3638 2528 3831 2599 oppri-

2142 2621 2300 2660 mere
2330 2610 2487 2661 tanta
2512 2608 2717 2663 virtute
2774 2610 3081 2679 praeditum
3133 2627 3249 2666 non
3300 2613 3574 2667 valemus.
3632 2614 3832 2669 Nostra

2143 2710 2373 2766 quoque
2402 2695 2546 2749 colla
2577 2695 2770 2766 urgeri
2796 2697 3194 2768 conspicimus,
3218 2703 3273 2752 et
3296 2699 3364 2753 de
3382 2704 3574 2753 nostro
3596 2700 3834 2772 insuper

2144 2799 2297 2837 nunc
2328 2783 2559 2837 interitu
2610 2784 3008 2841 formidamus.
3074 2786 3265 2840 Noctis
3315 2792 3524 2842 nostrae
3584 2790 3835 2844 tenebris

2144 2872 2396 2927 contenti
2414 2872 2613 2926 simus.
2645 2872 2834 2926 Antris
2883 2873 3087 2927 nostris
3134 2874 3472 2931 occulimur.
3529 2877 3712 2941 Quare
3752 2894 3836 2931 ra-

2073 2978 2113 3035 ρ
2146 2959 2253 3014 diis
2282 2960 2580 3031 prodimur
2599 2963 2625 3015 '?
2651 2962 2834 3026 Quare
2886 2962 3158 3016 violentia
3188 2963 3619 3022 disturbamur?
3650 2966 3833 3030 Quare

2145 3046 2207 3102 in
2236 3047 2449 3101 n‘ostris
2471 3047 2699 3103 sedibus
2724 3047 3077 3118 captivamur
3098 3047 3126 3100 ?

2218 3135 2343 3189 Mox
2386 3134 2563 3206 igitur
2610 3136 2862 3190 Christus
2911 3137 2970 3191 in
3014 3137 3170 3207 ipsos
3218 3138 3475 3193 crudeles
3527 3155 3827 3209 poenarum
3912 3194 3915 3199 ,

2146 3230 2437 3285 ministros
2484 3231 2662 3286 aciem
2716 3232 2927 3303 dirigit,
2982 3239 3154 3304 atque
3212 3234 3835 3305 implacabilesturmas

2146 3318 2364 3374 framea
2392 3319 2584 3374 divina
2612 3320 2875 3375 concidit.
2922 3321 3268 3375 Premuntur
3310 3321 3421 3375 diri
3468 3322 3572 3377 sub
3620 3327 3836 3377 tortore

2148 3407 2459 3473 carniﬁces,
2491 3412 2545 3462 et
2574 3407 2887 3463 rabidiores
2926 3407 3133 3462 adactis
3164 3408 3504 3464 stridoribus
3540 3411 3834 3465 contabes-

2149 3500 2301 3550 cunt.
2335 3496 2464 3567 Ipsa
2517 3511 2744 3567 quoque
2777 3499 2940 3549 antra
2968 3494 3137 3549 ferrei
3164 3496 3369 3551 cubilis
3424 3498 3730 3568 intrautur,
3784 3495 3839 3553 et

2147 3584 2320 3639 fortes
2356 3601 2387 3638 a
2416 3584 2651 3639 fortiore
2678 3583 2906 3639 aeternis
2951 3583 3192 3638 vinculis
3240 3586 3600 3657 colligantur.
3639 3589 3752 3642 Hoc
3783 3594 3835 3642 et

2150 3673 2423 3727 Dominus
2454 3673 2575 3745 ipse
2604 3672 2965 3742 promiserat,
2999 3671 3191 3726 dicens
3216 3689 3227 3725 :
3253 3674 3416 3729 Nemo
3436 3676 3610 3728 intrat
3649 3678 3707 3729 in
3736 3674 3838 3730 do-

2147 3777 2292 3815 mum
2322 3764 2486 3828 fortis
2508 3768 2558 3815 et
2584 3775 2719 3815 vasa
2756 3761 2872 3829 eius
2902 3759 3147 3828 diripiet,
3196 3762 3309 3813 nisi
3341 3761 3501 3827 prius
3524 3762 3839 3829 alligaverit

2146 3850 2362 3916 fortem,
2390 3853 2439 3902 et
2463 3852 2586 3902 tunc
2615 3862 2748 3901 vasa
2768 3847 2885 3915 ejus
2916 3846 3165 3915 diripiet.
3217 3847 3424 3901 Tristes
3477 3848 3654 3918 igitur
3704 3865 3837 3905 mox

2149 3937 2523 4007 Ingentesque
2556 3934 2764 3988 diurno
2795 3935 3055 4005 squalore
3084 3936 3269 3990 turbae
3299 3937 3614 4008 populique
3646 3940 3838 3993 vexati

2146 4028 2512 4091 concurrunt,
2563 4028 2619 4077 et
2673 4024 3047 4095 redemptoris
3093 4025 3274 4079 nostri
3320 4025 3570 4098 vestigiis
3612 4029 3837 4097 provol-

2145 4116 2375 4166 vuntur.
2411 4113 2543 4166 ane
2577 4110 2888 4182 apostolica
2941 4112 3091 4166 dicta
3142 4113 3493 4183 probantur:
3532 4116 3599 4168 Ut
3645 4118 3704 4168 in
3748 4130 3839 4169 no-

2145 4201 2288 4254 mine
2311 4201 2529 4255 Domini
2555 4201 2708 4255 omni
2768 4215 2906 4269 genu
2957 4203 3206 4268 ﬂectatur
3234 4202 3522 4256 cwtestium
3548 4204 3599 4256 et
3650 4207 3838 4257 terres-

2080 4257 2124 4313 D
2148 4291 2314 4342 trium
2359 4292 2409 4342 et
2456 4289 2814 4354 infernarum.
2876 4288 2996 4342 Mox
3051 4304 3186 4359 ergo
3236 4290 3474 4358 captivae
3506 4289 3737 4359 animae,
3768 4292 3835 4345 de

2147 4374 2415 4429 custodiis
2450 4377 2713 4429 relaxatae
2758 4374 3036 4441 tartareis,
3078 4380 3380 4445 proruunt,
3428 4377 3552 4446 regi
3598 4380 3835 4432 saeculo-

2145 4481 2276 4519 rum
2311 4468 2511 4519 mcesta
2546 4463 2962 4534 supplicatione
3007 4464 3341 4536 deplorant:
3398 4486 3426 4515 ε(
3476 4466 3687 4521 Venisti
3712 4473 3835 4523 tan-

2147 4554 2299 4620 dem,
2331 4569 2364 4607 o
2391 4552 2834 4607 clementissime
2863 4554 3035 4607 Jhesu
3062 4569 3074 4619 ;
3107 4569 3370 4608 succurre
3402 4554 3518 4624 iam
3570 4560 3626 4609 et
3669 4572 3837 4626 parce

2145 4641 2396 4697 defessis.
2430 4642 2609 4713 Nunc,
2646 4639 2885 4704 Christe,
2939 4655 3112 4693 saevas
3159 4640 3425 4712 extingue
3471 4642 3679 4709 minas,
3715 4644 3835 4712 jam

2145 4730 2496 4786 miserandos
2540 4729 2756 4784 resolve
2802 4729 3064 4799 gemitus.
3121 4730 3430 4785 Redemisti
3483 4732 3634 4784 vivos
3672 4747 3837 4786 cruce

2143 4824 2277 4886 tua;
2312 4818 2468 4888 eripe
2497 4822 2553 4873 et
2581 4820 2838 4872 mortuos
2870 4823 3051 4873 morte
3073 4824 3188 4874 tua.
3219 4822 3348 4874 Pari
3381 4821 3678 4875 nobiscum
3709 4820 3832 4875 labe

2143 4908 2391 4963 mundus
2423 4906 2735 4961 interierat.
2773 4907 2854 4962 Ad
2890 4908 3196 4964 adventum
3242 4913 3405 4964 tuum
3449 4909 3635 4963 omnis
3677 4926 3835 4965 crea-

2143 5004 2275 5053 tura
2301 4996 2641 5067 suspirabat.
2666 4996 2789 5051 Tibi
2824 5001 3017 5052 nostra
3049 5003 3329 5052 tormenta
3367 4998 3831 5069 suspirabant.Te

2144 5086 2371 5155 semper
2400 5085 2656 5138 infernus
2682 5085 2788 5139 iste
2823 5086 3086 5155 pallebat.
3136 5088 3280 5140 Dum
3332 5086 3423 5141 hic
3473 5103 3550 5153 es,
3607 5087 3836 5141 absolve

2144 5188 2271 5226 reos
2300 5190 2313 5239 ;
2345 5172 2482 5226 dum
2509 5172 2851 5241 ascenderis,
2875 5173 3114 5228 defende
3147 5180 3294 5228 tuos.
3328 5176 3410 5228 Tu
3461 5175 3617 5229 solus
3667 5182 3838 5247 caput

2142 5262 2399 5317 draconis
2436 5263 2822 5316 comminuere
2873 5262 3131 5333 potuisti.
3176 5264 3259 5317 Tu
3310 5268 3505 5334 portas
3550 5280 3726 5320 aereas
3783 5270 3838 5319 et

2142 5354 2327 5401 vectes
2360 5350 2568 5403 ferreos
2600 5349 2825 5404 voluisti
2856 5354 3163 5403 conterere.
3200 5352 3414 5414 Patent,
3444 5368 3657 5423 quaeso,
3702 5369 3833 5425 pre-
