4068 6192
273 265 402 314 1155

1279 261 1831 317 SUPPLEMENTUM
1872 261 1963 317 AD
2000 260 2232 318 OPERA
2271 261 2323 315 S.
2370 261 2751 319 AUGUSTINI.

3629 276 3765 326 1156

265 385 525 440 cantibus
548 385 763 455 janua:
806 385 899 438 lux
931 399 1048 437 non
1098 382 1242 438 desit
1289 383 1403 453 pia.
1467 385 1531 438 Et
1583 385 1628 439 si
1690 384 1838 440 redis
1887 387 1954 439 ad
1983 388 2024 439 A
2069 386 2220 438 lenm
2249 385 2448 438 mortis
2479 385 2763 455 obtundit,
2797 393 2854 442 et
2900 395 3194 458 peccatum
3221 392 3372 462 quod
3403 393 3574 446 arbor
3603 408 3768 461 gene-

265 489 494 544 corpus,
521 473 818 543 majestate
847 477 942 526 tua
969 486 1084 524 non
1106 470 1362 540 privetur
1386 472 1660 526 infernus.
1694 495 1720 521 »

335 566 468 619 Post
495 562 715 617 auditas
743 561 936 631 itaque
969 575 1188 631 preces,
1231 566 1363 630 post
1394 562 1732 630 compositas
1778 562 1954 633 leges,

265 658 392 726 post
420 653 708 708 demersos
739 650 852 703 alta
896 649 1167 719 voragine
1215 651 1356 716 (Leg.
1406 649 1761 721 voraginis?)
1809 651 1958 706 fossa

265 747 510 798 tortores
536 739 711 810 judex
744 743 942 793 noster
969 738 1136 794 hodie
1167 739 1236 793 de
1281 739 1478 794 inferis
1525 739 1812 794 laureatus
1841 742 1954 794 exi-

264 831 370 884 vit.
420 830 530 884 Nec
573 829 932 885 canditatum
982 828 1233 882 ofﬁcium
1267 827 1486 894 defuit;
1519 829 1615 882 sed
1669 829 1798 882 laeta
1827 844 1956 884 cum

262 917 520 989 principe
548 933 650 971 suo
673 915 860 970 omnis
900 916 1202 970 beatorum
1251 921 1383 986 toga
1420 916 1714 987 processit.
1766 917 1954 986 Repe-

263 1007 362 1062 dat
385 1005 563 1077 igitur
594 1005 666 1061 ad
695 1005 943 1060 stadium
974 1004 1362 1075 triumphator
1408 1004 1619 1057 iterum
1666 1004 1845 1068 vivus,
1893 1008 1958 1056 ut

261 1095 486 1150 noverit
515 1092 700 1148 omnis
729 1093 982 1147 mundus
1014 1093 1162 1164 quod
1205 1092 1371 1146 rediit
1405 1092 1476 1147 ab
1525 1091 1721 1146 inferis
1764 1091 1956 1147 Chris-

263 1188 374 1238 tus.
439 1181 768 1237 Glorientur
828 1196 964 1251 ergo
1024 1180 1349 1246 credentes;
1439 1179 1714 1250 plaudent
1777 1178 1957 1234 mani-

263 1270 372 1325 bus
416 1269 604 1324 omnis
651 1285 811 1341 gens,
857 1269 993 1340 quia
1036 1283 1135 1323 rex
1184 1271 1376 1322 noster
1404 1266 1463 1320 in
1509 1266 1716 1320 saeculo
1760 1266 1958 1320 trium-

262 1358 478 1427 phavit,
513 1357 611 1423 qui
642 1373 770 1412 cum
803 1358 967 1411 Patre
990 1361 1047 1411 et
1074 1355 1289 1425 Spiritu
1328 1359 1522 1409 sancto
1579 1355 1718 1409 vivit
1764 1359 1820 1408 et.
1864 1371 1955 1410 re-

265 1448 403 1516 gnat
455 1445 624 1511 Deus,
662 1461 769 1513 pro
811 1443 973 1498 nobis
1021 1443 1320 1498 cruciﬁxus
1368 1448 1424 1498 et
1469 1443 1856 1510 resuscitatus,
1897 1443 1955 1497 in

263 1533 470 1587 szecula
491 1532 852 1586 saeculorum.
883 1535 1082 1586 Amen.

1060 1688 1146 1744 IV.

261 1832 442 1887 Sermo
466 1830 849 1886 inlustrissimi
894 1829 1128 1884 doctoris
1171 1829 1350 1884 sancti
1393 1832 1720 1898 Augustini,
1767 1830 1832 1884 de
1862 1847 1947 1885 re-

366 1921 692 1975 surrectione
717 1921 932 1974 Domini
958 1921 1134 1974 nostri
1159 1920 1322 1973 Jhesu
1347 1921 1553 1978 Christi
1582 1920 1880 1975 dedicatus.

331 2062 510 2128 Salve,
574 2061 696 2116 dies
743 2059 971 2116 internis
1008 2059 1422 2132 frequentande
1453 2058 1846 2114 conventibus.
1879 2060 1953 2114 Te

263 2149 504 2211 oriente,
533 2148 649 2203 vita
679 2148 965 2219 resurgit;
1015 2152 1071 2202 te
1122 2147 1405 2215 radiante,
1449 2147 1643 2201 lumen
1686 2146 1851 2213 redit,
1899 2149 1954 2200 et

261 2239 322 2293 in
353 2239 569 2294 natales
599 2243 748 2302 tuos,
783 2238 992 2293 inferni
1023 2239 1249 2292 exclusa
1274 2236 1536 2307 caligine,
1592 2236 1677 2290 sol
1713 2236 1950 2306 justitias

261 2327 566 2382 reviviscit.
597 2327 721 2382 Non
749 2326 1018 2398 equidem
1049 2324 1292 2378 moritur
1317 2324 1482 2386 Deus,
1515 2339 1621 2377 nec
1663 2324 1952 2378 aeternitas

258 2416 374 2471 fine
403 2419 653 2481 taxatur,
683 2419 784 2468 aut
814 2413 1011 2468 lumen
1059 2410 1372 2484 majestatis
1417 2411 1810 2482 extinguitur;
1853 2411 1952 2465 sed

259 2518 388 2557 cum
420 2519 454 2556 a
486 2502 602 2556 Deo
629 2517 784 2556 mors
813 2501 1122 2572 appetitur,
1137 2515 1240 2571 per
1259 2497 1553 2554 hominem
1585 2498 1952 2554 hominisub-

256 2587 501 2644 venitur.
537 2588 668 2642 Post
709 2587 1033 2659 triumphos
1081 2586 1258 2658 igitur
1307 2586 1507 2650 crucis,
1568 2590 1698 2658 post
1750 2587 1953 2641 vexilla

257 2675 507 2730 victricia
535 2674 792 2730 Christus
827 2690 1001 2729 ovans
1033 2673 1247 2728 inferos
1297 2673 1444 2744 petit
1471 2672 1857 2728 debellaturus
1896 2679 1954 2728 et

257 2767 523 2830 mortem,
545 2763 644 2834 qui
659 2764 858 2818 mortis
875 2762 1256 2834 captivaverat
1268 2765 1577 2816 auctorem.
1610 2761 1652 2815 Ο
1669 2760 1948 2828 mirabile,

259 2851 478 2916 fratres,
539 2852 825 2922 praelium,
879 2857 937 2905 et
985 2851 1154 2905 facies
1181 2866 1324 2906 nova
1378 2855 1724 2919 recuperatae
1779 2848 1953 2904 victo-

2064 471 2227 525 rabat
2285 472 2508 526 occidit.
2566 473 2808 543 Sanguis
2863 489 2991 528 mox
3045 476 3202 531 fusus
3255 496 3288 532 a
3344 479 3518 534 latere
3573 480 3766 545 diluit,

2065 561 2336 632 quicquid
2370 565 2499 615 ante
2526 561 2743 616 crimen
2771 563 2984 625 infecit,
3016 568 3071 618 et
3097 581 3162 618 ex
3209 567 3442 636 pollutis
3481 583 3770 622 ramuscu-

2071 650 2142 703 lis
2172 666 2308 704 crux
2329 650 2594 704 'candida
2646 650 2900 705 radiavit.
2965 651 3229 707 Cucurrit
3282 668 3452 707 cruor
3483 654 3768 708 innocuus

2064 753 2168 807 per
2197 738 2446 807 poenales
2477 736 2617 806 ligni
2645 737 2839 790 noxias
2870 738 3060 804 fibras,
3093 744 3148 793 et
3183 739 3502 794 medicante
3533 741 3762 810 pariunt

2073 824 2338 894 deinceps
2369 829 2723 878 sacramenta
2771 826 2987 890 salutis,
3023 843 3152 896 quin
3209 827 3574 895 prmbuerant
3619 844 3762 882 mor-

2063 911 2136 965 tis
2170 911 2444 966 alimenta
2475 912 2724 966 victuris.
2781 914 2982 968 Adhuc
3011 919 3201 967 tamen
3225 914 3487 968 diabolus
3531 917 3761 968 nescius

2063 999 2264 1054 vicisse
2294 1001 2591 1071 gloriatur,
2632 1005 2687 1054 et
2733 1000 2945 1055 victum
3003 1001 3158 1055 videt
3203 1002 3558 1068 crucifixum,
3611 1003 3764 1056 videt

2065 1093 2381 1154 mortuum,
2417 1088 2654 1158 insuper
2685 1093 2741 1142 et
2768 1105 3124 1158 percussum,
3156 1095 3212 1144 et
3252 1090 3416 1160 quasi
3455 1091 3522 1144 de
3568 1092 3762 1161 opima

2065 1175 2202 1229 cede
2235 1177 2401 1244 letus,
2435 1176 2577 1230 nihil
2605 1182 2690 1230 est
2729 1177 2877 1230 ultra
2914 1177 3206 1232 sollicitus.
3244 1177 3344 1244 En,
3404 1177 3613 1246 inquit,
3664 1178 3760 1230 ille

2068 1266 2167 1336 qui
2197 1282 2253 1320 se
2287 1265 2386 1319 Dei
2419 1261 2986 1336 sobolem‘przeferre
3032 1265 3268 1332 solebat,
3316 1267 3416 1337 qui
3449 1267 3558 1320 sibi
3588 1268 3760 1322 tidem

2067 1353 2359 1407 miraculis
2389 1354 2807 1420 conciliaverat,
2844 1354 2943 1425 qui
2975 1353 3156 1408 socios
3185 1359 3241 1407 et
3278 1355 3582 1426 participes
3599 1371 3762 1408 meos

2069 1443 2137 1498 de
2170 1441 2506 1512 corporibus
2538 1440 2860 1511 animisque
2890 1441 3157 1494 humanis
3185 1441 3486 1512 dejecerat,
3535 1444 3634 1514 qui
3667 1459 3763 1496 me

2072 1531 2308 1600 insuper
2334 1529 2530 1599 praelia
2564 1534 2841 1598 temptare
2873 1534 2958 1582 est
3000 1545 3190 1582 ausus.
3242 1530 3534 1593 Mundum,
3587 1547 3763 1601 quem

2068 1619 2136 1673 ab
2185 1619 2404 1687 origine
2451 1621 2618 1672 teneo
2658 1617 2987 1671 certaminis
3041 1619 3166 1687 lege
3213 1624 3268 1672 et
3328 1619 3577 1673 victoriae
3627 1621 3763 1689 jure

2065 1707 2370 1778 captivum,
2419 1707 2560 1762 meis
2609 1706 2875 1760 manibus
2924 1707 3174 1762 eximere
3222 1708 3514 1778 gestiebat.
3573 1709 3761 1773 Modo,

2062 1793 2108 1847 si
2135 1793 2292 1848 fortis
2325 1797 2427 1858 est,
2458 1793 2685 1859 vincat;
2719 1793 2912 1859 modo,
2938 1793 2984 1846 si
3021 1795 3308 1864 prmvalet,
3353 1800 3581 1866 surgat;
3640 1812 3761 1851 mo-

2061 1880 2153 1948 do,
2187 1881 2232 1933 si
2267 1881 2415 1934 Deus
2445 1883 2546 1946 est,
2581 1879 2892 1935 reviviscat.
2927 1879 2970 1934 Ο
3017 1881 3270 1937 diabolel
3317 1882 3515 1952 ignare
3571 1885 3761 1939 exitus

2059 1969 2162 2033 tui,
2201 1968 2346 2021 fallit
2379 1972 2433 2021 te
2464 1968 2572 2021 ista
2602 1968 2874 2034 victoria;
2908 1969 3119 2040 gaudia
3144 1975 3242 2025 tua
3270 1987 3389 2026 non
3437 1980 3604 2028 erunt
3645 1975 3762 2029 leta

2060 2056 2158 2118 sed
2180 2056 2379 2110 tristia.
2419 2057 2479 2109 ln
2510 2056 2822 2126 perniciem
2852 2061 3010 2112 tuam
3038 2058 3351 2114 Judeorum
3404 2061 3629 2132 linguas
3673 2079 3758 2116 ar-

2060 2144 2268 2210 masti;
2307 2148 2362 2198 te
2395 2143 2504 2196 illis
2529 2144 2734 2214 jaculis
2763 2145 3081 2215 peremisti.
3117 2147 3263 2202 Illud
3311 2149 3544 2220 quidem
3596 2151 3756 2222 quod

2058 2248 2259 2302 passus
2292 2236 2375 2286 est
2402 2231 2604 2297 voluit,
2647 2232 2923 2303 nobisque
2947 2235 3252 2290 consuluit.
3289 2238 3431 2292 Nam
3461 2242 3584 2292 tum
3622 2255 3756 2293 cum

2051 2320 2273 2390 justum
2319 2319 2594 2383 occidisti,
2641 2335 2768 2374 reos
2815 2337 2956 2391 quos
3008 2325 3273 2378 tenueras
3327 2325 3590 2381 amisisti.
3645 2328 3756 2381 Sed

2059 2408 2355 2478 paululum
2389 2409 2764 2480 patere;noli
2811 2409 3150 2465 insolentius
3192 2428 3297 2466 nec
3333 2413 3760 2484 imprudentius

2060 2498 2334 2552 exultare.
2399 2498 2534 2551 Ecce
2595 2498 2748 2552 enim
2798 2497 2966 2552 inferi
3039 2499 3483 2555 contremiscunt
3537 2501 3754 2566 vivum,

2061 2601 2234 2656 quem
2263 2589 2326 2639 tu
2359 2585 2645 2656 gaudebas
2671 2584 2940 2640 occisum.
2977 2585 3100 2639 Jam
3144 2584 3240 2639 ille
3280 2586 3543 2658 antiquos
3565 2604 3758 2642 carce-

2059 2689 2150 2728 res
2196 2673 2388 2744 fregit,
2430 2674 2551 2744 jam
2607 2673 2830 2744 prmdas
2896 2678 3021 2728 tuas
3077 2672 3336 2743 diripuit,
3397 2679 3456 2728 et
3493 2677 3757 2729 cruenlos

2060 2761 2354 2816 ministros
2384 2766 2499 2814 tum
2530 2761 2841 2816 ferocitatis
2872 2761 3090 2816 afflixit.
3128 2762 3369 2816 Hoccine
3421 2767 3504 2816 est
3532 2763 3755 2832 vicisse,

2062 2865 2134 2902 an
2167 2848 2338 2901 vitam
2366 2847 2436 2902 ad
2465 2852 2720 2903 mortuos
2751 2848 3132 2902 transmisisse
3152 2848 3180 2902 ἲ
3230 2849 3382 2904 Pone
3437 2849 3549 2914 hic,
3583 2852 3757 2905 scele-

257 2937 481 2992 riteiDe
511 2939 667 3008 ligno
687 2938 942 2993 Christus
971 2939 1125 3007 vicit,
1157 2939 1308 2993 unde
1337 2937 1598 2992 diabolus
1619 2942 1750 2991 ante
1796 2937 1942 2991 vice-
1981 2953 2020 3008 ρ
2065 2935 2368 3001 ratissime,
2404 2935 2724 3003 rationem;
2771 2941 2976 3006 penset
3015 2935 3246 3007 justicia
3314 2937 3586 3008 magistra
3598 2938 3756 3009 judi-

255 3030 342 3080 rat
365 3031 451 3095 get
467 3025 582 3080 suis
605 3027 778 3081 armis
799 3031 1121 3098 prostratus
1143 3030 1226 3080 est
1247 3025 1347 3096 qui
1368 3027 1778 3096 prostraverat;
1807 3025 1949 3096 ipse-

256 3129 368 3186 que
385 3114 470 3168 illi
484 3113 627 3168 facta
639 3118 723 3168 est
738 3129 908 3184 pcena
919 3129 1047 3184 quae
1061 3112 1246 3167 fuerat
1256 3118 1388 3166 ante
1400 3111 1649 3166 victoria.
1670 3113 1949 3183 Pugnavit

253 3199 433 3271 igitur
460 3217 565 3271 pro
587 3201 804 3255 mundo
826 3201 995 3267 Deus,
1019 3204 1076 3254 et
1103 3200 1280 3253 celata
1303 3199 1602 3268 paululum
1631 3201 1943 3268 majestate,

256 3293 319 3342 nt
341 3287 504 3342 daret
530 3288 681 3342 hosti
713 3287 1004 3356 ﬁduciam,
1034 3288 1300 3340 virtutem
1319 3285 1606 3340 simulavit
1633 3285 1941 3342 inﬁrmam.

254 3375 545 3445 Agebatur
574 3374 728 3429 enim
757 3389 926 3428 causa
955 3375 1144 3429 saeculi
1175 3388 1281 3444 per
1305 3372 1642 3443 sapientiam
1677 3375 1796 3428 Dei.
1834 3376 1946 3430 Te-

255 3464 501 3518 nebatur
528 3467 592 3516 ut
617 3461 864 3530 vinctus,
897 3461 1237 3514 audiebatur
1265 3464 1506 3527 utreus,
1540 3461 1947 3517 verberabatur

255 3555 312 3606 et
333 3549 760 3622 conspuebatur
803 3554 868 3604 ut
905 3548 1175 3618 ignobilis
1235 3551 1290 3602 et
1337 3546 1608 3618 captivus.
1655 3549 1754 3602 llle
1811 3565 1944 3604 vero

255 3655 387 3693 suas
417 3639 565 3694 vires
595 3638 666 3692 ad
695 3639 798 3692 hoc
849 3636 1190 3691 occultando
1233 3634 1549 3708 premebat,
1581 3636 1760 3690 donec
1783 3653 1946 3691 mor-

255 3732 384 3781 tuus
412 3727 664 3781 vinceret
702 3741 875 3798 quem
926 3725 1184 3797 parabat.
1234 3725 1578 3780 Refrenahat
1605 3725 1942 3795 potentiam,

258 3819 318 3868 ut
346 3817 524 3868 totam
574 3813 839 3883 impleret
869 3813 928 3867 in
973 3812 1238 3867 conflictu
1275 3811 1585 3883 justitiam,
1617 3816 1675 3866 et
1712 3813 1943 3883 plenam

252 3904 310 3958 in
336 3904 686 3975 resurgendo
705 3902 1018 3956 victoriam.
1047 3900 1187 3955 Hinc
1209 3900 1279 3954 ad
1309 3901 1570 3954 arborem
1594 3901 1767 3964 venit,
1792 3903 1942 3956 unde

243 3994 377 4062 jura
408 3992 610 4047 mortis
640 3992 912 4046 exierant.
969 3988 1072 4044 Ubi
1102 4003 1236 4043 vero
1265 3987 1518 4042 ascendit
1545 4003 1735 4043 arcem
1762 3990 1941 4043 scele-

250 4082 350 4152 ris,
378 4081 457 4136 ibi
487 4079 727 4152 subjecit
756 4077 1047 4150 fastigium
1089 4076 1308 4131 inimici
1349 4075 1590 4130 virtutis.
1624 4077 1726 4131 Illa
1754 4093 1941 4148 quon-

250 4171 382 4224 dam
401 4174 587 4224 mater
615 4173 669 4224 et
693 4167 856 4238 origo
878 4180 1178 4237 pcenarum
1209 4163 1398 4218 nescia
1425 4164 1672 4234 suscepit
1694 4164 1935 4234 justum,

249 4258 393 4329 figit,
427 4259 674 4330 affligit;
722 4235 835 4311 non
878 4235 964 4312 est
1010 4255 1200 4325 culpa,
1229 4258 1288 4306 et
1325 4252 1484 4307 saevit
1512 4267 1700 4322 poena.
1737 4251 1779 4305 Ο
1809 4268 1936 4306 cru-
1978 4235 2021 4290 Ῑ)

249 4345 522 4400 delissimi
545 4344 844 4416 justicidal
889 4341 1130 4399 amisisti
1174 4357 1357 4394 causas
1386 4345 1499 4394 tuae
1539 4339 1809 4394 subsidia.
1846 4340 1940 4396 Re-

247 4435 455 4488 clamat
483 4437 676 4488 contra
707 4437 762 4488 te
791 4449 926 4488 crux
953 4432 1098 4503 ipsa,
1125 4429 1326 4484 mortis
1355 4433 1412 4481 et
1443 4427 1692 4482 vulneris
1715 4427 1941 4482 ofﬁcina

248 4522 520 4592 repulsat.
557 4523 682 4576 Non
727 4535 993 4591 agnosco,
1041 4516 1248 4589 inquit,
1279 4531 1444 4570 reum
1475 4530 1595 4569 esse
1626 4529 1797 4585 quem
1835 4530 1938 4586 pn-

247 4611 373 4676 nio;
407 4626 522 4664 non
553 4613 687 4664 sunt
714 4608 820 4662 ista
847 4607 962 4661 mei
991 4604 1266 4678 germinis
1298 4619 1488 4675 poma,
1519 4602 1690 4656 nichil
1721 4602 1812 4656 hic
1848 4620 1943 4656 ca-

248 4703 553 4770 putmeum
565 4695 797 4764 ;falleris
813 4694 949 4766 quia
963 4694 1137 4748 fetum
1153 4692 1295 4748 mihi
1307 4691 1561 4746 conseris
1573 4690 1940 4745 alienum.Nil

247 4789 352 4843 iste
380 4786 553 4842 habet
583 4801 650 4839 ex
669 4799 832 4850 meo;
877 4797 1053 4854 quare
1095 4781 1298 4853 pendit
1340 4783 1470 4836 me?
1494 4779 1940 4835 Similitudinem

246 4876 456 4948 speciei
503 4875 691 4937 video,
743 4888 876 4926 nam
923 4870 1078 4925 virus
1127 4870 1187 4924 in
1231 4885 1298 4924 eo
1331 4867 1699 4923 vernaculum
1733 4882 1848 4920 non
1879 4883 1938 4921 a-

245 4981 474 5034 gnosco.
507 4965 664 5018 Tunc
687 4961 784 5016 ille
824 4958 984 5016 fortis
1021 4959 1082 5014 in
1113 4959 1330 5030 prrelio,
1358 4959 1548 5028 justus
1573 4957 1632 5010 in
1658 4955 1936 5027 patibulo,

249 5053 523 5107 innocens
546 5052 605 5106 in
635 5051 819 5105 alieno
848 5054 1155 5114 tormento,
1188 5062 1402 5101 cornua
1430 5045 1647 5118 peccati
1677 5045 1942 5100 manibus

249 5139 478 5196 mundis
515 5139 764 5207 obtrivit,
797 5141 854 5193 et
883 5137 1021 5193 dum
1048 5153 1106 5192 se
1136 5139 1323 5190 totum
1349 5133 1410 5189 in
1451 5135 1606 5205 ligno
1636 5132 1783 5205 figit,
1808 5149 1940 5188 acu-

2061 3025 2233 3080 cium.
2277 3023 2622 3079 Mortificasti
2643 3040 2676 3078 a
2703 3024 2985 3096 principio
3017 3025 3299 3080 mundum
3332 3042 3501 3097 quem
3519 3027 3641 3098 ipse
3669 3027 3754 3081 fe-

2059 3129 2215 3168 ceras
2242 3129 2433 3180 reum;
2467 3112 2826 3167 commissam
2877 3129 3083 3167 noxam
3118 3113 3274 3184 justa
3309 3115 3449 3168 ultio
3471 3114 3755 3184 sequeba-

2059 3207 2171 3256 tur.
2207 3203 2364 3256 Hunc
2391 3207 2582 3280 autem
2609 3217 2712 3254 nec
2740 3219 2840 3255 sua
2865 3217 2971 3257 nec
2997 3201 3184 3256 aliena
3213 3202 3380 3272 culpa
3399 3202 3750 3256 devinxerat.

2059 3291 2171 3346 Cur
2206 3289 2492 3361 ingessisti
2530 3295 2797 3355 mortem,
2849 3290 2948 3344 ubi
2993 3306 3106 3344 non
3157 3290 3440 3345 inveneris
3486 3290 3754 3345 crimen?

2059 3379 2170 3432 Cur
2201 3377 2546 3448 supplicium
2580 3375 2843 3444 intulisti,
2876 3377 2977 3432 ubi
3005 3377 3275 3431 delictum
3327 3377 3583 3432 invenire
3628 3394 3749 3433 non

2055 3466 2339 3538 potuisti?
2370 3467 2584 3536 Injuste
2615 3481 2751 3534 ergo
2791 3466 3012 3536 justum
3065 3481 3170 3537 pro
3219 3466 3430 3537 injusto
3481 3466 3750 3537 punisti;

2048 3555 2202 3625 juste
2231 3553 2508 3624 iniustum
2561 3570 2665 3624 pro
2711 3571 2824 3625 quo
2869 3554 3089 3625 justum
3131 3570 3434 3609 necaveras
3481 3556 3749 3611 amisisti.

2057 3642 2228 3695 Mutet
2249 3641 2370 3712 jam
2401 3657 2531 3695 reus
2564 3640 2977 3709 condicionem,
3017 3641 3156 3712 quia
3191 3657 3362 3696 causa
3394 3649 3586 3698 nostra
3617 3661 3752 3715 par-

2054 3732 2168 3783 tem
2211 3729 2398 3783 tenuit
2445 3730 2762 3784 meliorem.
2808 3731 2942 3785 Orta
2987 3735 3072 3784 est
3099 3730 3160 3785 in
3192 3732 3462 3786 servitute
3495 3733 3752 3800 libertas,

2053 3817 2199 3870 facta
2227 3822 2312 3871 est
2342 3817 2403 3871 in
2435 3817 2827 3872 dominatione
2858 3818 3171 3889 captivitas.
3207 3819 3504 3874 Sublatum
3536 3826 3620 3876 est
3645 3823 3753 3892 ﬁu-

2052 3921 2189 3976 gum
2219 3905 2569 3961 condicionis
2600 3906 2852 3978 antiquae
2881 3923 2894 3973 ;
2929 3923 3080 3961 nunc
3125 3907 3488 3980 indulgentia
3543 3918 3755 3982 regnat

2052 3995 2278 4066 pietatis
2312 3998 2367 4049 et
2389 3995 2607 4067 gratim.
2661 3995 2917 4049 Christus
2955 3995 3108 4048 enim
3155 4012 3394 4067 surgens
3425 4014 3457 4050 a
3502 4001 3752 4053 mortuis

2052 4084 2122 4138 de
2154 4083 2474 4154 sepulchro,
2503 4083 2666 4138 nobis
2699 4083 2867 4138 hodie
2919 4083 3197 4150 radiavit;
3243 4099 3349 4137 nec
3400 4084 3592 4138 anima
3628 4090 3750 4138 tar-

2050 4170 2204 4225 davit
2251 4171 2310 4224 in
2367 4171 2611 4237 inferno,
2679 4187 2783 4225 nec
2850 4187 2978 4225 caro
3033 4171 3306 4225 remansit
3371 4170 3430 4224 in
3497 4172 3749 4236 tumulo,

2051 4259 2194 4312 sicut
2261 4258 2537 4329 scriptum
2601 4264 2721 4313 est:
2793 4260 2937 4324 Quia
3018 4274 3124 4312 non
3207 4258 3542 4328 derelinquas
3617 4263 3755 4313 ani-

2049 4362 2192 4400 mam
2237 4363 2409 4401 meam
2469 4349 2528 4400 in
2585 4348 2821 4412 inferno,
2868 4361 3036 4415 neque
3080 4345 3239 4400 dabis
3305 4352 3550 4400 sanctum
3596 4352 3752 4400 tuum

2051 4433 2233 4488 videre
2256 4437 2670 4504 corruptionem.
2710 4435 2845 4488 Ecce
2877 4449 3030 4488 nunc
3059 4433 3314 4488 Christus
3357 4451 3489 4488 mox
3539 4440 3603 4488 nt
3646 4451 3754 4490 vo-

2052 4521 2159 4576 luit
2184 4522 2507 4577 resurrexit.
2547 4521 2651 4576 Ubi
2681 4526 2765 4576 est
2793 4537 2950 4576 mors
2978 4537 3150 4592 quam
3173 4521 3439 4576 inimicus
3460 4522 3702 4592 ingessit
3727 4525 3756 4578 ?

2053 4611 2319 4679 Magnum
2351 4613 2455 4677 est,
2480 4607 2704 4674 fratres,
2736 4607 2968 4678 pietatis
3002 4607 3300 4662 indicium.
3326 4609 3479 4679 quod
3509 4609 3590 4662 sic
3621 4625 3755 4663 mo-

2052 4695 2254 4750 riendo
2287 4695 2542 4750 Christus
2568 4695 2870 4750 vivificavit
2900 4697 3197 4760 saeculum,
3235 4703 3297 4750 ut
3339 4713 3470 4751 eum
3515 4714 3631 4752 non
3672 4706 3758 4753 te-

2051 4787 2211 4838 neret
2233 4798 2388 4836 mors
2411 4782 2535 4853 ipsa
2561 4783 2873 4853 captivum.
2932 4785 3078 4854 Ergo
3121 4790 3177 4838 et
3221 4801 3450 4840 causam
3493 4791 3755 4840 nostram

2051 4870 2404 4926 misericordi
2432 4871 2686 4925 bonitate
2726 4869 2971 4942 peregit,
3020 4877 3078 4925 et
3129 4887 3248 4926 suae.
3279 4873 3552 4944 potentias
3601 4873 3754 4928 nihil

2051 4957 2284 5022 ademit,
2344 4956 2500 5028 quia,
2559 4957 2750 5012 statim
2795 4963 2857 5012 ut
2905 4958 2957 5012 ei
2984 4958 3218 5029 placuit,
3265 4966 3323 5014 et
3378 4961 3597 5026 revixit,
3649 4962 3754 5033 qui

2052 5045 2189 5099 vivit
2214 5049 2270 5100 et
2299 5050 2502 5117 regnat
2532 5045 2680 5100 Deus
2726 5061 2830 5116 per
2887 5046 3082 5101 omnia
3120 5049 3326 5102 saecula
3381 5049 3750 5104 saeculorum.

2052 5137 2254 5188 Amen.

1371 5374 2629 5422 ψ
