2002 3091
454 202 952 267 LEGTIONES
1003 202 1510 267 VARIANTES

205 321 584 385 SEBMONUM
618 320 1077 384 GENUINORUM
1112 322 1355 384 SANCTI
1389 321 1773 386 AUGUSTINI

504 449 549 498 A
575 447 1076 499 BENEDICTINIS
1101 448 1480 500 EDITOBUM

188 536 374 564 COLLEtiT/F.
390 536 434 563 EX
452 534 551 562 CODD.
569 534 834 563 CASSINENSIBUS
850 535 893 562 ET
908 535 1139 564 FLORENTINIS
1156 536 1202 563 AB
1218 538 1248 562 Α.
1266 536 1294 563 Β.
1312 535 1459 563 CAILLAU
1475 536 1514 563 ET
1537 536 1565 563 Β.
1583 537 1794 565 SAINT-YV‘ES.

459 673 572 700 SERMO
588 673 622 700 II.

112 784 218 816 Crucis,
236 783 307 819 plut.
324 791 390 810 xvm
406 782 482 809 dext.
502 781 565 808 cod.
582 790 618 813 ιν,
635 782 684 809 fol.
699 783 758 809 r26.

274 828 358 854 Eum.

214 865 238 890 l.
268 863 413 890 Notissima
432 863 519 896 pietas

109 899 202 933 patris
215 900 306 925 nostri
319 898 447 926 Abrahae.

149 968 219 996 Ibid.
246 969 281 996 Et
300 970 339 995 est
353 967 463 1003 quidem
476 967 520 995 ita

112 1005 261 1032 mirabilis.

149 1039 218 1067 Ibid.
251 1039 323 1072 Quia
355 1038 388 1066 de
415 1046 520 1066 summa

110 1074 305 1109 desperatione.

149 1110 221 1137 Ibid.
246 1110 325 1138 Nihil
350 1111 405 1136 tam
427 1116 517 1142 senem,

110 1146 243 1181 pessime.

149 1181 218 1208 Ibid.
235 1179 318 1209 Cuius
342 1187 388 1207 cor
406 1180 517 1207 electum

109 1219 162 1243 est.

130 1324 134 1329 .
148 1286 219 1314 Ibid.
242 1286 383 1313 Devotioni
392 1285 517 1313 obedien-

110 1325 217 1384 nsIbid.
233 1357 301 1392 Ipsa
309 1356 378 1383 mihi
389 1364 460 1390 ergo.

148 1428 217 1455 Ibid.
249 1428 344 1463 Erigit
372 1429 402 1454 ut
445 1428 516 1454 occi-

107 1463 184 1490 dam.

148 1498 217 1526 Ibid.
244 1498 312 1525 Jam
331 1498 361 1525 in
382 1500 512 1532 suscepto.

146 1568 216 1596 Ibid.

109 1605 194 1632 bendo
203 1605 217 1630 ἰ)

253 1568 324 1602 Quid
357 1568 431 1595 Deus
464 1568 516 1603 ju-

147 1710 178 1737 .\’.
194 1711 220 1737 2.
237 1710 302 1743 Legi
324 1710 417 1743 veteri,
438 1709 514 1736 Scri-

106 1749 197 1781 ptum
211 1749 319 1772 sanctae.

147 1781 216 1807 Ibid.
265 1781 402 1814 Philippo,
444 1779 516 1806 unde

107 1823 223 1843 amemus
242 1823 325 1850 panes
347 1817 378 1842 ut
397 1815 515 1842 mandu-

107 1854 167 1878 cent
182 1852 232 1878 hi?
242 1854 266 1878 el
276 1852 410 1885 sequitur.

148 1887 179 1914 Ν.
206 1888 232 1913 3.
256 1887 389 1921 Expectat
419 1885 517 1912 audire

108 1923 157 1956 qui
168 1923 284 1956 patitur.

145 1958 176 1984 Ν.
204 1958 231 1984 4.
261 1956 333 1990 Quid
353 1963 416 1990 ergo
443 1956 513 1983 dici-

109 2000 169 2020 mus
179 1992 194 2018 ?

146 2028 177 2054 N.
196 2028 222 2054 6.
234 2026 287 2055 Sed
296 2028 441 2061 faciamus.

147 2064 179 2090 Ν.
214 2065 239 2090 7.
272 2064 384 2090 Diversa
421 2069 512 2097 opera,

109 2099 157 2126 sed
167 2105 212 2125 ars
225 2105 291 2125 una.

146 2168 216 2196 Ibid.
242 2168 318 2195 Tales
343 2175 405 2202 ergo
429 2169 513 2195 viros.

109 2241 120 2266 ι
146 2204 217 2232 Ibid.
241 2203 366 2231 Christus
391 2204 514 2230 invenia-

122 2247 163 2266 ur.

147 2310 216 2337 Ibid.
249 2309 389 2344 Quidquid
420 2309 511 2344 Scrip-

109 2348 173 2372 tura
186 2346 254 2373 dicit
263 2346 296 2372 de
307 2345 459 2372 Abraham.

145 2380 214 2408 Ibid.
226 2382 261 2408 Et
270 2381 423 2415 prophetia.

145 2451 176 2478 N.
194 2452 221 2479 8.
233 2451 309 2478 Sicut
331 2453 356 2478 et
375 2450 514 2477 immolare

107 2487 194 2521 ﬁlium
222 2487 316 2520 jussus
351 2486 514 2520 obtemperat

111 2523 170 2553 Deo,
188 2522 271 2549 male.

147 2557 215 2584 Ibid.
239 2556 340 2584 Deinde
368 2564 427 2583 cum
453 2556 514 2590 jam

107 2600 175 2628 pene
188 2594 328 2626 feriretur.

144 2628 216 2655 Ibid.
234 2629 268 2655 Et
282 2635 335 2655 non
353 2629 441 2655 tamen
457 2627 515 2654 sine

108 2664 251 2697 sacriﬁcio.

145 2699 177 2725 N.
195 2700 221 2725 9.
238 2698 302 2725 Sine
331 2698 454 2733 operibus
475 2697 514 2724 le-

109 2735 161 2767 gis.
183 2735 266 2762 Latro
278 2735 336 2768 qui,
354 2737 407 2761 etc.

703 826 807 854 Coosx.

592 861 648 888 Cod
656 882 662 888 .
697 862 843 889 Polissima
873 864 964 896 patris

555 898 643 923 nostri
654 896 772 924 Abrahz
795 897 871 931 ﬁdes.
895 897 964 925 Vide

557 932 677 958 variant.
693 932 813 959 Maurin.

591 967 632 994 Id.
661 969 695 994 Et
712 971 751 995 est
786 967 895 1001 quidem
923 969 964 995 ita

556 1002 689 1029 mirabile.
708 1003 777 1030 Vide
792 1002 861 1029 ibid.

592 1038 634 1065 Id.
646 1038 715 1070 Quia
731 1038 764 1065 de
787 1045 892 1065 summa
905 1046 963 1066 eum

555 1073 748 1107 desperatione.
897 1078 906 1087 ‘
923 1074 926 1076 ⁷

591 1108 632 1136 Id.
645 1108 723 1137 Nihil
728 1109 789 1143 jam
800 1116 890 1136 senem.

589 1178 630 1205 Id.
647 1178 749 1206 melius
773 1187 837 1206 cum
864 1179 962 1212 editis,

553 1214 631 1248 cujus
645 1222 690 1241 cor
705 1217 820 1242 erectum
834 1217 882 1242 est.
896 1214 963 1242 Vide

553 1250 671 1277 variant.
689 1250 820 1277 Maurtin.

589 1285 629 1311 Id.
657 1286 795 1312 Devotioni
827 1285 959 1320 obtempe-

553 1321 654 1347 rantis.

581 1355 630 1388 _Id.
661 1355 773 1389 melius,
808 1357 866 1390 ipse
899 1363 961 1390 ergo

554 1391 631 1417 mihi.

590 1426 630 1453 Id.
648 1426 742 1460 Erigit
758 1428 788 1453 ut
808 1426 959 1453 occidatur.

588 1495 627 1522 Id.
643 1495 745 1523 melius
763 1496 823 1530 jam
842 1498 913 1524 enim
931 1499 960 1524 in

552 1533 673 1566 suscepto
678 1550 685 1558 .

588 1567 628 1593 Id.
639 1567 724 1599 Quam
735 1567 804 1593 Deus
814 1566 935 1600 iubendo
947 1569 961 1595 ?

555 1602 636 1635 Male,
664 1601 712 1629 sed
726 1603 755 1628 et
777 1602 850 1628 male
869 1603 958 1636 editi;

554 1637 669 1664 evidens
677 1639 719 1664 est
729 1637 883 1672 legendum
898 1646 959 1666 esse

570 1680 626 1700 uia.

551 1681 626 1708 quia.

587 1708 627 1735 Id.
641 1708 718 1741 Legis
733 1709 840 1742 veteris,
861 1708 958 1743 Scrip—

552 1746 620 1770 tura
629 1746 739 1771 sanctz.

588 1779 627 1805 Id.
670 1778 799 1813 Philippo
847 1779 961 1807 habente

551 1821 646 1849 panes,
671 1814 734 1841 date
759 1815 815 1840 illis
839 1815 959 1842 mandu—

553 1857 629 1882 care;
646 1851 671 1875 et
687 1851 821 1883 sequitur.

588 1884 630 1911 Id.
642 1886 775 1919 Expectat
785 1884 882 1912 audire
888 1885 960 1919 quod

550 1921 669 1954 patitur.

980 667 1000 693 A
1020 662 1080 701 loco
1096 666 1238 693 habentur
1252 666 1313 693 huic
1328 674 1334 693 :
1352 667 1506 699 Quomodo?
1518 667 1658 699 intendite,
1671 669 1780 701 fratres.
1799 670 1865 696 Cre-

1019 700 1092 727 didit
1106 702 1208 735 aliquis
1221 709 1228 735 ;
1242 702 1361 735 percepit
1376 702 1440 736 ﬁdei
1454 705 1624 729 sacramenta
1639 704 1667 729 in
1678 704 1742 730 lecto
1757 707 1781 731 et
1796 713 1867 732 mor—

151 737 291 764 Habemus
301 736 430 763 codicem
456 735 526 763 Bibl.
544 736 724 769 Florentium,
736 745 840 772 nempe
852 737 963 765 Sancta:
1019 738 1081 763 tuus
1099 739 1146 763 est.
1172 738 1264 772 Defuit
1287 737 1329 763 illi
1348 737 1480 771 operandi
1500 740 1615 772 tempus.
1635 738 1708 771 Quid
1722 739 1863 767 dicemus?

1019 772 1083 805 quia
1097 779 1151 799 non
1161 771 1331 807 justiﬁcatus
1342 774 1356 799 ?
1372 773 1480 799 Deinde
1496 771 1654 808 sequuntur
1683 774 1739 800 alia
1751 776 1866 802 aliunde

1019 812 1174 843 assumpta,
1198 815 1302 843 nempe
1320 816 1353 834 ex
1369 816 1502 835 sermone
1527 816 1552 836 lx
1582 808 1615 836 de
1634 811 1726 836 Decem
1736 811 1866 843 chordis,-

1019 841 1053 868 de
1060 841 1213 877 quo’infra.

1359 916 1473 944 SERMO
1486 917 1528 944 IX.

1055 991 1104 1018 Hic
1128 991 1230 1018 adsunt
1263 992 1319 1019 duo
1343 992 1464 1025 codices,
1491 1000 1593 1028 nempe
1626 993 1806 1021 Cassinensis
1834 1004 1866 1029 ιι,

1019 1035 1067 1062 fol.
1093 1037 1194 1069 ll6,et
1216 1036 1396 1063 Florentinus
1426 1036 1496 1062 Bibl.
1518 1036 1627 1064 Sanctae
1652 1038 1760 1072 Crucis,
1786 1040 1860 1074 plut.

1018 1088 1083 1107 xvni
1108 1080 1196 1114 dext,
1220 1081 1282 1108 cod.
1307 1088 1344 1114 iv,
1371 1080 1420 1107 fu].
1440 1081 1489 1107 I26
1499 1089 1598 1108 versus
1609 1082 1735 1110 medium
1756 1091 1866 1110 sermo-

1018 1122 1073 1156 nis,
1090 1125 1197 1159 utpote
1208 1124 1332 1159 quicum
1342 1124 1514 1159 praecedenti
1524 1125 1727 1161 conjungatur.

1054 1176 1128 1203 Edit.
1145 1176 1167 1203 N
1194 1177 1220 1204 3.
1244 1177 1318 1210 Quid
1328 1177 1364 1204 ad
1383 1185 1424 1204 me

1017 1213 1134 1246 pertinet
1146 1213 1160 1238 ?
1168 1213 1267 1245 fortem
1273 1221 1313 1239 me
1322 1214 1420 1246 faciat.

1054 1282 1086 1309 N.
1103 1282 1129 1309 4.
1150 1282 1223 1309 Illud
1244 1291 1306 1310 vero
1322 1283 1423 1310 malum

982 1313 1002 1340 B
1016 1317 1070 1344 late
1093 1325 1202 1352 serpens
1223 1319 1287 1352 plus
1308 1326 1422 1353 occupa-

1016 1354 1069 1380 vit.

1052 1387 1126 1415 Ibid.
1162 1389 1257 1415 Virum
1278 1388 1316 1415 ad
1333 1389 1423 1422 forum

1017 1424 1083 1458 quia
1102 1424 1226 1450 inventus
1241 1426 1290 1451 est.

1053 1459 1086 1485 N.
1103 1460 1128 1486 6.
1147 1460 1180 1486 Ei
1202 1460 1305 1486 nullam
1323 1459 1422 1486 simili-

1017 1494 1147 1521 tudinem.

1051 1564 1122 1592 Ibid.
1168 1565 1326 1593 Creaturam
1373 1565 1423 1591 ali-

1016 1608 1108 1635 quam,
1124 1608 1173 1635 per
1187 1608 1274 1635 quem.

1052 1635 1122 1663 Ibid.
1151 1636 1223 1669 Quia
1261 1637 1317 1670 ipse
1350 1642 1420 1663 unus

1015 1672 1095 1698 Deus.

1051 1706 1122 1733 Ibid.
1152 1707 1241 1740 Miles,
1272 1707 1356 1734 simus
1390 1708 1420 1733 in

1018 1743 1077 1769 Deo.

1051 1777 1121 1803 Ibid.
1171 1777 1248 1808 Quod

1015 1813 1086 1847 quod
1096 1813 1250 1839 carnaliter.

1051 1848 1119 1874 Ibid.
1150 1849 1219 1875 Nam
1239 1849 1305 1881 quia
1334 1849 1419 1882 Spiri-

1015 1886 1056 1909 tus
1081 1887 1189 1909 sanctus
1207 1883 1326 1916 dicitur}
1350 1884 1416 1918 qni-

1015 1919 1080 1944 dam
1103 1919 1221 1950 codices,
1252 1920 1416 1952 septi/eripis

1286 1778 1417 1808 dirimus,

587 1955 627 1982 Id.
649 1954 722 1990 Quid
735 1962 797 1988 ergo
816 1954 957 1983 dicemus?
973 1955 991 1982 ί)
1012 1954 1113 1980 dicitur
1125 1953 1146 1988 j,
1167 1956 1308 1988 propterea
1332 1955 1415 1988 septi-

586 2025 627 2052 Id.
653 2026 683 2053 Si
701 2025 847 2057 faciamus.

587 2060 627 2087 Id.
644 2064 675 2087 ut
692 2061 720 2087 in
739 2061 859 2088 variant.
881 2061 955 2088 Mau-

552 2095 618 2128 rin.,
650 2095 756 2123 diverso
788 2103 876 2130 opere,
908 2097 955 2123 sed

551 2133 609 2158 arte
622 2139 690 2158 una.

587 2166 629 2193 Id.
653 2167 725 2193 Talis
736 2173 797 2200 ergo
813 2167 898 2193 viros.

585 2201 626 2228 Id.
664 2202 786 2229 Christus
817 2202 954 2235 intelliga-

551 2239 617 2263 tur:
646 2237 701 2263 alia
740 2237 852 2264 desunt.
886 2238 956 2264 Vide

549 2280 607 2299 var.
633 2272 751 2299 Maurin.

586 2307 626 2334 Id.
659 2307 802 2341 Quidquid
824 2308 955 2342 scriptum

550 2345 590 2369 est
605 2342 638 2369 de
674 2343 825 2370 Abraham.

585 2377 626 2405 Id.
643 2378 793 2412 Prophelia
807 2386 813 2411 ;
843 2378 956 2405 deside-

551 2415 630 2440 ratur
637 2416 671 2440 el.

586 2448 626 2475 Id.
652 2448 705 2476 Sed
725 2449 795 2475 sicut
817 2449 956 2476 immolare

549 2484 636 2517 ﬁlium
653 2484 748 2518 jussus
767 2486 814 2517 est,
852 2485 893 2511 ita
912 2484 956 2511 ob-

552 2522 682 2553 temperat
692 2521 754 2551 Deo,
766 2519 882 2554 optime.

586 2555 626 2582 Id.
668 2556 780 2582 Demum
812 2562 872 2582 cum
894 2554 955 2589 jam

550 2597 616 2625 pene
628 2591 769 2623 feriretur.

587 2625 627 2653 Id.
662 2625 777 2658 melius,
810 2627 836 2652 et
867 2627 955 2652 tamen

551 2668 604 2688 non
613 2662 670 2688 sine
684 2661 827 2694 sacriﬁcio.

588 2696 627 2723 Id.
645 2697 708 2723 Sine
732 2696 856 2729 operibus
878 2695 954 2729 legis.

553 2731 712 2764 Quomodo?
752 2733 803 2757 etc.
848 2730 955 2758 Caetera

552 2775 617 2802 quae
631 2767 766 2799 leguntur
780 2766 810 2793 in
825 2765 892 2793 edit.
910 2773 957 2800 pec

554 2802 629 2830 nitus
658 2803 771 2835 desunt,
806 2803 833 2828 et
856 2808 956 2828 eorum

1011 1997 1083 2015 mum
1126 1990 1195 2015 diem
1237 1990 1417 2022 sanctiﬁcarit

1012 2026 1088 2055 Deus.
1107 2024 1215 2057 quando
1238 2026 1302 2057 fecit
1327 2026 1416 2051 omnia

1011 2067 1092 2093 opera
1111 2067 1170 2091 sua,
1195 2061 1265 2086 sicut
1281 2061 1308 2086 in
1323 2061 1417 2087 Genesi

1010 2096 1141 2129 scriptum
1164 2095 1284 2127 legimus.
1304 2096 1362 2122 Non
1379 2096 1417 2122 ibi

1012 2131 1090 2157 habes
1106 2131 1272 2157 nominatam
1292 2132 1414 2164 sanctiﬁ-

1496 1177 1564 1205 Cod.
1591 1186 1630 1206 ιν.
1652 1180 1718 1215 rSed
1741 1180 1810 1215 quid
1829 1182 1866 1208 ad

1460 1220 1501 1249 me
1522 1214 1662 1248 pertinet?
1690 1214 1788 1249 fortem
1826 1225 1867 1244 me

1458 1248 1549 1283 faciet.

1496 1284 1533 1310 Id.
1553 1285 1606 1311 Hoc
1618 1286 1714 1312 vitium
1744 1287 1798 1313 late
1812 1295 1866 1314 ειν-

1459 1326 1524 1353 pens
1538 1320 1628 1354 plures
1644 1323 1793 1355 occupavit.

1496 1388 1537 1416 Id.
1555 1389 1651 1417 Virum
1666 1391 1704 1418 ad
1716 1392 1808 1425 forum
1817 1395 1866 1427 qui

1459 1424 1587 1452 inventus
1601 1429 1650 1453 est.

1496 1459 1535 1486 Id.
1548 1463 1577 1487 ut
1591 1460 1648 1488 fere
1658 1469 1756 1488 omnes
1770 1463 1864 1496 codd.,

1459 1496 1484 1534 et
1498 1496 1613 1523 nullam.
1631 1496 1700 1523 Vide
1716 1505 1774 1525 var.
1789 1498 1864 1526 Mau-

1460 1537 1514 1557 rm.

1495 1565 1524 1592 Id
1530 1586 1536 1592 .
1550 1567 1713 1595 Creaturam
1731 1568 1862 1603 aliquam.

1458 1608 1577 1637 cumper
1590 1603 1689 1637 ipsum.

1459 1672 1481 1699 Β
1495 1636 1535 1663 Id.
1552 1636 1621 1670 Quia
1643 1646 1703 1665 vero
1722 1639 1780 1674 ipse
1794 1647 1864 1667 unus

1482 1679 1538 1699 eus.

1482 1679 1528 1699 eus
1532 1692 1538 1700 ι

1493 1707 1532 1734 Id.
1554 1709 1643 1742 Miles,
1667 1711 1696 1736 ut
1724 1711 1808 1737 simus
1834 1712 1862 1737 in

1457 1743 1522 1769 Deo.

1485 1750 1522 1770 εο.

1493 1778 1532 1805 Id.
1547 1779 1626 1815 Quod
1639 1779 1772 1814 diximus,
1798 1782 1864 1815 quia

1456 1813 1614 1841 carnaliter.

1493 1849 1533 1876 Id.
1549 1850 1618 1886 Nam
1638 1852 1781 1884 propterea
1796 1859 1862 1886 sep-

1457 1885 1555 1912 timum
1587 1885 1658 1912 diem
1685 1885 1865 1920 sanctiﬁcavit

1454 1920 1533 1950 Deus,
1548 1920 1656 1954 quando
1680 1922 1751 1947 inter
1772 1923 1863 1948 omnia

1453 1962 1534 1988 opera
1557 1962 1607 1982 sua
1630 1956 1720 1989 ipsum
1740 1958 1861 1984 tantum-

1452 1990 1529 2016 modo
1543 1992 1734 2024 sanctiﬁcacit,
1757 1993 1785 2018 in
1805 2000 1862 2026 quo

1452 2026 1596 2059 requievit.
1608 2027 1667 2054 Non
1687 2028 1768 2061 enim,
1785 2030 1837 2054 etc.
1855 2036 1861 2061 ;

1453 2063 1482 2087 et
1491 2060 1592 2088 deinde
1604 2062 1749 2095 requievit,
1760 2060 1813 2089 nec
1823 2063 1861 2090 lc-

1453 2095 1530 2131 gitur
1545 2096 1579 2123 ab
1597 2097 1721 2131 operibus
1736 2099 1805 2125 suis.

1009 2167 1149 2197 culionem,
1179 2167 1233 2192 nisi
1266 2166 1311 2192 illo
1344 2166 1386 2193 die
1413 2166 1459 2193 ubi
1480 2165 1591 2201 dicitur,
1618 2167 1758 2202 Requievil
1785 2168 1859 2195 Deus

1010 2202 1044 2227 ab
1060 2202 1183 2234 operibus
1199 2202 1264 2228 suis.
1287 2202 1343 2228 Non
1358 2203 1439 2233 enim,
1454 2204 1506 2228 etc.

1047 2237 1115 2262 Ibid.
1130 2238 1163 2263 Et
1182 2239 1219 2264 sic
1234 2237 1344 2267 dicitur,
1368 2238 1417 2264 Ite-

1010 2272 1121 2305 quievit.

1046 2307 1117 2334 Ibid.
1138 2306 1274 2341 Septimus
1292 2308 1342 2334 iste
1357 2307 1414 2334 dies

1009 2349 1063 2369 non
1092 2342 1171 2369 habet
1196 2349 1344 2376 vesperam,
1370 2343 1417 2370 ubi

1010 2378 1079 2404 Deus
1092 2378 1271 2411 sanctiﬁcavit
1281 2379 1411 2412 requiem.

1011 2413 1120 2440 Dicitur
1134 2413 1183 2446 ibi,
1202 2415 1245 2439 etc

1490 2237 1529 2264 Id.
1547 2236 1580 2265 Et
1595 2239 1664 2265 sicut
1679 2238 1792 2274 dicitur,
1809 2240 1860 2267 Bc-

1455 2273 1567 2307 quievit.

1491 2308 1531 2335 Id.
1548 2308 1635 2336 habet
1658 2309 1839 2337 solummodo
1852 2319 1857 2336 :

1454 2342 1487 2370 de
1500 2345 1613 2378 septimo
1624 2344 1726 2371 dictum
1734 2347 1783 2378 est,
1792 2346 1859 2372 Fac~

1454 2381 1510 2406 tum
1531 2382 1573 2406 est
1600 2387 1686 2406 mane.
1711 2380 1777 2407 Cod.
1805 2388 1859 2406 au—

1453 2416 1511 2441 tem
1536 2423 1565 2445 u.
1590 2416 1720 2449 septimus
1735 2416 1785 2442 iste
1801 2415 1859 2442 dies

1451 2457 1505 2477 non
1520 2450 1599 2477 habet
1620 2458 1769 2484 vesperam.
1790 2451 1859 2478 Nam

1009 2485 1034 2510 et
1062 2484 1206 2519 inprima
1228 2483 1272 2510 die
1299 2483 1411 2517 dicitur,
1438 2485 1552 2513 Factum
1579 2487 1618 2512 est
1643 2483 1770 2519 vespere;
1791 2488 1816 2512 et
1829 2487 1857 2513 in

1008 2518 1134 2551 secundo,
1156 2521 1181 2545 et
1203 2519 1233 2545 in
1253 2520 1341 2551 tertio,
1369 2522 1394 2546 et
1413 2520 1443 2546 in
1460 2523 1569 2554 quarto,
1582 2521 1646 2547 etin
1662 2518 1768 2554 quinto,
1785 2523 1811 2547 et
1829 2522 1858 2547 in

1008 2556 1084 2581 sexto
1099 2553 1144 2590 die
1153 2553 1265 2587 dicitur,
1279 2555 1389 2582 Factum
1408 2557 1447 2582 est
1461 2553 1577 2590 vespere.
1599 2556 1713 2583 Venitur
1727 2556 1764 2582 ad
1778 2557 1860 2590 septi-

1009 2589 1153 2625 mumtubi
1168 2591 1235 2616 Deus
1249 2591 1429 2624 sanctiﬁcavil
1443 2589 1569 2625 requiem.
1602 2591 1711 2617 Dicitur
1730 2591 1778 2621 ibi.
1803 2589 1857 2619 etc.

1047 2624 1117 2660 Ibid.
1131 2624 1272 2660 Quidquid
1285 2626 1414 2659 facimus,

1010 2660 1036 2687 si
1049 2659 1175 2693 facimus.

1097 2697 1122 2722 7.
1136 2695 1237 2728 Quibus
1254 2703 1351 2730 parere
1370 2703 1417 2730 po-

1013 2732 1132 2808 tentia-ida
1164 2765 1209 2794 Ad
1250 2766 1419 2794 dilectionem

1011 2809 1141 2836 proram.

1489 2625 1557 2653 Cod.
1579 2634 1615 2658 iv,
1646 2625 1781 2661 quidquid
1797 2627 1860 2654 boni

1453 2661 1581 2693 facimus.
1593 2662 1618 2688 si
1625 2664 1714 2689 tamen
1728 2663 1856 2695 facimus.

1490 2696 1543 2730 Id.,
1559 2699 1591 2723 ut
1599 2704 1699 2724 omnes
1708 2697 1856 2730 nliicodd..

1455 2732 1552 2767 quibus
1562 2740 1672 2766 parcere
1684 2734 1794 2767 poterit.

1491 2766 1531 2794 Id.
1553 2766 1691 2794 Pertinens
1720 2768 1756 2795 ad
1774 2768 1856 2796 dilec-

1456 2803 1552 2830 tionem
1568 2804 1697 2838 proximi.
