2034 3096
151 134 216 159 1159

174 194 243 221 Ibid.
264 194 293 221 Si
305 194 334 219 in
354 193 483 227 psalterio
498 192 545 218 de-

140 238 194 256 cem
227 228 390 255 chordarum
423 229 545 254 volumus

138 267 248 291 (salutare
263 264 397 291 canticum
416 270 523 289 novum.

175 336 207 362 N.
224 336 249 362 8.
271 336 306 362 Et
316 335 475 369 quicumque
494 333 544 360 ob—

140 370 335 405 temperabant,
371 370 465 395 timore
496 369 541 395 ob-

138 406 324 440 temperabant
336 412 432 439 pense.

173 441 244 468 Ibid.
270 441 397 468 Cantanti
420 440 541 466 eniva-

140 477 233 511 luptas
263 478 311 508 est,
346 476 451 502 timenti
476 483 542 502 onus

139 515 187 539 est.

176 547 246 574 Ibid.
278 546 404 575 Nondum
430 546 543 573 delectat

137 584 259 610 castitas.

173 618 243 645 Ibid.
256 618 282 644 A
304 617 385 650 factis
403 618 541 651 temperat.

175 689 236 715 Ibid
243 708 250 715 .
297 688 544 722 Concupiscentiam

136 725 225 758 ipsam
240 724 382 750 damnans.

174 759 207 786 N.
243 760 268 786 9.
297 758 358 785 Tali
384 760 544 792 cogitatione

138 797 168 821 ut
178 795 271 821 dicant
285 794 347 821 sibi.

174 829 245 856 Ibid.
271 830 301 856 Si
316 830 376 863 ﬁeri
398 831 497 864 posset,
515 831 543 856 et

139 865 250 900 reliqua
271 872 361 899 usque
377 865 411 892 ad
426 866 542 891 mitteret

138 901 167 927 in
180 901 323 933 gehennas.

175 935 245 962 Ibid.
261 935 294 962 Id
308 935 472 968 est,verbum
485 937 541 963 Dei.

175 1005 247 1032 Ibid.
291 1005 343 1033 Sed
379 1005 459 1032 aliter
493 1007 544 1032 im-

138 1049 233 1076 pressa
245 1043 284 1068 est
304 1042 332 1067 in
356 1049 473 1074 nummo,
490 1042 544 1068 ali-

141 1080 181 1104 ter
191 1078 221 1104 in
227 1077 297 1110 ﬁlio,
313 1077 393 1103 aliter
405 1077 435 1103 in
460 1077 545 1104 solido

139 1119 220 1139 aureo
238 1113 328 1144 imago
355 1112 527 1146 imperatoris
534 1133 541 1140 .

176 1147 245 1174 Ibid.
266 1148 300 1174 Te
308 1148 339 1174 ut
353 1148 465 1174 muteris
483 1147 544 1174 hor-

141 1185 224 1210 tatur.

178 1217 248 1245 Ibid.
266 1218 306 1244 Tu
321 1216 407 1244 odisse
420 1219 445 1244 te
455 1218 545 1252 qualis

140 1261 175 1280 es.

178 1289 210 1315 N.
229 1289 271 1315 I0.
293 1288 335 1316 Sic
363 1288 465 1322 odium,
482 1296 546 1315 con-

140 1325 306 1358 cupiscentia
316 1324 437 1351 luscuria.

176 1359 247 1386 Ibid.
261 1360 301 1386 Et
312 1360 443 1394 pejorem,
460 1359 545 1386 maIe.

177 1431 209 1457 N.
228 1431 269 1457 I2.
287 1431 339 1458 Nec
351 1437 448 1456 amara
473 1432 545 1456 sunt.

175 1465 247 1492 Ibid.
263 1465 314 1493 Illa
329 1465 460 1492 erubescit
473 1466 544 1498 viro,

142 1504 170 1527 tu
184 1509 239 1528 non
268 1501 398 1527 erubescit
428 1500 544 1528 Christo.

177 1536 248 1563 Ibid.
264 1537 295 1564 Si
314 1537 375 1570 quis
396 1536 544 1563 volutatur.

177 1606 249 1633 Ibid.
271 1605 376 1633 Blande
404 1607 546 1640 accipitur.

178 1641 249 1668 Ibid.
280 1642 372 1669 Victus
387 1649 404 1667 a
424 1641 546 1669 libidine.

178 1677 250 1704 Ibid.
268 1677 299 1704 Si
313 1679 458 1711 spectares.

191 1748 224 1774 N.
252 1748 284 1774 I3
302 1747 366 1773 Has
381 1753 488 1781 pugnas
502 1747 548 1780 fa-

141 1785 179 1810 cis
193 1784 223 1809 in
241 1782 351 1815 occulto,
371 1784 396 1809 et
409 1790 472 1814 non,
495 1784 547 1809 etc.

180 1818 251 1845 Ibid.
270 1820 362 1851 Tange
385 1817 491 1845 easdem
506 1818 549 1844 de-

142 1862 197 1916 ceciin
220 1854 346 1886 chordas,
372 1856 397 1880 et
416 1854 492 1886 feras
508 1860 549 1880 oc-

142 1898 163 1916 ει
186 1897 220 1916 es.

142 1897 220 1917 ciaes.

178 1924 249 1951 Ibid.
277 1925 424 1957 Heres-um,
445 1931 504 1957 qua
519 1923 549 1951 id

141 1962 319 1995 putaverunt,
336 1960 442 1994 absque
451 1967 546 1986 sensu.

180 1995 253 2023 Ibid.
268 1996 356 2022 Bestia
366 1995 509 2028 falsitatis.

180 2031 252 2058 Ibid.
270 2031 401 2058 Societate
421 2031 548 2057 versaris.

146 2067 276 2100 Tangens,
288 2068 340 2092 etc.

146 2145 228 2163 mana
251 2137 321 2163 enim
349 2136 461 2163 societas
480 2143 513 2162 ex
528 2143 557 2162 eo
582 2129 730 2168 conﬁcitur,
759 2136 789 2160 ut
806 2134 991 2167 unusquisque
1007 2129 1028 2156 Ι)

661 130 849 158 δκιηιοκωι
870 131 1099 159 GENUINORUM
1121 132 1147 159 S.
1169 132 1366 159 AUGUSTINI.

618 191 818 228 IdrCantemus
836 193 865 228 in
884 192 1022 226 psalte-A
1077 194 1108 220 Ν.
1154 195 1196 220 I7.
1229 194 1289 222 Non
1323 197 1447 228 possunt,

581 228 622 253 rio
650 226 738 253 decem
762 227 934 259 chordarum,
963 228 987 253 si

581 262 703 289 volumus
726 263 834 289 canlare
852 264 986 289 canticum

580 305 628 324 τιον
632 305 686 324 um.

618 333 656 359 Id.
687 333 722 359 Et
745 334 868 367 quisquis
888 333 984 360 obtem-

579 368 703 402 perabat,
733 370 827 395 timore
849 376 933 403 poenae
957 369 988 394 id

580 406 685 437 agebat.

616 438 656 465 Id.
671 439 786 465 Amanti
803 440 874 467 enim
889 439 986 473 volup-

580 476 631 507 tas,
648 475 754 501 timenti
768 481 843 501 onus.

617 545 657 572 Id.
684 545 809 571 Nondum
838 545 915 572 illum
940 545 985 571 de-

581 580 660 607 lectat
668 582 789 607 castitas.

617 615 655 642 Id.
670 616 695 642 Λ
721 616 802 643 malis
816 616 899 648 factis
918 618 986 642 tem—

579 653 667 685 perat.

617 686 645 713 Id
650 706 656 713 .
733 686 986 720 Concupiscentiam

580 728 657 748 suam
668 721 789 748 damnat.

618 757 657 784 Id.
674 757 791 784 Dicenda
806 757 868 784 sibi.

616 827 657 868 Id.
672 807 868 868 squuimodo“
879 826 964 854 habet
976 835 982 868 ;

579 862 600 890 Ο
623 863 647 889 si
667 862 818 896 indulgeret
843 863 926 896 Deus,
960 864 986 889 et

578 905 630 925 non
643 899 760 925 mitteret
779 899 808 924 in
832 898 988 932 gehennam.

620 934 659 974 I_d.
688 933 719 960 Id
738 935 776 960 est
796 934 865 960 Deus
880 933 990 959 verbum

583 969 658 1030 Dalii.
677 1003 729 1032 Sed
749 1004 829 1031 aliter
857 1005 990 1038 impressa

583 1041 621 1066 est
644 1040 674 1065 in
694 1047 811 1072 nummo,
833 1039 914 1066 aliter
937 1039 989 1065 ha-

583 1075 659 1101 betur
674 1076 705 1101 in
719 1074 792 1109 ﬁlio;
815 1077 916 1101 caetera
941 1074 988 1101 de-

583 1112 659 1142 sunt,
673 1112 702 1136 et.
716 1110 831 1145 quidem
854 1110 933 1136 bene.

618 1145 657 1172 Id.
681 1146 714 1172 Te
736 1147 767 1172 ut
786 1146 901 1171 imiteris
927 1145 988 1171 hor-

582 1182 666 1207 tatur.

585 1251 603 1257 n
619 1216 659 1243 Id.
676 1215 769 1243 Odisse
784 1217 811 1243 te
823 1216 902 1242 talem
918 1223 987 1250 qua-

583 1251 719 1314 hsISSISic
738 1286 840 1319 odium,
865 1286 903 1312 sic
927 1293 987 1313 con-

583 1323 758 1361 cupiscentia,
766 1322 805 1348 sic
814 1321 933 1361 lumuria.

620 1357 659 1384 Id.
696 1357 816 1391 Pejorem
855 1357 915 1383 siue
953 1359 987 1390 et,

584 1392 667 1419 bene.

619 1428 658 1455 Id.
675 1428 727 1455 Nec
743 1435 838 1454 amara
853 1428 916 1454 sint.

620 1463 661 1490 Id.
681 1463 734 1489 Illa
762 1463 892 1489 erubescit
905 1463 987 1493 viros,

585 1501 614 1526 tu
620 1485 988 1526 ἐἶιὸηᾜιιδέεῐῖἐῢὴῆἑὶὶιὲἷιῖ
1005 1485 1024 1513 C

619 1534 659 1561 Id.
685 1534 715 1561 Si
743 1535 805 1567 quis
835 1534 991 1567 voluptatus

586 1570 681 1602 fuerit.

621 1605 662 1632 Id.
687 1605 722 1631 Et
741 1610 819 1631 carus
846 1604 989 1638 accipitur.

620 1640 662 1667 Id.
683 1640 775 1667 Victus
789 1639 911 1666 libidine.

622 1675 662 1702 Id.
680 1674 758 1702 addit
775 1676 805 1701 in
825 1674 992 1708 amphithea-

587 1712 637 1737 tro.
654 1710 721 1737 Vide
732 1718 791 1736 var.
801 1710 919 1736 IIIaurin.

623 1745 663 1772 Id.
687 1746 744 1772 Has
767 1752 873 1779 pugnas
901 1745 947 1777 fac
962 1745 991 1770 in

587 1781 697 1813 occulto,
713 1783 743 1807 ut
751 1788 814 1813 non,
831 1782 883 1806 etc.

634 1816 673 1843 Id.
704 1816 807 1849 Tangis
825 1815 931 1842 easdem
945 1814 990 1841 de-

585 1859 639 1879 cem
654 1851 778 1884 chordas,
808 1853 833 1878 et
851 1851 925 1884 feras
949 1858 990 1877 oc-

585 1887 663 1914 cidis.

621 1922 662 1949 Id.
702 1923 838 1949 limosum
849 1929 855 1954 ;
891 1922 992 1947 caetera

584 1958 658 1985 bene
679 1957 789 1984 desunt.

623 1992 653 2020 Id
687 1994 777 2020 Bestia
816 1992 989 2025 fallacitatis.

624 2028 690 2056 Cod.
715 2036 743 2054 II.
773 2028 905 2055 Societate
930 2035 992 2054 ver-

587 2065 668 2091 saris.
696 2063 779 2091 Nulla
803 2063 889 2090 bestia
902 2062 992 2089 subre-

584 2101 628 2134 pit
647 2100 676 2125 in
703 2099 917 2129 humanitatem;
946 2098 992 2124 hu-

146 2181 177 2198 m
200 2179 259 2206 quae
283 2179 343 2205 sua,
368 2178 427 2204 quae
447 2171 524 2205 justa
543 2171 674 2206 possidet,
699 2176 807 2206 securus
839 2168 988 2203 possideat.

150 2204 283 2241 Tangens,
295 2209 349 2233 etc.
371 2207 426 2233 [Ioc
441 2204 564 2241 gIossath
575 2204 753 2232 crediderim.

185 2242 255 2269 Ibid.
273 2242 343 2274 Quot
369 2241 467 2268 bestias
482 2243 550 2268 occi-

147 2278 214 2305 dis?
247 2279 317 2304 Nam
342 2277 428 2303 multa
459 2278 551 2311 capita

146 2315 208 2340 sunt
227 2312 276 2340 sub
296 2312 337 2339 his
352 2312 496 2346 capitibus.

183 2384 214 2411 N.
231 2384 273 2411 14.
298 2384 412 2410 Umorem
434 2390 487 2409 non
507 2382 553 2409 ha—

144 2420 254 2481 bmlbid.
290 2455 346 2489 Quo
379 2460 459 2480 nervo
490 2454 554 2487 lige-

144 2498 203 2517 mus
209 2491 356 2524 fugitivum
366 2491 448 2516 istum
458 2490 471 2515 ?

183 2526 216 2553 Ν.
245 2527 284 2552 15.
310 2526 361 2552 Per
379 2524 553 2559 difﬂuentias

147 2561 272 2588 libidinis
284 2570 291 2594 ;
305 2560 434 2594 atlendis,
445 2562 497 2587 etc.

183 2632 214 2658 N.
235 2633 276 2658 I6.
300 2631 435 2658 Meliorem
454 2630 552 2657 habeas

147 2669 177 2694 tu
201 2674 316 2698 servum,
340 2674 421 2700 quam
436 2668 460 2692 te
473 2667 549 2693 Deus.

148 2702 226 2729 Iubet
243 2703 311 2728 Deus
325 2708 399 2729 servo
415 2705 470 2734 tuo,
496 2703 548 2728 etc.

624 2240 664 2267 Id.
688 2240 757 2272 Quot
781 2239 879 2266 bestias
907 2238 993 2266 occidi

587 2278 612 2303 et
619 2275 713 2310 capita
724 2273 863 2302 diximus?
875 2274 941 2301 Cod.
955 2282 991 2301 ιν.

588 2312 657 2339 Nam
682 2311 772 2337 multae
802 2310 891 2336 bestiae
931 2312 994 2336 sunt

587 2346 636 2373 sub
652 2346 694 2373 his
710 2345 854 2380 capitibus.

624 2382 690 2409 Cod.
707 2389 742 2407 iv.
763 2380 861 2408 Adhuc
880 2387 994 2407 umorem

589 2425 641 2444 non
652 2416 744 2444 habeo.

626 2453 693 2479 Cod.
730 2460 758 2478 II.
800 2451 855 2483 Quo
889 2459 994 2478 cervum

591 2490 671 2515 istum
692 2488 801 2520 Ii‘gemus
814 2488 827 2512 ‘t

626 2523 666 2549 Id.
693 2524 742 2549 Per
768 2522 936 2554 dif/luentins
958 2522 995 2548 li—

591 2559 701 2590 bidinis,
719 2559 762 2584 cui
775 2559 806 2591 ﬁt
820 2557 924 2590 injuria
941 2558 996 2583 nisi

591 2594 655 2620 Deo.
672 2593 809 2625 Altendis,
827 2595 879 2619 etc.

627 2629 668 2655 Id.
693 2629 830 2655 Μθίὶονρηι
854 2628 951 2655 habeas
967 2630 995 2655 tu

589 2672 705 2697 servum,
744 2671 825 2698 quam
864 2666 888 2690 te
917 2665 997 2690 Deus-

588 2700 723 2727 Meliorem
738 2700 763 2726 si
776 2700 818 2726 vis
832 2699 926 2725 habere
938 2706 995 2725 ser-

588 2744 659 2767 vam,
691 2742 771 2768 quam
797 2735 864 2761 Deus
900 2734 997 2761 habeat

150 2775 185 2806 te,
206 2772 316 2805 dignior
338 2774 378 2802 est
403 2773 481 2805 Deus,
508 2772 556 2805 qui
567 2771 662 2797 habeat
677 2778 783 2797 servum
798 2770 894 2797 bonum
913 2777 994 2803 quam

149 2811 186 2834 tu.
220 2809 255 2835 Te
281 2807 376 2834 bonum
405 2814 510 2834 servum
531 2814 582 2833 non
609 2806 717 2832 ίλπΙιῐὺμε
742 2807 803 2837 Deo,
829 2808 853 2831 et
873 2806 963 2837 erigis
978 2813 994 2830 «ι

147 2851 221 2870 servo
237 2845 281 2869 tuo
291 2846 320 2869 ut
344 2843 426 2868 bonus
447 2843 483 2868 sit
495 2843 566 2868 circa
583 2844 615 2872 te,
637 2843 684 2874 qui
698 2849 749 2866 non
770 2842 808 2866 eis
833 2848 887 2867 esse
912 2841 994 2867 bonus

146 2880 217 2905 circa
232 2878 328 2905 Deum.
345 2878 411 2905 Ecce
421 2877 498 2911 jubet
514 2878 582 2904 Deus
589 2883 664 2903 servo
680 2879 733 2909 tuo,
751 2878 802 2902 clo.

1044 229 1098 254 nisi
1112 229 1263 263 subrepere.

1080 263 1148 290 Ibid.
1175 265 1269 291 Bestiae
1292 264 1382 291 multm
1398 266 1448 291 mi-

1043 302 1114 326 nutae
1127 301 1231 326 necant.

1080 334 1149 374 Ibid.
1173 336 1231 363 Non
1252 337 1318 362 sunt
1341 335 1448 369 quidem

1043 377 1168 403 majores.

1043 440 1062 467 ἀ
1080 405 1150 467 Itbid.
1167 407 1209 432 Em
1230 413 1281 440 quo
1295 406 1346 433 tibi
1359 406 1446 433 abun-

1063 449 1079 467 α
1096 462 1101 467 .

1063 443 1101 467 at.

1080 476 1111 503 N.
1131 477 1172 503 I8.
1188 476 1274 503 Aliud
1285 479 1324 503 est
1347 477 1393 503 ubi
1408 479 1447 504 to-

1042 512 1108 538 leres
1122 513 1216 538 vitam.

1078 546 1148 573 Ibid.
1165 547 1196 574 Si
1207 546 1265 573 ibas
1288 546 1327 575 ad
1342 548 1447 574 mathe-

1042 583 1169 609 maticum
1185 585 1209 609 et
1220 582 1256 608 ad
1271 585 1378 609 caeteras
1398 590 1448 617 pe-

1042 620 1094 644 stes
1110 618 1267 651 sacrilegas,
1275 618 1335 652 jam
1347 617 1445 645 desine.

1042 653 1206 686 Arbitraris,
1215 656 1265 680 etc.

1078 759 1111 786 N.
1148 761 1189 786 I9.
1225 759 1277 786 Nec
1310 760 1347 786 sic
1390 767 1447 786 ores

1044 794 1270 828 quemadmodum
1284 795 1334 821 iste
1350 795 1435 822 Phari
1438 810 1450 816 -

1167 864 1206 891 Et
1220 864 1338 892 nondum
1361 866 1450 900 fusus,

1045 909 1059 927 e
1074 908 1097 927 c.

1045 908 1097 927 etc.

1080 1006 1150 1032 Ibid.
1182 1006 1241 1032 Ideo
1268 1008 1296 1032 tu
1322 1014 1449 1040 magnum

1044 1041 1151 1078 aliquid
1180 1042 1266 1078 facis;
1304 1042 1351 1078 sed
1384 1043 1449 1076 quia

1044 1077 1178 1109 gaudetur
1192 1077 1228 1103 ad
1244 1077 1378 1111 quaedam,
1394 1081 1446 1104 etc.

1080 1217 1111 1244 N.
1128 1218 1174 1245 20.
1189 1218 1284 1245 Servat
1301 1218 1351 1246 tibi
1372 1220 1450 1252 pater

1044 1255 1114 1280 tuus.

1080 1288 1150 1315 Ibid.
1184 1289 1264 1316 Filios
1283 1291 1341 1316 tuos
1358 1290 1451 1323 patri-

1043 1325 1130 1351 monio
1141 1326 1198 1352 tuo.

1079 1394 1149 1421 Ibid.
1180 1394 1224 1422 Illi
1267 1394 1377 1422 debetur
1415 1395 1452 1422 ad

1043 1437 1120 1464 quem
1130 1431 1253 1464 perrewit
1265 1439 1271 1463 ;
1282 1431 1394 1458 Christo
1404 1430 1451 1457 de-

1046 1465 1131 1499 betur,
1148 1466 1185 1492 ad
1200 1467 1291 1500 ipsum
1306 1467 1376 1493 enim
1386 1473 1452 1501 per-

1045 1502 1126 1531 rexit,
1142 1502 1166 1527 et
1176 1502 1234 1535 ipse
1249 1501 1333 1534 dixit,
1345 1503 1397 1528 etc.

1082 1535 1152 1563 Ibid.
1163 1536 1207 1562 An
1217 1543 1270 1563 non
1279 1539 1366 1571 potest
1376 1537 1454 1563 mitti

1046 1572 1075 1598 in
1091 1571 1183 1598 caelum
1193 1572 1207 1597 ‘?
1220 1572 1308 1599 Potest
1329 1579 1450 1606 prorsus.

1046 1607 1126 1633 Audi
1140 1608 1230 1641 ipsum
1249 1607 1395 1634 Dominum
1410 1607 1452 1633 di-

1047 1645 1155 1669 contem.

1827 136 1894 161 I160

1524 194 1590 221 Cod.
1618 203 1653 221 ιν.
1694 195 1751 223 Νοη
1779 200 1894 231 possunt

1487 237 1540 256 non
1555 230 1705 264 subrepere.

1523 265 1562 292 Id.
1585 265 1682 293 Bestia.9
1701 267 1790 294 multm
1804 269 1893 294 minu-

1488 303 1520 327 tae
1536 301 1671 328 hominem
1687 302 1820 329 occidant.

1522 336 1560 363 Id.
1596 337 1654 364 Non
1686 340 1748 364 sunt
1787 338 1894 372 quidem

1486 371 1575 399 bestia
1589 372 1714 405 majores.

1522 407 1563 434 Id.
1601 408 1645 434 Ea:
1676 416 1704 434 eo
1737 409 1811 442 quod
1843 409 1895 435 tibi

1485 442 1617 469 abundat.

1521 478 1562 505 Id.
1579 478 1665 505 Aliud
1679 478 1727 504 ubi
1737 479 1833 506 colores
1848 481 1892 506 vi-

1486 515 1550 539 tam.

1521 548 1589 575 Cod.
1612 557 1640 575 Il.
1657 549 1688 576 Si
1707 549 1765 576 ibas
1791 549 1827 576 ad
1842 557 1892 575 au-

1485 591 1573 617 gures,
1582 585 1638 611 noli
1642 592 1764 619 pergere,
1775 586 1893 611 mal-intr

1485 626 1545 646 cum
1560 620 1607 646 hoc
1626 623 1765 653 peccatum
1781 622 1894 653 gravius

1485 656 1530 687 sit,
1546 656 1571 681 ct
1587 656 1623 681 sit
1639 655 1722 681 bestia
1731 663 1790 689 quae
1798 658 1895 689 guttur

1484 691 1608 723 frangat.
1647 691 1692 716 An
1734 690 1893 719 arbitraris.

1486 728 1538 751 etc.

1521 760 1562 787 Id.
1592 759 1680 793 addit,
1710 769 1754 788 nec
1781 762 1820 787 sic
1843 761 1892 788 de—

1489 795 1599 822 scendas
1640 795 1672 822 de
1709 797 1804 830 templo
1840 805 1893 823 non

1484 831 1661 865 justi/icatus.

1526 866 1566 893 Id.
1581 867 1615 894 Et
1638 866 1757 893 nondum
1778 869 1836 893 erat
1850 874 1894 892 re-

1489 902 1621 936 demptus.
1650 903 1685 929 Et
1723 902 1790 936 quid
1821 901 1893 931 dico.

1484 937 1603 964 nondum
1634 939 1692 964 erat
1716 938 1895 971 redemptus?

1485 972 1609 1000 Nondum
1621 975 1679 999 erat
1683 974 1773 1006 fusus,
1783 975 1835 999 etc.

1521 1007 1562 1034 Id.
1580 1009 1613 1034 Et
1634 1010 1663 1034 tu
1687 1008 1795 1042 aliquid
1809 1008 1896 1040 facis,

1485 1043 1533 1070 sed
1546 1044 1611 1076 quia
1626 1043 1673 1070 illo
1685 1044 1755 1070 nihil
1765 1044 1895 1076 faciente,

1485 1086 1613 1112 magnum
1629 1079 1735 1112 aliquid
1759 1081 1782 1105 te
1795 1079 1897 1111 fecisse

1486 1114 1630 1141 arbitraris
1642 1121 1649 1147 ;
1666 1117 1690 1140 et
1701 1116 1766 1148 quia
1778 1115 1817 1141 sic
1827 1122 1897 1147 gau-

1486 1149 1575 1182 detur,
1596 1151 1648 1175 etc.
1671 1149 1738 1176 Cod.
1766 1157 1802 1176 IV.
1819 1149 1897 1182 Quid

1486 1184 1624 1218 gaudetur
1638 1185 1669 1211 ob
1684 1184 1817 1218 quaedam,
1838 1188 1894 1210 etc.

1523 1219 1590 1247 Cod.
1617 1228 1654 1246 ιγ.
1688 1220 1814 1247 Servavit
1843 1220 1897 1246 tibi

1484 1258 1564 1290 pater
1572 1257 1643 1282 tuus.

1524 1291 1564 1317 Id.
1590 1291 1667 1317 Filiis
1691 1292 1743 1317 tuis
1759 1291 1896 1324 patrimo-

1487 1327 1563 1353 nium
1598 1328 1683 1353 tuum.
1727 1325 1794 1352 Vide
1833 1333 1895 1352 var.

1487 1361 1607 1388 Maurin.

1523 1396 1565 1423 Id.
1580 1397 1625 1423 Illi
1634 1396 1754 1428 debetur,
1767 1396 1803 1423 ad
1816 1404 1898 1430 quem

1484 1434 1607 1466 perrewit
1617 1440 1623 1465 ;
1648 1431 1752 1460 Christo
1772 1432 1896 1463 debetur,

1489 1468 1555 1501 quia
1570 1468 1626 1501 ipse
1641 1467 1725 1500 dixit,
1742 1470 1794 1494 etc.

1525 1537 1566 1564 Id.
1583 1538 1630 1564 An
1653 1545 1706 1565 non
1726 1540 1801 1572 potes
1822 1539 1901 1564 mitti

1489 1574 1519 1600 in
1533 1573 1625 1600 coelum
1637 1574 1651 1599 ?
1665 1573 1755 1600 Potest
1771 1581 1898 1607 prorsus,

1490 1609 1560 1636 sicut
1575 1608 1649 1635 dixit
1668 1609 1810 1636 Dominus.
1827 1609 1898 1636 Cod.

1492 1652 1520 1671 ιι.
1536 1645 1579 1671 An
1592 1651 1644 1671 non
1665 1646 1750 1678 potest
1772 1644 1847 1670 mitti
1868 1645 1898 1670 in

1493 1679 1608 1706 calum?
1646 1680 1734 1706 Potest
1770 1686 1896 1713 prorsus.

1046 1712 1123 1739 Audi
1136 1714 1202 1746 quia
1217 1712 1289 1747 quod
1301 1712 1362 1747 das,
1377 1714 1405 1740 in
1416 1715 1508 1741 cadum
1522 1715 1620 1746 mittis,
1635 1717 1688 1741 etc.

1082 1747 1154 1774 Ibid.
1172 1748 1315 1775 Tenebitur
1340 1749 1383 1775 hic
1406 1750 1454 1776 ubi

1044 1785 1132 1817 potest
1141 1785 1242 1817 perire,
1257 1791 1310 1810 non
1333 1785 1453 1811 mittitur

1046 1819 1110 1845 illuc
1131 1818 1179 1845 ubi
1198 1819 1321 1846 Christus
1343 1822 1381 1846 est
1405 1828 1451 1846 cu-

1046 1856 1100 1880 stos
1112 1854 1126 1880 ?

1082 1888 1153 1916 Ibid.
1167 1889 1319 1917 Precessit.
1338 1891 1380 1917 An
1392 1890 1451 1917 ido-

1047 1931 1112 1952 neus
1120 1927 1168 1957 est,
1184 1927 1238 1952 etc.

1083 1995 1115 2022 N.
1144 1996 1188 2022 2I.
1212 1997 1278 2023 Ecce
1307 2004 1359 2023 non
1375 1997 1453 2031 jubet

1047 2030 1181 2058 Christus.

1083 2065 1153 2092 Ibid.
1176 2066 1228 2093 Sed
1251 2074 1292 2093 eos
1307 2067 1380 2101 ipsos
1394 2075 1452 2094 mo—

1046 2101 1121 2128 ribus
1131 2103 1227 2128 vestris
1248 2102 1399 2129 hortamini.

1084 2136 1153 2163 Ibid.
1209 2138 1239 2164 In
1283 2138 1453 2172 eleemosynis

1045 2174 1156 2206 propter
1167 2173 1269 2199 minuta
1278 2176 1397 2207 peccata.

1525 1750 1592 1777 Cod.
1612 1758 1647 1776 iv.
1677 1750 1735 1778 Non
1773 1751 1899 1776 teneatur

1490 1786 1531 1811 hic
1546 1785 1593 1811 ubi
1618 1788 1705 1819 potest
1729 1786 1829 1820 perire,
1849 1785 1899 1811 sed

1489 1822 1551 1847 illuc
1567 1822 1702 1853 miltalur,
1716 1821 1763 1846 ubi
1778 1822 1835 1847 sine
1847 1828 1897 1855 pe—

1488 1856 1572 1882 rii-qu
1588 1858 1716 1882 servetur.

1526 1892 1594 1917 (20d.
1612 1900 1638 1916 ιι.
1662 1892 1808 1918 Prmcessit.
1825 1892 1898 1918 Par—

1491 1929 1540 1952 tem
1558 1927 1630 1953 illius
1644 1927 1750 1954 Christo
1765 1934 1899 1953 commen-

1491 1962 1536 1988 da.
1552 1962 1595 1988 An
1610 1962 1730 1994 idoneus,
1748 1965 1799 1988 etc.

1527 1997 1592 2023 Cod.
1618 2006 1652 2023 IV.
1683 1999 1745 2024 Ecce
1761 2005 1832 2024 nunc
1848 1998 1899 2031 ju-

1490 2033 1532 2059 bet
1544 2033 1677 2061 Christus.

1526 2068 1565 2095 Id.
1582 2068 1635 2096 Sed
1649 2075 1690 2095 eos
1709 2069 1764 2102 ipsi
1779 2068 1900 2094 moribus

1491 2105 1587 2130 vestris
1598 2103 1789 2130 adhortemini.

1528 2139 1568 2165 Ib.
1595 2140 1626 2165 In
1651 2139 1836 2173 elemosynis,
1856 2146 1899 2164 re-

1490 2174 1614 2201 dimendo
1642 2175 1746 2201 minuta
1767 2177 1895 2208 peccata.

1083 2256 1114 2282 In
1130 2255 1191 2283 cod.
1217 2263 1232 2283 u
1257 2258 1333 2283 totus
1348 2265 1485 2284 numerus
1501 2258 1531 2284 2i
1555 2257 1660 2291 ditfert,
1685 2257 1810 2293 exceptis
1825 2258 1900 2285 duo-

1048 2299 1099 2326 bus
1115 2299 1222 2327 ultimis
1238 2300 1399 2334 sententiis;
1425 2301 1464 2328 sic
1491 2301 1568 2329 enim
1589 2302 1664 2336 apud
1680 2302 1757 2328 hunc
1773 2301 1898 2336 legitur:

1051 2344 1156 2371 Videtis
1172 2351 1244 2378 ergo,
1258 2345 1360 2377 fratres
1377 2346 1437 2379 mei,
1469 2346 1572 2374 Christi
1595 2346 1831 2378 misericordiam;
1848 2347 1901 2372 Deo

1047 2389 1163 2422 gratias,
1181 2390 1245 2422 quia
1258 2396 1307 2423 per
1321 2390 1442 2423 pericula
1457 2391 1511 2417 ista
1526 2391 1668 2423 mortifera
1682 2392 1799 2417 cii-entes
1814 2390 1900 2417 audi-

1049 2434 1093 2459 tis.
1110 2433 1192 2460 Nemo
1209 2440 1255 2460 oos
1269 2433 1370 2466 fallat;
1383 2434 1441 2461 odit
1451 2435 1504 2461 ista
1519 2435 1600 2468 Deus,
1612 2434 1737 2462 vindieat
1747 2436 1802 2461 ista
1814 2434 1899 2461 Deus.

1048 2476 1109 2504 Ideo
1121 2478 1221 2511 parcit,
1238 2480 1268 2503 ut
1282 2479 1441 2510 mutemini;
1459 2478 1519 2505 ideo
1534 2486 1605 2505 nunc
1627 2486 1680 2505 non
1702 2478 1826 2505 vindicat
1846 2479 1901 2505 ista

1051 2522 1128 2554 Deus,
1144 2524 1173 2548 ut
1189 2523 1385 2549 convertamini
1397 2523 1434 2549 ad
1444 2524 1532 2550 illum.
1543 2524 1613 2552 Nam
1627 2523 1780 2550 vindicabit
1794 2526 1900 2557 postea,

1049 2567 1074 2593 si
1093 2568 1212 2594 conversi
1227 2575 1279 2594 non
1293 2568 1411 2601 fueritis.
1433 2568 1494 2596 Ideo
1510 2576 1563 2596 non
1576 2568 1711 2602 vindicat,
1728 2571 1758 2596 ut
1771 2570 1832 2596 vias
1852 2577 1900 2596 ne-

1049 2613 1121 2637 stras
1141 2612 1259 2644 mutetis,
1282 2614 1312 2638 ut
1337 2613 1469 2645 corrigere
1499 2613 1613 2640 valeatis
1630 2614 1661 2640 in
1684 2616 1825 2647 conspectu
1841 2614 1901 2647 ejus

1049 2662 1134 2682 mores
1157 2657 1268 2682 vestros.
1291 2656 1383 2683 Omnis
1407 2656 1446 2683 ibi
1470 2658 1612 2690 securitas,
1634 2657 1681 2683 ubi
1695 2657 1765 2684 nihil
1781 2658 1835 2684 tale
1849 2665 1899 2691 pa-

1052 2700 1141 2731 tiaris,
1157 2699 1227 2726 nihil
1242 2699 1294 2725 tale
1311 2700 1433 2733 tolerare,
1457 2701 1528 2727 nihil
1543 2701 1596 2727 tale
1614 2701 1736 2728 devitarc
1756 2701 1898 2735 jubearis.

1051 2744 1111 2771 Non
1131 2744 1239 2777 frangis
1260 2752 1359 2778 panem
1382 2753 1469 2779 egeno,
1497 2746 1563 2779 quia
1582 2753 1658 2772 nemo
1671 2746 1710 2772 ibi
1727 2747 1833 2777 esurit;
1848 2753 1901 2772 non

1048 2788 1128 2814 vestis
1150 2787 1263 2820 nudum,
1287 2788 1353 2821 quia
1376 2796 1464 2816 omnes
1491 2789 1696 2816 immortalitate
1709 2790 1799 2816 vestiti
1812 2792 1899 2816 sunt:

1048 2839 1100 2858 non
1115 2833 1230 2866 suscipis
1245 2834 1427 2866 peregrinum,
1444 2835 1510 2868 quia
1529 2841 1618 2860 omnes
1634 2835 1661 2860 in
1673 2835 1768 2868 patria
1782 2841 1832 2860 sua
1858 2836 1899 2860 ri-

1048 2878 1132 2907 runt;
1156 2884 1205 2902 uol:
1234 2877 1329 2904 risitas
1352 2885 1464 2911 zegrum,
1491 2879 1556 2912 quia
1580 2885 1670 2905 omnes
1690 2880 1821 2913 perpetuo
1835 2880 1901 2905 sani
