4068 6192
343 278 477 329 1163

332 402 603 470 peccator.
622 469 640 470 ί
655 395 1000 461 Attendebat,
1028 396 1138 470 etc.

410 469 560 523 Ibid.
613 469 908 536 Pauperem
956 479 1010 518 se
1055 464 1147 516 ille

338 541 602 608 cognovit.

1290 462 1370 515 Id.
1405 461 1705 530 Pauperem
1740 473 1796 514 se
1831 458 1921 512 ille
1950 471 2026 512 co-

1222 533 1438 599 gitavit.

938 655 1166 712 SERMO
1201 654 1427 710 XXXVII

413 766 645 838 Legitur
672 764 733 818 in
762 762 887 818 cod.
921 761 1134 817 Cassin.
1170 777 1264 823 vn,
1295 760 1392 814 fol.
1424 760 1549 814 380.

409 872 553 928 Edit.
613 872 678 926 N.
770 873 822 924 3.
904 869 1146 923 Mulieris
1288 865 1424 921 Cod.
1529 864 1779 920 Mulieris
1836 862 2021 930 hujus.

340 946 522 1013 hujus.
554 943 832 1013 Quantum
870 942 1009 993 enim
1024 954 1147 1013 per—
1216 936 1486 1013 Quantum
1505 938 1646 1013 enim
1688 935 1923 1013 pertinet
1951 932 2026 1013 a_d

339 1003 473 1070 tinet
534 1003 608 1066 ad
676 1012 979 1066 doctrinam
1024 1003 1145 1062 'elo-
1216 1007 1516 1061 doctrinam
1539 1006 1865 1072 eteloquium
1884 1003 2026 1056 unde

338 1087 533 1155 quium
558 1082 699 1137 unde
750 1080 1146 1155 fulget,_lapis
1214 1078 1389 1155 fulget
1419 1076 1560 1155 lapis
1601 1077 1873 1155 pretiosus
1913 1072 2028 1155 (‘do-

336 1145 604 1225 pretiosus
663 1145 779 1207 erat
805 1145 1142 1219 Cyprianus.
1218 1148 1565 1225 ctrina_enim
1604 1145 1879 1225 Dominica
1909 1145 2024 1225 fut-2

1217 1218 1352 1286 get),
1399 1217 1541 1285 lapis
1586 1218 1857 1285 pretiosus
1909 1218 2027 1268 erat

1220 1288 1547 1355 Cyprianus.

1291 1354 1372 1413 Id.
1406 1360 1473 1412 Et
1507 1361 1631 1410 tunc
1675 1354 1827 1410 dedit
1880 1368 2026 1409 escas

1219 1427 1405 1482 domui
1444 1429 1503 1480 in
1544 1425 1810 1481 noctibus.

1292 1497 1374 1551 Id.
1428 1499 1555 1566 Ipsa
1610 1497 1873 1563 sequitur.
1906 1497 2025 1550 Au-

1222 1568 1437 1621 diamus
1461 1584 1477 1636 ;
1506 1570 1586 1621 ita
1613 1569 1816 1621 vivatis
1836 1568 1896 1636 in
1928 1566 2027 1620 illa

411 1364 475 1418 N.
512 1368 564 1418 7.
601 1364 681 1417 Et
728 1366 852 1417 tunc
891 1359 1042 1414 dedit
1070 1361 1147 1412 eis

339 1449 508 1490 escas.

414 1507 478 1558 N.
537 1505 627 1556 26.
693 1504 819 1570 Ipsa
873 1503 1142 1569 sequetur.

340 1572 959 1640 Audiamus,audiamus
974 1586 1150 1639 quem-

341 1644 650 1699 admodum.

412 1855 476 1909 N.
517 1855 606 1908 29.
658 1854 821 1920 Fecit,
878 1850 1011 1917 fecit
1053 1849 1148 1903 di-
1222 1780 1572 1918 MEI‘df'Fecit,
1622 1847 1795 1915 digna
1840 1851 1920 1902 est
1937 1861 2029 1900 re-

339 1940 449 1994 gna
467 1929 546 1980 est
573 1926 828 1993 recipere.
1222 1920 1413 2001 cipere.

975 2031 1201 2088 SERMO
1231 2032 1390 2087 XLII.

413 2140 647 2212 Legitur
675 2140 735 2194 in
769 2138 896 2193 cod.
931 2138 1144 2192 Cassia.
1175 2153 1234 2204 ιι,
1266 2136 1368 2190 fol.
1408 2139 1494 2191 50.

412 2247 555 2301 Edit.
605 2246 670 2300 N.
717 2247 771 2299 2.
801 2247 871 2299 Et
900 2258 1002 2312 pro
1034 2257 1146 2297 mo-
1291 2241 1424 2298 Cod.
1452 2245 1524 2297 Et
1548 2257 1651 2312 pro
1689 2241 1914 2298 modicis
1942 2257 2030 2297 re-

342 2317 481 2372 dicis
528 2316 709 2382 rebus,
752 2330 857 2383 pro
902 2313 1143 2381 frivolis,
1222 2314 1317 2367 bus
1334 2315 1548 2383 profert
1569 2313 1739 2381 nobis,
1767 2328 1867 2382 pro
1886 2328 2029 2368 mor-

337 2403 440 2457 pro
467 2386 806 2451 mortalibus,
826 2388 930 2438 etc.
1111 2454 1120 2457 λ
1223 2385 1442 2457 talibus,
1475 2388 1582 2457 etc.

406 2458 480 2511 Ν.
516 2459 566 2511 3.
600 2458 762 2511 Scitis
781 2458 993 2521 fructus
1017 2454 1140 2521 mei,
1293 2452 1374 2508 Id.
1401 2455 1563 2509 Scitis
1586 2455 1799 2519 fructus
1819 2454 2032 2522 meiqui

340 2532 402 2583 ut
427 2528 694 2582 vobiscum
721 2528 843 2580 sim.
1222 2526 1355 2589 sint,
1386 2528 1448 2578 ut
1477 2523 1746 2579 vobiscum
1764 2526 1886 2579 sim.

953 2646 1180 2702 SERMO
1214 2647 1413 2702 LXVII.

411 2756 643 2827 Legitur
668 2754 728 2809 in
756 2753 882 2809 cod.
916 2753 1130 2809 Cassin.
1162 2770 1258 2821 vn,
1302 2753 1401 2807 fol.
1436 2755 1558 2816 439,
1616 2758 1675 2808 et
1717 2752 1845 2808 cod.
1898 2768 2029 2820 xvn,

340 2846 438 2901 fol.
472 2847 559 2900 34.

414 2934 557 2987 Edit.
593 2932 657 2986 N.
689 2933 742 2986 4.
766 2931 890 2987 Sive
908 2945 1030 2996 ergo
1052 2944 1149 2984 nos

340 3017 667 3067 accusemus,
698 3003 809 3056 sive
838 3004 1002 3055 Deum
1033 3003 1150 3055 lau-
1222 3014 1545 3066 accusemus,
1579 3002 1690 3054 sive
1719 3002 1888 3054 Deum
1918 3002 2033 3053 lau-

340 3075 545 3140 demus,
593 3074 672 3128 bis
729 3074 897 3126 Deum
953 3071 1148 3125 lauda-
1223 3070 1428 3136 demus,
1462 3084 1669 3138 semper
1696 3070 1783 3123 illi
1819 3073 2033 3138 gratias

338 3160 476 3200 mus.
533 3146 594 3200 Si
645 3144 733 3213 pie
787 3156 882 3197 nos
926 3156 1148 3213 accusa-
1223 3156 1381 3207 agere
1442 3141 1774 3213 studeamus,
1843 3157 1878 3194 a
1929 3157 2032 3210 quo

338 3230 479 3281 mus,
532 3211 696 3269 Deum
742 3215 930 3280 utique
967 3212 1152 3266 lauda-
1220 3214 1405 3279 gratia
1420 3211 2034 3278 gratisdatur,cuicum-

339 3300 479 3340 mus.
512 3284 762 3351 Quando,
793 3288 900 3337 etc.
1223 3297 1325 3349 que
1364 3282 1548 3335 datur.
1594 3284 1687 3336 Bis
1721 3296 1846 3348 ergo
1868 3285 2033 3336 Deum

1225 3352 1530 3413 laudamus,
1561 3354 1612 3406 si
1629 3354 1722 3421 pie
1750 3367 1847 3407 nos
1875 3368 2031 3407 accu-

340 3456 535 3508 semus,
567 3443 842 3509 Deumque
871 3438 1168 3493 laudemus.
1205 3438 1450 3505 Quando,
1481 3445 1587 3493 etc.

413 3514 478 3566 N.
556 3515 612 3564 '7.
700 3511 929 3578 Coaptat
1019 3509 1143 3576 sibi,
1298 3510 1430 3563 Cod.
1450 3526 1581 3564 xvu.
1606 3510 1897 3579 Coaptavit
1925 3512 2035 3565 sibi

337 3599 503 3638 unam
546 3582 685 3649 facit
724 3582 993 3647 Dominus,
1039 3583 1145 3633 etc.
1220 3594 1439 3633 carnem
1588 3596 1755 3635 unam
1901 3582 2032 3648 fecit

1222 3651 1501 3717 Dominus,
1536 3654 1642 3705 etc.

957 3754 1184 3811 SERMO
1222 3756 1419 3811 LXXII.

409 3863 643 3935 Legitur
677 3862 737 3917 in
765 3862 891 3917 cod.
925 3862 1073 3923 Cass.
1109 3877 1240 3930 xvu,
1271 3862 1369 3916 fol.
1404 3864 1494 3930 27,
1522 3861 1621 3917 ubi
1642 3877 1701 3918 n.
1740 3865 1794 3927 2,
1828 3879 2028 3918 eorum

336 3953 461 4006 loco
486 3967 499 4006 :
525 3953 786 4020 Quisquis
811 3952 984 4017 igitur
1011 3951 1161 4004 homo
1193 3949 1348 4003 hodie
1380 3950 1544 4005 bonus
1569 3955 1667 4017 est,
1704 3951 1767 4005 id
1794 3955 1894 4020 est,
1934 3969 2026 4007 ar-

338 4041 433 4096 bor
474 4041 631 4107 bona,
686 4040 834 4095 mala
873 4041 1097 4093 inventa
1146 4043 1225 4093 est
1268 4042 1321 4092 et
1368 4038 1506 4093 bona
1550 4040 1704 4106 facta
1748 4044 1839 4094 est.
1873 4041 1955 4095 Et
1983 4044 2033 4094 si

336 4128 553 4197 quando
578 4130 747 4195 venit,
774 4128 949 4181 malas
978 4127 1195 4181 arbores
1229 4125 1509 4182 eradicare
1529 4128 1710 4195 vellet,
1738 4131 1848 4196 etc,
1879 4128 2026 4199 legi-

1394 264 1771 322 SERMONUM
1811 260 2269 321 GENUINORUM
2309 261 2367 317 S.
2408 258 2803 315 AUGUSTINI.

1211 394 1461 461 peccator
1532 388 2018 461 attendebatuetc.
2060 388 2101 441 Α
2200 385 2348 461 Ibid.
2398 385 2519 441 Non
2556 383 2732 438 decem
2768 380 2944 435 millia

2133 458 2477 513 talentorum.

2204 595 2348 650 Ibid.
2392 595 2570 663 Coepit
2618 605 2736 645 eum
2782 587 2945 657 suffo-

2134 671 2312 721 catum
2345 666 2575 730 trahere,
2624 666 2728 715 etc.

2206 803 2348 859 Ibid.
2375 803 2566 859 Omnia
2597 801 2785 856 dimisi
2819 798 2940 855 tibi.

2206 945 2248 999 N
2321 948 2375 999 2.
2430 946 2573 1008 Ecce,
2608 944 2831 1010 fratres,
2862 952 2947 992 res

2133 1017 2194 1069 in
2256 1020 2441 1084 aperto
2492 1018 2589 1080 est,
2618 1012 2946 1084 admonitio

2133 1081 2325 1150 utilis}
2388 1090 2440 1139 et
2501 1083 2660 1138 valde
2711 1081 2946 1136 salubris

2134 1155 2437 1210 obedientia
2464 1155 2704 1208 debetur.

2206 1227 2271 1280 N.
2306 1230 2359 1283 7.
2399 1226 2658 1293 Quisquis
2695 1222 2886 1291 incipit
2912 1235 2948 1273 a

2137 1296 2424 1365 baptismo,
2456 1296 2590 1350 liber
2617 1297 2749 1348 erit.

2206 1366 2346 1420 Ibid.
2386 1369 2444 1421 In
2485 1368 2597 1434 lege
2633 1370 2809 1417 autem
2834 1375 2947 1434 mo-

2136 1436 2237 1491 dus
2264 1439 2409 1506 ﬁmus
2456 1432 2560 1501 est;
2596 1432 2948 1501 transgressio

2135 1514 2313 1562 autem
2336 1511 2615 1576 peccatum
2635 1509 2730 1559 est.

2209 1577 2351 1632 Ibid.
2385 1578 2541 1631 Adeo
2558 1588 2812 1642 magnum
2831 1585 2949 1641 my-

1220 1643 1269 1693 ϐι
1335 1635 1469 1718 οῖιηῖ
1534 1638 1669 1718 ίζιας
1738 1635 2025 1718 ειμᾴίαηιυε
2065 1661 2106 1715 Β
2134 1651 2357 1703 sterium
2375 1635 2671 1718 ﬁguratum
2698 1649 2799 1699 est.

1223 1707 1692 1776 quemadmodum.
1739 1706 1879 1761 Vide
1930 1721 2043 1760 var-

2208 1787 2353 1843 Ibid.
2412 1788 2461 1843 A
2513 1785 2815 1856 septenario
2872 1786 2949 1856 ta-

2135 1873 2256 1913 men
2302 1873 2521 1913 numero
2564 1853 2683 1912 non
2743 1853 2948 1909 recedi-

2138 1934 2246 1983 tur.

2206 1998 2348 2053 Ibid.
2389 1998 2532 2054 Illud
2560 1996 2807 2052 undecim
2848 1994 2951 2048 duc

2135 2072 2347 2139 septies.

2208 2139 2349 2193 Ibid.
2434 2139 2625 2194 Melius
2686 2141 2765 2191 est
2829 2149 2949 2190 cum

2136 2212 2337 2265 clamas
2366 2223 2471 2263 ore.

2207 2281 2272 2335 N.
2310 2283 2361 2334 8.
2420 2279 2788 2347 Corripiamus
2827 2291 2949 2330 ver-

2139 2351 2241 2414 bis,
2287 2353 2416 2404 etsi
2450 2364 2582 2419 opus
2621 2352 2717 2415 est,
2746 2352 2797 2402 et
2825 2362 2948 2401 ver-

2138 2421 2370 2475 beribus.

2209 2491 2347 2545 Ibid.
2386 2491 2476 2545 Sic
2515 2505 2639 2559 ergo
2683 2490 2793 2543 ista
2829 2502 2949 2542 mo-

2136 2563 2364 2615 nuerim.
2398 2601 2412 2615 .
2447 2599 2463 2615 .
2539 2562 2635 2629 qui
2704 2573 2951 2629 peccave-

2137 2634 2320 2687 rint...
2353 2628 2668 2699 diligamus,
2699 2630 2765 2684 de
2786 2628 2948 2684 corde

2137 2706 2319 2756 nostro
2373 2702 2692 2755 charitatem
2748 2703 2807 2754 in
2864 2713 2949 2752 eos

2136 2788 2244 2828 non
2271 2772 2629 2827 dimittamus.

3693 256 3832 308 “6i-

3086 376 3265 433 Codd.
3284 417 3299 444 ,
3346 446 3353 447 ί
3373 381 3603 447 excepto
3699 376 3827 431 cod.

3020 463 3139 503 xw.
3175 449 3295 504 Non
3319 446 3495 502 decem
3508 446 3701 501 millia
3741 453 3832 501 ta—

3017 520 3190 575 lenta.

3087 588 3260 643 Codd.
3299 604 3370 641 vn
3402 592 3461 642 et
3499 604 3609 643 xvx.
3662 589 3837 657 Cepit

3017 659 3281 728 suffocare
3307 674 3446 725 eum,
3470 660 3704 728 trahere,
3723 663 3833 713 etc.

3017 729 3219 786 Ceeteri
3258 734 3322 782 ut
3348 728 3407 782 in
3460 728 3651 783 editis.

3090 801 3368 924 .Omne
3397 799 3637 854 debitum
3679 798 3839 853 dimi-

3123 888 3142 924 ι
3182 886 3219 924 ι.

3017 873 3069 927 si
3101 873 3219 925 tibi.

3091 941 3172 995 Id.
3270 943 3416 1007 Ecce,
3475 941 3700 1007 fratres,
3750 955 3838 993 res

3017 1015 3077 1066 in
3110 1015 3316 1080 aperto,
3378 1013 3487 1075 est;
3538 1010 3838 1063 admonitio

3017 1082 3174 1157 utilis
3195 1085 3286 1157 est
3301 1080 3461 1157 valde
3492 1084 3553 1157 et
3571 1081 3837 1145 salubris;

3017 1152 3321 1208 obedientia
3348 1151 3589 1204 debetur.

3091 1221 3264 1276 Codd.
3321 1222 3581 1290 Quisquis
3634 1223 3839 1290 incipit

3019 1309 3056 1347 a
3084 1293 3350 1361 baptismo
3375 1292 3512 1344 liber
3539 1305 3668 1346 esse.

3092 1362 3175 1416 Id.
3226 1363 3291 1415 In
3336 1363 3448 1427 lege
3507 1367 3685 1415 autem
3717 1375 3837 1413 mo-

3020 1433 3121 1487 dus
3157 1434 3301 1499 ﬁmus
3338 1437 3417 1486 est
3435 1448 3452 1500 ;
3476 1433 3839 1499 transgressio

3017 1507 3296 1575 peccatum
3314 1506 3413 1556 est.

3093 1572 3206 1628 Cod
3256 1588 3409 1626 xxnv.
3471 1572 3518 1626 A
3572 1573 3676 1626 Deo
3723 1586 3842 1624 ma-

3022 1659 3187 1712 gnum
3255 1645 3571 1711 mysterium
3624 1645 3838 1712 ﬁgura-

3026 1720 3139 1770 tum
3167 1716 3265 1767 est.

3093 1783 3232 1840 Cod.
3254 1799 3345 1837 xvx
3374 1787 3431 1837 et
3450 1799 3606 1837 xxm.
3639 1783 3689 1837 Α
3716 1797 3842 1851 sep-

3024 1856 3231 1910 tenario
3265 1859 3443 1908 tamen
3477 1868 3694 1909 numero
3729 1869 3841 1907 non

3023 1924 3296 1981 recedunt.

3096 1996 3179 2050 Id.
3239 1994 3381 2049 Illud
3430 1994 3677 2051 undecim
3729 1994 3842 2049 du-

3024 2071 3112 2122 cta
3140 2068 3336 2136 septies
3378 2066 3513 2133 (sic).

3094 2136 3230 2191 Cod.
3289 2151 3439 2190 xxxv.
3502 2135 3694 2190 Melius
3760 2139 3846 2189 est

3021 2209 3161 2262 enim
3189 2222 3312 2260 cum
3342 2207 3543 2260 clamas
3580 2220 3688 2259 ore.

3094 2276 3267 2332 Codd.
3316 2276 3685 2345 Corripiamus
3726 2291 3847 2328 ver-

3024 2348 3125 2472 gis,
3184 2349 3236 2402 si
3284 2362 3414 2416 opus
3456 2353 3555 2413 est,
3602 2346 3844 2411 verberi-

3058 2432 3139 2472 us.

3058 2432 3139 2472 US.

3093 2488 3173 2542 Id.
3227 2488 3322 2542 Sic
3372 2502 3495 2555 ergo
3548 2487 3661 2540 ista
3723 2502 3843 2542 mo.

3020 2560 3184 2613 nui...
3253 2560 3350 2626 qui
3409 2563 3841 2626 peccaverunt...

3021 2629 3315 2696 diligamus
3345 2627 3410 2681 de
3437 2627 3592 2682 corde
3627 2632 3843 2691 nostro,

3021 2701 3340 2754 charitatem
3387 2700 3447 2753 in
3487 2712 3571 2753 eos
3603 2712 3711 2751 non
3763 2699 3851 2752 di—

3020 2772 3320 2824 mittamus.

2686 2838 2915 2895 SEBMO
2959 2840 3275 2896 LXXXVIII.

1292 2928 1428 2984 cod,
1477 2945 1571 2983 νη,
1615 2930 1739 2985 Sive
1780 2944 1905 2996 ergo
1935 2945 2031 2984 ηοε
2070 2942 2108 2997 C
2214 2886 2464 2997 Hébet‘ur
2489 2911 2548 2997 ip
2578 2886 3597 2997 codri-dssrwg‘fdl}:Sil-ubiprobis
3625 2909 3844 2997 verbis,

2145 2998 2203 3037 n.
2254 2988 2306 3049 7,
2370 2983 2522 3040 Nihil
2576 2983 2669 3036 illo
2720 2986 2953 3050 tempore
3016 2983 3133 3048 fuit
3188 2983 3600 3050 ignominiosius
3672 2996 3847 3048 quam

2143 3067 2285 3107 mors
2314 3056 2503 3107 crucis.
2533 3055 2649 3109 Non
2680 3052 2820 3105 enim
2848 3054 3084 3121 frustra,
3115 3056 3246 3120 etc.,
3292 3052 3502 3122 legitur
3528 3067 3541 3104 :
3570 3052 3722 3105 Nihil
3743 3053 3849 3106 illo

2144 3129 2376 3192 tempore
2430 3125 2542 3190 fuit
2594 3124 3009 3191 ignominiosius
3068 3137 3231 3191 quam
3280 3138 3425 3177 mors
3472 3123 3695 3179 Christi.
3718 3124 3848 3177 Non

2141 3197 2283 3248 enim
2309 3209 2445 3248 crum
2488 3198 2613 3248 tunc
2661 3193 2995 3247 honorabilis
3020 3197 3159 3261 erat,
3190 3192 3283 3247 sed
3301 3194 3687 3260 ignominiosa.
3718 3194 3849 3247 Non

2142 3267 2283 3318 enim
2310 3265 2544 3332 frustra,
2578 3267 2691 3331 etc;
2722 3263 2880 3334 quod
2900 3264 3145 3334 glossam
3184 3264 3421 3334 alicujus
3471 3261 3685 3318 notarii
3713 3279 3849 3317 cre-

2744 3403 2970 3458 SERMO
3003 3402 3228 3458 XCVIII.

2212 3474 2460 3529 Habetur
2504 3490 2539 3529 a
2586 3489 2645 3528 n.
2698 3476 2731 3527 2
2769 3474 2839 3528 ad
2879 3474 3131 3528 medium
3159 3490 3217 3529 n.
3252 3477 3282 3529 5
3310 3472 3369 3528 in
3401 3473 3528 3530 cod.
3561 3490 3653 3530 xv:
3686 3474 3841 3530 Bibl.

2141 3334 2402 3389 diderim.

2140 3545 2369 3615 Mugell.
2401 3546 2651 3599 Florent.
2679 3543 2778 3599 fol.
2817 3547 2935 3598 127.

2213 3615 2361 3670 Edit.
2433 3617 2496 3669 N.
2563 3618 2617 3669 2.
2702 3615 2950 3681 Quotidie

2139 3688 2417 3741 suscitatis
2445 3685 2663 3753 gaudet.

2210 3756 2352 3811 Ibid.
2427 3758 2573 3811 Mors
2654 3755 2949 3811 invisibilis

2138 3841 2235 3883 nec
2268 3827 2630 3896 quaerebatur.

2211 3965 2353 4020 Ibid.
2426 3968 2571 4021 Dicti
2633 3971 2758 4023 sunt
2810 3981 2948 4035 saepe

2139 4036 2461 4092 dormientes
2501 4042 2552 4092 et
2590 4040 2791 4092 mortui
2813 4040 2946 4092 visi-

2140 4107 2345 4161 biliter.

2210 4178 2353 4231 Ibid.
2414 4179 2577 4234 Nemo
2634 4182 2744 4232 tam
2800 4179 2946 4243 faci-

333 4221 462 4315 tur‘:
486 4218 747 4315 Quisquis
770 4216 943 4315 igitur
969 4219 1046 4270 est
1073 4214 1366 4315 mutandus
1393 4214 1657 4315 ho‘mo,‘ut
1706 4230 1870 4315 opera
1898 4232 2016 4271 mu-
2056 4224 2097 4277 D

333 4310 549 4370 tentur;
579 4305 663 4359 vel
689 4304 844 4358 hodie
880 4304 1032 4358 homo
1080 4303 1242 4358 bonus
1286 4308 1382 4371 est,
1406 4303 1467 4356 id
1506 4307 1602 4370 est,
1649 4304 1807 4359 arbor
1841 4304 2013 4359 bona:

2195 4318 2261 4371 N.
2288 4321 2338 4373 3.
2375 4320 2500 4373 Tres
2556 4323 2735 4372 autem
2788 4334 2932 4374 mor-

331 4394 479 4448 mala
508 4394 727 4447 inventa
752 4395 831 4446 est
856 4396 907 4446 et
934 4391 1070 4446 bona
1097 4393 1248 4459 facta
1270 4396 1366 4446 est.
1395 4393 1466 4446 Et
1496 4393 1547 4447 si
1566 4392 1783 4461 quando
1809 4394 2018 4449 invenit
2124 4392 2261 4461 tuos.

330 4482 507 4536 malas
537 4481 775 4549 arbores,
805 4480 1086 4535 eradicare
1114 4481 1290 4536 vellet.

912 4603 1141 4660 SERMO
1168 4604 1434 4658 LXXXIII.

402 4710 632 4781 Legitur
677 4709 737 4764 in
769 4709 917 4764 Bibl.
971 4710 1242 4773 Florent.,
1292 4710 1436 4779 plut.
1485 4725 1637 4770 xvm,
1683 4710 1808 4765 cod.
1861 4726 2013 4777 xxm,

324 4798 423 4853 fol.
464 4799 606 4865 118;
642 4796 703 4850 in
748 4796 947 4851 eadem
996 4795 1161 4864 Bibl.,
1212 4796 1357 4866 plut.
1408 4810 1559 4864 xvm,
1592 4797 1718 4852 cod.
1746 4813 1890 4863 xxxv,
1912 4798 2011 4852 fol.

330 4888 422 4941 141
454 4902 467 4954 ;
498 4885 560 4939 in
593 4885 732 4940 Bibl.
761 4885 1014 4956 Mugell.,
1050 4884 1173 4940 cod.
1197 4901 1310 4953 ΠΙ,
1344 4885 1440 4941 fol.
1472 4888 1609 4953 I37;
1659 4889 1717 4940 et
1765 4886 1826 4940 in
1869 4885 2010 4941 Bibl.

328 4975 503 5041 Cass.,
533 4974 636 5028 cod
686 4989 817 5037 xvn,
842 4972 940 5028 fol.
968 4975 1055 5029 28.

396 5088 546 5143 Edit.
609 5089 677 5143 N.
739 5092 788 5143 1.
823 5089 954 5145 Cum
990 5090 1133 5142 enim

324 5159 420 5214 hoc
463 5159 695 5213 dixisset
742 5162 1006 5215 Dominus
1042 5161 1129 5214 Je-

321 5243 413 5283 sus
442 5231 614 5292 Petro,
630 5229 877 5297 subjecit.

392 5298 535 5353 Ibid.
623 5300 808 5355 Omnis
865 5299 982 5367 ejus
1036 5301 1131 5366 fa-

319 5369 475 5422 milia
518 5373 567 5423 et
611 5370 728 5438 ipse
791 5369 1125 5424 venderetur.

1204 5156 1435 5210 dixisset
1496 5157 1766 5227 Dominus
1836 5160 2009 5227 Iesus,

1204 5228 1390 5281 Petrus
1419 5226 1662 5295 subjecit.

1203 5368 1427 5491 tfamilia
1452 5371 1503 5422 et
1558 5370 1675 5437 ipse
1726 5368 2011 5423 venderen-

1226 5454 1317 5491 ur.

1226 5454 1317 5493 ur.

2193 4458 2337 4514 Ibid.
2362 4460 2558 4514 Mirati
2575 4463 2701 4514 sunt
2722 4462 2934 4514 tantum

2124 4531 2259 4599 quia
2285 4530 2440 4595 facta
2470 4535 2618 4585 sunt.

2194 4599 2336 4655 Ibid.
2424 4602 2683 4654 Esuriens
2768 4616 2934 4670 poma

2123 4672 2374 4740 quaesivit
2407 4672 2465 4724 in
2497 4669 2706 4726 arbore.

2194 4740 2332 4795 Ibid.
2365 4740 2471 4795 Sed
2508 4744 2635 4795 sunt
2680 4742 2779 4810 qui
2802 4743 2929 4808 fru-

2193 4952 2257 5005 N.
2293 4954 2344 5020 5.
2374 4954 2444 5005 Et
2472 4957 2534 5006 ut
2561 4954 2643 5020 ﬁt,
2683 4956 2747 5006 ut
2778 4954 2934 5006 novi-

2190 5231 2333 5286 Ibid.
2378 5233 2478 5286 Isti
2505 5234 2602 5301 qui
2633 5234 2694 5288 in
2719 5233 2930 5299 factum

1277 5297 1414 5371 God.
1474 5312 1587 5371 xvi.
1662 5296 1867 5371 0mnis_
1893 5299 2011 5367 ejus
2113 5307 2504 5371 processerunt.

2190 5372 2332 5426 Ibid.
2409 5374 2573 5427 Vivus
2649 5373 2921 5430 redditur.

2118 5444 2299 5497 Potuit
2322 5444 2601 5513 progredi.

3091 3614 3225 3671 Cod.
3288 3615 3546 3680 Quotidie
3605 3619 3845 3672 resusci-

3022 3688 3153 3740 tatis
3181 3686 3402 3754 gaudet.

3094 3756 3174 3811 Id.
3206 3758 3351 3811 Mors
3392 3756 3688 3812 invisibilis
3732 3759 3847 3811 ali-

3021 3826 3077 3880 bi
3129 3841 3195 3881 ne
3253 3826 3614 3894 querebatur.
3697 3829 3844 3883 Vide

3016 3912 3136 3951 var.
3169 3898 3344 3951 Maur.
3380 3907 3390 3917 ‘

3094 3968 3173 4023 Id.
3206 3970 3347 4022 Dicti
3373 3972 3501 4023 sunt
3528 3983 3668 4038 saepe
3704 3968 3845 4023 dor-

3019 4039 3263 4108 mientes,
3294 4041 3578 4094 morientes
3605 4041 3846 4095 visibili-

3021 4113 3120 4163 ter.

3090 4179 3171 4234 Id.
3218 4180 3359 4235 Nam
3405 4194 3556 4234 nemo
3604 4185 3719 4235 tam
3746 4183 3844 4248 fa-

3006 4250 3169 4306 cile...
3204 4264 3389 4318 quam‘
3410 4251 3688 4306 Christus.

3079 4320 3161 4376 Id.
3200 4323 3325 4375 Tres
3368 4323 3514 4375 enim
3567 4327 3841 4379 mortuos.

3075 4460 3157 4515 Id.
3188 4463 3384 4517 Mirati
3423 4467 3551 4517 sunt
3620 4468 3846 4519 tantum

3007 4547 3124 4601 quae
3149 4534 3457 4599 factasunt.

3076 4601 3156 4674 Id.
3201 4604 3461 4658 Esuriens
3480 4620 3645 4674 poma
3690 4620 3846 4674 qua}-

3003 4671 3157 4727 rebat
3185 4675 3244 4727 in
3285 4671 3494 4730 arbore:

3077 4743 3157 4797 Id.
3208 4743 3315 4799 Sed
3361 4751 3488 4799 sunt
3540 4748 3642 4814 qui
3707 4748 3845 4813 fru-

2121 4815 2264 4865 ctum
2307 4812 2580 4887 votuntute
2649 4812 2785 4866 dare
2829 4827 2936 4866 non
3011 4818 3154 4868 ctum
3199 4815 3473 4887 voluntate
3517 4812 3653 4871 dare
3708 4832 3843 4887 pos-

2118 4885 2370 4954 possunt;
2389 4881 2657 4949 pessime.
3009 4889 3136 4954 sunt
3159 4903 3175 4951 ;
3206 4884 3446 4954 optime.

3080 4953 3162 5008 ld.
3193 4953 3286 5026 Et
3326 4954 3416 5026 ﬁt,
3457 4960 3518 5011 ut
3555 4959 3839 5025 novimus,

2121 5036 2259 5089 mus,
2292 5016 2353 5075 ut
2400 5016 2642 5094 quotidie
2687 5023 2931 5094 homines
3009 5028 3070 5079 ut
3097 5016 3338 5094 quotidie
3387 5016 3631 5083 homines
3688 5032 3750 5084 in
3782 5016 3843 5084 se

1277 5086 1433 5165 C_od._
1459 5102 1554 5165 vni.
1585 5084 1719 5165 cum
1746 5088 1889 5165 enim
1919 5088 2012 5143 hoc
2120 5094 2178 5165 in
2205 5084 2260 5147 se
2279 5084 2650 5162 experiuntur,
2676 5093 2931 5161 aliquan-
3006 5084 3400 5165 aperiuntur;

2124 5161 2213 5224 do,
2257 5166 2363 5216 etc.
3007 5161 3111 5219 etc.

3073 5235 3158 5290 Id.
3189 5237 3294 5292 Isti
3335 5240 3468 5307 quia
3518 5241 3579 5294 in
3605 5242 3835 5307 factum

2997 5315 3390 5376 processerunt.

3072 5377 3153 5450 Id.
3196 5380 3371 5450 Vivus,
3411 5379 3663 5436 redditus
3720 5396 3828 5450 po-

3004 5449 3111 5503 tuit
3133 5449 3414 5517 progredi.

3503 5099 3835 5168 aliquando,
3922 5125 3929 5129 α
