  <div class='ocr_page' id='page_1' title='image "/cluster/home/n/w/nwhite01/storage/ocr_20150623/47/hvd.32044096580683/588.png"; bbox 0 0 4068 6192; ppageno 0'>
   <div class='ocr_carea' id='block_1_1' title="bbox 227 318 366 369">
    <p class='ocr_par' dir='ltr' id='par_1_1' title="bbox 227 318 366 369">
     <span class='ocr_line' id='line_1_1' title="bbox 227 318 366 369; baseline 0 -1"><span class='ocrx_word' id='word_1_1' title='bbox 227 318 366 369; x_wconf 73' lang='lat' dir='ltr'>H63</span> 
     </span>
    </p>
   </div>
   <div class='ocr_carea' id='block_1_2' title="bbox 1575 323 2402 384">
    <p class='ocr_par' dir='ltr' id='par_1_2' title="bbox 1575 323 2402 384">
     <span class='ocr_line' id='line_1_2' title="bbox 1575 323 2402 384; baseline 0.006 -8"><span class='ocrx_word' id='word_1_2' title='bbox 1575 323 1956 379; x_wconf 85' lang='lat' dir='ltr'>LECTIONES</span> <span class='ocrx_word' id='word_1_3' title='bbox 1994 325 2402 384; x_wconf 80' lang='lat' dir='ltr'>VARIANTES.</span> 
     </span>
    </p>
   </div>
   <div class='ocr_carea' id='block_1_3' title="bbox 864 440 1296 497">
    <p class='ocr_par' dir='ltr' id='par_1_3' title="bbox 864 440 1296 497">
     <span class='ocr_line' id='line_1_3' title="bbox 864 440 1296 497; baseline 0.005 -3"><span class='ocrx_word' id='word_1_4' title='bbox 864 440 1095 496; x_wconf 81' lang='lat' dir='ltr'>SERMO</span> <span class='ocrx_word' id='word_1_5' title='bbox 1123 442 1296 497; x_wconf 83' lang='lat' dir='ltr'>XCIX.</span> 
     </span>
    </p>
   </div>
   <div class='ocr_carea' id='block_1_4' title="bbox 293 524 1044 596">
    <p class='ocr_par' dir='ltr' id='par_1_4' title="bbox 293 524 1044 596">
     <span class='ocr_line' id='line_1_4' title="bbox 293 524 1044 596; baseline 0.004 -19"><span class='ocrx_word' id='word_1_6' title='bbox 293 524 530 593; x_wconf 79' lang='lat' dir='ltr'>Legitur</span> <span class='ocrx_word' id='word_1_7' title='bbox 553 525 611 580; x_wconf 92' lang='lat' dir='ltr'>in</span> <span class='ocrx_word' id='word_1_8' title='bbox 644 526 783 580; x_wconf 83' lang='lat' dir='ltr'>Bibl.</span> <span class='ocrx_word' id='word_1_9' title='bbox 818 528 1044 596; x_wconf 83' lang='lat' dir='ltr'>Mugell.</span> 
     </span>
    </p>
   </div>
   <div class='ocr_carea' id='block_1_5' title="bbox 1103 529 1919 598">
    <p class='ocr_par' dir='ltr' id='par_1_5' title="bbox 1103 529 1919 598">
     <span class='ocr_line' id='line_1_5' title="bbox 1103 529 1919 598; baseline 0.009 -17"><span class='ocrx_word' id='word_1_10' title='bbox 1103 529 1349 583; x_wconf 75' lang='lat' dir='ltr'>Floreat.</span> <span class='ocrx_word' id='word_1_11' title='bbox 1401 532 1520 586; x_wconf 90' lang='lat' dir='ltr'>cod.</span> <span class='ocrx_word' id='word_1_12' title='bbox 1569 549 1661 598; x_wconf 81' lang='lat' dir='ltr'>xv,</span> <span class='ocrx_word' id='word_1_13' title='bbox 1701 534 1797 588; x_wconf 85' lang='lat' dir='ltr'>fol.</span> <span class='ocrx_word' id='word_1_14' title='bbox 1832 537 1919 594; x_wconf 85' lang='lat'>87,</span> 
     </span>
    </p>
   </div>
   <div class='ocr_carea' id='block_1_6' title="bbox 221 596 1775 671">
    <p class='ocr_par' dir='ltr' id='par_1_6' title="bbox 221 596 1775 671">
     <span class='ocr_line' id='line_1_6' title="bbox 221 596 1775 671; baseline 0.009 -26"><span class='ocrx_word' id='word_1_15' title='bbox 221 609 254 646; x_wconf 73' lang='grc' dir='ltr'>ει</span> <span class='ocrx_word' id='word_1_16' title='bbox 279 596 535 650; x_wconf 86' lang='lat' dir='ltr'>secunda</span> <span class='ocrx_word' id='word_1_17' title='bbox 566 597 850 650; x_wconf 75' lang='lat' dir='ltr'>sententia</span> <span class='ocrx_word' id='word_1_18' title='bbox 880 614 936 650; x_wconf 87' lang='lat' dir='ltr'>n.</span> <span class='ocrx_word' id='word_1_19' title='bbox 980 601 996 650; x_wconf 91' lang='lat' dir='ltr'>I</span> <span class='ocrx_word' id='word_1_20' title='bbox 1033 598 1103 652; x_wconf 83' lang='lat' dir='ltr'>ad</span> <span class='ocrx_word' id='word_1_21' title='bbox 1137 599 1352 669; x_wconf 83' lang='lat' dir='ltr'>primas</span> <span class='ocrx_word' id='word_1_22' title='bbox 1378 602 1609 671; x_wconf 83' lang='lat' dir='ltr'>phrases</span> <span class='ocrx_word' id='word_1_23' title='bbox 1639 596 1693 657; x_wconf 63' lang='grc' dir='ltr'>ἐι.</span> <span class='ocrx_word' id='word_1_24' title='bbox 1724 608 1775 659; x_wconf 92' lang='grc'>8.</span> 
     </span>
    </p>
   </div>
   <div class='ocr_carea' id='block_1_7' title="bbox 295 682 1037 738">
    <p class='ocr_par' dir='ltr' id='par_1_7' title="bbox 295 682 1037 738">
     <span class='ocr_line' id='line_1_7' title="bbox 295 682 1037 738; baseline 0.004 -4"><span class='ocrx_word' id='word_1_25' title='bbox 295 682 442 736; x_wconf 85' lang='lat' dir='ltr'>Edit.</span> <span class='ocrx_word' id='word_1_26' title='bbox 504 684 568 737; x_wconf 86' lang='lat' dir='ltr'>N.</span> <span class='ocrx_word' id='word_1_27' title='bbox 631 688 680 738; x_wconf 82' lang='lat' dir='ltr'>l.</span> <span class='ocrx_word' id='word_1_28' title='bbox 733 686 881 738; x_wconf 80' lang='lat' dir='ltr'>Mala</span> <span class='ocrx_word' id='word_1_29' title='bbox 929 687 1037 738; x_wconf 90' lang='lat' dir='ltr'>uti-</span> 
     </span>
    </p>
   </div>
   <div class='ocr_carea' id='block_1_8' title="bbox 221 756 530 820">
    <p class='ocr_par' dir='ltr' id='par_1_8' title="bbox 221 756 530 820">
     <span class='ocr_line' id='line_1_8' title="bbox 221 756 530 820; baseline 0.006 -16"><span class='ocrx_word' id='word_1_30' title='bbox 221 768 328 820; x_wconf 87' lang='lat' dir='ltr'>que</span> <span class='ocrx_word' id='word_1_31' title='bbox 354 756 530 817; x_wconf 89' lang='lat' dir='ltr'>fama.</span> 
     </span>
    </p>
   </div>
   <div class='ocr_carea' id='block_1_9' title="bbox 292 822 1035 880">
    <p class='ocr_par' dir='ltr' id='par_1_9' title="bbox 292 822 1035 880">
     <span class='ocr_line' id='line_1_9' title="bbox 292 822 1035 880; baseline 0.005 -5"><span class='ocrx_word' id='word_1_32' title='bbox 292 822 436 876; x_wconf 84' lang='lat' dir='ltr'>Ibid.</span> <span class='ocrx_word' id='word_1_33' title='bbox 486 824 587 878; x_wconf 82' lang='lat' dir='ltr'>Illi</span> <span class='ocrx_word' id='word_1_34' title='bbox 626 824 870 878; x_wconf 86' lang='lat' dir='ltr'>sanando</span> <span class='ocrx_word' id='word_1_35' title='bbox 922 827 1035 880; x_wconf 83' lang='lat' dir='ltr'>ido-</span> 
     </span>
    </p>
   </div>
   <div class='ocr_carea' id='block_1_10' title="bbox 215 907 520 948">
    <p class='ocr_par' dir='ltr' id='par_1_10' title="bbox 215 907 520 948">
     <span class='ocr_line' id='line_1_10' title="bbox 215 907 520 948; baseline 0.013 -4"><span class='ocrx_word' id='word_1_36' title='bbox 215 907 375 945; x_wconf 84' lang='lat' dir='ltr'>neum</span> <span class='ocrx_word' id='word_1_37' title='bbox 393 909 520 948; x_wconf 76' lang='lat'>8558.</span> 
     </span>
    </p>
   </div>
   <div class='ocr_carea' id='block_1_11' title="bbox 293 964 1034 1035">
    <p class='ocr_par' dir='ltr' id='par_1_11' title="bbox 293 964 1034 1035">
     <span class='ocr_line' id='line_1_11' title="bbox 293 964 1034 1035; baseline 0.005 -19"><span class='ocrx_word' id='word_1_38' title='bbox 293 964 434 1017; x_wconf 87' lang='lat' dir='ltr'>Ibid.</span> <span class='ocrx_word' id='word_1_39' title='bbox 501 964 666 1018; x_wconf 82' lang='lat' dir='ltr'>Fudit</span> <span class='ocrx_word' id='word_1_40' title='bbox 703 1034 706 1035; x_wconf 16' lang='grc' dir='ltr'><em>ν</em></span> <span class='ocrx_word' id='word_1_41' title='bbox 741 965 1034 1035; x_wconf 82' lang='lat' dir='ltr'>lacrymas,</span> 
     </span>
    </p>
   </div>
   <div class='ocr_carea' id='block_1_12' title="bbox 217 1034 1032 1101">
    <p class='ocr_par' dir='ltr' id='par_1_12' title="bbox 217 1034 1032 1101">
     <span class='ocr_line' id='line_1_12' title="bbox 217 1034 1032 1101; baseline 0.006 -16"><span class='ocrx_word' id='word_1_42' title='bbox 217 1037 540 1101; x_wconf 87' lang='lat' dir='ltr'>sanguinem</span> <span class='ocrx_word' id='word_1_43' title='bbox 587 1034 803 1100; x_wconf 87' lang='lat' dir='ltr'>cordis;</span> <span class='ocrx_word' id='word_1_44' title='bbox 851 1041 902 1090; x_wconf 87' lang='lat' dir='ltr'>et</span> <span class='ocrx_word' id='word_1_45' title='bbox 952 1034 1032 1090; x_wconf 58' lang='lat' dir='ltr'>laé</span> 
     </span>
    </p>
   </div>
   <div class='ocr_carea' id='block_1_13' title="bbox 217 1106 320 1157">
    <p class='ocr_par' dir='ltr' id='par_1_13' title="bbox 217 1106 320 1157">
     <span class='ocr_line' id='line_1_13' title="bbox 217 1106 320 1157; baseline 0.019 -2"><span class='ocrx_word' id='word_1_46' title='bbox 217 1106 320 1157; x_wconf 87' lang='lat' dir='ltr'>vit.</span> 
     </span>
    </p>
   </div>
   <div class='ocr_carea' id='block_1_14' title="bbox 291 1174 1032 1243">
    <p class='ocr_par' dir='ltr' id='par_1_14' title="bbox 291 1174 1032 1243">
     <span class='ocr_line' id='line_1_14' title="bbox 291 1174 1032 1243; baseline 0.005 -16"><span class='ocrx_word' id='word_1_47' title='bbox 291 1175 354 1227; x_wconf 89' lang='lat' dir='ltr'>N.</span> <span class='ocrx_word' id='word_1_48' title='bbox 398 1178 451 1228; x_wconf 80' lang='lat'>2.</span> <span class='ocrx_word' id='word_1_49' title='bbox 504 1177 613 1228; x_wconf 86' lang='lat' dir='ltr'>Hoc</span> <span class='ocrx_word' id='word_1_50' title='bbox 657 1174 807 1243; x_wconf 89' lang='lat' dir='ltr'>apud</span> <span class='ocrx_word' id='word_1_51' title='bbox 855 1191 909 1230; x_wconf 89' lang='lat' dir='ltr'>se</span> <span class='ocrx_word' id='word_1_52' title='bbox 946 1192 1032 1231; x_wconf 88' lang='lat' dir='ltr'>co-</span> 
     </span>
    </p>
   </div>
   <div class='ocr_carea' id='block_1_15' title="bbox 213 1246 772 1310">
    <p class='ocr_par' dir='ltr' id='par_1_15' title="bbox 213 1246 772 1310">
     <span class='ocr_line' id='line_1_15' title="bbox 213 1246 772 1310; baseline 0.002 -14"><span class='ocrx_word' id='word_1_53' title='bbox 213 1246 432 1310; x_wconf 86' lang='lat' dir='ltr'>gitabat</span> <span class='ocrx_word' id='word_1_54' title='bbox 464 1251 514 1298; x_wconf 91' lang='lat' dir='ltr'>et</span> <span class='ocrx_word' id='word_1_55' title='bbox 543 1246 772 1298; x_wconf 89' lang='lat' dir='ltr'>dicebat.</span> 
     </span>
    </p>
   </div>
   <div class='ocr_carea' id='block_1_16' title="bbox 289 1316 1028 1370">
    <p class='ocr_par' dir='ltr' id='par_1_16' title="bbox 289 1316 1028 1370">
     <span class='ocr_line' id='line_1_16' title="bbox 289 1316 1028 1370; baseline 0.003 -2"><span class='ocrx_word' id='word_1_56' title='bbox 289 1316 356 1368; x_wconf 82' lang='grc' dir='ltr'>Ν.</span> <span class='ocrx_word' id='word_1_57' title='bbox 392 1318 443 1369; x_wconf 89' lang='lat'>3.</span> <span class='ocrx_word' id='word_1_58' title='bbox 485 1317 619 1368; x_wconf 89' lang='lat' dir='ltr'>Jam</span> <span class='ocrx_word' id='word_1_59' title='bbox 658 1317 781 1370; x_wconf 82' lang='lat' dir='ltr'>hinc</span> <span class='ocrx_word' id='word_1_60' title='bbox 821 1317 1028 1370; x_wconf 85' lang='lat' dir='ltr'>intelli-</span> 
     </span>
    </p>
   </div>
   <div class='ocr_carea' id='block_1_17' title="bbox 211 1387 1028 1455">
    <p class='ocr_par' dir='ltr' id='par_1_17' title="bbox 211 1387 1028 1455">
     <span class='ocr_line' id='line_1_17' title="bbox 211 1387 1028 1455; baseline 0.004 -18"><span class='ocrx_word' id='word_1_61' title='bbox 211 1389 313 1451; x_wconf 90' lang='lat' dir='ltr'>gat</span> <span class='ocrx_word' id='word_1_62' title='bbox 341 1387 663 1450; x_wconf 77' lang='lat' dir='ltr'>Pharisaeus,</span> <span class='ocrx_word' id='word_1_63' title='bbox 697 1389 747 1439; x_wconf 92' lang='lat' dir='ltr'>si</span> <span class='ocrx_word' id='word_1_64' title='bbox 766 1402 870 1440; x_wconf 86' lang='lat' dir='ltr'>non</span> <span class='ocrx_word' id='word_1_65' title='bbox 928 1404 1028 1455; x_wconf 86' lang='lat' dir='ltr'>po-</span> 
     </span>
    </p>
   </div>
   <div class='ocr_carea' id='block_1_18' title="bbox 215 1456 1030 1526">
    <p class='ocr_par' dir='ltr' id='par_1_18' title="bbox 215 1456 1030 1526">
     <span class='ocr_line' id='line_1_18' title="bbox 215 1456 1030 1526; baseline 0.002 -18"><span class='ocrx_word' id='word_1_66' title='bbox 215 1460 361 1508; x_wconf 86' lang='lat' dir='ltr'>terat</span> <span class='ocrx_word' id='word_1_67' title='bbox 381 1456 896 1523; x_wconf 83' lang='lat' dir='ltr'>viderepeccantem,</span> <span class='ocrx_word' id='word_1_68' title='bbox 933 1459 1030 1526; x_wconf 90' lang='lat' dir='ltr'>qui</span> 
     </span>
    </p>
   </div>
   <div class='ocr_carea' id='block_1_19' title="bbox 202 1527 1024 1594">
    <p class='ocr_par' dir='ltr' id='par_1_19' title="bbox 202 1527 1024 1594">
     <span class='ocr_line' id='line_1_19' title="bbox 202 1527 1024 1594; baseline 0.002 -15"><span class='ocrx_word' id='word_1_69' title='bbox 202 1529 393 1594; x_wconf 84' lang='lat' dir='ltr'>potuit</span> <span class='ocrx_word' id='word_1_70' title='bbox 432 1527 626 1580; x_wconf 87' lang='lat' dir='ltr'>audire</span> <span class='ocrx_word' id='word_1_71' title='bbox 681 1528 1024 1592; x_wconf 82' lang='lat' dir='ltr'>cogitantem.</span> 
     </span>
    </p>
   </div>
   <div class='ocr_carea' id='block_1_20' title="bbox 283 1666 1024 1735">
    <p class='ocr_par' dir='ltr' id='par_1_20' title="bbox 283 1666 1024 1735">
     <span class='ocr_line' id='line_1_20' title="bbox 283 1666 1024 1735; baseline 0.005 -17"><span class='ocrx_word' id='word_1_72' title='bbox 283 1666 352 1719; x_wconf 86' lang='lat' dir='ltr'>N.</span> <span class='ocrx_word' id='word_1_73' title='bbox 437 1667 489 1720; x_wconf 83' lang='grc'>4.</span> <span class='ocrx_word' id='word_1_74' title='bbox 570 1667 1024 1735; x_wconf 88' lang='lat' dir='ltr'>Concupiscentiis</span> 
     </span>
    </p>
   </div>
   <div class='ocr_carea' id='block_1_21' title="bbox 205 1737 896 1802">
    <p class='ocr_par' dir='ltr' id='par_1_21' title="bbox 205 1737 896 1802">
     <span class='ocr_line' id='line_1_21' title="bbox 205 1737 896 1802; baseline 0.003 -12"><span class='ocrx_word' id='word_1_75' title='bbox 205 1738 324 1790; x_wconf 87' lang='lat' dir='ltr'>suis</span> <span class='ocrx_word' id='word_1_76' title='bbox 353 1737 663 1792; x_wconf 87' lang='lat' dir='ltr'>carnalibus</span> <span class='ocrx_word' id='word_1_77' title='bbox 692 1739 896 1802; x_wconf 83' lang='lat' dir='ltr'>favent.</span> 
     </span>
    </p>
   </div>
   <div class='ocr_carea' id='block_1_22' title="bbox 285 1808 1024 1877">
    <p class='ocr_par' dir='ltr' id='par_1_22' title="bbox 285 1808 1024 1877">
     <span class='ocr_line' id='line_1_22' title="bbox 285 1808 1024 1877; baseline 0.004 -18"><span class='ocrx_word' id='word_1_78' title='bbox 285 1808 351 1860; x_wconf 86' lang='lat' dir='ltr'>N.</span> <span class='ocrx_word' id='word_1_79' title='bbox 387 1812 438 1860; x_wconf 87' lang='lat'>5.</span> <span class='ocrx_word' id='word_1_80' title='bbox 473 1808 616 1873; x_wconf 87' lang='lat' dir='ltr'>Quid</span> <span class='ocrx_word' id='word_1_81' title='bbox 661 1823 804 1874; x_wconf 89' lang='lat' dir='ltr'>ergo,</span> <span class='ocrx_word' id='word_1_82' title='bbox 845 1811 1024 1877; x_wconf 90' lang='lat' dir='ltr'>inquit</span> 
     </span>
    </p>
   </div>
   <div class='ocr_carea' id='block_1_23' title="bbox 210 1877 634 1943">
    <p class='ocr_par' dir='ltr' id='par_1_23' title="bbox 210 1877 634 1943">
     <span class='ocr_line' id='line_1_23' title="bbox 210 1877 634 1943; baseline 0.002 -12"><span class='ocrx_word' id='word_1_83' title='bbox 210 1879 396 1943; x_wconf 86' lang='lat' dir='ltr'>facere</span> <span class='ocrx_word' id='word_1_84' title='bbox 426 1878 587 1931; x_wconf 87' lang='lat' dir='ltr'>debui</span> <span class='ocrx_word' id='word_1_85' title='bbox 607 1877 634 1933; x_wconf 78' lang='lat'><strong>?</strong></span> 
     </span>
    </p>
   </div>
   <div class='ocr_carea' id='block_1_24' title="bbox 283 1948 1022 2018">
    <p class='ocr_par' dir='ltr' id='par_1_24' title="bbox 283 1948 1022 2018">
     <span class='ocr_line' id='line_1_24' title="bbox 283 1948 1022 2018; baseline 0.003 -18"><span class='ocrx_word' id='word_1_86' title='bbox 283 1948 437 2002; x_wconf 86' lang='lat' dir='ltr'>Ibid.</span> <span class='ocrx_word' id='word_1_87' title='bbox 489 1949 595 2003; x_wconf 97' lang='lat' dir='ltr'>Sed</span> <span class='ocrx_word' id='word_1_88' title='bbox 636 1951 892 2003; x_wconf 81' lang='lat' dir='ltr'><strong><em>Dominus</em></strong></span> <span class='ocrx_word' id='word_1_89' title='bbox 926 1951 1022 2018; x_wconf 88' lang='lat' dir='ltr'>qui</span> 
     </span>
    </p>
   </div>
   <div class='ocr_carea' id='block_1_25' title="bbox 209 2018 806 2086">
    <p class='ocr_par' dir='ltr' id='par_1_25' title="bbox 209 2018 806 2086">
     <span class='ocr_line' id='line_1_25' title="bbox 209 2018 806 2086; baseline 0.003 -16"><span class='ocrx_word' id='word_1_90' title='bbox 209 2018 321 2070; x_wconf 56' lang='lat' dir='ltr'>haec</span> <span class='ocrx_word' id='word_1_91' title='bbox 352 2034 482 2072; x_wconf 87' lang='lat' dir='ltr'>vera</span> <span class='ocrx_word' id='word_1_92' title='bbox 509 2022 806 2086; x_wconf 81' lang='lat' dir='ltr'>proposuit.</span> 
     </span>
    </p>
   </div>
   <div class='ocr_carea' id='block_1_26' title="bbox 283 2089 1021 2158">
    <p class='ocr_par' dir='ltr' id='par_1_26' title="bbox 283 2089 1021 2158">
     <span class='ocr_line' id='line_1_26' title="bbox 283 2089 1021 2158; baseline 0.005 -18"><span class='ocrx_word' id='word_1_93' title='bbox 283 2089 348 2141; x_wconf 87' lang='lat' dir='ltr'>N.</span> <span class='ocrx_word' id='word_1_94' title='bbox 377 2092 428 2142; x_wconf 86' lang='lat'>6.</span> <span class='ocrx_word' id='word_1_95' title='bbox 463 2092 705 2144; x_wconf 81' lang='lat' dir='ltr'>Noverat</span> <span class='ocrx_word' id='word_1_96' title='bbox 757 2089 893 2158; x_wconf 89' lang='lat' dir='ltr'>quid</span> <span class='ocrx_word' id='word_1_97' title='bbox 933 2104 1021 2144; x_wconf 91' lang='lat' dir='ltr'>sa-</span> 
     </span>
    </p>
   </div>
   <div class='ocr_carea' id='block_1_27' title="bbox 209 2164 457 2213">
    <p class='ocr_par' dir='ltr' id='par_1_27' title="bbox 209 2164 457 2213">
     <span class='ocr_line' id='line_1_27' title="bbox 209 2164 457 2213; baseline 0.008 -3"><span class='ocrx_word' id='word_1_98' title='bbox 209 2164 457 2213; x_wconf 83' lang='lat' dir='ltr'>naretur.</span> 
     </span>
    </p>
   </div>
   <div class='ocr_carea' id='block_1_28' title="bbox 284 2229 1020 2299">
    <p class='ocr_par' dir='ltr' id='par_1_28' title="bbox 284 2229 1020 2299">
     <span class='ocr_line' id='line_1_28' title="bbox 284 2229 1020 2299; baseline 0.007 -19"><span class='ocrx_word' id='word_1_99' title='bbox 284 2229 428 2282; x_wconf 90' lang='lat' dir='ltr'>Ibid.</span> <span class='ocrx_word' id='word_1_100' title='bbox 457 2233 616 2285; x_wconf 89' lang='lat' dir='ltr'>Petra</span> <span class='ocrx_word' id='word_1_101' title='bbox 643 2234 722 2285; x_wconf 91' lang='lat' dir='ltr'>est</span> <span class='ocrx_word' id='word_1_102' title='bbox 747 2233 1020 2299; x_wconf 78' lang='lat' dir='ltr'>refugium</span> 
     </span>
    </p>
   </div>
   <div class='ocr_carea' id='block_1_29' title="bbox 208 2298 452 2355">
    <p class='ocr_par' dir='ltr' id='par_1_29' title="bbox 208 2298 452 2355">
     <span class='ocr_line' id='line_1_29' title="bbox 208 2298 452 2355; baseline 0.012 -3"><span class='ocrx_word' id='word_1_103' title='bbox 208 2298 452 2355; x_wconf 82' lang='lat' dir='ltr'>hericiis.</span> 
     </span>
    </p>
   </div>
   <div class='ocr_carea' id='block_1_30' title="bbox 283 2369 1016 2439">
    <p class='ocr_par' dir='ltr' id='par_1_30' title="bbox 283 2369 1016 2439">
     <span class='ocr_line' id='line_1_30' title="bbox 283 2369 1016 2439; baseline 0.004 -17"><span class='ocrx_word' id='word_1_104' title='bbox 283 2369 426 2423; x_wconf 91' lang='lat' dir='ltr'>Ibid.</span> <span class='ocrx_word' id='word_1_105' title='bbox 469 2371 686 2439; x_wconf 76' lang='lat' dir='ltr'>Accipit</span> <span class='ocrx_word' id='word_1_106' title='bbox 727 2373 1016 2426; x_wconf 70' lang='lat' dir='ltr'>auxilium.</span> 
     </span>
    </p>
   </div>
   <div class='ocr_carea' id='block_1_31' title="bbox 283 2440 1021 2497">
    <p class='ocr_par' dir='ltr' id='par_1_31' title="bbox 283 2440 1021 2497">
     <span class='ocr_line' id='line_1_31' title="bbox 283 2440 1021 2497; baseline 0.007 -5"><span class='ocrx_word' id='word_1_107' title='bbox 283 2440 425 2493; x_wconf 87' lang='lat' dir='ltr'>Ibid.</span> <span class='ocrx_word' id='word_1_108' title='bbox 485 2443 633 2495; x_wconf 86' lang='lat' dir='ltr'>Motu</span> <span class='ocrx_word' id='word_1_109' title='bbox 687 2446 735 2495; x_wconf 88' lang='lat' dir='ltr'>et</span> <span class='ocrx_word' id='word_1_110' title='bbox 781 2458 902 2497; x_wconf 92' lang='lat' dir='ltr'>voce</span> <span class='ocrx_word' id='word_1_111' title='bbox 932 2458 1021 2496; x_wconf 88' lang='lat' dir='ltr'>ve-</span> 
     </span>
    </p>
   </div>
   <div class='ocr_carea' id='block_1_32' title="bbox 207 2513 697 2566">
    <p class='ocr_par' dir='ltr' id='par_1_32' title="bbox 207 2513 697 2566">
     <span class='ocr_line' id='line_1_32' title="bbox 207 2513 697 2566; baseline 0.004 -4"><span class='ocrx_word' id='word_1_112' title='bbox 207 2514 330 2563; x_wconf 87' lang='lat' dir='ltr'>stra</span> <span class='ocrx_word' id='word_1_113' title='bbox 354 2513 697 2566; x_wconf 65' lang='lat' dir='ltr'>intellexisse.</span> 
     </span>
    </p>
   </div>
   <div class='ocr_carea' id='block_1_33' title="bbox 282 2581 1020 2651">
    <p class='ocr_par' dir='ltr' id='par_1_33' title="bbox 282 2581 1020 2651">
     <span class='ocr_line' id='line_1_33' title="bbox 282 2581 1020 2651; baseline 0.001 -17"><span class='ocrx_word' id='word_1_114' title='bbox 282 2581 348 2634; x_wconf 85' lang='lat' dir='ltr'>N.</span> <span class='ocrx_word' id='word_1_115' title='bbox 410 2586 461 2636; x_wconf 83' lang='lat'>7.</span> <span class='ocrx_word' id='word_1_116' title='bbox 521 2584 656 2636; x_wconf 89' lang='lat' dir='ltr'>Jam</span> <span class='ocrx_word' id='word_1_117' title='bbox 719 2597 860 2637; x_wconf 86' lang='lat' dir='ltr'>nunc</span> <span class='ocrx_word' id='word_1_118' title='bbox 889 2585 1020 2651; x_wconf 85' lang='lat' dir='ltr'>quia</span> 
     </span>
    </p>
   </div>
   <div class='ocr_carea' id='block_1_34' title="bbox 209 2654 1020 2721">
    <p class='ocr_par' dir='ltr' id='par_1_34' title="bbox 209 2654 1020 2721">
     <span class='ocr_line' id='line_1_34' title="bbox 209 2654 1020 2721; baseline 0.005 -18"><span class='ocrx_word' id='word_1_119' title='bbox 209 2655 272 2704; x_wconf 89' lang='lat' dir='ltr'>ut</span> <span class='ocrx_word' id='word_1_120' title='bbox 338 2654 631 2720; x_wconf 78' lang='lat' dir='ltr'>potuimus,</span> <span class='ocrx_word' id='word_1_121' title='bbox 677 2655 1020 2721; x_wconf 73' lang='lat' dir='ltr'>quaestionem</span> 
     </span>
    </p>
   </div>
   <div class='ocr_carea' id='block_1_35' title="bbox 205 2722 1019 2789">
    <p class='ocr_par' dir='ltr' id='par_1_35' title="bbox 205 2722 1019 2789">
     <span class='ocr_line' id='line_1_35' title="bbox 205 2722 1019 2789; baseline 0.004 -16"><span class='ocrx_word' id='word_1_122' title='bbox 205 2722 544 2789; x_wconf 79' lang='lat' dir='ltr'>profundam</span> <span class='ocrx_word' id='word_1_123' title='bbox 565 2725 623 2776; x_wconf 87' lang='lat' dir='ltr'>in</span> <span class='ocrx_word' id='word_1_124' title='bbox 643 2725 864 2778; x_wconf 89' lang='lat' dir='ltr'>tantilla</span> <span class='ocrx_word' id='word_1_125' title='bbox 890 2728 1019 2777; x_wconf 90' lang='lat' dir='ltr'>tem-</span> 
     </span>
    </p>
   </div>
   <div class='ocr_carea' id='block_1_36' title="bbox 205 2793 1015 2860">
    <p class='ocr_par' dir='ltr' id='par_1_36' title="bbox 205 2793 1015 2860">
     <span class='ocr_line' id='line_1_36' title="bbox 205 2793 1015 2860; baseline 0.006 -19"><span class='ocrx_word' id='word_1_126' title='bbox 205 2795 361 2856; x_wconf 82' lang='lat' dir='ltr'>poris</span> <span class='ocrx_word' id='word_1_127' title='bbox 419 2793 678 2847; x_wconf 82' lang='lat' dir='ltr'>brevitate</span> <span class='ocrx_word' id='word_1_128' title='bbox 728 2795 1015 2860; x_wconf 85' lang='lat' dir='ltr'>solvimus;</span> 
     </span>
    </p>
   </div>
   <div class='ocr_carea' id='block_1_37' title="bbox 204 2865 1018 2930">
    <p class='ocr_par' dir='ltr' id='par_1_37' title="bbox 204 2865 1018 2930">
     <span class='ocr_line' id='line_1_37' title="bbox 204 2865 1018 2930; baseline 0.006 -17"><span class='ocrx_word' id='word_1_129' title='bbox 204 2867 305 2914; x_wconf 87' lang='lat' dir='ltr'>aut</span> <span class='ocrx_word' id='word_1_130' title='bbox 353 2865 402 2915; x_wconf 86' lang='lat' dir='ltr'>si</span> <span class='ocrx_word' id='word_1_131' title='bbox 456 2865 692 2918; x_wconf 88' lang='lat' dir='ltr'>nondum</span> <span class='ocrx_word' id='word_1_132' title='bbox 743 2866 1018 2930; x_wconf 82' lang='lat' dir='ltr'>solvimus,</span> 
     </span>
    </p>
   </div>
   <div class='ocr_carea' id='block_1_38' title="bbox 204 2932 1012 2999">
    <p class='ocr_par' dir='ltr' id='par_1_38' title="bbox 204 2932 1012 2999">
     <span class='ocr_line' id='line_1_38' title="bbox 204 2932 1012 2999; baseline 0.006 -15"><span class='ocrx_word' id='word_1_133' title='bbox 204 2932 499 2999; x_wconf 71' lang='lat' dir='ltr'>debitores,</span> <span class='ocrx_word' id='word_1_134' title='bbox 549 2939 610 2987; x_wconf 89' lang='lat' dir='ltr'>ut</span> <span class='ocrx_word' id='word_1_135' title='bbox 654 2935 797 2999; x_wconf 72' lang='lat' dir='ltr'>dimi,</span> <span class='ocrx_word' id='word_1_136' title='bbox 831 2939 1012 2989; x_wconf 88' lang='lat' dir='ltr'>tenea-</span> 
     </span>
    </p>
   </div>
   <div class='ocr_carea' id='block_1_39' title="bbox 206 3003 942 3072">
    <p class='ocr_par' dir='ltr' id='par_1_39' title="bbox 206 3003 942 3072">
     <span class='ocr_line' id='line_1_39' title="bbox 206 3003 942 3072; baseline 0.004 -17"><span class='ocrx_word' id='word_1_137' title='bbox 206 3018 364 3056; x_wconf 89' lang='lat' dir='ltr'>mur:</span> <span class='ocrx_word' id='word_1_138' title='bbox 399 3004 537 3057; x_wconf 91' lang='lat' dir='ltr'>illud</span> <span class='ocrx_word' id='word_1_139' title='bbox 557 3007 762 3072; x_wconf 82' lang='lat' dir='ltr'>potius,</span> <span class='ocrx_word' id='word_1_140' title='bbox 791 3009 896 3058; x_wconf 92' lang='lat' dir='ltr'>etc.</span> <span class='ocrx_word' id='word_1_141' title='bbox 923 3003 942 3016; x_wconf 64' lang='lat'><strong>‘</strong></span> 
     </span>
    </p>
   </div>
   <div class='ocr_carea' id='block_1_40' title="bbox 278 3073 1015 3129">
    <p class='ocr_par' dir='ltr' id='par_1_40' title="bbox 278 3073 1015 3129">
     <span class='ocr_line' id='line_1_40' title="bbox 278 3073 1015 3129; baseline 0.004 -3"><span class='ocrx_word' id='word_1_142' title='bbox 278 3073 420 3127; x_wconf 90' lang='lat' dir='ltr'>Ibid.</span> <span class='ocrx_word' id='word_1_143' title='bbox 480 3075 576 3127; x_wconf 87' lang='lat' dir='ltr'>Ille</span> <span class='ocrx_word' id='word_1_144' title='bbox 631 3081 807 3128; x_wconf 90' lang='lat' dir='ltr'>autem</span> <span class='ocrx_word' id='word_1_145' title='bbox 859 3091 1015 3129; x_wconf 87' lang='lat' dir='ltr'>nove-</span> 
     </span>
    </p>
   </div>
   <div class='ocr_carea' id='block_1_41' title="bbox 201 3145 1016 3214">
    <p class='ocr_par' dir='ltr' id='par_1_41' title="bbox 201 3145 1016 3214">
     <span class='ocr_line' id='line_1_41' title="bbox 201 3145 1016 3214; baseline 0.006 -19"><span class='ocrx_word' id='word_1_146' title='bbox 201 3148 337 3214; x_wconf 84' lang='lat' dir='ltr'>rant</span> <span class='ocrx_word' id='word_1_147' title='bbox 391 3145 664 3198; x_wconf 82' lang='lat' dir='ltr'>hominum</span> <span class='ocrx_word' id='word_1_148' title='bbox 721 3161 825 3200; x_wconf 86' lang='lat' dir='ltr'>non</span> <span class='ocrx_word' id='word_1_149' title='bbox 864 3161 1016 3214; x_wconf 91' lang='lat' dir='ltr'>posse</span> 
     </span>
    </p>
   </div>
   <div class='ocr_carea' id='block_1_42' title="bbox 203 3213 498 3268">
    <p class='ocr_par' dir='ltr' id='par_1_42' title="bbox 203 3213 498 3268">
     <span class='ocr_line' id='line_1_42' title="bbox 203 3213 498 3268; baseline 0.007 -2"><span class='ocrx_word' id='word_1_150' title='bbox 203 3213 498 3268; x_wconf 72' lang='lat' dir='ltr'>dimittere.</span> 
     </span>
    </p>
   </div>
   <div class='ocr_carea' id='block_1_43' title="bbox 278 3284 1019 3355">
    <p class='ocr_par' dir='ltr' id='par_1_43' title="bbox 278 3284 1019 3355">
     <span class='ocr_line' id='line_1_43' title="bbox 278 3284 1019 3355; baseline 0.005 -18"><span class='ocrx_word' id='word_1_151' title='bbox 278 3284 405 3337; x_wconf 87' lang='lat' dir='ltr'>Ibid</span> <span class='ocrx_word' id='word_1_152' title='bbox 419 3325 432 3337; x_wconf 92' lang='lat'>.</span> <span class='ocrx_word' id='word_1_153' title='bbox 476 3285 649 3340; x_wconf 89' lang='lat' dir='ltr'>Solvit</span> <span class='ocrx_word' id='word_1_154' title='bbox 677 3289 1019 3355; x_wconf 77' lang='lat' dir='ltr'>quaestionem</span> 
     </span>
    </p>
   </div>
   <div class='ocr_carea' id='block_1_44' title="bbox 206 3357 662 3424">
    <p class='ocr_par' dir='ltr' id='par_1_44' title="bbox 206 3357 662 3424">
     <span class='ocr_line' id='line_1_44' title="bbox 206 3357 662 3424; baseline 0.002 -16"><span class='ocrx_word' id='word_1_155' title='bbox 206 3360 381 3408; x_wconf 89' lang='lat' dir='ltr'>motus</span> <span class='ocrx_word' id='word_1_156' title='bbox 403 3357 662 3424; x_wconf 89' lang='lat' dir='ltr'>ipsorum.</span> 
     </span>
    </p>
   </div>
   <div class='ocr_carea' id='block_1_45' title="bbox 280 3495 1019 3567">
    <p class='ocr_par' dir='ltr' id='par_1_45' title="bbox 280 3495 1019 3567">
     <span class='ocr_line' id='line_1_45' title="bbox 280 3495 1019 3567; baseline 0.008 -21"><span class='ocrx_word' id='word_1_157' title='bbox 280 3495 349 3549; x_wconf 86' lang='lat' dir='ltr'>N.</span> <span class='ocrx_word' id='word_1_158' title='bbox 410 3497 482 3567; x_wconf 15' lang='lat'>8.7</span> <span class='ocrx_word' id='word_1_159' title='bbox 511 3497 634 3563; x_wconf 89' lang='lat' dir='ltr'>Ego</span> <span class='ocrx_word' id='word_1_160' title='bbox 671 3512 802 3552; x_wconf 90' lang='lat' dir='ltr'>sano</span> <span class='ocrx_word' id='word_1_161' title='bbox 843 3513 1019 3567; x_wconf 88' lang='lat' dir='ltr'>quem—</span> 
     </span>
    </p>
   </div>
   <div class='ocr_carea' id='block_1_46' title="bbox 204 3566 701 3635">
    <p class='ocr_par' dir='ltr' id='par_1_46' title="bbox 204 3566 701 3635">
     <span class='ocr_line' id='line_1_46' title="bbox 204 3566 701 3635; baseline 0.006 -18"><span class='ocrx_word' id='word_1_162' title='bbox 204 3579 435 3634; x_wconf 84' lang='lat' dir='ltr'>cumque</span> <span class='ocrx_word' id='word_1_163' title='bbox 467 3566 701 3635; x_wconf 82' lang='lat' dir='ltr'>baptizo.</span> 
     </span>
    </p>
   </div>
   <div class='ocr_carea' id='block_1_47' title="bbox 1109 686 1920 809">
    <p class='ocr_par' dir='ltr' id='par_1_47' title="bbox 1109 686 1920 809">
     <span class='ocr_line' id='line_1_47' title="bbox 1109 686 1920 809; baseline 0.011 -71"><span class='ocrx_word' id='word_1_164' title='bbox 1109 686 1318 809; x_wconf 51' lang='lat' dir='ltr'>mzCod.</span> <span class='ocrx_word' id='word_1_165' title='bbox 1377 692 1534 744; x_wconf 75' lang='lat' dir='ltr'>Malae</span> <span class='ocrx_word' id='word_1_166' title='bbox 1585 695 1772 760; x_wconf 81' lang='lat' dir='ltr'>utique</span> <span class='ocrx_word' id='word_1_167' title='bbox 1833 695 1920 759; x_wconf 90' lang='lat' dir='ltr'>fa-</span> 
     </span>
    </p>
   </div>
   <div class='ocr_carea' id='block_1_48' title="bbox 1181 826 1918 887">
    <p class='ocr_par' dir='ltr' id='par_1_48' title="bbox 1181 826 1918 887">
     <span class='ocr_line' id='line_1_48' title="bbox 1181 826 1918 887; baseline 0.012 -9"><span class='ocrx_word' id='word_1_168' title='bbox 1181 826 1261 879; x_wconf 91' lang='lat' dir='ltr'>Id.</span> <span class='ocrx_word' id='word_1_169' title='bbox 1297 829 1451 882; x_wconf 81' lang='lat' dir='ltr'>Illum</span> <span class='ocrx_word' id='word_1_170' title='bbox 1498 831 1573 884; x_wconf 88' lang='lat' dir='ltr'>ad</span> <span class='ocrx_word' id='word_1_171' title='bbox 1612 833 1918 887; x_wconf 88' lang='lat' dir='ltr'>sanandum</span> 
     </span>
    </p>
   </div>
   <div class='ocr_carea' id='block_1_49' title="bbox 1107 896 1514 954">
    <p class='ocr_par' dir='ltr' id='par_1_49' title="bbox 1107 896 1514 954">
     <span class='ocr_line' id='line_1_49' title="bbox 1107 896 1514 954; baseline 0.015 -6"><span class='ocrx_word' id='word_1_172' title='bbox 1107 896 1356 951; x_wconf 87' lang='lat' dir='ltr'>idoneum</span> <span class='ocrx_word' id='word_1_173' title='bbox 1386 915 1514 954; x_wconf 89' lang='lat' dir='ltr'>esse.</span> 
     </span>
    </p>
   </div>
   <div class='ocr_carea' id='block_1_50' title="bbox 1182 967 1916 1042">
    <p class='ocr_par' dir='ltr' id='par_1_50' title="bbox 1182 967 1916 1042">
     <span class='ocr_line' id='line_1_50' title="bbox 1182 967 1916 1042; baseline 0.012 -23"><span class='ocrx_word' id='word_1_174' title='bbox 1182 967 1258 1042; x_wconf 84' lang='lat' dir='ltr'>Id.</span> <span class='ocrx_word' id='word_1_175' title='bbox 1323 970 1484 1024; x_wconf 88' lang='lat' dir='ltr'>Fudit</span> <span class='ocrx_word' id='word_1_176' title='bbox 1535 973 1825 1042; x_wconf 82' lang='lat' dir='ltr'>lacrymas,</span> <span class='ocrx_word' id='word_1_177' title='bbox 1867 979 1916 1028; x_wconf 90' lang='lat' dir='ltr'>et</span> 
     </span>
    </p>
   </div>
   <div class='ocr_carea' id='block_1_51' title="bbox 1109 1036 1260 1091">
    <p class='ocr_par' dir='ltr' id='par_1_51' title="bbox 1109 1036 1260 1091">
     <span class='ocr_line' id='line_1_51' title="bbox 1109 1036 1260 1091; baseline 0.013 -2"><span class='ocrx_word' id='word_1_178' title='bbox 1109 1036 1260 1091; x_wconf 80' lang='lat' dir='ltr'>lavit.</span> 
     </span>
    </p>
   </div>
   <div class='ocr_carea' id='block_1_52' title="bbox 1180 1177 1912 1251">
    <p class='ocr_par' dir='ltr' id='par_1_52' title="bbox 1180 1177 1912 1251">
     <span class='ocr_line' id='line_1_52' title="bbox 1180 1177 1912 1251; baseline 0.01 -21"><span class='ocrx_word' id='word_1_179' title='bbox 1180 1177 1405 1251; x_wconf 79' lang='lat' dir='ltr'>Id._Hoc</span> <span class='ocrx_word' id='word_1_180' title='bbox 1458 1182 1608 1251; x_wconf 87' lang='lat' dir='ltr'>apud</span> <span class='ocrx_word' id='word_1_181' title='bbox 1657 1197 1712 1236; x_wconf 91' lang='lat' dir='ltr'>se</span> <span class='ocrx_word' id='word_1_182' title='bbox 1769 1185 1912 1250; x_wconf 88' lang='lat' dir='ltr'>cogi-</span> 
     </span>
    </p>
   </div>
   <div class='ocr_carea' id='block_1_53' title="bbox 1107 1248 1484 1305">
    <p class='ocr_par' dir='ltr' id='par_1_53' title="bbox 1107 1248 1484 1305">
     <span class='ocr_line' id='line_1_53' title="bbox 1107 1248 1484 1305; baseline 0.013 -5"><span class='ocrx_word' id='word_1_183' title='bbox 1107 1250 1230 1301; x_wconf 88' lang='lat' dir='ltr'>tans</span> <span class='ocrx_word' id='word_1_184' title='bbox 1254 1248 1484 1305; x_wconf 89' lang='lat' dir='ltr'>dicebat.</span> 
     </span>
    </p>
   </div>
   <div class='ocr_carea' id='block_1_54' title="bbox 1105 1386 1910 1460">
    <p class='ocr_par' dir='ltr' id='par_1_54' title="bbox 1105 1386 1910 1460">
     <span class='ocr_line' id='line_1_54' title="bbox 1105 1386 1910 1460; baseline 0.01 -22"><span class='ocrx_word' id='word_1_185' title='bbox 1105 1386 1445 1454; x_wconf 73' lang='lat' dir='ltr'>Pharisaeus;</span> <span class='ocrx_word' id='word_1_186' title='bbox 1475 1392 1529 1447; x_wconf 88' lang='lat' dir='ltr'>si</span> <span class='ocrx_word' id='word_1_187' title='bbox 1565 1408 1670 1446; x_wconf 87' lang='lat' dir='ltr'>non</span> <span class='ocrx_word' id='word_1_188' title='bbox 1725 1386 1910 1460; x_wconf 76' lang='lat' dir='ltr'>potue-</span> 
     </span>
    </p>
   </div>
   <div class='ocr_carea' id='block_1_55' title="bbox 1101 1461 1906 1530">
    <p class='ocr_par' dir='ltr' id='par_1_55' title="bbox 1101 1461 1906 1530">
     <span class='ocr_line' id='line_1_55' title="bbox 1101 1461 1906 1530; baseline 0.01 -22"><span class='ocrx_word' id='word_1_189' title='bbox 1101 1462 1190 1510; x_wconf 90' lang='lat' dir='ltr'>rat</span> <span class='ocrx_word' id='word_1_190' title='bbox 1289 1461 1472 1514; x_wconf 86' lang='lat' dir='ltr'>videre</span> <span class='ocrx_word' id='word_1_191' title='bbox 1582 1469 1906 1530; x_wconf 79' lang='lat' dir='ltr'>peccantem,</span> 
     </span>
    </p>
   </div>
   <div class='ocr_carea' id='block_1_56' title="bbox 1101 1531 1908 1600">
    <p class='ocr_par' dir='ltr' id='par_1_56' title="bbox 1101 1531 1908 1600">
     <span class='ocr_line' id='line_1_56' title="bbox 1101 1531 1908 1600; baseline 0.01 -21"><span class='ocrx_word' id='word_1_192' title='bbox 1101 1531 1362 1594; x_wconf 88' lang='lat' dir='ltr'>quomodo</span> <span class='ocrx_word' id='word_1_193' title='bbox 1388 1535 1565 1600; x_wconf 89' lang='lat' dir='ltr'>potuit</span> <span class='ocrx_word' id='word_1_194' title='bbox 1594 1533 1776 1586; x_wconf 89' lang='lat' dir='ltr'>videre</span> <span class='ocrx_word' id='word_1_195' title='bbox 1824 1549 1908 1587; x_wconf 81' lang='lat' dir='ltr'>co-</span> 
     </span>
    </p>
   </div>
   <div class='ocr_carea' id='block_1_57' title="bbox 1097 1600 1714 1663">
    <p class='ocr_par' dir='ltr' id='par_1_57' title="bbox 1097 1600 1714 1663">
     <span class='ocr_line' id='line_1_57' title="bbox 1097 1600 1714 1663; baseline 0.002 -14"><span class='ocrx_word' id='word_1_196' title='bbox 1097 1600 1358 1663; x_wconf 85' lang='lat' dir='ltr'>gitantem</span> <span class='ocrx_word' id='word_1_197' title='bbox 1381 1608 1404 1655; x_wconf 83' lang='lat'><strong><em>?</em></strong></span> <span class='ocrx_word' id='word_1_198' title='bbox 1705 1645 1714 1650; x_wconf 94' lang='lat'>.</span> 
     </span>
    </p>
   </div>
   <div class='ocr_carea' id='block_1_58' title="bbox 1170 1669 1908 1740">
    <p class='ocr_par' dir='ltr' id='par_1_58' title="bbox 1170 1669 1908 1740">
     <span class='ocr_line' id='line_1_58' title="bbox 1170 1669 1908 1740; baseline 0.009 -20"><span class='ocrx_word' id='word_1_199' title='bbox 1170 1669 1251 1724; x_wconf 89' lang='lat' dir='ltr'>Id.</span> <span class='ocrx_word' id='word_1_200' title='bbox 1285 1672 1752 1740; x_wconf 87' lang='lat' dir='ltr'>Concupiscentias</span> <span class='ocrx_word' id='word_1_201' title='bbox 1781 1689 1908 1728; x_wconf 90' lang='lat' dir='ltr'>suas</span> 
     </span>
    </p>
   </div>
   <div class='ocr_carea' id='block_1_59' title="bbox 1097 1743 1609 1808">
    <p class='ocr_par' dir='ltr' id='par_1_59' title="bbox 1097 1743 1609 1808">
     <span class='ocr_line' id='line_1_59' title="bbox 1097 1743 1609 1808; baseline 0.014 -19"><span class='ocrx_word' id='word_1_202' title='bbox 1097 1743 1342 1795; x_wconf 83' lang='lat' dir='ltr'>carnales</span> <span class='ocrx_word' id='word_1_203' title='bbox 1374 1745 1609 1808; x_wconf 88' lang='lat' dir='ltr'>faciunt.</span> 
     </span>
    </p>
   </div>
   <div class='ocr_carea' id='block_1_60' title="bbox 1172 1808 1905 1883">
    <p class='ocr_par' dir='ltr' id='par_1_60' title="bbox 1172 1808 1905 1883">
     <span class='ocr_line' id='line_1_60' title="bbox 1172 1808 1905 1883; baseline 0.008 -21"><span class='ocrx_word' id='word_1_204' title='bbox 1172 1808 1251 1865; x_wconf 90' lang='lat' dir='ltr'>Id.</span> <span class='ocrx_word' id='word_1_205' title='bbox 1305 1812 1451 1877; x_wconf 82' lang='lat' dir='ltr'>Quid</span> <span class='ocrx_word' id='word_1_206' title='bbox 1494 1828 1637 1880; x_wconf 90' lang='lat' dir='ltr'>ergo,</span> <span class='ocrx_word' id='word_1_207' title='bbox 1698 1816 1905 1883; x_wconf 84' lang='lat' dir='ltr'>inquis,</span> 
     </span>
    </p>
   </div>
   <div class='ocr_carea' id='block_1_61' title="bbox 1099 1879 1513 1942">
    <p class='ocr_par' dir='ltr' id='par_1_61' title="bbox 1099 1879 1513 1942">
     <span class='ocr_line' id='line_1_61' title="bbox 1099 1879 1513 1942; baseline 0.019 -14"><span class='ocrx_word' id='word_1_208' title='bbox 1099 1879 1279 1942; x_wconf 85' lang='lat' dir='ltr'>facere</span> <span class='ocrx_word' id='word_1_209' title='bbox 1308 1883 1467 1936; x_wconf 82' lang='lat' dir='ltr'>debui</span> <span class='ocrx_word' id='word_1_210' title='bbox 1486 1883 1513 1936; x_wconf 77' lang='lat' dir='ltr'>‘l</span> 
     </span>
    </p>
   </div>
   <div class='ocr_carea' id='block_1_62' title="bbox 1170 1950 1909 2022">
    <p class='ocr_par' dir='ltr' id='par_1_62' title="bbox 1170 1950 1909 2022">
     <span class='ocr_line' id='line_1_62' title="bbox 1170 1950 1909 2022; baseline 0.011 -21"><span class='ocrx_word' id='word_1_211' title='bbox 1170 1950 1247 2006; x_wconf 89' lang='lat' dir='ltr'>Id.</span> <span class='ocrx_word' id='word_1_212' title='bbox 1283 1954 1388 2007; x_wconf 85' lang='lat' dir='ltr'>Sed</span> <span class='ocrx_word' id='word_1_213' title='bbox 1415 1955 1546 2022; x_wconf 85' lang='lat' dir='ltr'>quia</span> <span class='ocrx_word' id='word_1_214' title='bbox 1575 1954 1682 2007; x_wconf 71' lang='lat' dir='ltr'>haec</span> <span class='ocrx_word' id='word_1_215' title='bbox 1722 1957 1909 2009; x_wconf 88' lang='lat' dir='ltr'>Domi-</span> 
     </span>
    </p>
   </div>
   <div class='ocr_carea' id='block_1_63' title="bbox 1095 2027 1689 2092">
    <p class='ocr_par' dir='ltr' id='par_1_63' title="bbox 1095 2027 1689 2092">
     <span class='ocr_line' id='line_1_63' title="bbox 1095 2027 1689 2092; baseline 0.01 -23"><span class='ocrx_word' id='word_1_216' title='bbox 1095 2034 1196 2076; x_wconf 85' lang='lat' dir='ltr'>nus</span> <span class='ocrx_word' id='word_1_217' title='bbox 1222 2039 1351 2077; x_wconf 89' lang='lat' dir='ltr'>vera</span> <span class='ocrx_word' id='word_1_218' title='bbox 1387 2027 1689 2092; x_wconf 81' lang='lat' dir='ltr'>proposuit.</span> 
     </span>
    </p>
   </div>
   <div class='ocr_carea' id='block_1_64' title="bbox 1170 2094 1905 2162">
    <p class='ocr_par' dir='ltr' id='par_1_64' title="bbox 1170 2094 1905 2162">
     <span class='ocr_line' id='line_1_64' title="bbox 1170 2094 1905 2162; baseline 0.003 -16"><span class='ocrx_word' id='word_1_219' title='bbox 1170 2095 1250 2147; x_wconf 93' lang='lat' dir='ltr'>1d.</span> <span class='ocrx_word' id='word_1_220' title='bbox 1283 2096 1522 2149; x_wconf 82' lang='lat' dir='ltr'>Noverat</span> <span class='ocrx_word' id='word_1_221' title='bbox 1553 2094 1697 2162; x_wconf 88' lang='lat' dir='ltr'>quod</span> <span class='ocrx_word' id='word_1_222' title='bbox 1742 2110 1905 2149; x_wconf 88' lang='lat' dir='ltr'>sana-</span> 
     </span>
    </p>
   </div>
   <div class='ocr_carea' id='block_1_65' title="bbox 1098 2173 1266 2221">
    <p class='ocr_par' dir='ltr' id='par_1_65' title="bbox 1098 2173 1266 2221">
     <span class='ocr_line' id='line_1_65' title="bbox 1098 2173 1266 2221; baseline -0.018 -1"><span class='ocrx_word' id='word_1_223' title='bbox 1098 2173 1266 2221; x_wconf 88' lang='lat' dir='ltr'>retur.</span> 
     </span>
    </p>
   </div>
   <div class='ocr_carea' id='block_1_66' title="bbox 1169 2236 1905 2303">
    <p class='ocr_par' dir='ltr' id='par_1_66' title="bbox 1169 2236 1905 2303">
     <span class='ocr_line' id='line_1_66' title="bbox 1169 2236 1905 2303; baseline -0.001 -13"><span class='ocrx_word' id='word_1_224' title='bbox 1169 2236 1247 2290; x_wconf 89' lang='lat' dir='ltr'>ld.</span> <span class='ocrx_word' id='word_1_225' title='bbox 1279 2236 1437 2289; x_wconf 85' lang='lat' dir='ltr'>Petra</span> <span class='ocrx_word' id='word_1_226' title='bbox 1493 2239 1571 2289; x_wconf 92' lang='lat' dir='ltr'>est</span> <span class='ocrx_word' id='word_1_227' title='bbox 1624 2236 1905 2303; x_wconf 84' lang='lat' dir='ltr'>refugium</span> 
     </span>
    </p>
   </div>
   <div class='ocr_carea' id='block_1_67' title="bbox 1093 2307 1390 2362">
    <p class='ocr_par' dir='ltr' id='par_1_67' title="bbox 1093 2307 1390 2362">
     <span class='ocr_line' id='line_1_67' title="bbox 1093 2307 1390 2362; baseline -0.007 0"><span class='ocrx_word' id='word_1_228' title='bbox 1093 2307 1390 2362; x_wconf 85' lang='lat' dir='ltr'>herinaceis</span> 
     </span>
    </p>
   </div>
   <div class='ocr_carea' id='block_1_68' title="bbox 1165 2376 1829 2444">
    <p class='ocr_par' dir='ltr' id='par_1_68' title="bbox 1165 2376 1829 2444">
     <span class='ocr_line' id='line_1_68' title="bbox 1165 2376 1829 2444; baseline -0.006 -13"><span class='ocrx_word' id='word_1_229' title='bbox 1165 2378 1247 2432; x_wconf 90' lang='lat' dir='ltr'>Id.</span> <span class='ocrx_word' id='word_1_230' title='bbox 1282 2376 1504 2444; x_wconf 87' lang='lat' dir='ltr'>Accepit</span> <span class='ocrx_word' id='word_1_231' title='bbox 1534 2377 1829 2429; x_wconf 58' lang='lat' dir='ltr'>auxilium.</span> 
     </span>
    </p>
   </div>
   <div class='ocr_carea' id='block_1_69' title="bbox 1169 2448 1907 2512">
    <p class='ocr_par' dir='ltr' id='par_1_69' title="bbox 1169 2448 1907 2512">
     <span class='ocr_line' id='line_1_69' title="bbox 1169 2448 1907 2512; baseline -0.003 -10"><span class='ocrx_word' id='word_1_232' title='bbox 1169 2448 1252 2502; x_wconf 92' lang='lat' dir='ltr'>Id.</span> <span class='ocrx_word' id='word_1_233' title='bbox 1308 2448 1456 2500; x_wconf 87' lang='lat' dir='ltr'>Motu</span> <span class='ocrx_word' id='word_1_234' title='bbox 1519 2451 1567 2499; x_wconf 90' lang='lat' dir='ltr'>et</span> <span class='ocrx_word' id='word_1_235' title='bbox 1595 2461 1738 2512; x_wconf 86' lang='lat' dir='ltr'>voce,</span> <span class='ocrx_word' id='word_1_236' title='bbox 1775 2461 1907 2500; x_wconf 85' lang='lat' dir='ltr'>vera</span> 
     </span>
    </p>
   </div>
   <div class='ocr_carea' id='block_1_70' title="bbox 1091 2518 1434 2572">
    <p class='ocr_par' dir='ltr' id='par_1_70' title="bbox 1091 2518 1434 2572">
     <span class='ocr_line' id='line_1_70' title="bbox 1091 2518 1434 2572; baseline -0.009 0"><span class='ocrx_word' id='word_1_237' title='bbox 1091 2518 1434 2572; x_wconf 72' lang='lat' dir='ltr'>intellexisse.</span> 
     </span>
    </p>
   </div>
   <div class='ocr_carea' id='block_1_71' title="bbox 1163 2589 1905 2654">
    <p class='ocr_par' dir='ltr' id='par_1_71' title="bbox 1163 2589 1905 2654">
     <span class='ocr_line' id='line_1_71' title="bbox 1163 2589 1905 2654; baseline -0.004 -12"><span class='ocrx_word' id='word_1_238' title='bbox 1163 2589 1249 2642; x_wconf 92' lang='lat' dir='ltr'>Id.</span> <span class='ocrx_word' id='word_1_239' title='bbox 1304 2589 1425 2640; x_wconf 86' lang='lat' dir='ltr'>Jam</span> <span class='ocrx_word' id='word_1_240' title='bbox 1463 2601 1604 2640; x_wconf 90' lang='lat' dir='ltr'>nunc</span> <span class='ocrx_word' id='word_1_241' title='bbox 1643 2590 1905 2654; x_wconf 89' lang='lat' dir='ltr'>quantum</span> 
     </span>
    </p>
   </div>
   <div class='ocr_carea' id='block_1_72' title="bbox 1089 2658 1904 2728">
    <p class='ocr_par' dir='ltr' id='par_1_72' title="bbox 1089 2658 1904 2728">
     <span class='ocr_line' id='line_1_72' title="bbox 1089 2658 1904 2728; baseline 0.001 -19"><span class='ocrx_word' id='word_1_242' title='bbox 1089 2661 1366 2728; x_wconf 82' lang='lat' dir='ltr'>potuimus</span> <span class='ocrx_word' id='word_1_243' title='bbox 1408 2658 1754 2725; x_wconf 67' lang='lat' dir='ltr'>quaestionem</span> <span class='ocrx_word' id='word_1_244' title='bbox 1780 2673 1904 2725; x_wconf 89' lang='lat' dir='ltr'>pro-</span> 
     </span>
    </p>
   </div>
   <div class='ocr_carea' id='block_1_73' title="bbox 1091 2729 1902 2796">
    <p class='ocr_par' dir='ltr' id='par_1_73' title="bbox 1091 2729 1902 2796">
     <span class='ocr_line' id='line_1_73' title="bbox 1091 2729 1902 2796; baseline -0.002 -14"><span class='ocrx_word' id='word_1_245' title='bbox 1091 2729 1341 2795; x_wconf 80' lang='lat' dir='ltr'>fumium</span> <span class='ocrx_word' id='word_1_246' title='bbox 1371 2731 1427 2780; x_wconf 90' lang='lat' dir='ltr'>in</span> <span class='ocrx_word' id='word_1_247' title='bbox 1455 2729 1678 2780; x_wconf 89' lang='lat' dir='ltr'>tantilla</span> <span class='ocrx_word' id='word_1_248' title='bbox 1703 2733 1902 2796; x_wconf 84' lang='lat' dir='ltr'>tempo-</span> 
     </span>
    </p>
   </div>
   <div class='ocr_carea' id='block_1_74' title="bbox 1091 2799 1905 2853">
    <p class='ocr_par' dir='ltr' id='par_1_74' title="bbox 1091 2799 1905 2853">
     <span class='ocr_line' id='line_1_74' title="bbox 1091 2799 1905 2853; baseline -0.002 0"><span class='ocrx_word' id='word_1_249' title='bbox 1091 2799 1175 2853; x_wconf 87' lang='lat' dir='ltr'>ris</span> <span class='ocrx_word' id='word_1_250' title='bbox 1203 2800 1461 2851; x_wconf 82' lang='lat' dir='ltr'>brevitate</span> <span class='ocrx_word' id='word_1_251' title='bbox 1488 2799 1740 2851; x_wconf 87' lang='lat' dir='ltr'>solvimus</span> <span class='ocrx_word' id='word_1_252' title='bbox 1766 2814 1777 2849; x_wconf 93' lang='lat'>:</span> <span class='ocrx_word' id='word_1_253' title='bbox 1809 2802 1905 2851; x_wconf 91' lang='lat' dir='ltr'>aut</span> 
     </span>
    </p>
   </div>
   <div class='ocr_carea' id='block_1_75' title="bbox 1093 2867 1898 2933">
    <p class='ocr_par' dir='ltr' id='par_1_75' title="bbox 1093 2867 1898 2933">
     <span class='ocr_line' id='line_1_75' title="bbox 1093 2867 1898 2933; baseline -0.005 -10"><span class='ocrx_word' id='word_1_254' title='bbox 1093 2872 1143 2923; x_wconf 90' lang='lat' dir='ltr'>si</span> <span class='ocrx_word' id='word_1_255' title='bbox 1173 2885 1277 2922; x_wconf 85' lang='lat' dir='ltr'>non</span> <span class='ocrx_word' id='word_1_256' title='bbox 1305 2870 1580 2928; x_wconf 86' lang='lat' dir='ltr'>solvimus,</span> <span class='ocrx_word' id='word_1_257' title='bbox 1617 2867 1898 2933; x_wconf 87' lang='lat' dir='ltr'>debitores,</span> 
     </span>
    </p>
   </div>
   <div class='ocr_carea' id='block_1_76' title="bbox 1093 2939 1902 3004">
    <p class='ocr_par' dir='ltr' id='par_1_76' title="bbox 1093 2939 1902 3004">
     <span class='ocr_line' id='line_1_76' title="bbox 1093 2939 1902 3004; baseline -0.001 -12"><span class='ocrx_word' id='word_1_258' title='bbox 1093 2944 1151 2994; x_wconf 90' lang='lat' dir='ltr'>ut</span> <span class='ocrx_word' id='word_1_259' title='bbox 1210 2939 1353 3004; x_wconf 69' lang='lat' dir='ltr'>dimi,</span> <span class='ocrx_word' id='word_1_260' title='bbox 1421 2944 1694 2992; x_wconf 85' lang='lat' dir='ltr'>tenemur:</span> <span class='ocrx_word' id='word_1_261' title='bbox 1762 2939 1902 2991; x_wconf 90' lang='lat' dir='ltr'>illud</span> 
     </span>
    </p>
   </div>
   <div class='ocr_carea' id='block_1_77' title="bbox 1086 3012 1426 3079">
    <p class='ocr_par' dir='ltr' id='par_1_77' title="bbox 1086 3012 1426 3079">
     <span class='ocr_line' id='line_1_77' title="bbox 1086 3012 1426 3079; baseline -0.006 -15"><span class='ocrx_word' id='word_1_262' title='bbox 1086 3012 1285 3079; x_wconf 89' lang='lat' dir='ltr'>potius,</span> <span class='ocrx_word' id='word_1_263' title='bbox 1319 3014 1426 3062; x_wconf 88' lang='lat' dir='ltr'>etc.</span> 
     </span>
    </p>
   </div>
   <div class='ocr_carea' id='block_1_78' title="bbox 3590 345 3723 395">
    <p class='ocr_par' dir='ltr' id='par_1_78' title="bbox 3590 345 3723 395">
     <span class='ocr_line' id='line_1_78' title="bbox 3590 345 3723 395; baseline 0 -1"><span class='ocrx_word' id='word_1_264' title='bbox 3590 345 3723 395; x_wconf 71' lang='lat' dir='ltr'>H66</span> 
     </span>
    </p>
   </div>
   <div class='ocr_carea' id='block_1_79' title="bbox 1965 452 3722 532">
    <p class='ocr_par' dir='ltr' id='par_1_79' title="bbox 1965 452 3722 532">
     <span class='ocr_line' id='line_1_79' title="bbox 1965 452 3722 532; baseline 0.01 -28"><span class='ocrx_word' id='word_1_265' title='bbox 1965 452 2010 504; x_wconf 84' lang='lat' dir='ltr'><strong>A</strong></span> <span class='ocrx_word' id='word_1_266' title='bbox 2040 453 2202 505; x_wconf 89' lang='lat' dir='ltr'>sterio</span> <span class='ocrx_word' id='word_1_267' title='bbox 2229 453 2572 508; x_wconf 86' lang='lat' dir='ltr'>sacerdotem.</span> <span class='ocrx_word' id='word_1_268' title='bbox 2606 457 2746 512; x_wconf 90' lang='lat' dir='ltr'>Nam</span> <span class='ocrx_word' id='word_1_269' title='bbox 2767 459 3042 527; x_wconf 84' lang='lat' dir='ltr'>quidquid</span> <span class='ocrx_word' id='word_1_270' title='bbox 3081 463 3138 514; x_wconf 87' lang='lat' dir='ltr'>in</span> <span class='ocrx_word' id='word_1_271' title='bbox 3179 465 3430 519; x_wconf 73' lang='lat' dir='ltr'>saeculum</span> <span class='ocrx_word' id='word_1_272' title='bbox 3471 467 3722 532; x_wconf 86' lang='lat' dir='ltr'>futurum</span> 
     </span>
    </p>
   </div>
   <div class='ocr_carea' id='block_1_80' title="bbox 2033 539 3722 618">
    <p class='ocr_par' dir='ltr' id='par_1_80' title="bbox 2033 539 3722 618">
     <span class='ocr_line' id='line_1_80' title="bbox 2033 539 3722 618; baseline 0.012 -29"><span class='ocrx_word' id='word_1_273' title='bbox 2033 543 2150 590; x_wconf 91' lang='lat' dir='ltr'>erat</span> <span class='ocrx_word' id='word_1_274' title='bbox 2178 539 2238 592; x_wconf 92' lang='lat' dir='ltr'>id</span> <span class='ocrx_word' id='word_1_275' title='bbox 2257 544 2422 594; x_wconf 91' lang='lat' dir='ltr'>totum</span> <span class='ocrx_word' id='word_1_276' title='bbox 2444 540 2509 593; x_wconf 88' lang='lat' dir='ltr'>de</span> <span class='ocrx_word' id='word_1_277' title='bbox 2536 543 2653 610; x_wconf 86' lang='lat' dir='ltr'>ejus</span> <span class='ocrx_word' id='word_1_278' title='bbox 2701 545 2850 598; x_wconf 88' lang='lat' dir='ltr'>beato</span> <span class='ocrx_word' id='word_1_279' title='bbox 2893 552 3074 601; x_wconf 85' lang='lat' dir='ltr'>ventre</span> <span class='ocrx_word' id='word_1_280' title='bbox 3122 554 3404 618; x_wconf 86' lang='lat' dir='ltr'>processit.</span> <span class='ocrx_word' id='word_1_281' title='bbox 3459 555 3722 610; x_wconf 87' lang='lat' dir='ltr'>Processit</span> 
     </span>
    </p>
   </div>
   <div class='ocr_carea' id='block_1_81' title="bbox 2030 627 3719 705">
    <p class='ocr_par' dir='ltr' id='par_1_81' title="bbox 2030 627 3719 705">
     <span class='ocr_line' id='line_1_81' title="bbox 2030 627 3719 705; baseline 0.01 -26"><span class='ocrx_word' id='word_1_282' title='bbox 2030 629 2171 680; x_wconf 88' lang='lat' dir='ltr'>enim</span> <span class='ocrx_word' id='word_1_283' title='bbox 2198 627 2443 681; x_wconf 82' lang='lat' dir='ltr'>sacerdos</span> <span class='ocrx_word' id='word_1_284' title='bbox 2469 633 2518 683; x_wconf 89' lang='lat' dir='ltr'>et</span> <span class='ocrx_word' id='word_1_285' title='bbox 2543 631 2740 696; x_wconf 85' lang='lat' dir='ltr'>hostia,</span> <span class='ocrx_word' id='word_1_286' title='bbox 2777 635 2914 687; x_wconf 87' lang='lat' dir='ltr'>Deus</span> <span class='ocrx_word' id='word_1_287' title='bbox 2943 639 3373 705; x_wconf 85' lang='lat' dir='ltr'>resurrectionis,</span> <span class='ocrx_word' id='word_1_288' title='bbox 3396 645 3442 693; x_wconf 86' lang='lat' dir='ltr'>et</span> <span class='ocrx_word' id='word_1_289' title='bbox 3472 643 3719 696; x_wconf 88' lang='lat' dir='ltr'>sacerdos</span> 
     </span>
    </p>
   </div>
   <div class='ocr_carea' id='block_1_82' title="bbox 2029 714 3716 786">
    <p class='ocr_par' dir='ltr' id='par_1_82' title="bbox 2029 714 3716 786">
     <span class='ocr_line' id='line_1_82' title="bbox 2029 714 3716 786; baseline 0.012 -21"><span class='ocrx_word' id='word_1_290' title='bbox 2029 714 2336 779; x_wconf 85' lang='lat' dir='ltr'>oblationis,</span> <span class='ocrx_word' id='word_1_291' title='bbox 2371 721 2419 770; x_wconf 91' lang='lat' dir='ltr'>et</span> <span class='ocrx_word' id='word_1_292' title='bbox 2442 718 2615 770; x_wconf 89' lang='lat' dir='ltr'>hostia</span> <span class='ocrx_word' id='word_1_293' title='bbox 2630 722 2922 786; x_wconf 84' lang='lat' dir='ltr'>passionis.</span> <span class='ocrx_word' id='word_1_294' title='bbox 2947 725 3056 776; x_wconf 83' lang='lat' dir='ltr'>Hoc</span> <span class='ocrx_word' id='word_1_295' title='bbox 3087 729 3264 778; x_wconf 88' lang='lat' dir='ltr'>autem</span> <span class='ocrx_word' id='word_1_296' title='bbox 3288 731 3454 781; x_wconf 89' lang='lat' dir='ltr'>totum</span> <span class='ocrx_word' id='word_1_297' title='bbox 3478 733 3534 782; x_wconf 88' lang='lat' dir='ltr'>in</span> <span class='ocrx_word' id='word_1_298' title='bbox 3554 730 3716 784; x_wconf 87' lang='lat' dir='ltr'>Chri-</span> 
     </span>
    </p>
   </div>
   <div class='ocr_carea' id='block_1_83' title="bbox 2027 805 3719 885">
    <p class='ocr_par' dir='ltr' id='par_1_83' title="bbox 2027 805 3719 885">
     <span class='ocr_line' id='line_1_83' title="bbox 2027 805 3719 885; baseline 0.01 -31"><span class='ocrx_word' id='word_1_299' title='bbox 2027 805 2108 854; x_wconf 89' lang='lat' dir='ltr'>sto</span> <span class='ocrx_word' id='word_1_300' title='bbox 2138 805 2507 869; x_wconf 85' lang='lat' dir='ltr'>agnoscimus;</span> <span class='ocrx_word' id='word_1_301' title='bbox 2542 805 2686 860; x_wconf 90' lang='lat' dir='ltr'>Deus</span> <span class='ocrx_word' id='word_1_302' title='bbox 2720 811 2815 873; x_wconf 89' lang='lat' dir='ltr'>est,</span> <span class='ocrx_word' id='word_1_303' title='bbox 2849 809 2992 876; x_wconf 90' lang='lat' dir='ltr'>quod</span> <span class='ocrx_word' id='word_1_304' title='bbox 3022 811 3094 863; x_wconf 86' lang='lat' dir='ltr'>ad</span> <span class='ocrx_word' id='word_1_305' title='bbox 3125 814 3338 867; x_wconf 84' lang='lat' dir='ltr'>Patrem</span> <span class='ocrx_word' id='word_1_306' title='bbox 3367 816 3530 870; x_wconf 85' lang='lat' dir='ltr'>rediit</span> <span class='ocrx_word' id='word_1_307' title='bbox 3554 834 3719 885; x_wconf 83' lang='lat' dir='ltr'>;pon-</span> 
     </span>
    </p>
   </div>
   <div class='ocr_carea' id='block_1_84' title="bbox 2027 890 3716 967">
    <p class='ocr_par' dir='ltr' id='par_1_84' title="bbox 2027 890 3716 967">
     <span class='ocr_line' id='line_1_84' title="bbox 2027 890 3716 967; baseline 0.011 -27"><span class='ocrx_word' id='word_1_308' title='bbox 2027 890 2190 953; x_wconf 69' lang='lat' dir='ltr'>tifem,</span> <span class='ocrx_word' id='word_1_309' title='bbox 2225 890 2370 958; x_wconf 91' lang='lat' dir='ltr'>quod</span> <span class='ocrx_word' id='word_1_310' title='bbox 2389 893 2621 958; x_wconf 83' lang='lat' dir='ltr'>seipsum</span> <span class='ocrx_word' id='word_1_311' title='bbox 2651 894 2927 947; x_wconf 88' lang='lat' dir='ltr'>victimam</span> <span class='ocrx_word' id='word_1_312' title='bbox 2965 895 3158 951; x_wconf 84' lang='lat' dir='ltr'>obtulit</span> <span class='ocrx_word' id='word_1_313' title='bbox 3183 915 3284 967; x_wconf 88' lang='lat' dir='ltr'>pro</span> <span class='ocrx_word' id='word_1_314' title='bbox 3315 903 3492 956; x_wconf 86' lang='lat' dir='ltr'>nobis.</span> <span class='ocrx_word' id='word_1_315' title='bbox 3525 905 3716 959; x_wconf 70' lang='lat' dir='ltr'>Maria:</span> 
     </span>
    </p>
   </div>
   <div class='ocr_carea' id='block_1_85' title="bbox 2025 978 3711 1059">
    <p class='ocr_par' dir='ltr' id='par_1_85' title="bbox 2025 978 3711 1059">
     <span class='ocr_line' id='line_1_85' title="bbox 2025 978 3711 1059; baseline 0.011 -31"><span class='ocrx_word' id='word_1_316' title='bbox 2025 991 2148 1043; x_wconf 89' lang='lat' dir='ltr'>ergo</span> <span class='ocrx_word' id='word_1_317' title='bbox 2175 978 2360 1031; x_wconf 89' lang='lat' dir='ltr'>beatus</span> <span class='ocrx_word' id='word_1_318' title='bbox 2383 984 2588 1046; x_wconf 88' lang='lat' dir='ltr'>uterus,</span> <span class='ocrx_word' id='word_1_319' title='bbox 2622 996 2723 1034; x_wconf 90' lang='lat' dir='ltr'>non</span> <span class='ocrx_word' id='word_1_320' title='bbox 2753 986 2934 1036; x_wconf 86' lang='lat' dir='ltr'>uterus</span> <span class='ocrx_word' id='word_1_321' title='bbox 2962 982 2982 1054; x_wconf 91' lang='lat'>[</span> <span class='ocrx_word' id='word_1_322' title='bbox 3006 984 3167 1052; x_wconf 90' lang='lat' dir='ltr'>Cod.,</span> <span class='ocrx_word' id='word_1_323' title='bbox 3221 988 3432 1043; x_wconf 88' lang='lat' dir='ltr'>beatum</span> <span class='ocrx_word' id='word_1_324' title='bbox 3479 997 3711 1059; x_wconf 87' lang='lat' dir='ltr'>uterum,</span> 
     </span>
    </p>
   </div>
   <div class='ocr_carea' id='block_1_86' title="bbox 2023 1064 3713 1141">
    <p class='ocr_par' dir='ltr' id='par_1_86' title="bbox 2023 1064 3713 1141">
     <span class='ocr_line' id='line_1_86' title="bbox 2023 1064 3713 1141; baseline 0.011 -26"><span class='ocrx_word' id='word_1_325' title='bbox 2023 1077 2127 1117; x_wconf 90' lang='lat' dir='ltr'>non</span> <span class='ocrx_word' id='word_1_326' title='bbox 2157 1064 2415 1133; x_wconf 80' lang='lat' dir='ltr'>uterum],</span> <span class='ocrx_word' id='word_1_327' title='bbox 2447 1066 2542 1119; x_wconf 87' lang='lat' dir='ltr'>sed</span> <span class='ocrx_word' id='word_1_328' title='bbox 2575 1069 2827 1136; x_wconf 87' lang='lat' dir='ltr'>templum</span> <span class='ocrx_word' id='word_1_329' title='bbox 2853 1072 2969 1136; x_wconf 85' lang='lat' dir='ltr'>fuit</span> <span class='ocrx_word' id='word_1_330' title='bbox 2993 1073 3223 1128; x_wconf 81' lang='lat' dir='ltr'>Christi.</span> <span class='ocrx_word' id='word_1_331' title='bbox 3261 1076 3404 1141; x_wconf 86' lang='lat' dir='ltr'>Quid</span> <span class='ocrx_word' id='word_1_332' title='bbox 3431 1084 3508 1132; x_wconf 88' lang='lat' dir='ltr'>est</span> <span class='ocrx_word' id='word_1_333' title='bbox 3535 1085 3713 1133; x_wconf 89' lang='lat' dir='ltr'>autem</span> 
     </span>
    </p>
   </div>
   <div class='ocr_carea' id='block_1_87' title="bbox 2022 1152 3712 1234">
    <p class='ocr_par' dir='ltr' id='par_1_87' title="bbox 2022 1152 3712 1234">
     <span class='ocr_line' id='line_1_87' title="bbox 2022 1152 3712 1234; baseline 0.011 -30"><span class='ocrx_word' id='word_1_334' title='bbox 2022 1152 2081 1204; x_wconf 88' lang='lat' dir='ltr'>in</span> <span class='ocrx_word' id='word_1_335' title='bbox 2139 1154 2288 1218; x_wconf 74' lang='lat' dir='ltr'>coelo,</span> <span class='ocrx_word' id='word_1_336' title='bbox 2351 1156 2460 1206; x_wconf 84' lang='lat' dir='ltr'>nisi</span> <span class='ocrx_word' id='word_1_337' title='bbox 2507 1155 2649 1222; x_wconf 91' lang='lat' dir='ltr'>quod</span> <span class='ocrx_word' id='word_1_338' title='bbox 2694 1171 2856 1224; x_wconf 88' lang='lat' dir='ltr'>super</span> <span class='ocrx_word' id='word_1_339' title='bbox 2877 1160 3026 1212; x_wconf 64' lang='lat' dir='ltr'>caelos</span> <span class='ocrx_word' id='word_1_340' title='bbox 3067 1164 3445 1218; x_wconf 60' lang='lat' dir='ltr'>aestimandum</span> <span class='ocrx_word' id='word_1_341' title='bbox 3487 1171 3584 1234; x_wconf 89' lang='lat' dir='ltr'>est,</span> <span class='ocrx_word' id='word_1_342' title='bbox 3616 1168 3712 1221; x_wconf 89' lang='lat' dir='ltr'>ubi</span> 
     </span>
    </p>
   </div>
   <div class='ocr_carea' id='block_1_88' title="bbox 2024 1243 3710 1318">
    <p class='ocr_par' dir='ltr' id='par_1_88' title="bbox 2024 1243 3710 1318">
     <span class='ocr_line' id='line_1_88' title="bbox 2024 1243 3710 1318; baseline 0.012 -27"><span class='ocrx_word' id='word_1_343' title='bbox 2024 1243 2184 1308; x_wconf 90' lang='lat' dir='ltr'>quasi</span> <span class='ocrx_word' id='word_1_344' title='bbox 2221 1244 2279 1294; x_wconf 89' lang='lat' dir='ltr'>in</span> <span class='ocrx_word' id='word_1_345' title='bbox 2307 1245 2586 1296; x_wconf 86' lang='lat' dir='ltr'>secretiore</span> <span class='ocrx_word' id='word_1_346' title='bbox 2612 1244 2954 1300; x_wconf 87' lang='lat' dir='ltr'>tabernaculo</span> <span class='ocrx_word' id='word_1_347' title='bbox 2974 1253 3288 1318; x_wconf 73' lang='lat' dir='ltr'>mysterium</span> <span class='ocrx_word' id='word_1_348' title='bbox 3303 1253 3567 1309; x_wconf 87' lang='lat' dir='ltr'>divinitus</span> <span class='ocrx_word' id='word_1_349' title='bbox 3589 1256 3710 1310; x_wconf 88' lang='lat' dir='ltr'>dis-</span> 
     </span>
    </p>
   </div>
   <div class='ocr_carea' id='block_1_89' title="bbox 1177 1317 3708 1400">
    <p class='ocr_par' dir='ltr' id='par_1_89' title="bbox 1177 1317 3708 1400">
     <span class='ocr_line' id='line_1_89' title="bbox 1177 1317 3708 1400; baseline 0.009 -30"><span class='ocrx_word' id='word_1_350' title='bbox 1177 1317 1235 1371; x_wconf 93' lang='lat' dir='ltr'>Id</span> <span class='ocrx_word' id='word_1_351' title='bbox 1270 1323 1429 1400; x_wconf 25' lang='lat' dir='ltr'>“Jam</span> <span class='ocrx_word' id='word_1_352' title='bbox 1495 1323 1581 1400; x_wconf 74' lang='lat' dir='ltr'>hic</span> <span class='ocrx_word' id='word_1_353' title='bbox 1643 1323 1914 1389; x_wconf 86' lang='lat' dir='ltr'>intelligat</span> <span class='ocrx_word' id='word_1_354' title='bbox 2017 1328 2287 1397; x_wconf 84' lang='lat' dir='ltr'>ponitur?</span> <span class='ocrx_word' id='word_1_355' title='bbox 2331 1328 2504 1398; x_wconf 84' lang='lat' dir='ltr'>Super</span> <span class='ocrx_word' id='word_1_356' title='bbox 2549 1332 2700 1384; x_wconf 73' lang='lat' dir='ltr'>celos</span> <span class='ocrx_word' id='word_1_357' title='bbox 2728 1333 2890 1400; x_wconf 89' lang='lat' dir='ltr'>plane</span> <span class='ocrx_word' id='word_1_358' title='bbox 2938 1317 3121 1389; x_wconf 84' lang='lat' dir='ltr'>beatus</span> <span class='ocrx_word' id='word_1_359' title='bbox 3141 1343 3324 1393; x_wconf 85' lang='lat' dir='ltr'>uterus</span> <span class='ocrx_word' id='word_1_360' title='bbox 3354 1342 3544 1394; x_wconf 78' lang='lat' dir='ltr'>Mariae</span> <span class='ocrx_word' id='word_1_361' title='bbox 3563 1345 3708 1395; x_wconf 76' lang='lat' dir='ltr'>aesti-</span> 
     </span>
    </p>
   </div>
   <div class='ocr_carea' id='block_1_90' title="bbox 2021 1419 3704 1486">
    <p class='ocr_par' dir='ltr' id='par_1_90' title="bbox 2021 1419 3704 1486">
     <span class='ocr_line' id='line_1_90' title="bbox 2021 1419 3704 1486; baseline 0.007 -14"><span class='ocrx_word' id='word_1_362' title='bbox 2021 1419 2251 1472; x_wconf 90' lang='lat' dir='ltr'>mandus</span> <span class='ocrx_word' id='word_1_363' title='bbox 2273 1422 2368 1485; x_wconf 90' lang='lat' dir='ltr'>est,</span> <span class='ocrx_word' id='word_1_364' title='bbox 2403 1419 2534 1486; x_wconf 87' lang='lat' dir='ltr'>quia</span> <span class='ocrx_word' id='word_1_365' title='bbox 2555 1419 2855 1474; x_wconf 86' lang='lat' dir='ltr'>Creatorem</span> <span class='ocrx_word' id='word_1_366' title='bbox 2879 1424 3068 1477; x_wconf 89' lang='lat' dir='ltr'>Filium</span> <span class='ocrx_word' id='word_1_367' title='bbox 3087 1428 3188 1479; x_wconf 91' lang='lat' dir='ltr'>Dei</span> <span class='ocrx_word' id='word_1_368' title='bbox 3216 1427 3289 1479; x_wconf 89' lang='lat' dir='ltr'>ad</span> <span class='ocrx_word' id='word_1_369' title='bbox 3305 1429 3453 1482; x_wconf 61' lang='lat' dir='ltr'>caelos</span> <span class='ocrx_word' id='word_1_370' title='bbox 3474 1432 3704 1486; x_wconf 89' lang='lat' dir='ltr'>remisit.</span> 
     </span>
    </p>
   </div>
   <div class='ocr_carea' id='block_1_91' title="bbox 2019 1506 3704 1578">
    <p class='ocr_par' dir='ltr' id='par_1_91' title="bbox 2019 1506 3704 1578">
     <span class='ocr_line' id='line_1_91' title="bbox 2019 1506 3704 1578; baseline 0.008 -19"><span class='ocrx_word' id='word_1_371' title='bbox 2019 1506 2147 1560; x_wconf 84' lang='lat' dir='ltr'>Inde</span> <span class='ocrx_word' id='word_1_372' title='bbox 2159 1508 2306 1559; x_wconf 87' lang='lat' dir='ltr'>venit</span> <span class='ocrx_word' id='word_1_373' title='bbox 2330 1509 2389 1558; x_wconf 89' lang='lat' dir='ltr'>ut</span> <span class='ocrx_word' id='word_1_374' title='bbox 2404 1510 2704 1573; x_wconf 88' lang='lat' dir='ltr'>pateretur,</span> <span class='ocrx_word' id='word_1_375' title='bbox 2731 1508 2855 1561; x_wconf 89' lang='lat' dir='ltr'>hinc</span> <span class='ocrx_word' id='word_1_376' title='bbox 2877 1509 3045 1563; x_wconf 84' lang='lat' dir='ltr'>rediit</span> <span class='ocrx_word' id='word_1_377' title='bbox 3068 1516 3130 1565; x_wconf 90' lang='lat' dir='ltr'>ut</span> <span class='ocrx_word' id='word_1_378' title='bbox 3151 1529 3380 1578; x_wconf 85' lang='lat' dir='ltr'>regnans</span> <span class='ocrx_word' id='word_1_379' title='bbox 3412 1517 3704 1572; x_wconf 87' lang='lat' dir='ltr'>adoretur:</span> 
     </span>
    </p>
   </div>
   <div class='ocr_carea' id='block_1_92' title="bbox 2017 1591 3710 1672">
    <p class='ocr_par' dir='ltr' id='par_1_92' title="bbox 2017 1591 3710 1672">
     <span class='ocr_line' id='line_1_92' title="bbox 2017 1591 3710 1672; baseline 0.007 -25"><span class='ocrx_word' id='word_1_380' title='bbox 2017 1594 2144 1648; x_wconf 86' lang='lat' dir='ltr'>inde</span> <span class='ocrx_word' id='word_1_381' title='bbox 2173 1594 2492 1646; x_wconf 87' lang='lat' dir='ltr'>humiliatus</span> <span class='ocrx_word' id='word_1_382' title='bbox 2524 1591 2815 1659; x_wconf 78' lang='lat' dir='ltr'>descendit,</span> <span class='ocrx_word' id='word_1_383' title='bbox 2849 1596 2972 1650; x_wconf 87' lang='lat' dir='ltr'>hinc</span> <span class='ocrx_word' id='word_1_384' title='bbox 3002 1599 3076 1652; x_wconf 88' lang='lat' dir='ltr'>ad</span> <span class='ocrx_word' id='word_1_385' title='bbox 3114 1602 3330 1655; x_wconf 87' lang='lat' dir='ltr'>Patrem</span> <span class='ocrx_word' id='word_1_386' title='bbox 3373 1604 3710 1672; x_wconf 79' lang='lat' dir='ltr'>gloriﬁcatus</span> 
     </span>
    </p>
   </div>
   <div class='ocr_carea' id='block_1_93' title="bbox 2019 1680 3707 1755">
    <p class='ocr_par' dir='ltr' id='par_1_93' title="bbox 2019 1680 3707 1755">
     <span class='ocr_line' id='line_1_93' title="bbox 2019 1680 3707 1755; baseline 0.007 -22"><span class='ocrx_word' id='word_1_387' title='bbox 2019 1680 2278 1735; x_wconf 89' lang='lat' dir='ltr'>ascendit.</span> <span class='ocrx_word' id='word_1_388' title='bbox 2302 1681 2491 1734; x_wconf 87' lang='lat' dir='ltr'>Melius</span> <span class='ocrx_word' id='word_1_389' title='bbox 2513 1681 2678 1748; x_wconf 86' lang='lat' dir='ltr'>plane</span> <span class='ocrx_word' id='word_1_390' title='bbox 2707 1683 2964 1749; x_wconf 88' lang='lat' dir='ltr'>templum</span> <span class='ocrx_word' id='word_1_391' title='bbox 3016 1689 3280 1754; x_wconf 85' lang='lat' dir='ltr'>corporis,</span> <span class='ocrx_word' id='word_1_392' title='bbox 3331 1705 3495 1755; x_wconf 89' lang='lat' dir='ltr'>quam</span> <span class='ocrx_word' id='word_1_393' title='bbox 3555 1693 3707 1746; x_wconf 37' lang='lat' dir='ltr'>car-li:</span> 
     </span>
    </p>
   </div>
   <div class='ocr_carea' id='block_1_94' title="bbox 2019 1767 3710 1844">
    <p class='ocr_par' dir='ltr' id='par_1_94' title="bbox 2019 1767 3710 1844">
     <span class='ocr_line' id='line_1_94' title="bbox 2019 1767 3710 1844; baseline 0.007 -23"><span class='ocrx_word' id='word_1_394' title='bbox 2019 1767 2258 1821; x_wconf 85' lang='lat' dir='ltr'>residens</span> <span class='ocrx_word' id='word_1_395' title='bbox 2284 1768 2423 1820; x_wconf 88' lang='lat' dir='ltr'>enim</span> <span class='ocrx_word' id='word_1_396' title='bbox 2456 1767 2710 1820; x_wconf 85' lang='lat' dir='ltr'>Christus</span> <span class='ocrx_word' id='word_1_397' title='bbox 2740 1771 2794 1820; x_wconf 85' lang='lat' dir='ltr'>in</span> <span class='ocrx_word' id='word_1_398' title='bbox 2845 1771 2987 1823; x_wconf 71' lang='lat' dir='ltr'>catis</span> <span class='ocrx_word' id='word_1_399' title='bbox 3037 1772 3117 1824; x_wconf 87' lang='lat' dir='ltr'>ibi</span> <span class='ocrx_word' id='word_1_400' title='bbox 3163 1778 3239 1827; x_wconf 90' lang='lat' dir='ltr'>est</span> <span class='ocrx_word' id='word_1_401' title='bbox 3285 1777 3569 1844; x_wconf 80' lang='lat' dir='ltr'>terribilis,</span> <span class='ocrx_word' id='word_1_402' title='bbox 3623 1779 3710 1834; x_wconf 86' lang='lat' dir='ltr'>hic</span> 
     </span>
    </p>
   </div>
   <div class='ocr_carea' id='block_1_95' title="bbox 2019 1855 3708 1933">
    <p class='ocr_par' dir='ltr' id='par_1_95' title="bbox 2019 1855 3708 1933">
     <span class='ocr_line' id='line_1_95' title="bbox 2019 1855 3708 1933; baseline 0.008 -25"><span class='ocrx_word' id='word_1_403' title='bbox 2019 1861 2196 1908; x_wconf 85' lang='lat' dir='ltr'>autem</span> <span class='ocrx_word' id='word_1_404' title='bbox 2224 1859 2573 1918; x_wconf 88' lang='lat' dir='ltr'>mansuetus;</span> <span class='ocrx_word' id='word_1_405' title='bbox 2606 1855 2686 1909; x_wconf 85' lang='lat' dir='ltr'>ibi</span> <span class='ocrx_word' id='word_1_406' title='bbox 2724 1863 2945 1923; x_wconf 89' lang='lat' dir='ltr'>peccata</span> <span class='ocrx_word' id='word_1_407' title='bbox 2995 1861 3301 1928; x_wconf 85' lang='lat' dir='ltr'>vindicans,</span> <span class='ocrx_word' id='word_1_408' title='bbox 3357 1865 3440 1918; x_wconf 88' lang='lat' dir='ltr'>hic</span> <span class='ocrx_word' id='word_1_409' title='bbox 3491 1873 3708 1933; x_wconf 83' lang='lat' dir='ltr'>peccata</span> 
     </span>
    </p>
   </div>
   <div class='ocr_carea' id='block_1_96' title="bbox 2019 1943 3706 2019">
    <p class='ocr_par' dir='ltr' id='par_1_96' title="bbox 2019 1943 3706 2019">
     <span class='ocr_line' id='line_1_96' title="bbox 2019 1943 3706 2019; baseline 0.007 -23"><span class='ocrx_word' id='word_1_410' title='bbox 2019 1943 2357 2008; x_wconf 85' lang='lat' dir='ltr'>condonans;</span> <span class='ocrx_word' id='word_1_411' title='bbox 2390 1943 2468 1995; x_wconf 85' lang='lat' dir='ltr'>ibi</span> <span class='ocrx_word' id='word_1_412' title='bbox 2491 1946 2756 2011; x_wconf 87' lang='lat' dir='ltr'>potestate</span> <span class='ocrx_word' id='word_1_413' title='bbox 2777 1944 2984 2011; x_wconf 87' lang='lat' dir='ltr'>judicis</span> <span class='ocrx_word' id='word_1_414' title='bbox 3016 1949 3210 2014; x_wconf 87' lang='lat' dir='ltr'>utitur,</span> <span class='ocrx_word' id='word_1_415' title='bbox 3243 1950 3327 2003; x_wconf 86' lang='lat' dir='ltr'>hic</span> <span class='ocrx_word' id='word_1_416' title='bbox 3340 1967 3435 2019; x_wconf 91' lang='lat' dir='ltr'>per</span> <span class='ocrx_word' id='word_1_417' title='bbox 3464 1952 3706 2008; x_wconf 85' lang='lat' dir='ltr'>dilectio-</span> 
     </span>
    </p>
   </div>
   <div class='ocr_carea' id='block_1_97' title="bbox 2017 2038 3706 2118">
    <p class='ocr_par' dir='ltr' id='par_1_97' title="bbox 2017 2038 3706 2118">
     <span class='ocr_line' id='line_1_97' title="bbox 2017 2038 3706 2118; baseline 0.006 -26"><span class='ocrx_word' id='word_1_418' title='bbox 2017 2054 2136 2092; x_wconf 90' lang='lat' dir='ltr'>nem</span> <span class='ocrx_word' id='word_1_419' title='bbox 2167 2041 2310 2092; x_wconf 88' lang='lat' dir='ltr'>inter</span> <span class='ocrx_word' id='word_1_420' title='bbox 2331 2040 2534 2103; x_wconf 84' lang='lat' dir='ltr'>fratres</span> <span class='ocrx_word' id='word_1_421' title='bbox 2562 2038 2877 2104; x_wconf 85' lang='lat' dir='ltr'>honoratur,</span> <span class='ocrx_word' id='word_1_422' title='bbox 2901 2045 3064 2108; x_wconf 88' lang='lat' dir='ltr'>atque</span> <span class='ocrx_word' id='word_1_423' title='bbox 3096 2048 3156 2096; x_wconf 92' lang='lat' dir='ltr'>ut</span> <span class='ocrx_word' id='word_1_424' title='bbox 3187 2046 3355 2098; x_wconf 90' lang='lat' dir='ltr'>simus</span> <span class='ocrx_word' id='word_1_425' title='bbox 3403 2046 3574 2113; x_wconf 85' lang='lat' dir='ltr'>beati,</span> <span class='ocrx_word' id='word_1_426' title='bbox 3607 2047 3706 2118; x_wconf 89' lang='lat' dir='ltr'>qui</span> 
     </span>
    </p>
   </div>
   <div class='ocr_carea' id='block_1_98' title="bbox 2018 2127 3706 2206">
    <p class='ocr_par' dir='ltr' id='par_1_98' title="bbox 2018 2127 3706 2206">
     <span class='ocr_line' id='line_1_98' title="bbox 2018 2127 3706 2206; baseline 0.005 -25"><span class='ocrx_word' id='word_1_427' title='bbox 2018 2129 2260 2182; x_wconf 87' lang='lat' dir='ltr'>audiunt</span> <span class='ocrx_word' id='word_1_428' title='bbox 2288 2129 2526 2182; x_wconf 82' lang='lat' dir='ltr'>verbum</span> <span class='ocrx_word' id='word_1_429' title='bbox 2552 2127 2652 2181; x_wconf 88' lang='lat' dir='ltr'>Dei</span> <span class='ocrx_word' id='word_1_430' title='bbox 2677 2133 2734 2180; x_wconf 88' lang='lat' dir='ltr'>et</span> <span class='ocrx_word' id='word_1_431' title='bbox 2763 2129 3092 2184; x_wconf 85' lang='lat' dir='ltr'>custodiunt</span> <span class='ocrx_word' id='word_1_432' title='bbox 3123 2131 3274 2198; x_wconf 91' lang='lat' dir='ltr'>(Luc.</span> <span class='ocrx_word' id='word_1_433' title='bbox 3324 2151 3402 2204; x_wconf 66' lang='lat' dir='ltr'>xx,</span> <span class='ocrx_word' id='word_1_434' title='bbox 3448 2138 3540 2205; x_wconf 77' lang='lat'>28)</span> <span class='ocrx_word' id='word_1_435' title='bbox 3580 2153 3706 2206; x_wconf 89' lang='lat' dir='ltr'>por-</span> 
     </span>
    </p>
   </div>
   <div class='ocr_carea' id='block_1_99' title="bbox 2017 2215 3697 2291">
    <p class='ocr_par' dir='ltr' id='par_1_99' title="bbox 2017 2215 3697 2291">
     <span class='ocr_line' id='line_1_99' title="bbox 2017 2215 3697 2291; baseline 0.005 -21"><span class='ocrx_word' id='word_1_436' title='bbox 2017 2221 2168 2270; x_wconf 89' lang='lat' dir='ltr'>tatur</span> <span class='ocrx_word' id='word_1_437' title='bbox 2199 2257 2230 2269; x_wconf 93' lang='lat'>..</span> <span class='ocrx_word' id='word_1_438' title='bbox 2247 2256 2282 2270; x_wconf 94' lang='lat'>..</span> <span class='ocrx_word' id='word_1_439' title='bbox 2310 2219 2350 2270; x_wconf 63' lang='lat'>1.</span> <span class='ocrx_word' id='word_1_440' title='bbox 2371 2215 2599 2284; x_wconf 87' lang='lat' dir='ltr'>Ideoque</span> <span class='ocrx_word' id='word_1_441' title='bbox 2623 2216 2814 2269; x_wconf 90' lang='lat' dir='ltr'>bonum</span> <span class='ocrx_word' id='word_1_442' title='bbox 2839 2221 2917 2270; x_wconf 86' lang='lat' dir='ltr'>est</span> <span class='ocrx_word' id='word_1_443' title='bbox 2940 2233 3058 2272; x_wconf 90' lang='lat' dir='ltr'>eum</span> <span class='ocrx_word' id='word_1_444' title='bbox 3086 2220 3316 2276; x_wconf 89' lang='lat' dir='ltr'>adorare</span> <span class='ocrx_word' id='word_1_445' title='bbox 3337 2239 3456 2278; x_wconf 91' lang='lat' dir='ltr'>cum</span> <span class='ocrx_word' id='word_1_446' title='bbox 3478 2226 3697 2291; x_wconf 83' lang='lat' dir='ltr'>invitat,</span> 
     </span>
    </p>
   </div>
   <div class='ocr_carea' id='block_1_100' title="bbox 2015 2305 3263 2374">
    <p class='ocr_par' dir='ltr' id='par_1_100' title="bbox 2015 2305 3263 2374">
     <span class='ocr_line' id='line_1_100' title="bbox 2015 2305 3263 2374; baseline 0.003 -16"><span class='ocrx_word' id='word_1_447' title='bbox 2015 2309 2076 2358; x_wconf 88' lang='lat' dir='ltr'>ut</span> <span class='ocrx_word' id='word_1_448' title='bbox 2093 2306 2363 2373; x_wconf 89' lang='lat' dir='ltr'>possimus</span> <span class='ocrx_word' id='word_1_449' title='bbox 2388 2319 2493 2357; x_wconf 87' lang='lat' dir='ltr'>non</span> <span class='ocrx_word' id='word_1_450' title='bbox 2523 2318 2640 2356; x_wconf 92' lang='lat' dir='ltr'>eum</span> <span class='ocrx_word' id='word_1_451' title='bbox 2670 2305 2853 2356; x_wconf 88' lang='lat' dir='ltr'>timere</span> <span class='ocrx_word' id='word_1_452' title='bbox 2879 2319 2996 2358; x_wconf 89' lang='lat' dir='ltr'>cum</span> <span class='ocrx_word' id='word_1_453' title='bbox 3023 2307 3263 2374; x_wconf 86' lang='lat' dir='ltr'>judicat.</span> 
     </span>
    </p>
   </div>
   <div class='ocr_carea' id='block_1_101' title="bbox 2637 2389 3080 2448">
    <p class='ocr_par' dir='ltr' id='par_1_101' title="bbox 2637 2389 3080 2448">
     <span class='ocr_line' id='line_1_101' title="bbox 2637 2389 3080 2448; baseline 0.009 -5"><span class='ocrx_word' id='word_1_454' title='bbox 2637 2389 2864 2444; x_wconf 80' lang='lat' dir='ltr'>SERMO</span> <span class='ocrx_word' id='word_1_455' title='bbox 2927 2393 3080 2448; x_wconf 87' lang='lat' dir='ltr'>CVII.</span> 
     </span>
    </p>
   </div>
   <div class='ocr_carea' id='block_1_102' title="bbox 2087 2477 3701 2553">
    <p class='ocr_par' dir='ltr' id='par_1_102' title="bbox 2087 2477 3701 2553">
     <span class='ocr_line' id='line_1_102' title="bbox 2087 2477 3701 2553; baseline 0.002 -19"><span class='ocrx_word' id='word_1_456' title='bbox 2087 2479 2317 2534; x_wconf 89' lang='lat' dir='ltr'>Duobus</span> <span class='ocrx_word' id='word_1_457' title='bbox 2348 2477 2630 2548; x_wconf 84' lang='lat' dir='ltr'>reperitur</span> <span class='ocrx_word' id='word_1_458' title='bbox 2645 2477 2703 2531; x_wconf 88' lang='lat' dir='ltr'>in</span> <span class='ocrx_word' id='word_1_459' title='bbox 2734 2477 2858 2532; x_wconf 89' lang='lat' dir='ltr'>cod.</span> <span class='ocrx_word' id='word_1_460' title='bbox 2879 2479 3143 2548; x_wconf 83' lang='lat' dir='ltr'>Florent.,</span> <span class='ocrx_word' id='word_1_461' title='bbox 3177 2499 3382 2553; x_wconf 84' lang='lat' dir='ltr'>nempe</span> <span class='ocrx_word' id='word_1_462' title='bbox 3405 2485 3701 2553; x_wconf 84' lang='lat' dir='ltr'>plut.vm.,</span> 
     </span>
    </p>
   </div>
   <div class='ocr_carea' id='block_1_103' title="bbox 2015 2565 3698 2634">
    <p class='ocr_par' dir='ltr' id='par_1_103' title="bbox 2015 2565 3698 2634">
     <span class='ocr_line' id='line_1_103' title="bbox 2015 2565 3698 2634; baseline 0.002 -13"><span class='ocrx_word' id='word_1_463' title='bbox 2015 2567 2140 2620; x_wconf 91' lang='lat' dir='ltr'>cod.</span> <span class='ocrx_word' id='word_1_464' title='bbox 2179 2565 2448 2634; x_wconf 86' lang='lat' dir='ltr'>xxm,fol.</span> <span class='ocrx_word' id='word_1_465' title='bbox 2486 2566 2604 2630; x_wconf 86' lang='grc'>106,</span> <span class='ocrx_word' id='word_1_466' title='bbox 2639 2567 2696 2617; x_wconf 86' lang='lat' dir='ltr'>et</span> <span class='ocrx_word' id='word_1_467' title='bbox 2715 2565 2858 2632; x_wconf 89' lang='lat' dir='ltr'>plut.</span> <span class='ocrx_word' id='word_1_468' title='bbox 2892 2581 3046 2632; x_wconf 80' lang='lat' dir='ltr'>xvm,</span> <span class='ocrx_word' id='word_1_469' title='bbox 3079 2569 3203 2620; x_wconf 93' lang='lat' dir='ltr'>cod.</span> <span class='ocrx_word' id='word_1_470' title='bbox 3236 2585 3381 2632; x_wconf 76' lang='lat' dir='ltr'>xxiv,</span> <span class='ocrx_word' id='word_1_471' title='bbox 3425 2571 3522 2624; x_wconf 89' lang='lat' dir='ltr'>fol.</span> <span class='ocrx_word' id='word_1_472' title='bbox 3581 2575 3698 2624; x_wconf 80' lang='lat' dir='ltr'>I27.</span> 
     </span>
    </p>
   </div>
   <div class='ocr_carea' id='block_1_104' title="bbox 2087 2652 2814 2708">
    <p class='ocr_par' dir='ltr' id='par_1_104' title="bbox 2087 2652 2814 2708">
     <span class='ocr_line' id='line_1_104' title="bbox 2087 2652 2814 2708; baseline -0.008 0"><span class='ocrx_word' id='word_1_473' title='bbox 2087 2653 2320 2708; x_wconf 87' lang='lat' dir='ltr'>Edit.N.</span> <span class='ocrx_word' id='word_1_474' title='bbox 2361 2656 2412 2706; x_wconf 87' lang='lat'>9.</span> <span class='ocrx_word' id='word_1_475' title='bbox 2485 2654 2559 2704; x_wconf 89' lang='lat' dir='ltr'>Da</span> <span class='ocrx_word' id='word_1_476' title='bbox 2624 2652 2814 2704; x_wconf 85' lang='lat' dir='ltr'>illum:</span> 
     </span>
    </p>
   </div>
   <div class='ocr_carea' id='block_1_105' title="bbox 2014 2723 2747 2779">
    <p class='ocr_par' dir='ltr' id='par_1_105' title="bbox 2014 2723 2747 2779">
     <span class='ocr_line' id='line_1_105' title="bbox 2014 2723 2747 2779; baseline -0.008 0"><span class='ocrx_word' id='word_1_477' title='bbox 2014 2729 2191 2779; x_wconf 87' lang='lat' dir='ltr'>cavete</span> <span class='ocrx_word' id='word_1_478' title='bbox 2219 2724 2286 2777; x_wconf 90' lang='lat' dir='ltr'>ab</span> <span class='ocrx_word' id='word_1_479' title='bbox 2316 2725 2460 2779; x_wconf 90' lang='lat' dir='ltr'>omni</span> <span class='ocrx_word' id='word_1_480' title='bbox 2488 2723 2747 2775; x_wconf 84' lang='lat' dir='ltr'>avaritia.</span> 
     </span>
    </p>
   </div>
   <div class='ocr_carea' id='block_1_106' title="bbox 2087 2865 2816 2918">
    <p class='ocr_par' dir='ltr' id='par_1_106' title="bbox 2087 2865 2816 2918">
     <span class='ocr_line' id='line_1_106' title="bbox 2087 2865 2816 2918; baseline -0.004 0"><span class='ocrx_word' id='word_1_481' title='bbox 2087 2865 2150 2918; x_wconf 86' lang='lat' dir='ltr'>N.</span> <span class='ocrx_word' id='word_1_482' title='bbox 2190 2865 2272 2918; x_wconf 79' lang='grc'>10.</span> <span class='ocrx_word' id='word_1_483' title='bbox 2317 2865 2614 2918; x_wconf 77' lang='lat' dir='ltr'>Numerata</span> <span class='ocrx_word' id='word_1_484' title='bbox 2650 2865 2774 2914; x_wconf 88' lang='lat' dir='ltr'>sunt</span> <span class='ocrx_word' id='word_1_485' title='bbox 2804 2878 2816 2915; x_wconf 91' lang='lat'>:</span> 
     </span>
    </p>
   </div>
   <div class='ocr_carea' id='block_1_107' title="bbox 2011 2933 2818 2988">
    <p class='ocr_par' dir='ltr' id='par_1_107' title="bbox 2011 2933 2818 2988">
     <span class='ocr_line' id='line_1_107' title="bbox 2011 2933 2818 2988; baseline -0.004 -1"><span class='ocrx_word' id='word_1_486' title='bbox 2011 2940 2058 2987; x_wconf 88' lang='lat' dir='ltr'>et</span> <span class='ocrx_word' id='word_1_487' title='bbox 2089 2949 2212 2988; x_wconf 86' lang='lat' dir='ltr'>cave</span> <span class='ocrx_word' id='word_1_488' title='bbox 2262 2933 2329 2986; x_wconf 90' lang='lat' dir='ltr'>ab</span> <span class='ocrx_word' id='word_1_489' title='bbox 2369 2934 2512 2986; x_wconf 89' lang='lat' dir='ltr'>omni</span> <span class='ocrx_word' id='word_1_490' title='bbox 2559 2933 2818 2984; x_wconf 78' lang='lat' dir='ltr'>avaritia.</span> 
     </span>
    </p>
   </div>
   <div class='ocr_carea' id='block_1_108' title="bbox 1945 3005 2817 3075">
    <p class='ocr_par' dir='ltr' id='par_1_108' title="bbox 1945 3005 2817 3075">
     <span class='ocr_line' id='line_1_108' title="bbox 1945 3005 2817 3075; baseline -0.008 -16"><span class='ocrx_word' id='word_1_491' title='bbox 1945 3020 1981 3075; x_wconf 73' lang='grc' dir='ltr'>ο</span> <span class='ocrx_word' id='word_1_492' title='bbox 2011 3007 2216 3059; x_wconf 86' lang='lat' dir='ltr'>Parum</span> <span class='ocrx_word' id='word_1_493' title='bbox 2273 3009 2349 3057; x_wconf 89' lang='lat' dir='ltr'>est</span> <span class='ocrx_word' id='word_1_494' title='bbox 2401 3005 2639 3055; x_wconf 86' lang='lat' dir='ltr'>avaritia</span> <span class='ocrx_word' id='word_1_495' title='bbox 2657 3017 2817 3075; x_wconf 85' lang='lat' dir='ltr'>pecu-</span> 
     </span>
    </p>
   </div>
   <div class='ocr_carea' id='block_1_109' title="bbox 1159 3074 2817 3133">
    <p class='ocr_par' dir='ltr' id='par_1_109' title="bbox 1159 3074 2817 3133">
     <span class='ocr_line' id='line_1_109' title="bbox 1159 3074 2817 3133; baseline -0.005 0"><span class='ocrx_word' id='word_1_496' title='bbox 1159 3080 1240 3133; x_wconf 93' lang='lat' dir='ltr'>Id.</span> <span class='ocrx_word' id='word_1_497' title='bbox 1270 3074 1370 3133; x_wconf 80' lang='lat' dir='ltr'>Illi</span> <span class='ocrx_word' id='word_1_498' title='bbox 1415 3084 1592 3132; x_wconf 90' lang='lat' dir='ltr'>autem</span> <span class='ocrx_word' id='word_1_499' title='bbox 1644 3083 1904 3132; x_wconf 86' lang='lat' dir='ltr'>noverant</span> <span class='ocrx_word' id='word_1_500' title='bbox 1961 3074 1964 3075; x_wconf 55' lang='grc'><strong><em>⁷</em></strong></span> <span class='ocrx_word' id='word_1_501' title='bbox 2012 3078 2152 3130; x_wconf 68' lang='lat' dir='ltr'>nite:</span> <span class='ocrx_word' id='word_1_502' title='bbox 2189 3089 2314 3128; x_wconf 87' lang='lat' dir='ltr'>cave</span> <span class='ocrx_word' id='word_1_503' title='bbox 2346 3075 2639 3127; x_wconf 86' lang='lat' dir='ltr'>avaritiam</span> <span class='ocrx_word' id='word_1_504' title='bbox 2675 3074 2817 3126; x_wconf 66' lang='lat' dir='ltr'>vim.</span> 
     </span>
    </p>
   </div>
   <div class='ocr_carea' id='block_1_110' title="bbox 1089 3151 1905 3218">
    <p class='ocr_par' dir='ltr' id='par_1_110' title="bbox 1089 3151 1905 3218">
     <span class='ocr_line' id='line_1_110' title="bbox 1089 3151 1905 3218; baseline 0 -16"><span class='ocrx_word' id='word_1_505' title='bbox 1089 3151 1350 3203; x_wconf 84' lang='lat' dir='ltr'>hominem</span> <span class='ocrx_word' id='word_1_506' title='bbox 1370 3154 1589 3218; x_wconf 88' lang='lat' dir='ltr'>peccata</span> <span class='ocrx_word' id='word_1_507' title='bbox 1613 3165 1718 3203; x_wconf 87' lang='lat' dir='ltr'>non</span> <span class='ocrx_word' id='word_1_508' title='bbox 1748 3164 1905 3218; x_wconf 90' lang='lat' dir='ltr'>posse</span> 
     </span>
    </p>
   </div>
   <div class='ocr_carea' id='block_1_111' title="bbox 1097 3221 1384 3274">
    <p class='ocr_par' dir='ltr' id='par_1_111' title="bbox 1097 3221 1384 3274">
     <span class='ocr_line' id='line_1_111' title="bbox 1097 3221 1384 3274; baseline -0.007 0"><span class='ocrx_word' id='word_1_509' title='bbox 1097 3221 1384 3274; x_wconf 86' lang='lat' dir='ltr'>dimittere.</span> 
     </span>
    </p>
   </div>
   <div class='ocr_carea' id='block_1_112' title="bbox 1166 3291 1904 3357">
    <p class='ocr_par' dir='ltr' id='par_1_112' title="bbox 1166 3291 1904 3357">
     <span class='ocr_line' id='line_1_112' title="bbox 1166 3291 1904 3357; baseline -0.003 -13"><span class='ocrx_word' id='word_1_510' title='bbox 1166 3291 1248 3344; x_wconf 92' lang='lat' dir='ltr'>Id.</span> <span class='ocrx_word' id='word_1_511' title='bbox 1286 3291 1454 3345; x_wconf 87' lang='lat' dir='ltr'>Solvit</span> <span class='ocrx_word' id='word_1_512' title='bbox 1483 3292 1826 3357; x_wconf 76' lang='lat' dir='ltr'>quaestionem</span> <span class='ocrx_word' id='word_1_513' title='bbox 1854 3294 1904 3342; x_wconf 92' lang='lat' dir='ltr'>et</span> 
     </span>
    </p>
   </div>
   <div class='ocr_carea' id='block_1_113' title="bbox 1092 3360 1900 3430">
    <p class='ocr_par' dir='ltr' id='par_1_113' title="bbox 1092 3360 1900 3430">
     <span class='ocr_line' id='line_1_113' title="bbox 1092 3360 1900 3430; baseline -0.001 -16"><span class='ocrx_word' id='word_1_514' title='bbox 1092 3365 1265 3414; x_wconf 91' lang='lat' dir='ltr'>motus</span> <span class='ocrx_word' id='word_1_515' title='bbox 1295 3362 1554 3430; x_wconf 89' lang='lat' dir='ltr'>ipsorum.</span> <span class='ocrx_word' id='word_1_516' title='bbox 1588 3360 1723 3414; x_wconf 90' lang='lat' dir='ltr'>Vide</span> <span class='ocrx_word' id='word_1_517' title='bbox 1783 3376 1900 3413; x_wconf 82' lang='lat' dir='ltr'>var.</span> 
     </span>
    </p>
   </div>
   <div class='ocr_carea' id='block_1_114' title="bbox 1091 3432 1265 3485">
    <p class='ocr_par' dir='ltr' id='par_1_114' title="bbox 1091 3432 1265 3485">
     <span class='ocr_line' id='line_1_114' title="bbox 1091 3432 1265 3485; baseline -0.006 0"><span class='ocrx_word' id='word_1_518' title='bbox 1091 3432 1265 3485; x_wconf 86' lang='lat' dir='ltr'>Maur.</span> 
     </span>
    </p>
   </div>
   <div class='ocr_carea' id='block_1_115' title="bbox 1166 3501 1903 3568">
    <p class='ocr_par' dir='ltr' id='par_1_115' title="bbox 1166 3501 1903 3568">
     <span class='ocr_line' id='line_1_115' title="bbox 1166 3501 1903 3568; baseline -0.003 -13"><span class='ocrx_word' id='word_1_519' title='bbox 1166 3501 1246 3556; x_wconf 91' lang='lat' dir='ltr'>Id.</span> <span class='ocrx_word' id='word_1_520' title='bbox 1288 3503 1402 3567; x_wconf 85' lang='lat' dir='ltr'>Ego</span> <span class='ocrx_word' id='word_1_521' title='bbox 1433 3516 1564 3554; x_wconf 89' lang='lat' dir='ltr'>sano</span> <span class='ocrx_word' id='word_1_522' title='bbox 1616 3513 1903 3568; x_wconf 88' lang='lat' dir='ltr'>quoscum-</span> 
     </span>
    </p>
   </div>
   <div class='ocr_carea' id='block_1_116' title="bbox 1092 3572 1457 3641">
    <p class='ocr_par' dir='ltr' id='par_1_116' title="bbox 1092 3572 1457 3641">
     <span class='ocr_line' id='line_1_116' title="bbox 1092 3572 1457 3641; baseline 0 -16"><span class='ocrx_word' id='word_1_523' title='bbox 1092 3588 1193 3641; x_wconf 90' lang='lat' dir='ltr'>que</span> <span class='ocrx_word' id='word_1_524' title='bbox 1223 3572 1457 3640; x_wconf 80' lang='lat' dir='ltr'>baptizo.</span> 
     </span>
    </p>
   </div>
   <div class='ocr_carea' id='block_1_117' title="bbox 844 3656 1230 3714">
    <p class='ocr_par' dir='ltr' id='par_1_117' title="bbox 844 3656 1230 3714">
     <span class='ocr_line' id='line_1_117' title="bbox 844 3656 1230 3714; baseline 0.01 -4"><span class='ocrx_word' id='word_1_525' title='bbox 844 3656 1075 3713; x_wconf 76' lang='lat' dir='ltr'>SER-M0</span> <span class='ocrx_word' id='word_1_526' title='bbox 1119 3660 1230 3714; x_wconf 85' lang='lat' dir='ltr'>CII.</span> 
     </span>
    </p>
   </div>
   <div class='ocr_carea' id='block_1_118' title="bbox 279 3738 1964 3813">
    <p class='ocr_par' dir='ltr' id='par_1_118' title="bbox 279 3738 1964 3813">
     <span class='ocr_line' id='line_1_118' title="bbox 279 3738 1964 3813; baseline 0.005 -21"><span class='ocrx_word' id='word_1_527' title='bbox 279 3738 537 3794; x_wconf 84' lang='lat' dir='ltr'>Habetur</span> <span class='ocrx_word' id='word_1_528' title='bbox 579 3740 639 3794; x_wconf 89' lang='lat' dir='ltr'>in</span> <span class='ocrx_word' id='word_1_529' title='bbox 674 3742 799 3797; x_wconf 91' lang='lat' dir='ltr'>cod.</span> <span class='ocrx_word' id='word_1_530' title='bbox 863 3744 1012 3799; x_wconf 88' lang='lat' dir='ltr'>Cass.</span> <span class='ocrx_word' id='word_1_531' title='bbox 1070 3761 1166 3813; x_wconf 80' lang='lat' dir='ltr'>vn,</span> <span class='ocrx_word' id='word_1_532' title='bbox 1219 3746 1315 3800; x_wconf 84' lang='lat' dir='ltr'>fol.</span> <span class='ocrx_word' id='word_1_533' title='bbox 1377 3748 1466 3811; x_wconf 79' lang='grc'>74,</span> <span class='ocrx_word' id='word_1_534' title='bbox 1499 3746 1600 3800; x_wconf 90' lang='lat' dir='ltr'>ubi</span> <span class='ocrx_word' id='word_1_535' title='bbox 1639 3747 1758 3801; x_wconf 72' lang='lat' dir='ltr'>haec</span> <span class='ocrx_word' id='word_1_536' title='bbox 1791 3746 1901 3800; x_wconf 88' lang='lat' dir='ltr'>dif-</span> <span class='ocrx_word' id='word_1_537' title='bbox 1958 3769 1964 3776; x_wconf 93' lang='grc'>·</span> 
     </span>
    </p>
   </div>
   <div class='ocr_carea' id='block_1_119' title="bbox 203 3826 421 3880">
    <p class='ocr_par' dir='ltr' id='par_1_119' title="bbox 203 3826 421 3880">
     <span class='ocr_line' id='line_1_119' title="bbox 203 3826 421 3880; baseline 0 0"><span class='ocrx_word' id='word_1_538' title='bbox 203 3826 421 3880; x_wconf 82' lang='lat' dir='ltr'>ferunt.</span> 
     </span>
    </p>
   </div>
   <div class='ocr_carea' id='block_1_120' title="bbox 279 3915 1021 3982">
    <p class='ocr_par' dir='ltr' id='par_1_120' title="bbox 279 3915 1021 3982">
     <span class='ocr_line' id='line_1_120' title="bbox 279 3915 1021 3982; baseline 0.008 -15"><span class='ocrx_word' id='word_1_539' title='bbox 279 3915 428 3968; x_wconf 85' lang='lat' dir='ltr'>Edit.</span> <span class='ocrx_word' id='word_1_540' title='bbox 512 3917 576 3970; x_wconf 89' lang='lat' dir='ltr'>N.</span> <span class='ocrx_word' id='word_1_541' title='bbox 636 3919 686 3970; x_wconf 77' lang='grc'>4.</span> <span class='ocrx_word' id='word_1_542' title='bbox 748 3919 1021 3982; x_wconf 88' lang='lat' dir='ltr'>Quomodo</span> 
     </span>
    </p>
   </div>
   <div class='ocr_carea' id='block_1_121' title="bbox 208 3989 1020 4059">
    <p class='ocr_par' dir='ltr' id='par_1_121' title="bbox 208 3989 1020 4059">
     <span class='ocr_line' id='line_1_121' title="bbox 208 3989 1020 4059; baseline 0.009 -22"><span class='ocrx_word' id='word_1_543' title='bbox 208 3989 526 4059; x_wconf 68' lang='lat' dir='ltr'>moriuntur</span> <span class='ocrx_word' id='word_1_544' title='bbox 557 3990 656 4056; x_wconf 87' lang='lat' dir='ltr'>qui</span> <span class='ocrx_word' id='word_1_545' title='bbox 683 3992 906 4059; x_wconf 86' lang='lat' dir='ltr'>rapiunt</span> <span class='ocrx_word' id='word_1_546' title='bbox 937 4006 1020 4044; x_wconf 89' lang='lat' dir='ltr'>res</span> 
     </span>
    </p>
   </div>
   <div class='ocr_carea' id='block_1_122' title="bbox 205 4057 876 4123">
    <p class='ocr_par' dir='ltr' id='par_1_122' title="bbox 205 4057 876 4123">
     <span class='ocr_line' id='line_1_122' title="bbox 205 4057 876 4123; baseline 0.004 -13"><span class='ocrx_word' id='word_1_547' title='bbox 205 4058 419 4110; x_wconf 86' lang='lat' dir='ltr'>alienas</span> <span class='ocrx_word' id='word_1_548' title='bbox 445 4057 472 4110; x_wconf 86' lang='lat'><strong>?</strong></span> <span class='ocrx_word' id='word_1_549' title='bbox 510 4060 723 4123; x_wconf 87' lang='lat' dir='ltr'>Verum,</span> <span class='ocrx_word' id='word_1_550' title='bbox 747 4057 876 4113; x_wconf 44' lang='lat' dir='ltr'>&#39;etc.</span> 
     </span>
    </p>
   </div>
   <div class='ocr_carea' id='block_1_123' title="bbox 1167 3920 1904 3984">
    <p class='ocr_par' dir='ltr' id='par_1_123' title="bbox 1167 3920 1904 3984">
     <span class='ocr_line' id='line_1_123' title="bbox 1167 3920 1904 3984; baseline -0.001 -10"><span class='ocrx_word' id='word_1_551' title='bbox 1167 3921 1300 3974; x_wconf 86' lang='lat' dir='ltr'>Cod.</span> <span class='ocrx_word' id='word_1_552' title='bbox 1345 3920 1615 3984; x_wconf 84' lang='lat' dir='ltr'>Quomodo</span> <span class='ocrx_word' id='word_1_553' title='bbox 1663 3923 1904 3973; x_wconf 88' lang='lat' dir='ltr'>moriun-</span> 
     </span>
    </p>
   </div>
   <div class='ocr_carea' id='block_1_124' title="bbox 1094 3993 1899 4060">
    <p class='ocr_par' dir='ltr' id='par_1_124' title="bbox 1094 3993 1899 4060">
     <span class='ocr_line' id='line_1_124' title="bbox 1094 3993 1899 4060; baseline -0.001 -15"><span class='ocrx_word' id='word_1_554' title='bbox 1094 3996 1185 4045; x_wconf 90' lang='lat' dir='ltr'>tur</span> <span class='ocrx_word' id='word_1_555' title='bbox 1197 3994 1294 4060; x_wconf 88' lang='lat' dir='ltr'>qui</span> <span class='ocrx_word' id='word_1_556' title='bbox 1320 3993 1546 4059; x_wconf 85' lang='lat' dir='ltr'>rapiunt</span> <span class='ocrx_word' id='word_1_557' title='bbox 1575 4006 1658 4046; x_wconf 89' lang='lat' dir='ltr'>res</span> <span class='ocrx_word' id='word_1_558' title='bbox 1672 3993 1899 4056; x_wconf 84' lang='lat' dir='ltr'>alienas,</span> 
     </span>
    </p>
   </div>
   <div class='ocr_carea' id='block_1_125' title="bbox 1093 4062 1902 4129">
    <p class='ocr_par' dir='ltr' id='par_1_125' title="bbox 1093 4062 1902 4129">
     <span class='ocr_line' id='line_1_125' title="bbox 1093 4062 1902 4129; baseline -0.001 -14"><span class='ocrx_word' id='word_1_559' title='bbox 1093 4067 1143 4115; x_wconf 90' lang='lat' dir='ltr'>et</span> <span class='ocrx_word' id='word_1_560' title='bbox 1175 4065 1270 4129; x_wconf 88' lang='lat' dir='ltr'>qui</span> <span class='ocrx_word' id='word_1_561' title='bbox 1310 4076 1485 4115; x_wconf 78' lang='lat' dir='ltr'>servos</span> <span class='ocrx_word' id='word_1_562' title='bbox 1547 4062 1628 4114; x_wconf 77' lang='lat' dir='ltr'>vel</span> <span class='ocrx_word' id='word_1_563' title='bbox 1675 4062 1902 4114; x_wconf 87' lang='lat' dir='ltr'>ancillas</span> 
     </span>
    </p>
   </div>
   <div class='ocr_carea' id='block_1_126' title="bbox 1094 4131 1904 4202">
    <p class='ocr_par' dir='ltr' id='par_1_126' title="bbox 1094 4131 1904 4202">
     <span class='ocr_line' id='line_1_126' title="bbox 1094 4131 1904 4202; baseline -0.002 -16"><span class='ocrx_word' id='word_1_564' title='bbox 1094 4147 1222 4187; x_wconf 87' lang='lat' dir='ltr'>suas</span> <span class='ocrx_word' id='word_1_565' title='bbox 1284 4134 1506 4202; x_wconf 87' lang='lat' dir='ltr'>cupiunt</span> <span class='ocrx_word' id='word_1_566' title='bbox 1552 4131 1790 4185; x_wconf 74' lang='lat' dir='ltr'>&#39;tradere</span> <span class='ocrx_word' id='word_1_567' title='bbox 1845 4133 1904 4184; x_wconf 87' lang='lat' dir='ltr'>in</span> 
     </span>
    </p>
   </div>
   <div class='ocr_carea' id='block_1_127' title="bbox 201 4233 1182 4304">
    <p class='ocr_par' dir='ltr' id='par_1_127' title="bbox 201 4233 1182 4304">
     <span class='ocr_line' id='line_1_127' title="bbox 201 4233 1182 4304; baseline 0.005 -18"><span class='ocrx_word' id='word_1_568' title='bbox 201 4233 491 4286; x_wconf 84' lang='lat' dir='ltr'>servitium</span> <span class='ocrx_word' id='word_1_569' title='bbox 521 4235 755 4287; x_wconf 88' lang='lat' dir='ltr'>alienum</span> <span class='ocrx_word' id='word_1_570' title='bbox 773 4234 800 4288; x_wconf 77' lang='lat' dir='ltr'>‘l</span> <span class='ocrx_word' id='word_1_571' title='bbox 834 4237 1049 4304; x_wconf 83' lang='lat' dir='ltr'>Verum,</span> <span class='ocrx_word' id='word_1_572' title='bbox 1077 4241 1182 4292; x_wconf 89' lang='lat' dir='ltr'>etc.</span> 
     </span>
    </p>
   </div>
   <div class='ocr_carea' id='block_1_128' title="bbox 280 4319 1012 4390">
    <p class='ocr_par' dir='ltr' id='par_1_128' title="bbox 280 4319 1012 4390">
     <span class='ocr_line' id='line_1_128' title="bbox 280 4319 1012 4390; baseline 0.011 -19"><span class='ocrx_word' id='word_1_573' title='bbox 280 4319 346 4373; x_wconf 83' lang='lat' dir='ltr'>N.</span> <span class='ocrx_word' id='word_1_574' title='bbox 383 4321 446 4390; x_wconf 12' lang='lat'>75.</span> <span class='ocrx_word' id='word_1_575' title='bbox 487 4322 611 4375; x_wconf 85' lang='lat' dir='ltr'>Sive</span> <span class='ocrx_word' id='word_1_576' title='bbox 649 4321 1012 4390; x_wconf 81' lang='lat' dir='ltr'>ambulantes;</span> 
     </span>
    </p>
   </div>
   <div class='ocr_carea' id='block_1_129' title="bbox 199 4389 765 4460">
    <p class='ocr_par' dir='ltr' id='par_1_129' title="bbox 199 4389 765 4460">
     <span class='ocr_line' id='line_1_129' title="bbox 199 4389 765 4460; baseline 0.007 -18"><span class='ocrx_word' id='word_1_577' title='bbox 199 4389 468 4444; x_wconf 86' lang='lat' dir='ltr'>attendite</span> <span class='ocrx_word' id='word_1_578' title='bbox 481 4407 765 4460; x_wconf 87' lang='lat' dir='ltr'>pauperes.</span> 
     </span>
    </p>
   </div>
   <div class='ocr_carea' id='block_1_130' title="bbox 1089 4324 1896 4449">
    <p class='ocr_par' dir='ltr' id='par_1_130' title="bbox 1089 4324 1896 4449">
     <span class='ocr_line' id='line_1_130' title="bbox 1161 4324 1893 4388; baseline 0 -11"><span class='ocrx_word' id='word_1_579' title='bbox 1161 4324 1241 4377; x_wconf 91' lang='lat' dir='ltr'>Id.</span> <span class='ocrx_word' id='word_1_580' title='bbox 1345 4325 1469 4379; x_wconf 89' lang='lat' dir='ltr'>Sive</span> <span class='ocrx_word' id='word_1_581' title='bbox 1543 4324 1893 4388; x_wconf 86' lang='lat' dir='ltr'>ambulantes,</span> 
     </span>
     <span class='ocr_line' id='line_1_131' title="bbox 1089 4395 1896 4449; baseline 0 -1"><span class='ocrx_word' id='word_1_582' title='bbox 1089 4397 1201 4448; x_wconf 89' lang='lat' dir='ltr'>sive</span> <span class='ocrx_word' id='word_1_583' title='bbox 1226 4398 1388 4448; x_wconf 87' lang='lat' dir='ltr'>servis</span> <span class='ocrx_word' id='word_1_584' title='bbox 1434 4395 1516 4449; x_wconf 88' lang='lat' dir='ltr'>vel</span> <span class='ocrx_word' id='word_1_585' title='bbox 1545 4396 1758 4449; x_wconf 84' lang='lat' dir='ltr'>ancillis</span> <span class='ocrx_word' id='word_1_586' title='bbox 1804 4411 1896 4448; x_wconf 86' lang='lat' dir='ltr'>ve-</span> 
     </span>
    </p>
   </div>
   <div class='ocr_carea' id='block_1_131' title="bbox 1087 4465 1900 4531">
    <p class='ocr_par' dir='ltr' id='par_1_131' title="bbox 1087 4465 1900 4531">
     <span class='ocr_line' id='line_1_132' title="bbox 1087 4465 1900 4531; baseline 0 -13"><span class='ocrx_word' id='word_1_587' title='bbox 1087 4468 1216 4518; x_wconf 89' lang='lat' dir='ltr'>stris</span> <span class='ocrx_word' id='word_1_588' title='bbox 1231 4465 1535 4531; x_wconf 88' lang='lat' dir='ltr'>benefacien</span> <span class='ocrx_word' id='word_1_589' title='bbox 1543 4469 1634 4519; x_wconf 90' lang='lat' dir='ltr'>tes.</span> <span class='ocrx_word' id='word_1_590' title='bbox 1651 4469 1698 4518; x_wconf 85' lang='grc' dir='ltr'><em>Α</em></span> <span class='ocrx_word' id='word_1_591' title='bbox 1709 4465 1900 4520; x_wconf 87' lang='lat' dir='ltr'>ttendi-</span> 
     </span>
    </p>
   </div>
   <div class='ocr_carea' id='block_1_132' title="bbox 1091 4539 1451 4604">
    <p class='ocr_par' dir='ltr' id='par_1_132' title="bbox 1091 4539 1451 4604">
     <span class='ocr_line' id='line_1_133' title="bbox 1091 4539 1451 4604; baseline 0.006 -16"><span class='ocrx_word' id='word_1_592' title='bbox 1091 4539 1140 4588; x_wconf 91' lang='lat' dir='ltr'>te</span> <span class='ocrx_word' id='word_1_593' title='bbox 1165 4550 1451 4604; x_wconf 87' lang='lat' dir='ltr'>pauperes.</span> 
     </span>
    </p>
   </div>
   <div class='ocr_carea' id='block_1_133' title="bbox 1345 4324 1893 4388">
    <p class='ocr_par' dir='ltr' id='par_1_133' title="bbox 1345 4324 1893 4388">
     <span class='ocr_line' id='line_1_134' title="bbox 1345 4324 1893 4388; baseline -0.002 -10"><span class='ocrx_word' id='word_1_594' title='bbox 1345 4325 1469 4379; x_wconf 89' lang='lat' dir='ltr'>Sive</span> <span class='ocrx_word' id='word_1_595' title='bbox 1543 4324 1893 4388; x_wconf 89' lang='lat' dir='ltr'>ambulantes,</span> 
     </span>
    </p>
   </div>
   <div class='ocr_carea' id='block_1_134' title="bbox 846 4620 1228 4676">
    <p class='ocr_par' dir='ltr' id='par_1_134' title="bbox 846 4620 1228 4676">
     <span class='ocr_line' id='line_1_135' title="bbox 846 4620 1228 4676; baseline 0.005 -3"><span class='ocrx_word' id='word_1_596' title='bbox 846 4620 1075 4676; x_wconf 78' lang='lat' dir='ltr'>SERMO</span> <span class='ocrx_word' id='word_1_597' title='bbox 1098 4621 1228 4676; x_wconf 89' lang='lat' dir='ltr'>CIV.</span> 
     </span>
    </p>
   </div>
   <div class='ocr_carea' id='block_1_135' title="bbox 279 4695 1365 4767">
    <p class='ocr_par' dir='ltr' id='par_1_135' title="bbox 279 4695 1365 4767">
     <span class='ocr_line' id='line_1_136' title="bbox 279 4695 1365 4767; baseline 0.003 -18"><span class='ocrx_word' id='word_1_598' title='bbox 279 4695 512 4763; x_wconf 73' lang='lat' dir='ltr'>Legitur</span> <span class='ocrx_word' id='word_1_599' title='bbox 542 4695 601 4749; x_wconf 87' lang='lat' dir='ltr'>in</span> <span class='ocrx_word' id='word_1_600' title='bbox 633 4697 755 4751; x_wconf 91' lang='lat' dir='ltr'>cod.</span> <span class='ocrx_word' id='word_1_601' title='bbox 783 4699 935 4753; x_wconf 88' lang='lat' dir='ltr'>Cass.</span> <span class='ocrx_word' id='word_1_602' title='bbox 970 4715 1081 4767; x_wconf 70' lang='lat' dir='ltr'>cxx,</span> <span class='ocrx_word' id='word_1_603' title='bbox 1111 4701 1209 4754; x_wconf 86' lang='lat' dir='ltr'>fol.</span> <span class='ocrx_word' id='word_1_604' title='bbox 1249 4704 1365 4756; x_wconf 75' lang='grc'>112.</span> 
     </span>
    </p>
   </div>
   <div class='ocr_carea' id='block_1_136' title="bbox 276 4784 1018 4841">
    <p class='ocr_par' dir='ltr' id='par_1_136' title="bbox 276 4784 1018 4841">
     <span class='ocr_line' id='line_1_137' title="bbox 276 4784 1018 4841; baseline 0.008 -5"><span class='ocrx_word' id='word_1_605' title='bbox 276 4784 426 4838; x_wconf 83' lang='lat' dir='ltr'>Edit.</span> <span class='ocrx_word' id='word_1_606' title='bbox 479 4785 542 4838; x_wconf 87' lang='lat' dir='ltr'>N.</span> <span class='ocrx_word' id='word_1_607' title='bbox 602 4786 661 4838; x_wconf 85' lang='grc'>4.</span> <span class='ocrx_word' id='word_1_608' title='bbox 721 4789 847 4841; x_wconf 64' lang='lat' dir='ltr'>Duae</span> <span class='ocrx_word' id='word_1_609' title='bbox 893 4793 1018 4841; x_wconf 90' lang='lat' dir='ltr'>sunt</span> 
     </span>
    </p>
   </div>
   <div class='ocr_carea' id='block_1_137' title="bbox 195 4855 1017 4927">
    <p class='ocr_par' dir='ltr' id='par_1_137' title="bbox 195 4855 1017 4927">
     <span class='ocr_line' id='line_1_138' title="bbox 195 4855 1017 4927; baseline 0.007 -20"><span class='ocrx_word' id='word_1_610' title='bbox 195 4856 361 4908; x_wconf 73' lang='lat' dir='ltr'>vitae:</span> <span class='ocrx_word' id='word_1_611' title='bbox 397 4855 463 4908; x_wconf 89' lang='lat' dir='ltr'>de</span> <span class='ocrx_word' id='word_1_612' title='bbox 490 4856 603 4910; x_wconf 88' lang='lat' dir='ltr'>illis</span> <span class='ocrx_word' id='word_1_613' title='bbox 632 4870 722 4911; x_wconf 89' lang='lat' dir='ltr'>vos</span> <span class='ocrx_word' id='word_1_614' title='bbox 753 4860 1017 4927; x_wconf 87' lang='lat' dir='ltr'>copiosius</span> 
     </span>
    </p>
   </div>
   <div class='ocr_carea' id='block_1_138' title="bbox 193 4927 452 4992">
    <p class='ocr_par' dir='ltr' id='par_1_138' title="bbox 193 4927 452 4992">
     <span class='ocr_line' id='line_1_139' title="bbox 193 4927 452 4992; baseline -0.004 -13"><span class='ocrx_word' id='word_1_615' title='bbox 193 4927 452 4992; x_wconf 84' lang='lat' dir='ltr'>cogitate.</span> 
     </span>
    </p>
   </div>
   <div class='ocr_carea' id='block_1_139' title="bbox 1163 4789 1894 4854">
    <p class='ocr_par' dir='ltr' id='par_1_139' title="bbox 1163 4789 1894 4854">
     <span class='ocr_line' id='line_1_140' title="bbox 1163 4789 1894 4854; baseline -0.001 -10"><span class='ocrx_word' id='word_1_616' title='bbox 1163 4789 1296 4844; x_wconf 85' lang='lat' dir='ltr'>Cod.</span> <span class='ocrx_word' id='word_1_617' title='bbox 1359 4791 1488 4843; x_wconf 76' lang='lat' dir='ltr'>Duae</span> <span class='ocrx_word' id='word_1_618' title='bbox 1548 4795 1673 4843; x_wconf 89' lang='lat' dir='ltr'>sunt</span> <span class='ocrx_word' id='word_1_619' title='bbox 1749 4792 1894 4854; x_wconf 59' lang='lat' dir='ltr'>vita,</span> 
     </span>
    </p>
   </div>
   <div class='ocr_carea' id='block_1_140' title="bbox 1091 4860 1899 4928">
    <p class='ocr_par' dir='ltr' id='par_1_140' title="bbox 1091 4860 1899 4928">
     <span class='ocr_line' id='line_1_141' title="bbox 1091 4860 1899 4928; baseline 0.002 -16"><span class='ocrx_word' id='word_1_620' title='bbox 1091 4874 1227 4927; x_wconf 90' lang='lat' dir='ltr'>quas</span> <span class='ocrx_word' id='word_1_621' title='bbox 1265 4860 1528 4928; x_wconf 85' lang='lat' dir='ltr'>descripsi</span> <span class='ocrx_word' id='word_1_622' title='bbox 1572 4860 1802 4914; x_wconf 85' lang='lat' dir='ltr'>breviter</span> <span class='ocrx_word' id='word_1_623' title='bbox 1839 4866 1899 4914; x_wconf 90' lang='lat' dir='ltr'>ut</span> 
     </span>
    </p>
   </div>
   <div class='ocr_carea' id='block_1_141' title="bbox 1086 4929 1898 4999">
    <p class='ocr_par' dir='ltr' id='par_1_141' title="bbox 1086 4929 1898 4999">
     <span class='ocr_line' id='line_1_142' title="bbox 1086 4929 1898 4999; baseline 0.007 -20"><span class='ocrx_word' id='word_1_624' title='bbox 1086 4933 1276 4997; x_wconf 82' lang='lat' dir='ltr'>potui:</span> <span class='ocrx_word' id='word_1_625' title='bbox 1331 4931 1451 4999; x_wconf 86' lang='lat' dir='ltr'>jam</span> <span class='ocrx_word' id='word_1_626' title='bbox 1508 4945 1600 4983; x_wconf 88' lang='lat' dir='ltr'>vos</span> <span class='ocrx_word' id='word_1_627' title='bbox 1652 4929 1718 4984; x_wconf 87' lang='lat' dir='ltr'>de</span> <span class='ocrx_word' id='word_1_628' title='bbox 1787 4931 1898 4986; x_wconf 89' lang='lat' dir='ltr'>illis</span> 
     </span>
    </p>
   </div>
   <div class='ocr_carea' id='block_1_142' title="bbox 1089 5002 1630 5068">
    <p class='ocr_par' dir='ltr' id='par_1_142' title="bbox 1089 5002 1630 5068">
     <span class='ocr_line' id='line_1_143' title="bbox 1089 5002 1630 5068; baseline 0.002 -16"><span class='ocrx_word' id='word_1_629' title='bbox 1089 5003 1355 5068; x_wconf 83' lang='lat' dir='ltr'>capiosius</span> <span class='ocrx_word' id='word_1_630' title='bbox 1383 5002 1630 5068; x_wconf 84' lang='lat' dir='ltr'>cogitate,</span> 
     </span>
    </p>
   </div>
   <div class='ocr_carea' id='block_1_143' title="bbox 274 5082 1898 5154">
    <p class='ocr_par' dir='ltr' id='par_1_143' title="bbox 274 5082 1898 5154">
     <span class='ocr_line' id='line_1_144' title="bbox 274 5082 1898 5154; baseline 0.004 -17"><span class='ocrx_word' id='word_1_631' title='bbox 274 5083 361 5137; x_wconf 80' lang='lat' dir='ltr'>Ad</span> <span class='ocrx_word' id='word_1_632' title='bbox 410 5082 607 5154; x_wconf 72' lang='lat' dir='ltr'>ﬁnem,</span> <span class='ocrx_word' id='word_1_633' title='bbox 661 5089 792 5154; x_wconf 87' lang='lat' dir='ltr'>post</span> <span class='ocrx_word' id='word_1_634' title='bbox 834 5086 956 5140; x_wconf 65' lang='lat' dir='ltr'>haec</span> <span class='ocrx_word' id='word_1_635' title='bbox 987 5087 1188 5141; x_wconf 88' lang='lat' dir='ltr'>ultima</span> <span class='ocrx_word' id='word_1_636' title='bbox 1248 5089 1458 5142; x_wconf 80' lang='lat' dir='ltr'>verba:</span> <span class='ocrx_word' id='word_1_637' title='bbox 1511 5091 1898 5144; x_wconf 88' lang='lat' dir='ltr'>lncrementum</span> 
     </span>
    </p>
   </div>
   <div class='ocr_carea' id='block_1_144' title="bbox 194 5154 1897 5227">
    <p class='ocr_par' dir='ltr' id='par_1_144' title="bbox 194 5154 1897 5227">
     <span class='ocr_line' id='line_1_145' title="bbox 194 5154 1897 5227; baseline 0.004 -21"><span class='ocrx_word' id='word_1_638' title='bbox 194 5154 300 5207; x_wconf 83' lang='lat' dir='ltr'>dat</span> <span class='ocrx_word' id='word_1_639' title='bbox 329 5157 491 5227; x_wconf 68' lang='lat' dir='ltr'>Deus,</span> <span class='ocrx_word' id='word_1_640' title='bbox 530 5155 805 5227; x_wconf 75' lang='lat' dir='ltr'>sequitur</span> <span class='ocrx_word' id='word_1_641' title='bbox 829 5173 841 5209; x_wconf 93' lang='lat'>:</span> <span class='ocrx_word' id='word_1_642' title='bbox 905 5180 931 5206; x_wconf 86' lang='grc'>‹‹</span> <span class='ocrx_word' id='word_1_643' title='bbox 959 5159 1244 5213; x_wconf 65' lang='lat' dir='ltr'>Ertollens</span> <span class='ocrx_word' id='word_1_644' title='bbox 1301 5175 1474 5213; x_wconf 90' lang='lat' dir='ltr'>vocem</span> <span class='ocrx_word' id='word_1_645' title='bbox 1496 5161 1743 5227; x_wconf 77' lang='lat' dir='ltr'>quaedam</span> <span class='ocrx_word' id='word_1_646' title='bbox 1772 5176 1897 5213; x_wconf 90' lang='lat' dir='ltr'>mu-</span> 
     </span>
    </p>
   </div>
   <div class='ocr_carea' id='block_1_145' title="bbox 194 5225 1897 5298">
    <p class='ocr_par' dir='ltr' id='par_1_145' title="bbox 194 5225 1897 5298">
     <span class='ocr_line' id='line_1_146' title="bbox 194 5225 1897 5298; baseline 0.004 -19"><span class='ocrx_word' id='word_1_647' title='bbox 194 5227 305 5298; x_wconf 79' lang='lat' dir='ltr'>lier</span> <span class='ocrx_word' id='word_1_648' title='bbox 336 5225 402 5278; x_wconf 85' lang='lat' dir='ltr'>de</span> <span class='ocrx_word' id='word_1_649' title='bbox 430 5225 589 5278; x_wconf 87' lang='lat' dir='ltr'>turba</span> <span class='ocrx_word' id='word_1_650' title='bbox 619 5225 764 5280; x_wconf 72' lang='lat' dir='ltr'>direit</span> <span class='ocrx_word' id='word_1_651' title='bbox 797 5228 882 5281; x_wconf 87' lang='lat' dir='ltr'>illi</span> <span class='ocrx_word' id='word_1_652' title='bbox 906 5245 917 5280; x_wconf 93' lang='lat'>:</span> <span class='ocrx_word' id='word_1_653' title='bbox 947 5229 1154 5283; x_wconf 84' lang='lat' dir='ltr'>Beatus</span> <span class='ocrx_word' id='word_1_654' title='bbox 1178 5235 1358 5284; x_wconf 88' lang='lat' dir='ltr'>venter</span> <span class='ocrx_word' id='word_1_655' title='bbox 1383 5233 1478 5298; x_wconf 90' lang='lat' dir='ltr'>qui</span> <span class='ocrx_word' id='word_1_656' title='bbox 1502 5225 1561 5283; x_wconf 74' lang='lat' dir='ltr'>te</span> <span class='ocrx_word' id='word_1_657' title='bbox 1590 5233 1830 5298; x_wconf 87' lang='lat' dir='ltr'>portavit</span> <span class='ocrx_word' id='word_1_658' title='bbox 1847 5237 1897 5285; x_wconf 91' lang='lat' dir='ltr'>et</span> 
     </span>
    </p>
   </div>
   <div class='ocr_carea' id='block_1_146' title="bbox 201 5296 1894 5368">
    <p class='ocr_par' dir='ltr' id='par_1_146' title="bbox 201 5296 1894 5368">
     <span class='ocr_line' id='line_1_147' title="bbox 201 5296 1894 5368; baseline 0.003 -20"><span class='ocrx_word' id='word_1_659' title='bbox 201 5296 378 5349; x_wconf 85' lang='lat' dir='ltr'>ubera</span> <span class='ocrx_word' id='word_1_660' title='bbox 400 5311 517 5364; x_wconf 62' lang='lat' dir='ltr'>quae</span> <span class='ocrx_word' id='word_1_661' title='bbox 555 5299 760 5350; x_wconf 69' lang='lat' dir='ltr'>sumisti</span> <span class='ocrx_word' id='word_1_662' title='bbox 791 5299 942 5367; x_wconf 87' lang='lat' dir='ltr'>(Luc.</span> <span class='ocrx_word' id='word_1_663' title='bbox 983 5315 1057 5363; x_wconf 65' lang='grc' dir='ltr'>χι,</span> <span class='ocrx_word' id='word_1_664' title='bbox 1091 5299 1178 5368; x_wconf 77' lang='grc'>27)</span> <span class='ocrx_word' id='word_1_665' title='bbox 1210 5319 1237 5350; x_wconf 86' lang='grc'><strong>››</strong></span> <span class='ocrx_word' id='word_1_666' title='bbox 1294 5296 1425 5354; x_wconf 79' lang='lat' dir='ltr'>Vere</span> <span class='ocrx_word' id='word_1_667' title='bbox 1481 5296 1636 5353; x_wconf 83' lang='lat' dir='ltr'>beata</span> <span class='ocrx_word' id='word_1_668' title='bbox 1689 5303 1894 5368; x_wconf 88' lang='lat' dir='ltr'>Maria,</span> 
     </span>
    </p>
   </div>
   <div class='ocr_carea' id='block_1_147' title="bbox 200 5369 1894 5440">
    <p class='ocr_par' dir='ltr' id='par_1_147' title="bbox 200 5369 1894 5440">
     <span class='ocr_line' id='line_1_148' title="bbox 200 5369 1894 5440; baseline 0.004 -22"><span class='ocrx_word' id='word_1_669' title='bbox 200 5369 343 5435; x_wconf 83' lang='lat' dir='ltr'>quia</span> <span class='ocrx_word' id='word_1_670' title='bbox 374 5371 636 5435; x_wconf 88' lang='lat' dir='ltr'>tanquam</span> <span class='ocrx_word' id='word_1_671' title='bbox 671 5371 728 5421; x_wconf 87' lang='lat' dir='ltr'>in</span> <span class='ocrx_word' id='word_1_672' title='bbox 758 5371 999 5424; x_wconf 88' lang='lat' dir='ltr'>sacrario</span> <span class='ocrx_word' id='word_1_673' title='bbox 1028 5373 1230 5425; x_wconf 87' lang='lat' dir='ltr'>ventris</span> <span class='ocrx_word' id='word_1_674' title='bbox 1253 5373 1340 5425; x_wconf 88' lang='lat' dir='ltr'>sui</span> <span class='ocrx_word' id='word_1_675' title='bbox 1365 5373 1607 5440; x_wconf 88' lang='lat' dir='ltr'>portavit</span> <span class='ocrx_word' id='word_1_676' title='bbox 1630 5387 1747 5424; x_wconf 89' lang='lat' dir='ltr'>eum</span> <span class='ocrx_word' id='word_1_677' title='bbox 1776 5387 1894 5440; x_wconf 80' lang='lat' dir='ltr'>my-</span> 
     </span>
    </p>
   </div>
   <div class='ocr_carea' id='block_1_148' title="bbox 1944 4306 2180 4371">
    <p class='ocr_par' dir='ltr' id='par_1_148' title="bbox 1944 4306 2180 4371">
     <span class='ocr_line' id='line_1_149' title="bbox 1944 4306 2180 4371; baseline -0.004 -13"><span class='ocrx_word' id='word_1_678' title='bbox 1944 4306 1984 4358; x_wconf 90' lang='lat' dir='ltr'>l)</span> <span class='ocrx_word' id='word_1_679' title='bbox 2016 4320 2180 4371; x_wconf 89' lang='lat' dir='ltr'>quam</span> 
     </span>
    </p>
   </div>
   <div class='ocr_carea' id='block_1_149' title="bbox 2085 3275 2817 3350">
    <p class='ocr_par' dir='ltr' id='par_1_149' title="bbox 2085 3275 2817 3350">
     <span class='ocr_line' id='line_1_150' title="bbox 2085 3275 2817 3350; baseline -0.005 -12"><span class='ocrx_word' id='word_1_680' title='bbox 2085 3275 2229 3338; x_wconf 84' lang='lat' dir='ltr'>Ibid.</span> <span class='ocrx_word' id='word_1_681' title='bbox 2253 3285 2444 3341; x_wconf 86' lang='lat' dir='ltr'>Nudus</span> <span class='ocrx_word' id='word_1_682' title='bbox 2481 3285 2639 3350; x_wconf 85' lang='lat' dir='ltr'>foris,</span> <span class='ocrx_word' id='word_1_683' title='bbox 2671 3284 2817 3335; x_wconf 89' lang='lat' dir='ltr'>intus</span> 
     </span>
    </p>
   </div>
   <div class='ocr_carea' id='block_1_150' title="bbox 2011 3355 2818 3418">
    <p class='ocr_par' dir='ltr' id='par_1_150' title="bbox 2011 3355 2818 3418">
     <span class='ocr_line' id='line_1_151' title="bbox 2011 3355 2818 3418; baseline -0.005 -10"><span class='ocrx_word' id='word_1_684' title='bbox 2011 3358 2253 3409; x_wconf 83' lang='lat' dir='ltr'>vestitus.</span> <span class='ocrx_word' id='word_1_685' title='bbox 2318 3355 2504 3411; x_wconf 81' lang='lat' dir='ltr'>Nudus</span> <span class='ocrx_word' id='word_1_686' title='bbox 2578 3355 2713 3418; x_wconf 90' lang='lat' dir='ltr'>foris</span> <span class='ocrx_word' id='word_1_687' title='bbox 2786 3368 2818 3404; x_wconf 89' lang='lat' dir='ltr'>a</span> 
     </span>
    </p>
   </div>
   <div class='ocr_carea' id='block_1_151' title="bbox 2010 3425 2820 3494">
    <p class='ocr_par' dir='ltr' id='par_1_151' title="bbox 2010 3425 2820 3494">
     <span class='ocr_line' id='line_1_152' title="bbox 2010 3425 2820 3494; baseline 0.002 -20"><span class='ocrx_word' id='word_1_688' title='bbox 2010 3429 2230 3494; x_wconf 79' lang='lat' dir='ltr'>pannis,</span> <span class='ocrx_word' id='word_1_689' title='bbox 2254 3430 2303 3478; x_wconf 91' lang='lat' dir='ltr'>et</span> <span class='ocrx_word' id='word_1_690' title='bbox 2313 3425 2668 3494; x_wconf 85' lang='lat' dir='ltr'>putribilibus</span> <span class='ocrx_word' id='word_1_691' title='bbox 2684 3439 2820 3492; x_wconf 89' lang='lat' dir='ltr'>pan-</span> 
     </span>
    </p>
   </div>
   <div class='ocr_carea' id='block_1_152' title="bbox 2012 3495 2817 3562">
    <p class='ocr_par' dir='ltr' id='par_1_152' title="bbox 2012 3495 2817 3562">
     <span class='ocr_line' id='line_1_153' title="bbox 2012 3495 2817 3562; baseline -0.001 -14"><span class='ocrx_word' id='word_1_692' title='bbox 2012 3499 2138 3562; x_wconf 87' lang='lat' dir='ltr'>nis;</span> <span class='ocrx_word' id='word_1_693' title='bbox 2170 3501 2315 3550; x_wconf 85' lang='lat' dir='ltr'>intus</span> <span class='ocrx_word' id='word_1_694' title='bbox 2346 3499 2567 3550; x_wconf 85' lang='lat' dir='ltr'>vestitus</span> <span class='ocrx_word' id='word_1_695' title='bbox 2587 3514 2606 3560; x_wconf 88' lang='lat'><em>;</em></span> <span class='ocrx_word' id='word_1_696' title='bbox 2649 3495 2817 3547; x_wconf 85' lang='lat' dir='ltr'>male.</span> 
     </span>
    </p>
   </div>
   <div class='ocr_carea' id='block_1_153' title="bbox 2085 3636 2821 3702">
    <p class='ocr_par' dir='ltr' id='par_1_153' title="bbox 2085 3636 2821 3702">
     <span class='ocr_line' id='line_1_154' title="bbox 2085 3636 2821 3702; baseline -0.004 -12"><span class='ocrx_word' id='word_1_697' title='bbox 2085 3637 2228 3690; x_wconf 90' lang='lat' dir='ltr'>Ibid.</span> <span class='ocrx_word' id='word_1_698' title='bbox 2263 3637 2408 3702; x_wconf 86' lang='lat' dir='ltr'>Quid</span> <span class='ocrx_word' id='word_1_699' title='bbox 2428 3639 2477 3692; x_wconf 89' lang='lat' dir='ltr'>si</span> <span class='ocrx_word' id='word_1_700' title='bbox 2503 3636 2670 3702; x_wconf 88' lang='lat' dir='ltr'>dicut,</span> <span class='ocrx_word' id='word_1_701' title='bbox 2704 3650 2821 3689; x_wconf 88' lang='lat' dir='ltr'>cum</span> 
     </span>
    </p>
   </div>
   <div class='ocr_carea' id='block_1_154' title="bbox 2012 3712 2408 3776">
    <p class='ocr_par' dir='ltr' id='par_1_154' title="bbox 2012 3712 2408 3776">
     <span class='ocr_line' id='line_1_155' title="bbox 2012 3712 2408 3776; baseline 0 -16"><span class='ocrx_word' id='word_1_702' title='bbox 2012 3712 2408 3776; x_wconf 86' lang='lat' dir='ltr'>contempseris.</span> 
     </span>
    </p>
   </div>
   <div class='ocr_carea' id='block_1_155' title="bbox 2088 3777 2821 3832">
    <p class='ocr_par' dir='ltr' id='par_1_155' title="bbox 2088 3777 2821 3832">
     <span class='ocr_line' id='line_1_156' title="bbox 2088 3777 2821 3832; baseline 0 -3"><span class='ocrx_word' id='word_1_703' title='bbox 2088 3778 2230 3831; x_wconf 90' lang='lat' dir='ltr'>Ibid.</span> <span class='ocrx_word' id='word_1_704' title='bbox 2261 3780 2462 3832; x_wconf 82' lang='lat' dir='ltr'>Melius</span> <span class='ocrx_word' id='word_1_705' title='bbox 2516 3782 2573 3832; x_wconf 88' lang='lat' dir='ltr'>tu</span> <span class='ocrx_word' id='word_1_706' title='bbox 2619 3777 2821 3831; x_wconf 86' lang='lat' dir='ltr'>occides</span> 
     </span>
    </p>
   </div>
   <div class='ocr_carea' id='block_1_156' title="bbox 2013 3864 2443 3901">
    <p class='ocr_par' dir='ltr' id='par_1_156' title="bbox 2013 3864 2443 3901">
     <span class='ocr_line' id='line_1_157' title="bbox 2013 3864 2443 3901; baseline 0.002 -1"><span class='ocrx_word' id='word_1_707' title='bbox 2013 3864 2224 3901; x_wconf 88' lang='lat' dir='ltr'>carnem</span> <span class='ocrx_word' id='word_1_708' title='bbox 2255 3864 2443 3901; x_wconf 86' lang='lat' dir='ltr'>meam.</span> 
     </span>
    </p>
   </div>
   <div class='ocr_carea' id='block_1_157' title="bbox 2966 2653 3700 2711">
    <p class='ocr_par' dir='ltr' id='par_1_157' title="bbox 2966 2653 3700 2711">
     <span class='ocr_line' id='line_1_158' title="bbox 2966 2653 3700 2711; baseline 0.005 -4"><span class='ocrx_word' id='word_1_709' title='bbox 2966 2653 3076 2707; x_wconf 89' lang='lat' dir='ltr'>Cod</span> <span class='ocrx_word' id='word_1_710' title='bbox 3120 2671 3270 2707; x_wconf 77' lang='lat' dir='ltr'>xvm.</span> <span class='ocrx_word' id='word_1_711' title='bbox 3328 2658 3471 2710; x_wconf 86' lang='lat' dir='ltr'>Tollo</span> <span class='ocrx_word' id='word_1_712' title='bbox 3520 2657 3700 2711; x_wconf 83' lang='lat' dir='ltr'>illud:</span> 
     </span>
    </p>
   </div>
   <div class='ocr_carea' id='block_1_158' title="bbox 2893 2725 3696 2781">
    <p class='ocr_par' dir='ltr' id='par_1_158' title="bbox 2893 2725 3696 2781">
     <span class='ocr_line' id='line_1_159' title="bbox 2893 2725 3696 2781; baseline 0.009 -7"><span class='ocrx_word' id='word_1_713' title='bbox 2893 2730 3070 2776; x_wconf 87' lang='lat' dir='ltr'>cavete</span> <span class='ocrx_word' id='word_1_714' title='bbox 3121 2725 3188 2776; x_wconf 89' lang='lat' dir='ltr'>ab</span> <span class='ocrx_word' id='word_1_715' title='bbox 3245 2730 3390 2780; x_wconf 87' lang='lat' dir='ltr'>omni</span> <span class='ocrx_word' id='word_1_716' title='bbox 3440 2731 3696 2781; x_wconf 85' lang='lat' dir='ltr'>avaritia.</span> 
     </span>
    </p>
   </div>
   <div class='ocr_carea' id='block_1_159' title="bbox 2895 2793 3378 2849">
    <p class='ocr_par' dir='ltr' id='par_1_159' title="bbox 2895 2793 3378 2849">
     <span class='ocr_line' id='line_1_160' title="bbox 2895 2793 3378 2849; baseline 0.008 -4"><span class='ocrx_word' id='word_1_717' title='bbox 2895 2793 3032 2846; x_wconf 89' lang='lat' dir='ltr'>Vide</span> <span class='ocrx_word' id='word_1_718' title='bbox 3063 2809 3177 2846; x_wconf 72' lang='lat' dir='ltr'>var.</span> <span class='ocrx_word' id='word_1_719' title='bbox 3204 2796 3378 2849; x_wconf 84' lang='lat' dir='ltr'>Maur.</span> 
     </span>
    </p>
   </div>
   <div class='ocr_carea' id='block_1_160' title="bbox 2966 2864 3700 2921">
    <p class='ocr_par' dir='ltr' id='par_1_160' title="bbox 2966 2864 3700 2921">
     <span class='ocr_line' id='line_1_161' title="bbox 2966 2864 3700 2921; baseline 0.008 -6"><span class='ocrx_word' id='word_1_720' title='bbox 2966 2864 3104 2917; x_wconf 82' lang='lat' dir='ltr'>Cod.</span> <span class='ocrx_word' id='word_1_721' title='bbox 3172 2881 3316 2918; x_wconf 71' lang='lat' dir='ltr'>xxnv.</span> <span class='ocrx_word' id='word_1_722' title='bbox 3407 2868 3700 2921; x_wconf 85' lang='lat' dir='ltr'>Numerata</span> 
     </span>
    </p>
   </div>
   <div class='ocr_carea' id='block_1_161' title="bbox 2893 2937 3702 3004">
    <p class='ocr_par' dir='ltr' id='par_1_161' title="bbox 2893 2937 3702 3004">
     <span class='ocr_line' id='line_1_162' title="bbox 2893 2937 3702 3004; baseline 0.006 -17"><span class='ocrx_word' id='word_1_723' title='bbox 2893 2940 3049 2987; x_wconf 88' lang='lat' dir='ltr'>sunt:</span> <span class='ocrx_word' id='word_1_724' title='bbox 3120 2940 3168 2986; x_wconf 83' lang='lat' dir='ltr'>et</span> <span class='ocrx_word' id='word_1_725' title='bbox 3228 2937 3318 2988; x_wconf 89' lang='lat' dir='ltr'>ille</span> <span class='ocrx_word' id='word_1_726' title='bbox 3379 2940 3475 3004; x_wconf 91' lang='lat' dir='ltr'>qui</span> <span class='ocrx_word' id='word_1_727' title='bbox 3547 2944 3702 2992; x_wconf 89' lang='lat' dir='ltr'>tanta</span> 
     </span>
    </p>
   </div>
   <div class='ocr_carea' id='block_1_162' title="bbox 2893 3006 3702 3062">
    <p class='ocr_par' dir='ltr' id='par_1_162' title="bbox 2893 3006 3702 3062">
     <span class='ocr_line' id='line_1_163' title="bbox 2893 3006 3702 3062; baseline 0.006 -6"><span class='ocrx_word' id='word_1_728' title='bbox 2893 3007 3153 3057; x_wconf 83' lang='lat' dir='ltr'>sustinuit</span> <span class='ocrx_word' id='word_1_729' title='bbox 3201 3006 3335 3058; x_wconf 88' lang='lat' dir='ltr'>dicit</span> <span class='ocrx_word' id='word_1_730' title='bbox 3386 3006 3523 3062; x_wconf 84' lang='lat' dir='ltr'>tibi:</span> <span class='ocrx_word' id='word_1_731' title='bbox 3575 3024 3702 3061; x_wconf 83' lang='lat' dir='ltr'>cave</span> 
     </span>
    </p>
   </div>
   <div class='ocr_carea' id='block_1_163' title="bbox 2895 3075 3700 3132">
    <p class='ocr_par' dir='ltr' id='par_1_163' title="bbox 2895 3075 3700 3132">
     <span class='ocr_line' id='line_1_164' title="bbox 2895 3075 3700 3132; baseline 0.007 -6"><span class='ocrx_word' id='word_1_732' title='bbox 2895 3075 2962 3126; x_wconf 89' lang='lat' dir='ltr'>ab</span> <span class='ocrx_word' id='word_1_733' title='bbox 3027 3077 3172 3128; x_wconf 86' lang='lat' dir='ltr'>omni</span> <span class='ocrx_word' id='word_1_734' title='bbox 3198 3079 3457 3130; x_wconf 86' lang='lat' dir='ltr'>avaritia.</span> <span class='ocrx_word' id='word_1_735' title='bbox 3500 3080 3700 3132; x_wconf 86' lang='lat' dir='ltr'>Parum</span> 
     </span>
    </p>
   </div>
   <div class='ocr_carea' id='block_1_164' title="bbox 2894 3147 3698 3215">
    <p class='ocr_par' dir='ltr' id='par_1_164' title="bbox 2894 3147 3698 3215">
     <span class='ocr_line' id='line_1_165' title="bbox 2894 3147 3698 3215; baseline 0.005 -18"><span class='ocrx_word' id='word_1_736' title='bbox 2894 3149 2972 3197; x_wconf 89' lang='lat' dir='ltr'>est</span> <span class='ocrx_word' id='word_1_737' title='bbox 3018 3147 3084 3197; x_wconf 89' lang='lat' dir='ltr'>ab</span> <span class='ocrx_word' id='word_1_738' title='bbox 3137 3149 3373 3200; x_wconf 86' lang='lat' dir='ltr'>avaritia</span> <span class='ocrx_word' id='word_1_739' title='bbox 3412 3152 3651 3215; x_wconf 69' lang='lat' dir='ltr'>pecuniae</span> <span class='ocrx_word' id='word_1_740' title='bbox 3685 3164 3698 3201; x_wconf 89' lang='lat'><strong>:</strong></span> 
     </span>
    </p>
   </div>
   <div class='ocr_carea' id='block_1_165' title="bbox 2895 3215 3553 3272">
    <p class='ocr_par' dir='ltr' id='par_1_165' title="bbox 2895 3215 3553 3272">
     <span class='ocr_line' id='line_1_166' title="bbox 2895 3215 3553 3272; baseline 0.008 -5"><span class='ocrx_word' id='word_1_741' title='bbox 2895 3230 3021 3268; x_wconf 90' lang='lat' dir='ltr'>cave</span> <span class='ocrx_word' id='word_1_742' title='bbox 3043 3215 3110 3268; x_wconf 89' lang='lat' dir='ltr'>ab</span> <span class='ocrx_word' id='word_1_743' title='bbox 3143 3220 3384 3271; x_wconf 72' lang='lat' dir='ltr'>avaritia</span> <span class='ocrx_word' id='word_1_744' title='bbox 3413 3221 3553 3272; x_wconf 80' lang='lat' dir='ltr'>vitae.</span> 
     </span>
    </p>
   </div>
   <div class='ocr_carea' id='block_1_166' title="bbox 2961 3285 3700 3354">
    <p class='ocr_par' dir='ltr' id='par_1_166' title="bbox 2961 3285 3700 3354">
     <span class='ocr_line' id='line_1_167' title="bbox 2961 3285 3700 3354; baseline 0.007 -17"><span class='ocrx_word' id='word_1_745' title='bbox 2961 3285 3045 3339; x_wconf 92' lang='lat' dir='ltr'>Id.</span> <span class='ocrx_word' id='word_1_746' title='bbox 3094 3287 3285 3342; x_wconf 88' lang='lat' dir='ltr'>Nudus</span> <span class='ocrx_word' id='word_1_747' title='bbox 3338 3291 3498 3354; x_wconf 88' lang='lat' dir='ltr'>foris,</span> <span class='ocrx_word' id='word_1_748' title='bbox 3553 3291 3700 3342; x_wconf 89' lang='lat' dir='ltr'>intus</span> 
     </span>
    </p>
   </div>
   <div class='ocr_carea' id='block_1_167' title="bbox 2891 3358 3700 3423">
    <p class='ocr_par' dir='ltr' id='par_1_167' title="bbox 2891 3358 3700 3423">
     <span class='ocr_line' id='line_1_168' title="bbox 2891 3358 3700 3423; baseline 0.005 -16"><span class='ocrx_word' id='word_1_749' title='bbox 2891 3359 3130 3410; x_wconf 84' lang='lat' dir='ltr'>vestitus.</span> <span class='ocrx_word' id='word_1_750' title='bbox 3192 3358 3381 3412; x_wconf 87' lang='lat' dir='ltr'>Nudus</span> <span class='ocrx_word' id='word_1_751' title='bbox 3461 3360 3599 3423; x_wconf 88' lang='lat' dir='ltr'>foris</span> <span class='ocrx_word' id='word_1_752' title='bbox 3668 3374 3700 3411; x_wconf 83' lang='grc' dir='ltr'><em>α</em></span> 
     </span>
    </p>
   </div>
   <div class='ocr_carea' id='block_1_168' title="bbox 2889 3429 3701 3496">
    <p class='ocr_par' dir='ltr' id='par_1_168' title="bbox 2889 3429 3701 3496">
     <span class='ocr_line' id='line_1_169' title="bbox 2889 3429 3701 3496; baseline 0.005 -19"><span class='ocrx_word' id='word_1_753' title='bbox 2889 3430 3110 3494; x_wconf 87' lang='lat' dir='ltr'>pannis,</span> <span class='ocrx_word' id='word_1_754' title='bbox 3167 3433 3215 3480; x_wconf 90' lang='lat' dir='ltr'>et</span> <span class='ocrx_word' id='word_1_755' title='bbox 3274 3429 3701 3496; x_wconf 83' lang='lat' dir='ltr'>imputribilibus</span> 
     </span>
    </p>
   </div>
   <div class='ocr_carea' id='block_1_169' title="bbox 2889 3499 3703 3569">
    <p class='ocr_par' dir='ltr' id='par_1_169' title="bbox 2889 3499 3703 3569">
     <span class='ocr_line' id='line_1_170' title="bbox 2889 3499 3703 3569; baseline 0.018 -25"><span class='ocrx_word' id='word_1_756' title='bbox 2889 3499 3088 3569; x_wconf 72' lang='lat' dir='ltr'>pannis</span> <span class='ocrx_word' id='word_1_757' title='bbox 3109 3500 3255 3552; x_wconf 89' lang='lat' dir='ltr'>intus</span> <span class='ocrx_word' id='word_1_758' title='bbox 3280 3501 3499 3553; x_wconf 88' lang='lat' dir='ltr'>vestitus</span> <span class='ocrx_word' id='word_1_759' title='bbox 3523 3512 3535 3568; x_wconf 93' lang='lat'>;</span> <span class='ocrx_word' id='word_1_760' title='bbox 3571 3515 3703 3569; x_wconf 78' lang='lat' dir='ltr'>per-</span> 
     </span>
    </p>
   </div>
   <div class='ocr_carea' id='block_1_170' title="bbox 2892 3566 3054 3620">
    <p class='ocr_par' dir='ltr' id='par_1_170' title="bbox 2892 3566 3054 3620">
     <span class='ocr_line' id='line_1_171' title="bbox 2892 3566 3054 3620; baseline 0.006 -1"><span class='ocrx_word' id='word_1_761' title='bbox 2892 3566 3054 3620; x_wconf 85' lang='lat' dir='ltr'>fecte.</span> 
     </span>
    </p>
   </div>
   <div class='ocr_carea' id='block_1_171' title="bbox 2967 3637 3704 3705">
    <p class='ocr_par' dir='ltr' id='par_1_171' title="bbox 2967 3637 3704 3705">
     <span class='ocr_line' id='line_1_172' title="bbox 2967 3637 3704 3705; baseline 0.004 -15"><span class='ocrx_word' id='word_1_762' title='bbox 2967 3637 3048 3690; x_wconf 89' lang='lat' dir='ltr'>Id.</span> <span class='ocrx_word' id='word_1_763' title='bbox 3076 3638 3218 3702; x_wconf 87' lang='lat' dir='ltr'>Quid</span> <span class='ocrx_word' id='word_1_764' title='bbox 3246 3642 3295 3693; x_wconf 91' lang='lat' dir='ltr'>si</span> <span class='ocrx_word' id='word_1_765' title='bbox 3321 3639 3488 3705; x_wconf 89' lang='lat' dir='ltr'>dicat,</span> <span class='ocrx_word' id='word_1_766' title='bbox 3516 3641 3566 3693; x_wconf 88' lang='lat' dir='ltr'>si</span> <span class='ocrx_word' id='word_1_767' title='bbox 3587 3655 3704 3694; x_wconf 85' lang='lat' dir='ltr'>con-</span> 
     </span>
    </p>
   </div>
   <div class='ocr_carea' id='block_1_172' title="bbox 2897 3711 3193 3774">
    <p class='ocr_par' dir='ltr' id='par_1_172' title="bbox 2897 3711 3193 3774">
     <span class='ocr_line' id='line_1_173' title="bbox 2897 3711 3193 3774; baseline 0 -14"><span class='ocrx_word' id='word_1_768' title='bbox 2897 3711 3193 3774; x_wconf 81' lang='lat' dir='ltr'>tempseris.</span> 
     </span>
    </p>
   </div>
   <div class='ocr_carea' id='block_1_173' title="bbox 2966 3778 3702 3832">
    <p class='ocr_par' dir='ltr' id='par_1_173' title="bbox 2966 3778 3702 3832">
     <span class='ocr_line' id='line_1_174' title="bbox 2966 3778 3702 3832; baseline 0.004 -3"><span class='ocrx_word' id='word_1_769' title='bbox 2966 3778 3046 3830; x_wconf 84' lang='lat' dir='ltr'>Id.</span> <span class='ocrx_word' id='word_1_770' title='bbox 3104 3779 3306 3831; x_wconf 79' lang='lat' dir='ltr'>Melius</span> <span class='ocrx_word' id='word_1_771' title='bbox 3367 3783 3423 3830; x_wconf 89' lang='lat' dir='ltr'>tu</span> <span class='ocrx_word' id='word_1_772' title='bbox 3490 3794 3702 3832; x_wconf 84' lang='lat' dir='ltr'>carnem</span> 
     </span>
    </p>
   </div>
   <div class='ocr_carea' id='block_1_174' title="bbox 2896 3849 3702 3918">
    <p class='ocr_par' dir='ltr' id='par_1_174' title="bbox 2896 3849 3702 3918">
     <span class='ocr_line' id='line_1_175' title="bbox 2896 3849 3702 3918; baseline 0.004 -19"><span class='ocrx_word' id='word_1_773' title='bbox 2896 3862 3084 3918; x_wconf 65' lang='lat' dir='ltr'>meam.</span> <span class='ocrx_word' id='word_1_774' title='bbox 3148 3849 3259 3901; x_wconf 87' lang='lat' dir='ltr'>Vox</span> <span class='ocrx_word' id='word_1_775' title='bbox 3307 3849 3530 3911; x_wconf 88' lang='lat' dir='ltr'>occides,</span> <span class='ocrx_word' id='word_1_776' title='bbox 3573 3865 3702 3918; x_wconf 69' lang='lat' dir='ltr'>quae</span> 
     </span>
    </p>
   </div>
   <div class='ocr_carea' id='block_1_175' title="bbox 2895 3917 3697 3984">
    <p class='ocr_par' dir='ltr' id='par_1_175' title="bbox 2895 3917 3697 3984">
     <span class='ocr_line' id='line_1_176' title="bbox 2895 3917 3697 3984; baseline 0.002 -15"><span class='ocrx_word' id='word_1_777' title='bbox 2895 3917 2962 3970; x_wconf 82' lang='lat' dir='ltr'>ab</span> <span class='ocrx_word' id='word_1_778' title='bbox 3003 3918 3268 3972; x_wconf 87' lang='lat' dir='ltr'>omnibus</span> <span class='ocrx_word' id='word_1_779' title='bbox 3299 3919 3462 3972; x_wconf 90' lang='lat' dir='ltr'>codd.</span> <span class='ocrx_word' id='word_1_780' title='bbox 3523 3917 3697 3984; x_wconf 80' lang='lat' dir='ltr'>abest,</span> 
     </span>
    </p>
   </div>
   <div class='ocr_carea' id='block_1_176' title="bbox 2012 4002 3528 4060">
    <p class='ocr_par' dir='ltr' id='par_1_176' title="bbox 2012 4002 3528 4060">
     <span class='ocr_line' id='line_1_177' title="bbox 2012 4002 3528 4060; baseline 0.002 -3"><span class='ocrx_word' id='word_1_781' title='bbox 2012 4004 2161 4057; x_wconf 87' lang='lat' dir='ltr'>male</span> <span class='ocrx_word' id='word_1_782' title='bbox 2189 4005 2377 4058; x_wconf 85' lang='lat' dir='ltr'>addita</span> <span class='ocrx_word' id='word_1_783' title='bbox 2411 4009 2496 4057; x_wconf 83' lang='lat' dir='ltr'>est</span> <span class='ocrx_word' id='word_1_784' title='bbox 2526 4020 2558 4056; x_wconf 75' lang='grc' dir='ltr'><strong>ει</strong></span> <span class='ocrx_word' id='word_1_785' title='bbox 2599 4002 2997 4057; x_wconf 86' lang='lat' dir='ltr'>Benedictinis.</span> <span class='ocrx_word' id='word_1_786' title='bbox 3041 4005 3175 4058; x_wconf 80' lang='lat' dir='ltr'>Vide</span> <span class='ocrx_word' id='word_1_787' title='bbox 3205 4021 3317 4060; x_wconf 88' lang='lat' dir='ltr'>var.</span> <span class='ocrx_word' id='word_1_788' title='bbox 3353 4007 3528 4060; x_wconf 85' lang='lat' dir='ltr'>Maur.</span> 
     </span>
    </p>
   </div>
   <div class='ocr_carea' id='block_1_177' title="bbox 2083 4092 2820 4147">
    <p class='ocr_par' dir='ltr' id='par_1_177' title="bbox 2083 4092 2820 4147">
     <span class='ocr_line' id='line_1_178' title="bbox 2083 4092 2820 4147; baseline -0.004 -1"><span class='ocrx_word' id='word_1_789' title='bbox 2083 4092 2225 4146; x_wconf 87' lang='lat' dir='ltr'>Ibid.</span> <span class='ocrx_word' id='word_1_790' title='bbox 2258 4096 2412 4147; x_wconf 86' lang='lat' dir='ltr'>Forte</span> <span class='ocrx_word' id='word_1_791' title='bbox 2442 4093 2538 4146; x_wconf 81' lang='lat' dir='ltr'>hoc</span> <span class='ocrx_word' id='word_1_792' title='bbox 2591 4109 2696 4146; x_wconf 89' lang='lat' dir='ltr'>non</span> <span class='ocrx_word' id='word_1_793' title='bbox 2735 4092 2820 4143; x_wconf 82' lang='lat' dir='ltr'>di-</span> 
     </span>
    </p>
   </div>
   <div class='ocr_carea' id='block_1_178' title="bbox 2012 4163 2818 4217">
    <p class='ocr_par' dir='ltr' id='par_1_178' title="bbox 2012 4163 2818 4217">
     <span class='ocr_line' id='line_1_179' title="bbox 2012 4163 2818 4217; baseline 0.001 -3"><span class='ocrx_word' id='word_1_794' title='bbox 2012 4165 2106 4216; x_wconf 87' lang='lat' dir='ltr'>cis.</span> <span class='ocrx_word' id='word_1_795' title='bbox 2156 4164 2302 4217; x_wconf 68' lang='lat' dir='ltr'>Unde</span> <span class='ocrx_word' id='word_1_796' title='bbox 2348 4180 2452 4216; x_wconf 87' lang='lat' dir='ltr'>non</span> <span class='ocrx_word' id='word_1_797' title='bbox 2500 4163 2676 4217; x_wconf 78' lang='lat' dir='ltr'>dicis?</span> <span class='ocrx_word' id='word_1_798' title='bbox 2728 4164 2818 4216; x_wconf 89' lang='lat' dir='ltr'>Vi-</span> 
     </span>
    </p>
   </div>
   <div class='ocr_carea' id='block_1_179' title="bbox 2011 4235 2817 4302">
    <p class='ocr_par' dir='ltr' id='par_1_179' title="bbox 2011 4235 2817 4302">
     <span class='ocr_line' id='line_1_180' title="bbox 2011 4235 2817 4302; baseline -0.002 -16"><span class='ocrx_word' id='word_1_799' title='bbox 2011 4249 2132 4286; x_wconf 78' lang='lat' dir='ltr'>vere</span> <span class='ocrx_word' id='word_1_800' title='bbox 2175 4237 2294 4289; x_wconf 88' lang='lat' dir='ltr'>vis:</span> <span class='ocrx_word' id='word_1_801' title='bbox 2332 4236 2457 4302; x_wconf 90' lang='lat' dir='ltr'>plus</span> <span class='ocrx_word' id='word_1_802' title='bbox 2498 4238 2581 4288; x_wconf 91' lang='lat' dir='ltr'>vis</span> <span class='ocrx_word' id='word_1_803' title='bbox 2620 4235 2817 4295; x_wconf 87' lang='lat' dir='ltr'>vivere,</span> 
     </span>
    </p>
   </div>
   <div class='ocr_carea' id='block_1_180' title="bbox 2291 4303 2820 4359">
    <p class='ocr_par' dir='ltr' id='par_1_180' title="bbox 2291 4303 2820 4359">
     <span class='ocr_line' id='line_1_181' title="bbox 2291 4303 2820 4359; baseline -0.008 -1"><span class='ocrx_word' id='word_1_804' title='bbox 2291 4308 2428 4359; x_wconf 89' lang='lat' dir='ltr'>Deus</span> <span class='ocrx_word' id='word_1_805' title='bbox 2502 4303 2820 4359; x_wconf 85' lang='lat' dir='ltr'>constituit?</span> 
     </span>
    </p>
   </div>
   <div class='ocr_carea' id='block_1_181' title="bbox 2014 4376 2818 4432">
    <p class='ocr_par' dir='ltr' id='par_1_181' title="bbox 2014 4376 2818 4432">
     <span class='ocr_line' id='line_1_182' title="bbox 2014 4376 2818 4432; baseline 0 -5"><span class='ocrx_word' id='word_1_806' title='bbox 2014 4378 2172 4428; x_wconf 85' lang='lat' dir='ltr'>Certe</span> <span class='ocrx_word' id='word_1_807' title='bbox 2200 4391 2354 4432; x_wconf 86' lang='lat' dir='ltr'>caves</span> <span class='ocrx_word' id='word_1_808' title='bbox 2397 4376 2463 4429; x_wconf 89' lang='lat' dir='ltr'>ab</span> <span class='ocrx_word' id='word_1_809' title='bbox 2502 4377 2647 4430; x_wconf 90' lang='lat' dir='ltr'>omni</span> <span class='ocrx_word' id='word_1_810' title='bbox 2685 4389 2818 4427; x_wconf 87' lang='lat' dir='ltr'>ava-</span> 
     </span>
    </p>
   </div>
   <div class='ocr_carea' id='block_1_182' title="bbox 2011 4449 2164 4500">
    <p class='ocr_par' dir='ltr' id='par_1_182' title="bbox 2011 4449 2164 4500">
     <span class='ocr_line' id='line_1_183' title="bbox 2011 4449 2164 4500; baseline 0.02 -2"><span class='ocrx_word' id='word_1_811' title='bbox 2011 4449 2164 4500; x_wconf 84' lang='lat' dir='ltr'>ritia.</span> 
     </span>
    </p>
   </div>
   <div class='ocr_carea' id='block_1_183' title="bbox 2965 4093 3697 4148">
    <p class='ocr_par' dir='ltr' id='par_1_183' title="bbox 2965 4093 3697 4148">
     <span class='ocr_line' id='line_1_184' title="bbox 2965 4093 3697 4148; baseline 0.003 -3"><span class='ocrx_word' id='word_1_812' title='bbox 2965 4093 3044 4146; x_wconf 92' lang='lat' dir='ltr'>Id.</span> <span class='ocrx_word' id='word_1_813' title='bbox 3087 4096 3239 4147; x_wconf 84' lang='lat' dir='ltr'>Forte</span> <span class='ocrx_word' id='word_1_814' title='bbox 3278 4096 3372 4147; x_wconf 87' lang='lat' dir='ltr'>hoc</span> <span class='ocrx_word' id='word_1_815' title='bbox 3405 4110 3510 4148; x_wconf 90' lang='lat' dir='ltr'>non</span> <span class='ocrx_word' id='word_1_816' title='bbox 3539 4094 3697 4147; x_wconf 82' lang='lat' dir='ltr'>dicis.</span> 
     </span>
    </p>
   </div>
   <div class='ocr_carea' id='block_1_184' title="bbox 2899 4163 3702 4218">
    <p class='ocr_par' dir='ltr' id='par_1_184' title="bbox 2899 4163 3702 4218">
     <span class='ocr_line' id='line_1_185' title="bbox 2899 4163 3702 4218; baseline 0 -2"><span class='ocrx_word' id='word_1_817' title='bbox 2899 4163 3046 4216; x_wconf 84' lang='lat' dir='ltr'>Unde</span> <span class='ocrx_word' id='word_1_818' title='bbox 3061 4180 3164 4218; x_wconf 87' lang='lat' dir='ltr'>non</span> <span class='ocrx_word' id='word_1_819' title='bbox 3185 4165 3320 4217; x_wconf 85' lang='lat' dir='ltr'>dicis</span> <span class='ocrx_word' id='word_1_820' title='bbox 3343 4165 3460 4218; x_wconf 78' lang='lat' dir='ltr'>‘lvis</span> <span class='ocrx_word' id='word_1_821' title='bbox 3483 4167 3660 4217; x_wconf 85' lang='lat' dir='ltr'>vivere</span> <span class='ocrx_word' id='word_1_822' title='bbox 3675 4167 3702 4217; x_wconf 83' lang='lat'><strong><em>?</em></strong></span> 
     </span>
    </p>
   </div>
   <div class='ocr_carea' id='block_1_185' title="bbox 2894 4235 3699 4288">
    <p class='ocr_par' dir='ltr' id='par_1_185' title="bbox 2894 4235 3699 4288">
     <span class='ocr_line' id='line_1_186' title="bbox 2894 4235 3699 4288; baseline 0.002 -4"><span class='ocrx_word' id='word_1_823' title='bbox 2894 4236 3068 4287; x_wconf 79' lang='lat' dir='ltr'>vivere</span> <span class='ocrx_word' id='word_1_824' title='bbox 3089 4238 3172 4288; x_wconf 85' lang='lat' dir='ltr'>vis</span> <span class='ocrx_word' id='word_1_825' title='bbox 3191 4236 3219 4286; x_wconf 82' lang='lat'>‘?</span> <span class='ocrx_word' id='word_1_826' title='bbox 3252 4235 3386 4288; x_wconf 87' lang='lat' dir='ltr'>Cum</span> <span class='ocrx_word' id='word_1_827' title='bbox 3409 4237 3552 4287; x_wconf 88' lang='lat' dir='ltr'>Deus</span> <span class='ocrx_word' id='word_1_828' title='bbox 3577 4249 3699 4287; x_wconf 90' lang='lat' dir='ltr'>con-</span> 
     </span>
    </p>
   </div>
   <div class='ocr_carea' id='block_1_186' title="bbox 2895 4304 3704 4370">
    <p class='ocr_par' dir='ltr' id='par_1_186' title="bbox 2895 4304 3704 4370">
     <span class='ocr_line' id='line_1_187' title="bbox 2895 4304 3704 4370; baseline 0 -13"><span class='ocrx_word' id='word_1_829' title='bbox 2895 4304 3093 4370; x_wconf 81' lang='lat' dir='ltr'>stituit,</span> <span class='ocrx_word' id='word_1_830' title='bbox 3129 4310 3265 4358; x_wconf 88' lang='lat' dir='ltr'>certe</span> <span class='ocrx_word' id='word_1_831' title='bbox 3307 4321 3432 4359; x_wconf 89' lang='lat' dir='ltr'>cave</span> <span class='ocrx_word' id='word_1_832' title='bbox 3456 4305 3522 4357; x_wconf 92' lang='lat' dir='ltr'>ab</span> <span class='ocrx_word' id='word_1_833' title='bbox 3559 4306 3704 4357; x_wconf 87' lang='lat' dir='ltr'>omni</span> 
     </span>
    </p>
   </div>
   <div class='ocr_carea' id='block_1_187' title="bbox 2893 4375 3702 4428">
    <p class='ocr_par' dir='ltr' id='par_1_187' title="bbox 2893 4375 3702 4428">
     <span class='ocr_line' id='line_1_188' title="bbox 2893 4375 3702 4428; baseline -0.001 -1"><span class='ocrx_word' id='word_1_834' title='bbox 2893 4377 3152 4427; x_wconf 86' lang='lat' dir='ltr'>avaritia.</span> <span class='ocrx_word' id='word_1_835' title='bbox 3178 4375 3310 4428; x_wconf 85' lang='lat' dir='ltr'>Cod.</span> <span class='ocrx_word' id='word_1_836' title='bbox 3328 4390 3702 4428; x_wconf 83' lang='lat' dir='ltr'>xxmconcor-</span> 
     </span>
    </p>
   </div>
   <div class='ocr_carea' id='block_1_188' title="bbox 2895 4445 3703 4516">
    <p class='ocr_par' dir='ltr' id='par_1_188' title="bbox 2895 4445 3703 4516">
     <span class='ocr_line' id='line_1_189' title="bbox 2895 4445 3703 4516; baseline 0.002 -20"><span class='ocrx_word' id='word_1_837' title='bbox 2895 4445 3010 4510; x_wconf 86' lang='lat' dir='ltr'>dat,</span> <span class='ocrx_word' id='word_1_838' title='bbox 3051 4450 3282 4508; x_wconf 79' lang='lat' dir='ltr'>excepto</span> <span class='ocrx_word' id='word_1_839' title='bbox 3334 4446 3488 4516; x_wconf 87' lang='lat' dir='ltr'>quod</span> <span class='ocrx_word' id='word_1_840' title='bbox 3531 4445 3703 4500; x_wconf 85' lang='lat' dir='ltr'>habet</span> 
     </span>
    </p>
   </div>
   <div class='ocr_carea' id='block_1_189' title="bbox 2893 4530 3348 4584">
    <p class='ocr_par' dir='ltr' id='par_1_189' title="bbox 2893 4530 3348 4584">
     <span class='ocr_line' id='line_1_190' title="bbox 2893 4530 3348 4584; baseline 0.011 -17"><span class='ocrx_word' id='word_1_841' title='bbox 2893 4530 3064 4579; x_wconf 86' lang='lat' dir='ltr'>caves,</span> <span class='ocrx_word' id='word_1_842' title='bbox 3085 4532 3188 4584; x_wconf 88' lang='lat' dir='ltr'>pro</span> <span class='ocrx_word' id='word_1_843' title='bbox 3203 4531 3348 4572; x_wconf 89' lang='lat' dir='ltr'>cave.</span> 
     </span>
    </p>
   </div>
   <div class='ocr_carea' id='block_1_190' title="bbox 2641 4602 3082 4659">
    <p class='ocr_par' dir='ltr' id='par_1_190' title="bbox 2641 4602 3082 4659">
     <span class='ocr_line' id='line_1_191' title="bbox 2641 4602 3082 4659; baseline -0.002 -1"><span class='ocrx_word' id='word_1_844' title='bbox 2641 4602 2867 4659; x_wconf 74' lang='lat' dir='ltr'>SERMO</span> <span class='ocrx_word' id='word_1_845' title='bbox 2899 4603 3082 4657; x_wconf 84' lang='lat' dir='ltr'>CVllI.</span> 
     </span>
    </p>
   </div>
   <div class='ocr_carea' id='block_1_191' title="bbox 2082 4688 3171 4757">
    <p class='ocr_par' dir='ltr' id='par_1_191' title="bbox 2082 4688 3171 4757">
     <span class='ocr_line' id='line_1_192' title="bbox 2082 4688 3171 4757; baseline 0.003 -13"><span class='ocrx_word' id='word_1_846' title='bbox 2082 4691 2329 4746; x_wconf 78' lang='lat' dir='ltr'>[labetur</span> <span class='ocrx_word' id='word_1_847' title='bbox 2355 4694 2413 4746; x_wconf 88' lang='lat' dir='ltr'>in</span> <span class='ocrx_word' id='word_1_848' title='bbox 2443 4695 2567 4749; x_wconf 90' lang='lat' dir='ltr'>cod.</span> <span class='ocrx_word' id='word_1_849' title='bbox 2602 4693 2748 4747; x_wconf 88' lang='lat' dir='ltr'>Cass.</span> <span class='ocrx_word' id='word_1_850' title='bbox 2789 4705 2884 4757; x_wconf 83' lang='lat' dir='ltr'>vn,</span> <span class='ocrx_word' id='word_1_851' title='bbox 2908 4688 3012 4746; x_wconf 89' lang='lat' dir='ltr'>fol.</span> <span class='ocrx_word' id='word_1_852' title='bbox 3053 4693 3171 4747; x_wconf 85' lang='grc'>100.</span> 
     </span>
    </p>
   </div>
   <div class='ocr_carea' id='block_1_192' title="bbox 2082 4779 2817 4834">
    <p class='ocr_par' dir='ltr' id='par_1_192' title="bbox 2082 4779 2817 4834">
     <span class='ocr_line' id='line_1_193' title="bbox 2082 4779 2817 4834; baseline 0 -3"><span class='ocrx_word' id='word_1_853' title='bbox 2082 4779 2224 4832; x_wconf 84' lang='lat' dir='ltr'>Edit.</span> <span class='ocrx_word' id='word_1_854' title='bbox 2255 4780 2317 4833; x_wconf 86' lang='lat' dir='ltr'>N.</span> <span class='ocrx_word' id='word_1_855' title='bbox 2375 4784 2421 4834; x_wconf 81' lang='lat' dir='ltr'>l.</span> <span class='ocrx_word' id='word_1_856' title='bbox 2472 4784 2542 4834; x_wconf 89' lang='lat' dir='ltr'>De</span> <span class='ocrx_word' id='word_1_857' title='bbox 2577 4782 2670 4834; x_wconf 86' lang='lat' dir='ltr'>hoc</span> <span class='ocrx_word' id='word_1_858' title='bbox 2723 4793 2817 4831; x_wconf 88' lang='lat' dir='ltr'>au-</span> 
     </span>
    </p>
   </div>
   <div class='ocr_carea' id='block_1_193' title="bbox 2008 4849 2814 4919">
    <p class='ocr_par' dir='ltr' id='par_1_193' title="bbox 2008 4849 2814 4919">
     <span class='ocr_line' id='line_1_194' title="bbox 2008 4849 2814 4919; baseline 0 -18"><span class='ocrx_word' id='word_1_859' title='bbox 2008 4849 2167 4903; x_wconf 83' lang='lat' dir='ltr'>distis</span> <span class='ocrx_word' id='word_1_860' title='bbox 2217 4851 2369 4903; x_wconf 87' lang='lat' dir='ltr'>modo</span> <span class='ocrx_word' id='word_1_861' title='bbox 2438 4851 2814 4919; x_wconf 86' lang='lat' dir='ltr'>Evangelinm,</span> 
     </span>
    </p>
   </div>
   <div class='ocr_carea' id='block_1_194' title="bbox 2009 4920 2818 4986">
    <p class='ocr_par' dir='ltr' id='par_1_194' title="bbox 2009 4920 2818 4986">
     <span class='ocr_line' id='line_1_195' title="bbox 2009 4920 2818 4986; baseline 0.006 -15"><span class='ocrx_word' id='word_1_862' title='bbox 2009 4920 2142 4986; x_wconf 85' lang='lat' dir='ltr'>quid</span> <span class='ocrx_word' id='word_1_863' title='bbox 2165 4923 2429 4974; x_wconf 86' lang='lat' dir='ltr'>monuerit</span> <span class='ocrx_word' id='word_1_864' title='bbox 2475 4937 2591 4981; x_wconf 79' lang='lat' dir='ltr'>nos.</span> <span class='ocrx_word' id='word_1_865' title='bbox 2635 4928 2818 4976; x_wconf 87' lang='lat' dir='ltr'>cautos</span> 
     </span>
    </p>
   </div>
   <div class='ocr_carea' id='block_1_195' title="bbox 2007 4991 2820 5057">
    <p class='ocr_par' dir='ltr' id='par_1_195' title="bbox 2007 4991 2820 5057">
     <span class='ocr_line' id='line_1_196' title="bbox 2007 4991 2820 5057; baseline 0.004 -15"><span class='ocrx_word' id='word_1_866' title='bbox 2007 5006 2102 5044; x_wconf 88' lang='lat' dir='ltr'>nos</span> <span class='ocrx_word' id='word_1_867' title='bbox 2130 4991 2358 5057; x_wconf 82' lang='lat' dir='ltr'>faciens,</span> <span class='ocrx_word' id='word_1_868' title='bbox 2387 4997 2438 5046; x_wconf 90' lang='lat' dir='ltr'>et</span> <span class='ocrx_word' id='word_1_869' title='bbox 2482 4994 2659 5046; x_wconf 87' lang='lat' dir='ltr'>volens</span> <span class='ocrx_word' id='word_1_870' title='bbox 2706 5008 2820 5048; x_wconf 89' lang='lat' dir='ltr'>esse</span> 
     </span>
    </p>
   </div>
   <div class='ocr_carea' id='block_1_196' title="bbox 2007 5061 2820 5130">
    <p class='ocr_par' dir='ltr' id='par_1_196' title="bbox 2007 5061 2820 5130">
     <span class='ocr_line' id='line_1_197' title="bbox 2007 5061 2820 5130; baseline 0.007 -17"><span class='ocrx_word' id='word_1_871' title='bbox 2007 5061 2282 5128; x_wconf 69' lang='lat' dir='ltr'>empeditos</span> <span class='ocrx_word' id='word_1_872' title='bbox 2367 5068 2417 5115; x_wconf 91' lang='lat' dir='ltr'>et</span> <span class='ocrx_word' id='word_1_873' title='bbox 2470 5068 2692 5130; x_wconf 88' lang='lat' dir='ltr'>paratos</span> <span class='ocrx_word' id='word_1_874' title='bbox 2747 5064 2820 5118; x_wconf 89' lang='lat' dir='ltr'>ad</span> 
     </span>
    </p>
   </div>
   <div class='ocr_carea' id='block_1_197' title="bbox 2006 5132 2708 5199">
    <p class='ocr_par' dir='ltr' id='par_1_197' title="bbox 2006 5132 2708 5199">
     <span class='ocr_line' id='line_1_198' title="bbox 2006 5132 2708 5199; baseline 0.007 -15"><span class='ocrx_word' id='word_1_875' title='bbox 2006 5132 2366 5199; x_wconf 61' lang='lat' dir='ltr'>exspectanda</span> <span class='ocrx_word' id='word_1_876' title='bbox 2395 5135 2708 5189; x_wconf 86' lang='lat' dir='ltr'>novissima.</span> 
     </span>
    </p>
   </div>
   <div class='ocr_carea' id='block_1_198' title="bbox 2962 4781 3702 4836">
    <p class='ocr_par' dir='ltr' id='par_1_198' title="bbox 2962 4781 3702 4836">
     <span class='ocr_line' id='line_1_199' title="bbox 2962 4781 3702 4836; baseline -0.004 -1"><span class='ocrx_word' id='word_1_877' title='bbox 2962 4781 3093 4835; x_wconf 92' lang='lat' dir='ltr'>Cod.</span> <span class='ocrx_word' id='word_1_878' title='bbox 3174 4783 3255 4835; x_wconf 91' lang='lat' dir='ltr'>De</span> <span class='ocrx_word' id='word_1_879' title='bbox 3303 4783 3398 4836; x_wconf 91' lang='lat' dir='ltr'>hoc</span> <span class='ocrx_word' id='word_1_880' title='bbox 3468 4781 3702 4834; x_wconf 87' lang='lat' dir='ltr'>audistis</span> 
     </span>
    </p>
   </div>
   <div class='ocr_carea' id='block_1_199' title="bbox 2890 4851 3703 4918">
    <p class='ocr_par' dir='ltr' id='par_1_199' title="bbox 2890 4851 3703 4918">
     <span class='ocr_line' id='line_1_200' title="bbox 2890 4851 3703 4918; baseline 0 -14"><span class='ocrx_word' id='word_1_881' title='bbox 2890 4852 3043 4907; x_wconf 87' lang='lat' dir='ltr'>modo</span> <span class='ocrx_word' id='word_1_882' title='bbox 3104 4853 3470 4918; x_wconf 87' lang='lat' dir='ltr'>Evangelium,</span> <span class='ocrx_word' id='word_1_883' title='bbox 3567 4851 3703 4917; x_wconf 86' lang='lat' dir='ltr'>quid</span> 
     </span>
    </p>
   </div>
   <div class='ocr_carea' id='block_1_200' title="bbox 2891 4922 3701 4979">
    <p class='ocr_par' dir='ltr' id='par_1_200' title="bbox 2891 4922 3701 4979">
     <span class='ocr_line' id='line_1_201' title="bbox 2891 4922 3701 4979; baseline -0.001 -6"><span class='ocrx_word' id='word_1_884' title='bbox 2891 4928 3162 4979; x_wconf 87' lang='lat' dir='ltr'>monuerit</span> <span class='ocrx_word' id='word_1_885' title='bbox 3195 4938 3288 4977; x_wconf 84' lang='lat' dir='ltr'>nos</span> <span class='ocrx_word' id='word_1_886' title='bbox 3319 4928 3369 4976; x_wconf 91' lang='lat' dir='ltr'>et</span> <span class='ocrx_word' id='word_1_887' title='bbox 3413 4922 3701 4975; x_wconf 87' lang='lat' dir='ltr'>admonue-</span> 
     </span>
    </p>
   </div>
   <div class='ocr_carea' id='block_1_201' title="bbox 2891 4995 3702 5057">
    <p class='ocr_par' dir='ltr' id='par_1_201' title="bbox 2891 4995 3702 5057">
     <span class='ocr_line' id='line_1_202' title="bbox 2891 4995 3702 5057; baseline 0 -13"><span class='ocrx_word' id='word_1_888' title='bbox 2891 4995 2985 5055; x_wconf 89' lang='lat' dir='ltr'>rit,</span> <span class='ocrx_word' id='word_1_889' title='bbox 3020 4999 3203 5049; x_wconf 89' lang='lat' dir='ltr'>cautos</span> <span class='ocrx_word' id='word_1_890' title='bbox 3251 5009 3350 5046; x_wconf 86' lang='lat' dir='ltr'>nos</span> <span class='ocrx_word' id='word_1_891' title='bbox 3385 4996 3611 5057; x_wconf 83' lang='lat' dir='ltr'>faciens,</span> <span class='ocrx_word' id='word_1_892' title='bbox 3652 4997 3702 5044; x_wconf 91' lang='lat' dir='ltr'>et</span> 
     </span>
    </p>
   </div>
   <div class='ocr_carea' id='block_1_202' title="bbox 2891 5063 3701 5131">
    <p class='ocr_par' dir='ltr' id='par_1_202' title="bbox 2891 5063 3701 5131">
     <span class='ocr_line' id='line_1_203' title="bbox 2891 5063 3701 5131; baseline -0.005 -11"><span class='ocrx_word' id='word_1_893' title='bbox 2891 5067 3069 5120; x_wconf 88' lang='lat' dir='ltr'>volens</span> <span class='ocrx_word' id='word_1_894' title='bbox 3124 5081 3233 5119; x_wconf 91' lang='lat' dir='ltr'>esse</span> <span class='ocrx_word' id='word_1_895' title='bbox 3297 5063 3575 5131; x_wconf 61' lang='lat' dir='ltr'>expeditos</span> <span class='ocrx_word' id='word_1_896' title='bbox 3653 5067 3701 5116; x_wconf 81' lang='lat' dir='ltr'>et</span> 
     </span>
    </p>
   </div>
   <div class='ocr_carea' id='block_1_203' title="bbox 2889 5134 3703 5208">
    <p class='ocr_par' dir='ltr' id='par_1_203' title="bbox 2889 5134 3703 5208">
     <span class='ocr_line' id='line_1_204' title="bbox 2889 5134 3703 5208; baseline -0.006 -17"><span class='ocrx_word' id='word_1_897' title='bbox 2889 5144 3118 5208; x_wconf 83' lang='lat' dir='ltr'>paratos</span> <span class='ocrx_word' id='word_1_898' title='bbox 3164 5135 3237 5188; x_wconf 92' lang='lat' dir='ltr'>ad</span> <span class='ocrx_word' id='word_1_899' title='bbox 3279 5149 3424 5203; x_wconf 88' lang='lat' dir='ltr'>spem</span> <span class='ocrx_word' id='word_1_900' title='bbox 3474 5134 3703 5188; x_wconf 87' lang='lat' dir='ltr'>novissi-</span> 
     </span>
    </p>
   </div>
   <div class='ocr_carea' id='block_1_204' title="bbox 2889 5225 3051 5264">
    <p class='ocr_par' dir='ltr' id='par_1_204' title="bbox 2889 5225 3051 5264">
     <span class='ocr_line' id='line_1_205' title="bbox 2889 5225 3051 5264; baseline -0.025 0"><span class='ocrx_word' id='word_1_901' title='bbox 2889 5225 3051 5264; x_wconf 87' lang='lat' dir='ltr'>mam.</span> 
     </span>
    </p>
   </div>
   <div class='ocr_carea' id='block_1_205' title="bbox 2681 5296 3041 5352">
    <p class='ocr_par' dir='ltr' id='par_1_205' title="bbox 2681 5296 3041 5352">
     <span class='ocr_line' id='line_1_206' title="bbox 2681 5296 3041 5352; baseline -0.003 -2"><span class='ocrx_word' id='word_1_902' title='bbox 2681 5296 2909 5352; x_wconf 81' lang='lat' dir='ltr'>SERMO</span> <span class='ocrx_word' id='word_1_903' title='bbox 2940 5297 3041 5350; x_wconf 77' lang='lat' dir='ltr'>CX.</span> 
     </span>
    </p>
   </div>
   <div class='ocr_carea' id='block_1_206' title="bbox 2076 5371 3140 5449">
    <p class='ocr_par' dir='ltr' id='par_1_206' title="bbox 2076 5371 3140 5449">
     <span class='ocr_line' id='line_1_207' title="bbox 2076 5371 3140 5449; baseline 0.004 -25"><span class='ocrx_word' id='word_1_904' title='bbox 2076 5371 2307 5442; x_wconf 80' lang='lat' dir='ltr'>Legitur</span> <span class='ocrx_word' id='word_1_905' title='bbox 2337 5371 2396 5426; x_wconf 86' lang='lat' dir='ltr'>in</span> <span class='ocrx_word' id='word_1_906' title='bbox 2417 5374 2540 5428; x_wconf 92' lang='lat' dir='ltr'>cod.</span> <span class='ocrx_word' id='word_1_907' title='bbox 2577 5375 2790 5431; x_wconf 81' lang='lat' dir='ltr'>Cassia.</span> <span class='ocrx_word' id='word_1_908' title='bbox 2825 5395 2883 5444; x_wconf 82' lang='grc' dir='ltr'>ιι,</span> <span class='ocrx_word' id='word_1_909' title='bbox 2917 5377 3016 5430; x_wconf 80' lang='lat' dir='ltr'>fol.</span> <span class='ocrx_word' id='word_1_910' title='bbox 3045 5377 3140 5449; x_wconf 80' lang='grc'>49.</span> 
     </span>
    </p>
   </div>
   <div class='ocr_carea' id='block_1_207' title="bbox 277 5574 3417 5652">
    <p class='ocr_par' dir='ltr' id='par_1_207' title="bbox 277 5574 3417 5652">
     <span class='ocr_line' id='line_1_208' title="bbox 277 5574 3417 5652; baseline 0.004 -24"><span class='ocrx_word' id='word_1_911' title='bbox 277 5579 289 5610; x_wconf 86' lang='grc'>¹</span> <span class='ocrx_word' id='word_1_912' title='bbox 331 5574 430 5629; x_wconf 90' lang='lat' dir='ltr'>llic</span> <span class='ocrx_word' id='word_1_913' title='bbox 462 5577 721 5647; x_wconf 63' lang='lat' dir='ltr'>quaedam</span> <span class='ocrx_word' id='word_1_914' title='bbox 757 5579 949 5634; x_wconf 87' lang='lat' dir='ltr'>deesse</span> <span class='ocrx_word' id='word_1_915' title='bbox 975 5579 1252 5641; x_wconf 79' lang='lat' dir='ltr'>videntur,</span> <span class='ocrx_word' id='word_1_916' title='bbox 1312 5581 1422 5636; x_wconf 81' lang='lat' dir='ltr'>nisi</span> <span class='ocrx_word' id='word_1_917' title='bbox 1476 5582 1653 5651; x_wconf 81' lang='lat' dir='ltr'>legas,</span> <span class='ocrx_word' id='word_1_918' title='bbox 1707 5585 1763 5636; x_wconf 86' lang='lat' dir='ltr'>ut</span> <span class='ocrx_word' id='word_1_919' title='bbox 1792 5584 1902 5636; x_wconf 88' lang='lat' dir='ltr'>sint</span> <span class='ocrx_word' id='word_1_920' title='bbox 1927 5582 2068 5638; x_wconf 82' lang='lat' dir='ltr'>beati</span> <span class='ocrx_word' id='word_1_921' title='bbox 2096 5585 2192 5652; x_wconf 88' lang='lat' dir='ltr'>qui</span> <span class='ocrx_word' id='word_1_922' title='bbox 2220 5585 2452 5638; x_wconf 82' lang='lat' dir='ltr'>audiunt</span> <span class='ocrx_word' id='word_1_923' title='bbox 2481 5586 2697 5639; x_wconf 89' lang='lat' dir='ltr'>verbum</span> <span class='ocrx_word' id='word_1_924' title='bbox 2727 5589 2820 5640; x_wconf 89' lang='lat' dir='ltr'>Dei</span> <span class='ocrx_word' id='word_1_925' title='bbox 2845 5591 2893 5641; x_wconf 91' lang='lat' dir='ltr'>et</span> <span class='ocrx_word' id='word_1_926' title='bbox 2914 5587 3222 5642; x_wconf 83' lang='lat' dir='ltr'>custodiunt</span> <span class='ocrx_word' id='word_1_927' title='bbox 3262 5587 3417 5642; x_wconf 86' lang='lat' dir='ltr'>illud.</span> 
     </span>
    </p>
   </div>
  </div>
