  <div class='ocr_page' id='page_1' title='image "/cluster/home/n/w/nwhite01/storage/ocr_20150623/47/hvd.32044096580683/590.png"; bbox 0 0 4004 6182; ppageno 0'>
   <div class='ocr_carea' id='block_1_1' title="bbox 202 360 337 409">
    <p class='ocr_par' dir='ltr' id='par_1_1' title="bbox 202 360 337 409">
     <span class='ocr_line' id='line_1_1' title="bbox 202 360 337 409; baseline 0 0"><span class='ocrx_word' id='word_1_1' title='bbox 202 360 337 409; x_wconf 60' lang='lat' dir='ltr'><strong>illi?)</strong></span> 
     </span>
    </p>
   </div>
   <div class='ocr_carea' id='block_1_2' title="bbox 1544 355 2367 412">
    <p class='ocr_par' dir='ltr' id='par_1_2' title="bbox 1544 355 2367 412">
     <span class='ocr_line' id='line_1_2' title="bbox 1544 355 2367 412; baseline 0.001 -4"><span class='ocrx_word' id='word_1_2' title='bbox 1544 355 1923 411; x_wconf 83' lang='lat' dir='ltr'><strong>LECTIONES</strong></span> <span class='ocrx_word' id='word_1_3' title='bbox 1961 356 2367 412; x_wconf 73' lang='lat' dir='ltr'><strong>VARIANTES.</strong></span> 
     </span>
    </p>
   </div>
   <div class='ocr_carea' id='block_1_3' title="bbox 3569 361 3703 411">
    <p class='ocr_par' dir='ltr' id='par_1_3' title="bbox 3569 361 3703 411">
     <span class='ocr_line' id='line_1_3' title="bbox 3569 361 3703 411; baseline 0 0"><span class='ocrx_word' id='word_1_4' title='bbox 3569 361 3703 411; x_wconf 78' lang='lat' dir='ltr'><strong>H70</strong></span> 
     </span>
    </p>
   </div>
   <div class='ocr_carea' id='block_1_4' title="bbox 197 474 3707 552">
    <p class='ocr_par' dir='ltr' id='par_1_4' title="bbox 197 474 3707 552">
     <span class='ocr_line' id='line_1_4' title="bbox 197 474 3707 552; baseline 0.003 -23"><span class='ocrx_word' id='word_1_5' title='bbox 197 476 326 529; x_wconf 81' lang='lat' dir='ltr'><strong>Non</strong></span> <span class='ocrx_word' id='word_1_6' title='bbox 355 474 599 529; x_wconf 85' lang='lat' dir='ltr'><strong>debebat</strong></span> <span class='ocrx_word' id='word_1_7' title='bbox 635 475 805 544; x_wconf 89' lang='lat' dir='ltr'><strong>mori,</strong></span> <span class='ocrx_word' id='word_1_8' title='bbox 862 477 956 531; x_wconf 91' lang='lat' dir='ltr'><strong>sed</strong></span> <span class='ocrx_word' id='word_1_9' title='bbox 1013 492 1116 531; x_wconf 90' lang='lat' dir='ltr'><strong>nec</strong></span> <span class='ocrx_word' id='word_1_10' title='bbox 1166 492 1270 531; x_wconf 91' lang='lat' dir='ltr'><strong>nos</strong></span> <span class='ocrx_word' id='word_1_11' title='bbox 1314 475 1619 532; x_wconf 85' lang='lat' dir='ltr'><strong>debuimus</strong></span> <span class='ocrx_word' id='word_1_12' title='bbox 1678 478 1887 547; x_wconf 83' lang='lat' dir='ltr'><strong>vivere,</strong></span> <span class='ocrx_word' id='word_1_13' title='bbox 1928 481 1969 533; x_wconf 82' lang='grc' dir='ltr'><strong>Α</strong></span> <span class='ocrx_word' id='word_1_14' title='bbox 2000 478 2055 532; x_wconf 91' lang='lat' dir='ltr'><strong>Si</strong></span> <span class='ocrx_word' id='word_1_15' title='bbox 2086 479 2170 533; x_wconf 88' lang='lat' dir='ltr'><strong>vis</strong></span> <span class='ocrx_word' id='word_1_16' title='bbox 2199 484 2258 533; x_wconf 92' lang='lat' dir='ltr'><strong>ut</strong></span> <span class='ocrx_word' id='word_1_17' title='bbox 2284 480 2386 534; x_wconf 83' lang='lat' dir='ltr'><strong>tibi</strong></span> <span class='ocrx_word' id='word_1_18' title='bbox 2419 479 2759 548; x_wconf 79' lang='lat' dir='ltr'><strong>dimittatur,</strong></span> <span class='ocrx_word' id='word_1_19' title='bbox 2790 482 3015 550; x_wconf 81' lang='lat' dir='ltr'><strong>ignosce</strong></span> <span class='ocrx_word' id='word_1_20' title='bbox 3047 480 3232 548; x_wconf 87' lang='lat' dir='ltr'><strong>fratri,</strong></span> <span class='ocrx_word' id='word_1_21' title='bbox 3266 480 3367 552; x_wconf 85' lang='lat' dir='ltr'><strong>qui</strong></span> <span class='ocrx_word' id='word_1_22' title='bbox 3400 481 3469 536; x_wconf 89' lang='lat' dir='ltr'><strong>ad</strong></span> <span class='ocrx_word' id='word_1_23' title='bbox 3524 487 3577 537; x_wconf 89' lang='lat' dir='ltr'><strong>te</strong></span> <span class='ocrx_word' id='word_1_24' title='bbox 3616 499 3707 539; x_wconf 88' lang='lat' dir='ltr'><strong>re-</strong></span> 
     </span>
    </p>
   </div>
   <div class='ocr_carea' id='block_1_5' title="bbox 194 555 1900 627">
    <p class='ocr_par' dir='ltr' id='par_1_5' title="bbox 194 555 1900 627">
     <span class='ocr_line' id='line_1_5' title="bbox 194 555 1900 627; baseline 0.004 -20"><span class='ocrx_word' id='word_1_25' title='bbox 194 555 333 625; x_wconf 90' lang='lat' dir='ltr'><strong>quia</strong></span> <span class='ocrx_word' id='word_1_26' title='bbox 359 560 685 625; x_wconf 90' lang='lat' dir='ltr'><strong>peccatores</strong></span> <span class='ocrx_word' id='word_1_27' title='bbox 710 557 1056 611; x_wconf 86' lang='lat' dir='ltr'><strong>sumus.Nec</strong></span> <span class='ocrx_word' id='word_1_28' title='bbox 1088 557 1194 627; x_wconf 88' lang='lat' dir='ltr'><strong>ipsi</strong></span> <span class='ocrx_word' id='word_1_29' title='bbox 1226 574 1380 612; x_wconf 89' lang='lat' dir='ltr'><strong>mors</strong></span> <span class='ocrx_word' id='word_1_30' title='bbox 1418 559 1758 625; x_wconf 79' lang='lat' dir='ltr'><strong>debebatur,</strong></span> <span class='ocrx_word' id='word_1_31' title='bbox 1795 574 1900 613; x_wconf 92' lang='lat' dir='ltr'><strong>nec</strong></span> 
     </span>
    </p>
   </div>
   <div class='ocr_carea' id='block_1_6' title="bbox 194 633 1900 709">
    <p class='ocr_par' dir='ltr' id='par_1_6' title="bbox 194 633 1900 709">
     <span class='ocr_line' id='line_1_6' title="bbox 194 633 1900 709; baseline 0.004 -22"><span class='ocrx_word' id='word_1_32' title='bbox 194 633 362 687; x_wconf 87' lang='lat' dir='ltr'><strong>nobis</strong></span> <span class='ocrx_word' id='word_1_33' title='bbox 391 634 520 687; x_wconf 88' lang='lat' dir='ltr'><strong>vita.</strong></span> <span class='ocrx_word' id='word_1_34' title='bbox 553 634 714 698; x_wconf 89' lang='lat' dir='ltr'><strong>Quod</strong></span> <span class='ocrx_word' id='word_1_35' title='bbox 747 636 912 689; x_wconf 92' lang='lat' dir='ltr'><strong>nobis</strong></span> <span class='ocrx_word' id='word_1_36' title='bbox 968 636 1285 691; x_wconf 82' lang='lat' dir='ltr'><strong>debebatur</strong></span> <span class='ocrx_word' id='word_1_37' title='bbox 1334 638 1591 705; x_wconf 84' lang='lat' dir='ltr'><strong>indulsit,</strong></span> <span class='ocrx_word' id='word_1_38' title='bbox 1644 644 1700 693; x_wconf 93' lang='lat' dir='ltr'><strong>et</strong></span> <span class='ocrx_word' id='word_1_39' title='bbox 1745 638 1900 709; x_wconf 91' lang='lat' dir='ltr'><strong>quod</strong></span> 
     </span>
    </p>
   </div>
   <div class='ocr_carea' id='block_1_7' title="bbox 194 712 1896 788">
    <p class='ocr_par' dir='ltr' id='par_1_7' title="bbox 194 712 1896 788">
     <span class='ocr_line' id='line_1_7' title="bbox 194 712 1896 788; baseline 0.001 -20"><span class='ocrx_word' id='word_1_40' title='bbox 194 714 251 768; x_wconf 91' lang='lat' dir='ltr'><strong>ei</strong></span> <span class='ocrx_word' id='word_1_41' title='bbox 281 729 396 767; x_wconf 92' lang='lat' dir='ltr'><strong>non</strong></span> <span class='ocrx_word' id='word_1_42' title='bbox 426 712 740 767; x_wconf 81' lang='lat' dir='ltr'><strong>debebatur</strong></span> <span class='ocrx_word' id='word_1_43' title='bbox 787 715 1055 785; x_wconf 88' lang='lat' dir='ltr'><strong>suscepit.</strong></span> <span class='ocrx_word' id='word_1_44' title='bbox 1115 716 1221 770; x_wconf 90' lang='lat' dir='ltr'><strong>Sed</strong></span> <span class='ocrx_word' id='word_1_45' title='bbox 1264 717 1401 788; x_wconf 87' lang='lat' dir='ltr'><strong>quia</strong></span> <span class='ocrx_word' id='word_1_46' title='bbox 1446 718 1515 771; x_wconf 91' lang='lat' dir='ltr'><strong>de</strong></span> <span class='ocrx_word' id='word_1_47' title='bbox 1556 718 1896 771; x_wconf 86' lang='lat' dir='ltr'><strong>remissione</strong></span> 
     </span>
    </p>
   </div>
   <div class='ocr_carea' id='block_1_8' title="bbox 196 793 1895 867">
    <p class='ocr_par' dir='ltr' id='par_1_8' title="bbox 196 793 1895 867">
     <span class='ocr_line' id='line_1_8' title="bbox 196 793 1895 867; baseline 0.001 -20"><span class='ocrx_word' id='word_1_48' title='bbox 196 793 389 864; x_wconf 88' lang='lat' dir='ltr'><strong>agitur</strong></span> <span class='ocrx_word' id='word_1_49' title='bbox 416 798 803 863; x_wconf 80' lang='lat' dir='ltr'><strong>peccatorum,</strong></span> <span class='ocrx_word' id='word_1_50' title='bbox 836 798 895 846; x_wconf 92' lang='lat' dir='ltr'><strong>ut</strong></span> <span class='ocrx_word' id='word_1_51' title='bbox 915 810 1033 847; x_wconf 89' lang='lat' dir='ltr'><strong>non</strong></span> <span class='ocrx_word' id='word_1_52' title='bbox 1060 810 1257 849; x_wconf 89' lang='lat' dir='ltr'><strong>eamus</strong></span> <span class='ocrx_word' id='word_1_53' title='bbox 1292 812 1395 865; x_wconf 89' lang='lat' dir='ltr'><strong>per</strong></span> <span class='ocrx_word' id='word_1_54' title='bbox 1420 796 1683 867; x_wconf 88' lang='lat' dir='ltr'><strong>longum,</strong></span> <span class='ocrx_word' id='word_1_55' title='bbox 1710 797 1895 851; x_wconf 89' lang='lat' dir='ltr'><strong>imite-</strong></span> 
     </span>
    </p>
   </div>
   <div class='ocr_carea' id='block_1_9' title="bbox 198 871 1892 943">
    <p class='ocr_par' dir='ltr' id='par_1_9' title="bbox 198 871 1892 943">
     <span class='ocr_line' id='line_1_9' title="bbox 198 871 1892 943; baseline 0.001 -16"><span class='ocrx_word' id='word_1_56' title='bbox 198 889 332 927; x_wconf 89' lang='lat' dir='ltr'><strong>mur</strong></span> <span class='ocrx_word' id='word_1_57' title='bbox 362 871 649 926; x_wconf 83' lang='lat' dir='ltr'><strong>Christum</strong></span> <span class='ocrx_word' id='word_1_58' title='bbox 680 873 1016 927; x_wconf 92' lang='lat' dir='ltr'><strong>Dominum.</strong></span> <span class='ocrx_word' id='word_1_59' title='bbox 1055 874 1203 927; x_wconf 84' lang='lat' dir='ltr'><strong>Audi</strong></span> <span class='ocrx_word' id='word_1_60' title='bbox 1224 876 1558 943; x_wconf 87' lang='lat' dir='ltr'><strong>Apostolum</strong></span> <span class='ocrx_word' id='word_1_61' title='bbox 1582 876 1892 929; x_wconf 85' lang='lat' dir='ltr'><strong>dicentem:</strong></span> 
     </span>
    </p>
   </div>
   <div class='ocr_carea' id='block_1_10' title="bbox 200 952 1899 1019">
    <p class='ocr_par' dir='ltr' id='par_1_10' title="bbox 200 952 1899 1019">
     <span class='ocr_line' id='line_1_10' title="bbox 200 952 1899 1019; baseline 0.002 -13"><span class='ocrx_word' id='word_1_62' title='bbox 200 955 407 1006; x_wconf 79' lang='lat' dir='ltr'><strong>Donate</strong></span> <span class='ocrx_word' id='word_1_63' title='bbox 441 953 459 987; x_wconf 78' lang='grc' dir='ltr'>ί</span> <span class='ocrx_word' id='word_1_64' title='bbox 489 952 659 1019; x_wconf 92' lang='lat' dir='ltr'><strong>vobis,</strong></span> <span class='ocrx_word' id='word_1_65' title='bbox 690 955 831 1007; x_wconf 80' lang='lat' dir='ltr'><strong>sicut</strong></span> <span class='ocrx_word' id='word_1_66' title='bbox 859 958 910 1007; x_wconf 90' lang='lat' dir='ltr'><strong>et</strong></span> <span class='ocrx_word' id='word_1_67' title='bbox 940 956 1078 1008; x_wconf 85' lang='lat' dir='ltr'><strong>Deus</strong></span> <span class='ocrx_word' id='word_1_68' title='bbox 1107 956 1165 1007; x_wconf 90' lang='lat' dir='ltr'><strong>in</strong></span> <span class='ocrx_word' id='word_1_69' title='bbox 1197 956 1412 1011; x_wconf 80' lang='lat' dir='ltr'><strong>Christo</strong></span> <span class='ocrx_word' id='word_1_70' title='bbox 1442 955 1668 1009; x_wconf 86' lang='lat' dir='ltr'><strong>donavit</strong></span> <span class='ocrx_word' id='word_1_71' title='bbox 1705 956 1856 1009; x_wconf 84' lang='lat' dir='ltr'><strong>vobis</strong></span> <span class='ocrx_word' id='word_1_72' title='bbox 1877 958 1899 991; x_wconf 77' lang='grc'>³</span> 
     </span>
    </p>
   </div>
   <div class='ocr_carea' id='block_1_11' title="bbox 203 1032 1895 1104">
    <p class='ocr_par' dir='ltr' id='par_1_11' title="bbox 203 1032 1895 1104">
     <span class='ocr_line' id='line_1_11' title="bbox 203 1032 1895 1104; baseline 0.001 -19"><span class='ocrx_word' id='word_1_73' title='bbox 203 1032 420 1101; x_wconf 80' lang='lat' dir='ltr'><strong>(Ephes.</strong></span> <span class='ocrx_word' id='word_1_74' title='bbox 456 1048 531 1096; x_wconf 89' lang='lat' dir='ltr'><strong>1v,</strong></span> <span class='ocrx_word' id='word_1_75' title='bbox 565 1034 681 1102; x_wconf 95' lang='lat'><strong>32).</strong></span> <span class='ocrx_word' id='word_1_76' title='bbox 726 1033 853 1085; x_wconf 67' lang='lat' dir='ltr'><strong>Haec</strong></span> <span class='ocrx_word' id='word_1_77' title='bbox 886 1034 1055 1086; x_wconf 81' lang='lat' dir='ltr'><strong>verba</strong></span> <span class='ocrx_word' id='word_1_78' title='bbox 1102 1034 1363 1104; x_wconf 86' lang='lat' dir='ltr'><strong>Apostoli</strong></span> <span class='ocrx_word' id='word_1_79' title='bbox 1410 1040 1561 1099; x_wconf 87' lang='lat' dir='ltr'><strong>sunt,</strong></span> <span class='ocrx_word' id='word_1_80' title='bbox 1622 1051 1737 1088; x_wconf 92' lang='lat' dir='ltr'><strong>non</strong></span> <span class='ocrx_word' id='word_1_81' title='bbox 1788 1050 1895 1087; x_wconf 92' lang='lat' dir='ltr'><strong>no-</strong></span> 
     </span>
    </p>
   </div>
   <div class='ocr_carea' id='block_1_12' title="bbox 203 1110 1892 1183">
    <p class='ocr_par' dir='ltr' id='par_1_12' title="bbox 203 1110 1892 1183">
     <span class='ocr_line' id='line_1_12' title="bbox 203 1110 1892 1183; baseline 0.002 -21"><span class='ocrx_word' id='word_1_82' title='bbox 203 1116 321 1163; x_wconf 86' lang='lat' dir='ltr'><strong>stra</strong></span> <span class='ocrx_word' id='word_1_83' title='bbox 345 1126 357 1163; x_wconf 93' lang='lat'><strong>:</strong></span> <span class='ocrx_word' id='word_1_84' title='bbox 382 1110 574 1163; x_wconf 86' lang='lat' dir='ltr'><strong>Estote</strong></span> <span class='ocrx_word' id='word_1_85' title='bbox 596 1112 891 1165; x_wconf 80' lang='lat' dir='ltr'><strong>imitatores</strong></span> <span class='ocrx_word' id='word_1_86' title='bbox 926 1112 1189 1173; x_wconf 87' lang='lat' dir='ltr'><strong>Dei,sicut</strong></span> <span class='ocrx_word' id='word_1_87' title='bbox 1213 1114 1318 1181; x_wconf 84' lang='lat' dir='ltr'><strong>ﬁlii</strong></span> <span class='ocrx_word' id='word_1_88' title='bbox 1347 1114 1658 1167; x_wconf 84' lang='lat' dir='ltr'><strong>charissimi</strong></span> <span class='ocrx_word' id='word_1_89' title='bbox 1676 1113 1892 1183; x_wconf 87' lang='lat' dir='ltr'><strong>(Ephes.</strong></span> 
     </span>
    </p>
   </div>
   <div class='ocr_carea' id='block_1_13' title="bbox 202 1190 1897 1265">
    <p class='ocr_par' dir='ltr' id='par_1_13' title="bbox 202 1190 1897 1265">
     <span class='ocr_line' id='line_1_13' title="bbox 202 1190 1897 1265; baseline 0.002 -22"><span class='ocrx_word' id='word_1_90' title='bbox 202 1207 257 1257; x_wconf 89' lang='lat' dir='ltr'><strong>v,</strong></span> <span class='ocrx_word' id='word_1_91' title='bbox 294 1192 367 1261; x_wconf 89' lang='grc'><strong>1).</strong></span> <span class='ocrx_word' id='word_1_92' title='bbox 403 1190 575 1245; x_wconf 87' lang='lat' dir='ltr'><strong>Filius</strong></span> <span class='ocrx_word' id='word_1_93' title='bbox 600 1208 680 1257; x_wconf 91' lang='lat' dir='ltr'><strong>es,</strong></span> <span class='ocrx_word' id='word_1_94' title='bbox 714 1208 787 1245; x_wconf 91' lang='lat' dir='ltr'><strong>an</strong></span> <span class='ocrx_word' id='word_1_95' title='bbox 818 1208 1013 1246; x_wconf 88' lang='lat' dir='ltr'><strong>servus</strong></span> <span class='ocrx_word' id='word_1_96' title='bbox 1038 1194 1067 1247; x_wconf 84' lang='lat'><strong>?</strong></span> <span class='ocrx_word' id='word_1_97' title='bbox 1101 1195 1385 1248; x_wconf 82' lang='lat' dir='ltr'><strong>Memento</strong></span> <span class='ocrx_word' id='word_1_98' title='bbox 1415 1195 1550 1265; x_wconf 86' lang='lat' dir='ltr'><strong>quia</strong></span> <span class='ocrx_word' id='word_1_99' title='bbox 1598 1200 1655 1250; x_wconf 94' lang='lat' dir='ltr'><strong>et</strong></span> <span class='ocrx_word' id='word_1_100' title='bbox 1706 1211 1897 1249; x_wconf 87' lang='lat' dir='ltr'><strong>servos</strong></span> 
     </span>
    </p>
   </div>
   <div class='ocr_carea' id='block_1_14' title="bbox 201 1271 1895 1342">
    <p class='ocr_par' dir='ltr' id='par_1_14' title="bbox 201 1271 1895 1342">
     <span class='ocr_line' id='line_1_14' title="bbox 201 1271 1895 1342; baseline 0.002 -18"><span class='ocrx_word' id='word_1_101' title='bbox 201 1275 428 1341; x_wconf 86' lang='lat' dir='ltr'><strong>oportet</strong></span> <span class='ocrx_word' id='word_1_102' title='bbox 456 1286 576 1324; x_wconf 90' lang='lat' dir='ltr'><strong>esse</strong></span> <span class='ocrx_word' id='word_1_103' title='bbox 606 1271 1005 1342; x_wconf 87' lang='lat' dir='ltr'><strong>obsequentes,</strong></span> <span class='ocrx_word' id='word_1_104' title='bbox 1036 1277 1092 1327; x_wconf 92' lang='lat' dir='ltr'><strong>et</strong></span> <span class='ocrx_word' id='word_1_105' title='bbox 1118 1273 1263 1328; x_wconf 82' lang='lat' dir='ltr'><strong>ﬁlios</strong></span> <span class='ocrx_word' id='word_1_106' title='bbox 1293 1290 1411 1327; x_wconf 93' lang='lat' dir='ltr'><strong>non</strong></span> <span class='ocrx_word' id='word_1_107' title='bbox 1434 1274 1597 1329; x_wconf 93' lang='lat' dir='ltr'><strong>decet</strong></span> <span class='ocrx_word' id='word_1_108' title='bbox 1642 1291 1761 1329; x_wconf 90' lang='lat' dir='ltr'><strong>esse</strong></span> <span class='ocrx_word' id='word_1_109' title='bbox 1798 1274 1895 1328; x_wconf 89' lang='lat' dir='ltr'><strong>de-</strong></span> 
     </span>
    </p>
   </div>
   <div class='ocr_carea' id='block_1_15' title="bbox 200 1348 1940 1433">
    <p class='ocr_par' dir='ltr' id='par_1_15' title="bbox 200 1348 1940 1433">
     <span class='ocr_line' id='line_1_15' title="bbox 200 1348 1940 1433; baseline 0.002 -30"><span class='ocrx_word' id='word_1_110' title='bbox 200 1364 462 1419; x_wconf 90' lang='lat' dir='ltr'><strong>generes.</strong></span> <span class='ocrx_word' id='word_1_111' title='bbox 494 1348 667 1403; x_wconf 89' lang='lat' dir='ltr'><strong>Filius</strong></span> <span class='ocrx_word' id='word_1_112' title='bbox 696 1349 936 1417; x_wconf 90' lang='lat' dir='ltr'><strong>diceris;</strong></span> <span class='ocrx_word' id='word_1_113' title='bbox 990 1351 1037 1404; x_wconf 90' lang='lat' dir='ltr'><strong>si</strong></span> <span class='ocrx_word' id='word_1_114' title='bbox 1088 1352 1283 1406; x_wconf 89' lang='lat' dir='ltr'><strong>renuis</strong></span> <span class='ocrx_word' id='word_1_115' title='bbox 1330 1352 1507 1423; x_wconf 83' lang='lat' dir='ltr'><strong>patris</strong></span> <span class='ocrx_word' id='word_1_116' title='bbox 1553 1352 1940 1433; x_wconf 37' lang='lat' dir='ltr'><strong>jussionem“</strong></span> 
     </span>
    </p>
   </div>
   <div class='ocr_carea' id='block_1_16' title="bbox 202 1428 1309 1498">
    <p class='ocr_par' dir='ltr' id='par_1_16' title="bbox 202 1428 1309 1498">
     <span class='ocr_line' id='line_1_16' title="bbox 202 1428 1309 1498; baseline 0.003 -16"><span class='ocrx_word' id='word_1_117' title='bbox 202 1444 323 1482; x_wconf 89' lang='lat' dir='ltr'><strong>non</strong></span> <span class='ocrx_word' id='word_1_118' title='bbox 352 1428 717 1497; x_wconf 91' lang='lat' dir='ltr'><strong>consequeris</strong></span> <span class='ocrx_word' id='word_1_119' title='bbox 741 1428 870 1498; x_wconf 76' lang='lat' dir='ltr'><strong>ejus</strong></span> <span class='ocrx_word' id='word_1_120' title='bbox 900 1430 1309 1486; x_wconf 64' lang='lat' dir='ltr'><strong>haereditatem.</strong></span> 
     </span>
    </p>
   </div>
   <div class='ocr_carea' id='block_1_17' title="bbox 275 1507 1894 1582">
    <p class='ocr_par' dir='ltr' id='par_1_17' title="bbox 275 1507 1894 1582">
     <span class='ocr_line' id='line_1_17' title="bbox 275 1507 1894 1582; baseline 0.004 -22"><span class='ocrx_word' id='word_1_121' title='bbox 275 1517 327 1562; x_wconf 73' lang='lat'><strong>4.</strong></span> <span class='ocrx_word' id='word_1_122' title='bbox 361 1508 473 1561; x_wconf 86' lang='lat' dir='ltr'><strong>Hoc</strong></span> <span class='ocrx_word' id='word_1_123' title='bbox 500 1507 768 1573; x_wconf 89' lang='lat' dir='ltr'><strong>dicerem,</strong></span> <span class='ocrx_word' id='word_1_124' title='bbox 800 1508 846 1561; x_wconf 88' lang='lat' dir='ltr'><strong>si</strong></span> <span class='ocrx_word' id='word_1_125' title='bbox 872 1509 1015 1563; x_wconf 85' lang='lat' dir='ltr'><strong>nihil</strong></span> <span class='ocrx_word' id='word_1_126' title='bbox 1046 1511 1267 1581; x_wconf 89' lang='lat' dir='ltr'><strong>peccati</strong></span> <span class='ocrx_word' id='word_1_127' title='bbox 1296 1511 1556 1580; x_wconf 90' lang='lat' dir='ltr'><strong>haberes,</strong></span> <span class='ocrx_word' id='word_1_128' title='bbox 1604 1512 1759 1582; x_wconf 91' lang='lat' dir='ltr'><strong>quod</strong></span> <span class='ocrx_word' id='word_1_129' title='bbox 1789 1513 1894 1567; x_wconf 91' lang='lat' dir='ltr'><strong>tibi</strong></span> 
     </span>
    </p>
   </div>
   <div class='ocr_carea' id='block_1_18' title="bbox 200 1587 1891 1657">
    <p class='ocr_par' dir='ltr' id='par_1_18' title="bbox 200 1587 1891 1657">
     <span class='ocr_line' id='line_1_18' title="bbox 200 1587 1891 1657; baseline 0.003 -16"><span class='ocrx_word' id='word_1_130' title='bbox 200 1588 422 1657; x_wconf 80' lang='lat' dir='ltr'><strong>ignosci</strong></span> <span class='ocrx_word' id='word_1_131' title='bbox 447 1587 816 1642; x_wconf 89' lang='lat' dir='ltr'><strong>desiderares.</strong></span> <span class='ocrx_word' id='word_1_132' title='bbox 852 1589 1014 1643; x_wconf 89' lang='lat' dir='ltr'><strong>Modo</strong></span> <span class='ocrx_word' id='word_1_133' title='bbox 1062 1594 1255 1644; x_wconf 90' lang='lat' dir='ltr'><strong>autem</strong></span> <span class='ocrx_word' id='word_1_134' title='bbox 1302 1590 1407 1645; x_wconf 90' lang='lat' dir='ltr'><strong>tibi</strong></span> <span class='ocrx_word' id='word_1_135' title='bbox 1437 1591 1584 1653; x_wconf 91' lang='lat' dir='ltr'><strong>dico,</strong></span> <span class='ocrx_word' id='word_1_136' title='bbox 1619 1608 1651 1645; x_wconf 97' lang='lat' dir='ltr'><strong>o</strong></span> <span class='ocrx_word' id='word_1_137' title='bbox 1699 1591 1891 1657; x_wconf 84' lang='lat' dir='ltr'><strong>homo,</strong></span> 
     </span>
    </p>
   </div>
   <div class='ocr_carea' id='block_1_19' title="bbox 200 1666 1895 1737">
    <p class='ocr_par' dir='ltr' id='par_1_19' title="bbox 200 1666 1895 1737">
     <span class='ocr_line' id='line_1_19' title="bbox 200 1666 1895 1737; baseline 0.004 -18"><span class='ocrx_word' id='word_1_138' title='bbox 200 1668 250 1720; x_wconf 92' lang='lat' dir='ltr'><strong>si</strong></span> <span class='ocrx_word' id='word_1_139' title='bbox 276 1667 464 1737; x_wconf 87' lang='lat' dir='ltr'><strong>justus</strong></span> <span class='ocrx_word' id='word_1_140' title='bbox 494 1666 587 1732; x_wconf 90' lang='lat' dir='ltr'><strong>sis,</strong></span> <span class='ocrx_word' id='word_1_141' title='bbox 622 1667 794 1721; x_wconf 89' lang='lat' dir='ltr'><strong>homo</strong></span> <span class='ocrx_word' id='word_1_142' title='bbox 828 1683 887 1721; x_wconf 89' lang='lat' dir='ltr'><strong>es</strong></span> <span class='ocrx_word' id='word_1_143' title='bbox 918 1666 971 1735; x_wconf 66' lang='lat'><strong>3;</strong></span> <span class='ocrx_word' id='word_1_144' title='bbox 1003 1668 1051 1722; x_wconf 93' lang='lat' dir='ltr'><strong>si</strong></span> <span class='ocrx_word' id='word_1_145' title='bbox 1084 1670 1260 1723; x_wconf 89' lang='lat' dir='ltr'><strong>laicus</strong></span> <span class='ocrx_word' id='word_1_146' title='bbox 1292 1670 1386 1737; x_wconf 88' lang='lat' dir='ltr'><strong>sis,</strong></span> <span class='ocrx_word' id='word_1_147' title='bbox 1420 1670 1591 1724; x_wconf 91' lang='lat' dir='ltr'><strong>homo</strong></span> <span class='ocrx_word' id='word_1_148' title='bbox 1610 1686 1667 1724; x_wconf 93' lang='lat' dir='ltr'><strong>es</strong></span> <span class='ocrx_word' id='word_1_149' title='bbox 1688 1687 1700 1737; x_wconf 89' lang='lat'><strong>;</strong></span> <span class='ocrx_word' id='word_1_150' title='bbox 1720 1672 1765 1725; x_wconf 93' lang='lat' dir='ltr'><strong>si</strong></span> <span class='ocrx_word' id='word_1_151' title='bbox 1783 1688 1895 1726; x_wconf 91' lang='lat' dir='ltr'><strong>mo-</strong></span> 
     </span>
    </p>
   </div>
   <div class='ocr_carea' id='block_1_20' title="bbox 2010 558 3700 630">
    <p class='ocr_par' dir='ltr' id='par_1_20' title="bbox 2010 558 3700 630">
     <span class='ocr_line' id='line_1_20' title="bbox 2010 558 3700 630; baseline 0.002 -18"><span class='ocrx_word' id='word_1_152' title='bbox 2010 560 2269 613; x_wconf 89' lang='lat' dir='ltr'><strong>vertitur.</strong></span> <span class='ocrx_word' id='word_1_153' title='bbox 2301 562 2453 614; x_wconf 87' lang='lat' dir='ltr'><strong>Hanc</strong></span> <span class='ocrx_word' id='word_1_154' title='bbox 2479 575 2705 630; x_wconf 88' lang='lat' dir='ltr'><strong>precem</strong></span> <span class='ocrx_word' id='word_1_155' title='bbox 2737 558 3107 629; x_wconf 86' lang='lat' dir='ltr'><strong>Jurisperitus</strong></span> <span class='ocrx_word' id='word_1_156' title='bbox 3137 560 3379 613; x_wconf 65' lang='lat' dir='ltr'><strong>caelestis</strong></span> <span class='ocrx_word' id='word_1_157' title='bbox 3433 562 3700 629; x_wconf 83' lang='lat' dir='ltr'><strong>dictavit;</strong></span> 
     </span>
    </p>
   </div>
   <div class='ocr_carea' id='block_1_21' title="bbox 2009 638 3699 711">
    <p class='ocr_par' dir='ltr' id='par_1_21' title="bbox 2009 638 3699 711">
     <span class='ocr_line' id='line_1_21' title="bbox 2009 638 3699 711; baseline 0.002 -20"><span class='ocrx_word' id='word_1_158' title='bbox 2009 654 2126 693; x_wconf 89' lang='lat' dir='ltr'><strong>non</strong></span> <span class='ocrx_word' id='word_1_159' title='bbox 2156 644 2212 693; x_wconf 94' lang='lat' dir='ltr'><strong>te</strong></span> <span class='ocrx_word' id='word_1_160' title='bbox 2242 639 2388 692; x_wconf 86' lang='lat' dir='ltr'><strong>fallit</strong></span> <span class='ocrx_word' id='word_1_161' title='bbox 2414 642 2476 701; x_wconf 72' lang='grc' dir='ltr'><strong>η,</strong></span> <span class='ocrx_word' id='word_1_162' title='bbox 2508 639 2555 692; x_wconf 90' lang='lat' dir='ltr'><strong>si</strong></span> <span class='ocrx_word' id='word_1_163' title='bbox 2600 638 2771 691; x_wconf 85' lang='lat' dir='ltr'><strong>facias</strong></span> <span class='ocrx_word' id='word_1_164' title='bbox 2829 638 2980 708; x_wconf 92' lang='lat' dir='ltr'><strong>quod</strong></span> <span class='ocrx_word' id='word_1_165' title='bbox 3036 644 3089 691; x_wconf 88' lang='lat' dir='ltr'><strong>te</strong></span> <span class='ocrx_word' id='word_1_166' title='bbox 3121 638 3332 694; x_wconf 91' lang='lat' dir='ltr'><strong>docuit.</strong></span> <span class='ocrx_word' id='word_1_167' title='bbox 3370 640 3567 693; x_wconf 88' lang='lat' dir='ltr'><strong>Omnis</strong></span> <span class='ocrx_word' id='word_1_168' title='bbox 3598 641 3699 711; x_wconf 90' lang='lat' dir='ltr'><strong>qui</strong></span> 
     </span>
    </p>
   </div>
   <div class='ocr_carea' id='block_1_22' title="bbox 2009 716 3699 787">
    <p class='ocr_par' dir='ltr' id='par_1_22' title="bbox 2009 716 3699 787">
     <span class='ocr_line' id='line_1_22' title="bbox 2009 716 3699 787; baseline 0.001 -17"><span class='ocrx_word' id='word_1_169' title='bbox 2009 717 2319 771; x_wconf 80' lang='lat' dir='ltr'><strong>contemnit</strong></span> <span class='ocrx_word' id='word_1_170' title='bbox 2347 716 2572 771; x_wconf 86' lang='lat' dir='ltr'><strong>Domini</strong></span> <span class='ocrx_word' id='word_1_171' title='bbox 2600 716 2980 787; x_wconf 88' lang='lat' dir='ltr'><strong>disciplinam,</strong></span> <span class='ocrx_word' id='word_1_172' title='bbox 3012 716 3203 785; x_wconf 89' lang='lat' dir='ltr'><strong>perdit</strong></span> <span class='ocrx_word' id='word_1_173' title='bbox 3231 733 3481 783; x_wconf 84' lang='lat' dir='ltr'><strong>causam,</strong></span> <span class='ocrx_word' id='word_1_174' title='bbox 3519 723 3573 772; x_wconf 91' lang='lat' dir='ltr'><strong>et</strong></span> <span class='ocrx_word' id='word_1_175' title='bbox 3611 718 3699 773; x_wconf 90' lang='lat' dir='ltr'><strong>in-</strong></span> 
     </span>
    </p>
   </div>
   <div class='ocr_carea' id='block_1_23' title="bbox 2008 794 3701 867">
    <p class='ocr_par' dir='ltr' id='par_1_23' title="bbox 2008 794 3701 867">
     <span class='ocr_line' id='line_1_23' title="bbox 2008 794 3701 867; baseline 0.001 -19"><span class='ocrx_word' id='word_1_176' title='bbox 2008 796 2162 849; x_wconf 83' lang='lat' dir='ltr'><strong>venit</strong></span> <span class='ocrx_word' id='word_1_177' title='bbox 2192 794 2257 861; x_wconf 63' lang='lat'><strong>“,</strong></span> <span class='ocrx_word' id='word_1_178' title='bbox 2291 812 2539 865; x_wconf 81' lang='lat' dir='ltr'><strong>poenam.</strong></span> <span class='ocrx_word' id='word_1_179' title='bbox 2572 796 2650 849; x_wconf 89' lang='lat' dir='ltr'><strong>Tu</strong></span> <span class='ocrx_word' id='word_1_180' title='bbox 2685 798 2804 865; x_wconf 90' lang='lat' dir='ltr'><strong>ipse</strong></span> <span class='ocrx_word' id='word_1_181' title='bbox 2835 811 2964 847; x_wconf 91' lang='lat' dir='ltr'><strong>cum</strong></span> <span class='ocrx_word' id='word_1_182' title='bbox 2997 810 3146 862; x_wconf 84' lang='lat' dir='ltr'><strong>oras,</strong></span> <span class='ocrx_word' id='word_1_183' title='bbox 3179 794 3461 859; x_wconf 89' lang='lat' dir='ltr'><strong>mentiris,</strong></span> <span class='ocrx_word' id='word_1_184' title='bbox 3497 795 3557 849; x_wconf 90' lang='lat' dir='ltr'><strong>in</strong></span> <span class='ocrx_word' id='word_1_185' title='bbox 3580 796 3701 867; x_wconf 90' lang='lat' dir='ltr'><strong>ipsa</strong></span> 
     </span>
    </p>
   </div>
   <div class='ocr_carea' id='block_1_24' title="bbox 2007 875 3701 946">
    <p class='ocr_par' dir='ltr' id='par_1_24' title="bbox 2007 875 3701 946">
     <span class='ocr_line' id='line_1_24' title="bbox 2007 875 3701 946; baseline 0 -17"><span class='ocrx_word' id='word_1_186' title='bbox 2007 876 2260 929; x_wconf 89' lang='lat' dir='ltr'><strong>oratione</strong></span> <span class='ocrx_word' id='word_1_187' title='bbox 2289 876 2655 929; x_wconf 89' lang='lat' dir='ltr'><strong>convinceris.</strong></span> <span class='ocrx_word' id='word_1_188' title='bbox 2693 876 2885 946; x_wconf 86' lang='lat' dir='ltr'><strong>Neque</strong></span> <span class='ocrx_word' id='word_1_189' title='bbox 2918 875 3070 928; x_wconf 70' lang='lat' dir='ltr'><strong>enim</strong></span> <span class='ocrx_word' id='word_1_190' title='bbox 3102 880 3167 929; x_wconf 91' lang='lat' dir='ltr'><strong>ut</strong></span> <span class='ocrx_word' id='word_1_191' title='bbox 3195 880 3250 928; x_wconf 90' lang='lat' dir='ltr'><strong>te</strong></span> <span class='ocrx_word' id='word_1_192' title='bbox 3293 876 3440 928; x_wconf 87' lang='lat' dir='ltr'><strong>Deus</strong></span> <span class='ocrx_word' id='word_1_193' title='bbox 3470 876 3701 929; x_wconf 85' lang='lat' dir='ltr'><strong>convin-</strong></span> 
     </span>
    </p>
   </div>
   <div class='ocr_carea' id='block_1_25' title="bbox 2006 958 3703 1030">
    <p class='ocr_par' dir='ltr' id='par_1_25' title="bbox 2006 958 3703 1030">
     <span class='ocr_line' id='line_1_25' title="bbox 2006 958 3703 1030; baseline 0.001 -17"><span class='ocrx_word' id='word_1_194' title='bbox 2006 975 2119 1025; x_wconf 87' lang='lat' dir='ltr'><strong>cas,</strong></span> <span class='ocrx_word' id='word_1_195' title='bbox 2145 964 2313 1014; x_wconf 89' lang='lat' dir='ltr'><strong>testes</strong></span> <span class='ocrx_word' id='word_1_196' title='bbox 2342 977 2374 1014; x_wconf 89' lang='lat' dir='ltr'><strong>a</strong></span> <span class='ocrx_word' id='word_1_197' title='bbox 2408 964 2462 1013; x_wconf 92' lang='lat' dir='ltr'><strong>te</strong></span> <span class='ocrx_word' id='word_1_198' title='bbox 2495 958 2539 996; x_wconf 79' lang='grc'><strong>¹⁴</strong></span> <span class='ocrx_word' id='word_1_199' title='bbox 2564 960 2788 1030; x_wconf 70' lang='lat' dir='ltr'><strong>quierit.</strong></span> <span class='ocrx_word' id='word_1_200' title='bbox 2816 960 2921 1023; x_wconf 89' lang='lat' dir='ltr'><strong>Qui</strong></span> <span class='ocrx_word' id='word_1_201' title='bbox 2946 960 3045 1012; x_wconf 89' lang='lat' dir='ltr'><strong>has</strong></span> <span class='ocrx_word' id='word_1_202' title='bbox 3078 974 3272 1029; x_wconf 86' lang='lat' dir='ltr'><strong>preces</strong></span> <span class='ocrx_word' id='word_1_203' title='bbox 3295 958 3548 1025; x_wconf 88' lang='lat' dir='ltr'><strong>dictavit,</strong></span> <span class='ocrx_word' id='word_1_204' title='bbox 3600 960 3703 1015; x_wconf 89' lang='lat' dir='ltr'><strong>ad-</strong></span> 
     </span>
    </p>
   </div>
   <div class='ocr_carea' id='block_1_26' title="bbox 2008 1037 3701 1108">
    <p class='ocr_par' dir='ltr' id='par_1_26' title="bbox 2008 1037 3701 1108">
     <span class='ocr_line' id='line_1_26' title="bbox 2008 1037 3701 1108; baseline 0.001 -18"><span class='ocrx_word' id='word_1_205' title='bbox 2008 1041 2239 1091; x_wconf 85' lang='lat' dir='ltr'><strong>vocatus</strong></span> <span class='ocrx_word' id='word_1_206' title='bbox 2269 1045 2353 1092; x_wconf 91' lang='lat' dir='ltr'><strong>est</strong></span> <span class='ocrx_word' id='word_1_207' title='bbox 2385 1044 2533 1091; x_wconf 89' lang='lat' dir='ltr'><strong>tuus.</strong></span> <span class='ocrx_word' id='word_1_208' title='bbox 2572 1038 2627 1092; x_wconf 90' lang='lat' dir='ltr'><strong>Si</strong></span> <span class='ocrx_word' id='word_1_209' title='bbox 2657 1038 2969 1108; x_wconf 84' lang='lat' dir='ltr'><strong>negaveris,</strong></span> <span class='ocrx_word' id='word_1_210' title='bbox 3002 1038 3160 1091; x_wconf 89' lang='lat' dir='ltr'><strong>testis</strong></span> <span class='ocrx_word' id='word_1_211' title='bbox 3189 1041 3272 1090; x_wconf 92' lang='lat' dir='ltr'><strong>est</strong></span> <span class='ocrx_word' id='word_1_212' title='bbox 3299 1043 3453 1103; x_wconf 90' lang='lat' dir='ltr'><strong>tuus,</strong></span> <span class='ocrx_word' id='word_1_213' title='bbox 3480 1037 3524 1091; x_wconf 91' lang='lat' dir='ltr'><strong>si</strong></span> <span class='ocrx_word' id='word_1_214' title='bbox 3558 1054 3701 1092; x_wconf 85' lang='lat' dir='ltr'><strong>con-</strong></span> 
     </span>
    </p>
   </div>
   <div class='ocr_carea' id='block_1_27' title="bbox 2006 1116 3703 1187">
    <p class='ocr_par' dir='ltr' id='par_1_27' title="bbox 2006 1116 3703 1187">
     <span class='ocr_line' id='line_1_27' title="bbox 2006 1116 3703 1187; baseline -0.001 -17"><span class='ocrx_word' id='word_1_215' title='bbox 2006 1116 2234 1182; x_wconf 88' lang='lat' dir='ltr'><strong>temnis,</strong></span> <span class='ocrx_word' id='word_1_216' title='bbox 2261 1118 2440 1187; x_wconf 82' lang='lat' dir='ltr'><strong>judex</strong></span> <span class='ocrx_word' id='word_1_217' title='bbox 2471 1121 2553 1170; x_wconf 91' lang='lat' dir='ltr'><strong>est</strong></span> <span class='ocrx_word' id='word_1_218' title='bbox 2582 1122 2728 1169; x_wconf 90' lang='lat' dir='ltr'><strong>tuus.</strong></span> <span class='ocrx_word' id='word_1_219' title='bbox 2769 1118 2912 1185; x_wconf 83' lang='lat' dir='ltr'><strong>Ergo</strong></span> <span class='ocrx_word' id='word_1_220' title='bbox 2952 1116 3062 1184; x_wconf 92' lang='lat' dir='ltr'><strong>dic,</strong></span> <span class='ocrx_word' id='word_1_221' title='bbox 3095 1122 3150 1169; x_wconf 93' lang='lat' dir='ltr'><strong>et</strong></span> <span class='ocrx_word' id='word_1_222' title='bbox 3194 1116 3309 1181; x_wconf 87' lang='lat' dir='ltr'><strong>fac;</strong></span> <span class='ocrx_word' id='word_1_223' title='bbox 3372 1116 3703 1169; x_wconf 90' lang='lat' dir='ltr'><strong>nullatenus</strong></span> 
     </span>
    </p>
   </div>
   <div class='ocr_carea' id='block_1_28' title="bbox 2006 1194 3700 1265">
    <p class='ocr_par' dir='ltr' id='par_1_28' title="bbox 2006 1194 3700 1265">
     <span class='ocr_line' id='line_1_28' title="bbox 2006 1194 3700 1265; baseline 0 -17"><span class='ocrx_word' id='word_1_224' title='bbox 2006 1202 2250 1265; x_wconf 85' lang='lat' dir='ltr'><strong>possunt</strong></span> <span class='ocrx_word' id='word_1_225' title='bbox 2278 1197 2449 1250; x_wconf 88' lang='lat' dir='ltr'><strong>verba</strong></span> <span class='ocrx_word' id='word_1_226' title='bbox 2480 1196 2650 1265; x_wconf 90' lang='lat' dir='ltr'><strong>hujus</strong></span> <span class='ocrx_word' id='word_1_227' title='bbox 2680 1194 2952 1249; x_wconf 87' lang='lat' dir='ltr'><strong>orationis</strong></span> <span class='ocrx_word' id='word_1_228' title='bbox 2997 1194 3261 1263; x_wconf 86' lang='lat' dir='ltr'><strong>transiri;</strong></span> <span class='ocrx_word' id='word_1_229' title='bbox 3315 1199 3409 1247; x_wconf 89' lang='lat' dir='ltr'><strong>aut</strong></span> <span class='ocrx_word' id='word_1_230' title='bbox 3436 1194 3700 1265; x_wconf 88' lang='lat' dir='ltr'><strong>nunquid</strong></span> 
     </span>
    </p>
   </div>
   <div class='ocr_carea' id='block_1_29' title="bbox 2006 1272 3698 1343">
    <p class='ocr_par' dir='ltr' id='par_1_29' title="bbox 2006 1272 3698 1343">
     <span class='ocr_line' id='line_1_29' title="bbox 2006 1272 3698 1343; baseline -0.002 -15"><span class='ocrx_word' id='word_1_231' title='bbox 2006 1275 2158 1328; x_wconf 90' lang='lat' dir='ltr'><strong>hunc</strong></span> <span class='ocrx_word' id='word_1_232' title='bbox 2187 1291 2414 1328; x_wconf 90' lang='lat' dir='ltr'><strong>versum</strong></span> <span class='ocrx_word' id='word_1_233' title='bbox 2446 1275 2635 1328; x_wconf 90' lang='lat' dir='ltr'><strong>delere</strong></span> <span class='ocrx_word' id='word_1_234' title='bbox 2662 1274 2863 1327; x_wconf 84' lang='lat' dir='ltr'><strong>exinde</strong></span> <span class='ocrx_word' id='word_1_235' title='bbox 2893 1289 3213 1343; x_wconf 90' lang='lat' dir='ltr'><strong>possumus.</strong></span> <span class='ocrx_word' id='word_1_236' title='bbox 3262 1274 3385 1327; x_wconf 86' lang='lat' dir='ltr'><strong>Jam</strong></span> <span class='ocrx_word' id='word_1_237' title='bbox 3438 1289 3574 1341; x_wconf 82' lang='lat' dir='ltr'><strong>ergo</strong></span> <span class='ocrx_word' id='word_1_238' title='bbox 3609 1272 3698 1325; x_wconf 85' lang='lat' dir='ltr'><strong>di-</strong></span> 
     </span>
    </p>
   </div>
   <div class='ocr_carea' id='block_1_30' title="bbox 2005 1353 3699 1419">
    <p class='ocr_par' dir='ltr' id='par_1_30' title="bbox 2005 1353 3699 1419">
     <span class='ocr_line' id='line_1_30' title="bbox 2005 1353 3699 1419; baseline -0.002 -13"><span class='ocrx_word' id='word_1_239' title='bbox 2005 1368 2199 1407; x_wconf 89' lang='lat' dir='ltr'><strong>camus</strong></span> <span class='ocrx_word' id='word_1_240' title='bbox 2224 1368 2239 1406; x_wconf 91' lang='lat'><strong>:</strong></span> <span class='ocrx_word' id='word_1_241' title='bbox 2265 1356 2485 1408; x_wconf 83' lang='lat' dir='ltr'><strong>Dimitte</strong></span> <span class='ocrx_word' id='word_1_242' title='bbox 2516 1354 2667 1407; x_wconf 89' lang='lat' dir='ltr'><strong>nobis</strong></span> <span class='ocrx_word' id='word_1_243' title='bbox 2701 1353 2883 1405; x_wconf 90' lang='lat' dir='ltr'><strong>debita</strong></span> <span class='ocrx_word' id='word_1_244' title='bbox 2915 1356 2964 1404; x_wconf 88' lang='lat' dir='ltr'><strong>et</strong></span> <span class='ocrx_word' id='word_1_245' title='bbox 2993 1355 3215 1419; x_wconf 87' lang='lat' dir='ltr'><strong>peccata</strong></span> <span class='ocrx_word' id='word_1_246' title='bbox 3244 1355 3449 1417; x_wconf 86' lang='lat' dir='ltr'><strong>nostra,</strong></span> <span class='ocrx_word' id='word_1_247' title='bbox 3497 1356 3553 1403; x_wconf 91' lang='lat' dir='ltr'><strong>et</strong></span> <span class='ocrx_word' id='word_1_248' title='bbox 3583 1366 3699 1403; x_wconf 90' lang='lat' dir='ltr'><strong>non</strong></span> 
     </span>
    </p>
   </div>
   <div class='ocr_carea' id='block_1_31' title="bbox 2007 1430 3695 1487">
    <p class='ocr_par' dir='ltr' id='par_1_31' title="bbox 2007 1430 3695 1487">
     <span class='ocr_line' id='line_1_31' title="bbox 2007 1430 3695 1487; baseline -0.003 -1"><span class='ocrx_word' id='word_1_249' title='bbox 2007 1432 2263 1486; x_wconf 90' lang='lat' dir='ltr'><strong>dicamus</strong></span> <span class='ocrx_word' id='word_1_250' title='bbox 2302 1431 2345 1467; x_wconf 84' lang='grc'>¹⁸</span> <span class='ocrx_word' id='word_1_251' title='bbox 2370 1449 2381 1485; x_wconf 92' lang='lat'><strong>:</strong></span> <span class='ocrx_word' id='word_1_252' title='bbox 2403 1434 2555 1487; x_wconf 83' lang='lat' dir='ltr'><strong>Sicut</strong></span> <span class='ocrx_word' id='word_1_253' title='bbox 2583 1436 2633 1485; x_wconf 89' lang='lat' dir='ltr'><strong>et</strong></span> <span class='ocrx_word' id='word_1_254' title='bbox 2650 1446 2743 1486; x_wconf 89' lang='lat' dir='ltr'><strong>nos</strong></span> <span class='ocrx_word' id='word_1_255' title='bbox 2762 1431 3086 1484; x_wconf 80' lang='lat' dir='ltr'><strong>dimittimus</strong></span> <span class='ocrx_word' id='word_1_256' title='bbox 3116 1430 3446 1483; x_wconf 80' lang='lat' dir='ltr'><strong>debitoribus</strong></span> <span class='ocrx_word' id='word_1_257' title='bbox 3476 1432 3695 1483; x_wconf 81' lang='lat' dir='ltr'><strong>nostris.</strong></span> 
     </span>
    </p>
   </div>
   <div class='ocr_carea' id='block_1_32' title="bbox 2006 1510 3701 1579">
    <p class='ocr_par' dir='ltr' id='par_1_32' title="bbox 2006 1510 3701 1579">
     <span class='ocr_line' id='line_1_32' title="bbox 2006 1510 3701 1579; baseline -0.002 -12"><span class='ocrx_word' id='word_1_258' title='bbox 2006 1513 2311 1579; x_wconf 91' lang='lat' dir='ltr'><strong>Continuo,</strong></span> <span class='ocrx_word' id='word_1_259' title='bbox 2370 1517 2426 1567; x_wconf 93' lang='lat' dir='ltr'><strong>et</strong></span> <span class='ocrx_word' id='word_1_260' title='bbox 2486 1512 2755 1566; x_wconf 91' lang='lat' dir='ltr'><strong>Dominus</strong></span> <span class='ocrx_word' id='word_1_261' title='bbox 2804 1511 2939 1565; x_wconf 90' lang='lat' dir='ltr'><strong>dicit</strong></span> <span class='ocrx_word' id='word_1_262' title='bbox 2972 1510 3135 1564; x_wconf 91' lang='lat' dir='ltr'><strong>nobis</strong></span> <span class='ocrx_word' id='word_1_263' title='bbox 3164 1527 3177 1563; x_wconf 90' lang='lat'><strong>:</strong></span> <span class='ocrx_word' id='word_1_264' title='bbox 3209 1512 3282 1564; x_wconf 90' lang='lat' dir='ltr'><strong>In</strong></span> <span class='ocrx_word' id='word_1_265' title='bbox 3311 1526 3420 1578; x_wconf 87' lang='lat' dir='ltr'><strong>qua</strong></span> <span class='ocrx_word' id='word_1_266' title='bbox 3448 1525 3701 1563; x_wconf 85' lang='lat' dir='ltr'><strong>mensura</strong></span> 
     </span>
    </p>
   </div>
   <div class='ocr_carea' id='block_1_33' title="bbox 2003 1589 3697 1659">
    <p class='ocr_par' dir='ltr' id='par_1_33' title="bbox 2003 1589 3697 1659">
     <span class='ocr_line' id='line_1_33' title="bbox 2003 1589 3697 1659; baseline -0.002 -13"><span class='ocrx_word' id='word_1_267' title='bbox 2003 1594 2174 1646; x_wconf 86' lang='lat' dir='ltr'><strong>mensi</strong></span> <span class='ocrx_word' id='word_1_268' title='bbox 2200 1594 2441 1659; x_wconf 82' lang='lat' dir='ltr'><strong>fueritis,</strong></span> <span class='ocrx_word' id='word_1_269' title='bbox 2466 1594 2524 1645; x_wconf 89' lang='lat' dir='ltr'><strong>in</strong></span> <span class='ocrx_word' id='word_1_270' title='bbox 2553 1591 2736 1645; x_wconf 78' lang='lat' dir='ltr'><strong>eadem</strong></span> <span class='ocrx_word' id='word_1_271' title='bbox 2756 1592 3064 1643; x_wconf 84' lang='lat' dir='ltr'><strong>remetietur</strong></span> <span class='ocrx_word' id='word_1_272' title='bbox 3082 1589 3231 1642; x_wconf 83' lang='lat' dir='ltr'><strong>vobis</strong></span> <span class='ocrx_word' id='word_1_273' title='bbox 3262 1590 3474 1657; x_wconf 80' lang='lat' dir='ltr'><strong>(Matth.</strong></span> <span class='ocrx_word' id='word_1_274' title='bbox 3500 1604 3594 1653; x_wconf 87' lang='lat' dir='ltr'><strong>vu,</strong></span> <span class='ocrx_word' id='word_1_275' title='bbox 3625 1590 3697 1655; x_wconf 85' lang='lat'><strong>2).</strong></span> 
     </span>
    </p>
   </div>
   <div class='ocr_carea' id='block_1_34' title="bbox 2006 1668 3702 1735">
    <p class='ocr_par' dir='ltr' id='par_1_34' title="bbox 2006 1668 3702 1735">
     <span class='ocr_line' id='line_1_34' title="bbox 2006 1668 3702 1735; baseline -0.004 -9"><span class='ocrx_word' id='word_1_276' title='bbox 2006 1673 2167 1726; x_wconf 87' lang='lat' dir='ltr'><strong>Hunc</strong></span> <span class='ocrx_word' id='word_1_277' title='bbox 2182 1688 2405 1725; x_wconf 88' lang='lat' dir='ltr'><strong>versum</strong></span> <span class='ocrx_word' id='word_1_278' title='bbox 2423 1672 2611 1725; x_wconf 87' lang='lat' dir='ltr'><strong>delere</strong></span> <span class='ocrx_word' id='word_1_279' title='bbox 2625 1671 2692 1723; x_wconf 88' lang='lat' dir='ltr'><strong>de</strong></span> <span class='ocrx_word' id='word_1_280' title='bbox 2706 1670 2896 1722; x_wconf 89' lang='lat' dir='ltr'><strong>animo</strong></span> <span class='ocrx_word' id='word_1_281' title='bbox 2910 1685 3025 1721; x_wconf 91' lang='lat' dir='ltr'><strong>non</strong></span> <span class='ocrx_word' id='word_1_282' title='bbox 3040 1668 3306 1735; x_wconf 89' lang='lat' dir='ltr'><strong>debes,nc</strong></span> <span class='ocrx_word' id='word_1_283' title='bbox 3321 1673 3376 1721; x_wconf 90' lang='lat' dir='ltr'><strong>et</strong></span> <span class='ocrx_word' id='word_1_284' title='bbox 3388 1674 3444 1721; x_wconf 94' lang='lat' dir='ltr'><strong>tu</strong></span> <span class='ocrx_word' id='word_1_285' title='bbox 3463 1668 3702 1721; x_wconf 90' lang='lat' dir='ltr'><strong>delearis</strong></span> 
     </span>
    </p>
   </div>
   <div class='ocr_carea' id='block_1_35' title="bbox 201 1745 3697 1817">
    <p class='ocr_par' dir='ltr' id='par_1_35' title="bbox 201 1745 3697 1817">
     <span class='ocr_line' id='line_1_35' title="bbox 201 1745 3697 1817; baseline -0 -17"><span class='ocrx_word' id='word_1_286' title='bbox 201 1746 416 1800; x_wconf 88' lang='lat' dir='ltr'><strong>nachus</strong></span> <span class='ocrx_word' id='word_1_287' title='bbox 446 1745 542 1811; x_wconf 90' lang='lat' dir='ltr'><strong>sis,</strong></span> <span class='ocrx_word' id='word_1_288' title='bbox 573 1746 745 1800; x_wconf 91' lang='lat' dir='ltr'><strong>homo</strong></span> <span class='ocrx_word' id='word_1_289' title='bbox 778 1763 868 1814; x_wconf 90' lang='lat' dir='ltr'><strong>es;</strong></span> <span class='ocrx_word' id='word_1_290' title='bbox 907 1748 953 1801; x_wconf 92' lang='lat' dir='ltr'><strong>si</strong></span> <span class='ocrx_word' id='word_1_291' title='bbox 991 1748 1229 1803; x_wconf 90' lang='lat' dir='ltr'><strong>clericus</strong></span> <span class='ocrx_word' id='word_1_292' title='bbox 1259 1749 1353 1817; x_wconf 90' lang='lat' dir='ltr'><strong>sis,</strong></span> <span class='ocrx_word' id='word_1_293' title='bbox 1386 1749 1560 1804; x_wconf 94' lang='lat' dir='ltr'><strong>homo</strong></span> <span class='ocrx_word' id='word_1_294' title='bbox 1585 1767 1663 1803; x_wconf 88' lang='lat' dir='ltr'><strong>es.</strong></span> <span class='ocrx_word' id='word_1_295' title='bbox 1690 1752 1893 1805; x_wconf 88' lang='lat' dir='ltr'><strong>Vocem</strong></span> <span class='ocrx_word' id='word_1_296' title='bbox 1934 1761 1974 1813; x_wconf 86' lang='grc' dir='ltr'><strong>Β</strong></span> <span class='ocrx_word' id='word_1_297' title='bbox 2008 1750 2238 1805; x_wconf 93' lang='lat' dir='ltr'><strong>delibro</strong></span> <span class='ocrx_word' id='word_1_298' title='bbox 2258 1751 2372 1805; x_wconf 91' lang='lat' dir='ltr'><strong>Dei.</strong></span> <span class='ocrx_word' id='word_1_299' title='bbox 2410 1752 2474 1803; x_wconf 93' lang='lat' dir='ltr'><strong>In</strong></span> <span class='ocrx_word' id='word_1_300' title='bbox 2488 1750 2744 1803; x_wconf 89' lang='lat' dir='ltr'><strong>oratione</strong></span> <span class='ocrx_word' id='word_1_301' title='bbox 2766 1748 3176 1816; x_wconf 89' lang='lat' dir='ltr'><strong>istadicis,Da;</strong></span> <span class='ocrx_word' id='word_1_302' title='bbox 3206 1748 3422 1813; x_wconf 71' lang='lat' dir='ltr'><strong>dicis“,</strong></span> <span class='ocrx_word' id='word_1_303' title='bbox 3447 1749 3697 1813; x_wconf 83' lang='lat' dir='ltr'><strong>Dimitte,</strong></span> 
     </span>
    </p>
   </div>
   <div class='ocr_carea' id='block_1_36' title="bbox 201 1825 1899 1900">
    <p class='ocr_par' dir='ltr' id='par_1_36' title="bbox 201 1825 1899 1900">
     <span class='ocr_line' id='line_1_36' title="bbox 201 1825 1899 1900; baseline 0.002 -21"><span class='ocrx_word' id='word_1_304' title='bbox 201 1825 445 1896; x_wconf 91' lang='lat' dir='ltr'><strong>apostoli</strong></span> <span class='ocrx_word' id='word_1_305' title='bbox 470 1825 707 1879; x_wconf 85' lang='lat' dir='ltr'><strong>Joannis</strong></span> <span class='ocrx_word' id='word_1_306' title='bbox 726 1826 861 1881; x_wconf 89' lang='lat' dir='ltr'><strong>audi</strong></span> <span class='ocrx_word' id='word_1_307' title='bbox 891 1826 1194 1881; x_wconf 90' lang='lat' dir='ltr'><strong>dicentem.</strong></span> <span class='ocrx_word' id='word_1_308' title='bbox 1229 1828 1361 1882; x_wconf 92' lang='lat' dir='ltr'><strong>Vide</strong></span> <span class='ocrx_word' id='word_1_309' title='bbox 1390 1829 1577 1899; x_wconf 88' lang='lat' dir='ltr'><strong>qualis</strong></span> <span class='ocrx_word' id='word_1_310' title='bbox 1599 1829 1671 1884; x_wconf 90' lang='lat' dir='ltr'><strong>sit</strong></span> <span class='ocrx_word' id='word_1_311' title='bbox 1693 1829 1899 1900; x_wconf 67' lang='lat' dir='ltr'><strong>quem“</strong></span> 
     </span>
    </p>
   </div>
   <div class='ocr_carea' id='block_1_37' title="bbox 204 1904 1900 1977">
    <p class='ocr_par' dir='ltr' id='par_1_37' title="bbox 204 1904 1900 1977">
     <span class='ocr_line' id='line_1_37' title="bbox 204 1904 1900 1977; baseline 0.002 -19"><span class='ocrx_word' id='word_1_312' title='bbox 204 1905 350 1969; x_wconf 82' lang='lat' dir='ltr'><strong>dico,</strong></span> <span class='ocrx_word' id='word_1_313' title='bbox 404 1910 465 1957; x_wconf 92' lang='lat' dir='ltr'><strong>ut</strong></span> <span class='ocrx_word' id='word_1_314' title='bbox 519 1904 719 1957; x_wconf 89' lang='lat' dir='ltr'><strong>audias</strong></span> <span class='ocrx_word' id='word_1_315' title='bbox 774 1905 937 1959; x_wconf 90' lang='lat' dir='ltr'><strong>illum</strong></span> <span class='ocrx_word' id='word_1_316' title='bbox 994 1906 1094 1977; x_wconf 90' lang='lat' dir='ltr'><strong>qui</strong></span> <span class='ocrx_word' id='word_1_317' title='bbox 1166 1923 1338 1977; x_wconf 89' lang='lat' dir='ltr'><strong>super</strong></span> <span class='ocrx_word' id='word_1_318' title='bbox 1413 1914 1611 1976; x_wconf 89' lang='lat' dir='ltr'><strong>pectus</strong></span> <span class='ocrx_word' id='word_1_319' title='bbox 1672 1908 1900 1962; x_wconf 91' lang='lat' dir='ltr'><strong>Domini</strong></span> 
     </span>
    </p>
   </div>
   <div class='ocr_carea' id='block_1_38' title="bbox 202 1983 1896 2059">
    <p class='ocr_par' dir='ltr' id='par_1_38' title="bbox 202 1983 1896 2059">
     <span class='ocr_line' id='line_1_38' title="bbox 202 1983 1896 2059; baseline 0.002 -22"><span class='ocrx_word' id='word_1_320' title='bbox 202 1983 589 2049; x_wconf 86' lang='lat' dir='ltr'><strong>accumbebat,</strong></span> <span class='ocrx_word' id='word_1_321' title='bbox 680 2000 851 2054; x_wconf 86' lang='lat' dir='ltr'><strong>quem</strong></span> <span class='ocrx_word' id='word_1_322' title='bbox 921 1985 1198 2055; x_wconf 81' lang='lat' dir='ltr'><strong>diligebat</strong></span> <span class='ocrx_word' id='word_1_323' title='bbox 1258 1986 1533 2041; x_wconf 89' lang='lat' dir='ltr'><strong>Dominus</strong></span> <span class='ocrx_word' id='word_1_324' title='bbox 1589 1988 1896 2059; x_wconf 90' lang='lat' dir='ltr'><strong>plusquam</strong></span> 
     </span>
    </p>
   </div>
   <div class='ocr_carea' id='block_1_39' title="bbox 206 2062 1899 2137">
    <p class='ocr_par' dir='ltr' id='par_1_39' title="bbox 206 2062 1899 2137">
     <span class='ocr_line' id='line_1_39' title="bbox 206 2062 1899 2137; baseline 0.003 -20"><span class='ocrx_word' id='word_1_325' title='bbox 206 2069 457 2118; x_wconf 55' lang='lat' dir='ltr'><strong>caeteros.</strong></span> <span class='ocrx_word' id='word_1_326' title='bbox 490 2062 635 2118; x_wconf 84' lang='lat' dir='ltr'><strong>Audi</strong></span> <span class='ocrx_word' id='word_1_327' title='bbox 668 2063 807 2134; x_wconf 91' lang='lat' dir='ltr'><strong>quid</strong></span> <span class='ocrx_word' id='word_1_328' title='bbox 848 2063 1087 2119; x_wconf 84' lang='lat' dir='ltr'><strong>dixerit:</strong></span> <span class='ocrx_word' id='word_1_329' title='bbox 1138 2066 1200 2121; x_wconf 88' lang='lat' dir='ltr'><strong>Si</strong></span> <span class='ocrx_word' id='word_1_330' title='bbox 1246 2067 1547 2121; x_wconf 68' lang='lat' dir='ltr'><strong>dixerimus</strong></span> <span class='ocrx_word' id='word_1_331' title='bbox 1592 2070 1722 2136; x_wconf 84' lang='lat' dir='ltr'><strong>quia</strong></span> <span class='ocrx_word' id='word_1_332' title='bbox 1770 2083 1899 2137; x_wconf 87' lang='lat' dir='ltr'><strong>pec-</strong></span> 
     </span>
    </p>
   </div>
   <div class='ocr_carea' id='block_1_40' title="bbox 206 2143 1901 2203">
    <p class='ocr_par' dir='ltr' id='par_1_40' title="bbox 206 2143 1901 2203">
     <span class='ocr_line' id='line_1_40' title="bbox 206 2143 1901 2203; baseline 0.001 -5"><span class='ocrx_word' id='word_1_333' title='bbox 206 2148 386 2199; x_wconf 87' lang='lat' dir='ltr'><strong>catum</strong></span> <span class='ocrx_word' id='word_1_334' title='bbox 414 2158 521 2196; x_wconf 89' lang='lat' dir='ltr'><strong>non</strong></span> <span class='ocrx_word' id='word_1_335' title='bbox 571 2143 845 2197; x_wconf 83' lang='lat' dir='ltr'><strong>habemus.</strong></span> <span class='ocrx_word' id='word_1_336' title='bbox 881 2146 1004 2197; x_wconf 84' lang='lat' dir='ltr'><strong>Non</strong></span> <span class='ocrx_word' id='word_1_337' title='bbox 1059 2144 1203 2199; x_wconf 84' lang='lat' dir='ltr'><strong>dixit</strong></span> <span class='ocrx_word' id='word_1_338' title='bbox 1234 2162 1247 2201; x_wconf 91' lang='lat'><strong>:</strong></span> <span class='ocrx_word' id='word_1_339' title='bbox 1277 2147 1340 2201; x_wconf 88' lang='lat' dir='ltr'><strong>Si</strong></span> <span class='ocrx_word' id='word_1_340' title='bbox 1392 2147 1649 2201; x_wconf 70' lang='lat' dir='ltr'><strong>diareritis</strong></span> <span class='ocrx_word' id='word_1_341' title='bbox 1702 2148 1809 2201; x_wconf 89' lang='lat' dir='ltr'><strong>Sed</strong></span> <span class='ocrx_word' id='word_1_342' title='bbox 1839 2148 1901 2203; x_wconf 89' lang='lat' dir='ltr'><strong>Si</strong></span> 
     </span>
    </p>
   </div>
   <div class='ocr_carea' id='block_1_41' title="bbox 208 2222 1901 2296">
    <p class='ocr_par' dir='ltr' id='par_1_41' title="bbox 208 2222 1901 2296">
     <span class='ocr_line' id='line_1_41' title="bbox 208 2222 1901 2296; baseline 0.002 -20"><span class='ocrx_word' id='word_1_343' title='bbox 208 2223 505 2277; x_wconf 68' lang='lat' dir='ltr'><strong>dixerimus</strong></span> <span class='ocrx_word' id='word_1_344' title='bbox 536 2240 552 2285; x_wconf 88' lang='lat'><strong>;</strong></span> <span class='ocrx_word' id='word_1_345' title='bbox 584 2237 642 2274; x_wconf 88' lang='lat' dir='ltr'><strong>se</strong></span> <span class='ocrx_word' id='word_1_346' title='bbox 673 2222 932 2291; x_wconf 88' lang='lat' dir='ltr'><strong>adjunxit</strong></span> <span class='ocrx_word' id='word_1_347' title='bbox 964 2223 1024 2277; x_wconf 94' lang='lat' dir='ltr'><strong>in</strong></span> <span class='ocrx_word' id='word_1_348' title='bbox 1054 2226 1301 2293; x_wconf 90' lang='lat' dir='ltr'><strong>culpam,</strong></span> <span class='ocrx_word' id='word_1_349' title='bbox 1337 2231 1399 2279; x_wconf 89' lang='lat' dir='ltr'><strong>ut</strong></span> <span class='ocrx_word' id='word_1_350' title='bbox 1438 2226 1763 2296; x_wconf 85' lang='lat' dir='ltr'><strong>perveniret</strong></span> <span class='ocrx_word' id='word_1_351' title='bbox 1791 2226 1814 2259; x_wconf 80' lang='grc'>⁵</span> <span class='ocrx_word' id='word_1_352' title='bbox 1839 2226 1901 2280; x_wconf 91' lang='lat' dir='ltr'><strong>in</strong></span> 
     </span>
    </p>
   </div>
   <div class='ocr_carea' id='block_1_42' title="bbox 204 2300 1901 2375">
    <p class='ocr_par' dir='ltr' id='par_1_42' title="bbox 204 2300 1901 2375">
     <span class='ocr_line' id='line_1_42' title="bbox 204 2300 1901 2375; baseline 0.002 -20"><span class='ocrx_word' id='word_1_353' title='bbox 204 2300 757 2371; x_wconf 83' lang='lat' dir='ltr'><strong>indulgentiam.Ait</strong></span> <span class='ocrx_word' id='word_1_354' title='bbox 782 2317 917 2372; x_wconf 90' lang='lat' dir='ltr'><strong>ergo</strong></span> <span class='ocrx_word' id='word_1_355' title='bbox 948 2318 960 2355; x_wconf 93' lang='lat'><strong>:</strong></span> <span class='ocrx_word' id='word_1_356' title='bbox 991 2304 1052 2358; x_wconf 88' lang='lat' dir='ltr'><strong>Si</strong></span> <span class='ocrx_word' id='word_1_357' title='bbox 1089 2304 1395 2359; x_wconf 65' lang='lat' dir='ltr'><strong>dixerimus</strong></span> <span class='ocrx_word' id='word_1_358' title='bbox 1453 2309 1586 2374; x_wconf 89' lang='lat' dir='ltr'><strong>quia</strong></span> <span class='ocrx_word' id='word_1_359' title='bbox 1624 2312 1901 2375; x_wconf 85' lang='lat' dir='ltr'><strong>peccatum</strong></span> 
     </span>
    </p>
   </div>
   <div class='ocr_carea' id='block_1_43' title="bbox 204 2381 1901 2451">
    <p class='ocr_par' dir='ltr' id='par_1_43' title="bbox 204 2381 1901 2451">
     <span class='ocr_line' id='line_1_43' title="bbox 204 2381 1901 2451; baseline 0.003 -18"><span class='ocrx_word' id='word_1_360' title='bbox 204 2396 309 2435; x_wconf 88' lang='lat' dir='ltr'><strong>non</strong></span> <span class='ocrx_word' id='word_1_361' title='bbox 348 2381 621 2446; x_wconf 76' lang='lat' dir='ltr'><strong>habemus,</strong></span> <span class='ocrx_word' id='word_1_362' title='bbox 654 2396 751 2434; x_wconf 88' lang='lat' dir='ltr'><strong>nos</strong></span> <span class='ocrx_word' id='word_1_363' title='bbox 788 2383 931 2450; x_wconf 87' lang='lat' dir='ltr'><strong>ipsos</strong></span> <span class='ocrx_word' id='word_1_364' title='bbox 958 2382 1255 2451; x_wconf 88' lang='lat' dir='ltr'><strong>decipimus</strong></span> <span class='ocrx_word' id='word_1_365' title='bbox 1284 2386 1327 2451; x_wconf 78' lang='grc'><strong>⁸,</strong></span> <span class='ocrx_word' id='word_1_366' title='bbox 1361 2389 1409 2438; x_wconf 87' lang='lat' dir='ltr'><strong>et</strong></span> <span class='ocrx_word' id='word_1_367' title='bbox 1446 2386 1647 2439; x_wconf 80' lang='lat' dir='ltr'><strong>veritas</strong></span> <span class='ocrx_word' id='word_1_368' title='bbox 1665 2388 1723 2438; x_wconf 88' lang='lat' dir='ltr'><strong>in</strong></span> <span class='ocrx_word' id='word_1_369' title='bbox 1746 2386 1901 2439; x_wconf 85' lang='lat' dir='ltr'><strong>nobis</strong></span> 
     </span>
    </p>
   </div>
   <div class='ocr_carea' id='block_1_44' title="bbox 202 2460 1899 2533">
    <p class='ocr_par' dir='ltr' id='par_1_44' title="bbox 202 2460 1899 2533">
     <span class='ocr_line' id='line_1_44' title="bbox 202 2460 1899 2533; baseline 0.002 -20"><span class='ocrx_word' id='word_1_370' title='bbox 202 2476 308 2514; x_wconf 87' lang='lat' dir='ltr'><strong>non</strong></span> <span class='ocrx_word' id='word_1_371' title='bbox 336 2460 604 2529; x_wconf 85' lang='lat' dir='ltr'><strong>est(Joan.</strong></span> <span class='ocrx_word' id='word_1_372' title='bbox 639 2476 680 2526; x_wconf 86' lang='grc' dir='ltr'>ι,</span> <span class='ocrx_word' id='word_1_373' title='bbox 711 2460 790 2527; x_wconf 90' lang='lat'><strong>8).</strong></span> <span class='ocrx_word' id='word_1_374' title='bbox 853 2460 997 2529; x_wconf 87' lang='lat' dir='ltr'><strong>Ergo</strong></span> <span class='ocrx_word' id='word_1_375' title='bbox 1046 2461 1323 2516; x_wconf 90' lang='lat' dir='ltr'><strong>habemus</strong></span> <span class='ocrx_word' id='word_1_376' title='bbox 1365 2470 1636 2533; x_wconf 89' lang='lat' dir='ltr'><strong>peccata;</strong></span> <span class='ocrx_word' id='word_1_377' title='bbox 1668 2464 1715 2517; x_wconf 90' lang='lat' dir='ltr'><strong>si</strong></span> <span class='ocrx_word' id='word_1_378' title='bbox 1738 2464 1899 2517; x_wconf 90' lang='lat' dir='ltr'><strong>volu-</strong></span> 
     </span>
    </p>
   </div>
   <div class='ocr_carea' id='block_1_45' title="bbox 204 2537 1899 2609">
    <p class='ocr_par' dir='ltr' id='par_1_45' title="bbox 204 2537 1899 2609">
     <span class='ocr_line' id='line_1_45' title="bbox 204 2537 1899 2609; baseline 0.002 -17"><span class='ocrx_word' id='word_1_379' title='bbox 204 2555 333 2592; x_wconf 91' lang='lat' dir='ltr'><strong>mus</strong></span> <span class='ocrx_word' id='word_1_380' title='bbox 363 2538 633 2609; x_wconf 90' lang='lat' dir='ltr'><strong>consequi</strong></span> <span class='ocrx_word' id='word_1_381' title='bbox 661 2537 906 2602; x_wconf 90' lang='lat' dir='ltr'><strong>veniam,</strong></span> <span class='ocrx_word' id='word_1_382' title='bbox 943 2538 1181 2593; x_wconf 75' lang='lat' dir='ltr'><strong>demus&quot;</strong></span> <span class='ocrx_word' id='word_1_383' title='bbox 1234 2541 1505 2595; x_wconf 88' lang='lat' dir='ltr'><strong>fratribus</strong></span> <span class='ocrx_word' id='word_1_384' title='bbox 1557 2542 1771 2596; x_wconf 90' lang='lat' dir='ltr'><strong>nostris</strong></span> <span class='ocrx_word' id='word_1_385' title='bbox 1811 2543 1899 2596; x_wconf 91' lang='lat' dir='ltr'><strong>in-</strong></span> 
     </span>
    </p>
   </div>
   <div class='ocr_carea' id='block_1_46' title="bbox 203 2616 1901 2686">
    <p class='ocr_par' dir='ltr' id='par_1_46' title="bbox 203 2616 1901 2686">
     <span class='ocr_line' id='line_1_46' title="bbox 203 2616 1901 2686; baseline 0.001 -14"><span class='ocrx_word' id='word_1_386' title='bbox 203 2616 577 2686; x_wconf 83' lang='lat' dir='ltr'><strong>dulgentiam.</strong></span> <span class='ocrx_word' id='word_1_387' title='bbox 659 2616 993 2671; x_wconf 90' lang='lat' dir='ltr'><strong>Inimicitias</strong></span> <span class='ocrx_word' id='word_1_388' title='bbox 1051 2618 1110 2672; x_wconf 92' lang='lat' dir='ltr'><strong>in</strong></span> <span class='ocrx_word' id='word_1_389' title='bbox 1168 2621 1335 2674; x_wconf 91' lang='lat' dir='ltr'><strong>corde</strong></span> <span class='ocrx_word' id='word_1_390' title='bbox 1394 2625 1589 2674; x_wconf 90' lang='lat' dir='ltr'><strong>nostro</strong></span> <span class='ocrx_word' id='word_1_391' title='bbox 1642 2637 1760 2674; x_wconf 91' lang='lat' dir='ltr'><strong>non</strong></span> <span class='ocrx_word' id='word_1_392' title='bbox 1812 2636 1901 2675; x_wconf 89' lang='lat' dir='ltr'><strong>re-</strong></span> 
     </span>
    </p>
   </div>
   <div class='ocr_carea' id='block_1_47' title="bbox 203 2696 1898 2768">
    <p class='ocr_par' dir='ltr' id='par_1_47' title="bbox 203 2696 1898 2768">
     <span class='ocr_line' id='line_1_47' title="bbox 203 2696 1898 2768; baseline 0.002 -16"><span class='ocrx_word' id='word_1_393' title='bbox 203 2698 508 2765; x_wconf 83' lang='lat' dir='ltr'><strong>tineamus,</strong></span> <span class='ocrx_word' id='word_1_394' title='bbox 542 2697 678 2768; x_wconf 90' lang='lat' dir='ltr'><strong>quia</strong></span> <span class='ocrx_word' id='word_1_395' title='bbox 707 2696 1022 2751; x_wconf 59' lang='lat' dir='ltr'><strong>inimicitia;</strong></span> <span class='ocrx_word' id='word_1_396' title='bbox 1080 2704 1317 2753; x_wconf 56' lang='lat' dir='ltr'><strong>retenta</strong></span> <span class='ocrx_word' id='word_1_397' title='bbox 1378 2700 1593 2754; x_wconf 84' lang='lat' dir='ltr'><strong>faciunt</strong></span> <span class='ocrx_word' id='word_1_398' title='bbox 1638 2717 1898 2754; x_wconf 85' lang='lat' dir='ltr'><strong>commo-</strong></span> 
     </span>
    </p>
   </div>
   <div class='ocr_carea' id='block_1_48' title="bbox 206 2778 444 2832">
    <p class='ocr_par' dir='ltr' id='par_1_48' title="bbox 206 2778 444 2832">
     <span class='ocr_line' id='line_1_48' title="bbox 206 2778 444 2832; baseline -0.004 -2"><span class='ocrx_word' id='word_1_399' title='bbox 206 2778 444 2832; x_wconf 90' lang='lat' dir='ltr'><strong>tionem.</strong></span> 
     </span>
    </p>
   </div>
   <div class='ocr_carea' id='block_1_49' title="bbox 274 2862 1901 2938">
    <p class='ocr_par' dir='ltr' id='par_1_49' title="bbox 274 2862 1901 2938">
     <span class='ocr_line' id='line_1_49' title="bbox 274 2862 1901 2938; baseline 0.002 -19"><span class='ocrx_word' id='word_1_400' title='bbox 274 2869 325 2919; x_wconf 84' lang='lat'><strong>5.</strong></span> <span class='ocrx_word' id='word_1_401' title='bbox 352 2864 489 2918; x_wconf 91' lang='lat' dir='ltr'><strong>Volo</strong></span> <span class='ocrx_word' id='word_1_402' title='bbox 509 2868 561 2917; x_wconf 91' lang='lat' dir='ltr'><strong>te</strong></span> <span class='ocrx_word' id='word_1_403' title='bbox 582 2862 994 2935; x_wconf 88' lang='lat' dir='ltr'><strong>ignoscentem,</strong></span> <span class='ocrx_word' id='word_1_404' title='bbox 1015 2864 1150 2935; x_wconf 90' lang='lat' dir='ltr'><strong>quia</strong></span> <span class='ocrx_word' id='word_1_405' title='bbox 1172 2865 1305 2919; x_wconf 91' lang='lat' dir='ltr'><strong>novi</strong></span> <span class='ocrx_word' id='word_1_406' title='bbox 1341 2869 1397 2921; x_wconf 91' lang='lat' dir='ltr'><strong>te</strong></span> <span class='ocrx_word' id='word_1_407' title='bbox 1418 2881 1643 2938; x_wconf 86' lang='lat' dir='ltr'><strong>semper</strong></span> <span class='ocrx_word' id='word_1_408' title='bbox 1674 2867 1901 2922; x_wconf 91' lang='lat' dir='ltr'><strong>veniam</strong></span> 
     </span>
    </p>
   </div>
   <div class='ocr_carea' id='block_1_50' title="bbox 204 2952 1898 3026">
    <p class='ocr_par' dir='ltr' id='par_1_50' title="bbox 204 2952 1898 3026">
     <span class='ocr_line' id='line_1_50' title="bbox 204 2952 1898 3026; baseline 0.001 -19"><span class='ocrx_word' id='word_1_409' title='bbox 204 2955 613 3024; x_wconf 80' lang='lat' dir='ltr'><strong>postulantem.</strong></span> <span class='ocrx_word' id='word_1_410' title='bbox 649 2955 838 3024; x_wconf 83' lang='lat' dir='ltr'><strong>Rogas</strong></span> <span class='ocrx_word' id='word_1_411' title='bbox 871 2952 976 3008; x_wconf 93' lang='lat' dir='ltr'><strong>tibi</strong></span> <span class='ocrx_word' id='word_1_412' title='bbox 1024 2954 1280 3024; x_wconf 82' lang='lat' dir='ltr'><strong>ignosci;</strong></span> <span class='ocrx_word' id='word_1_413' title='bbox 1308 2954 1532 3026; x_wconf 81' lang='lat' dir='ltr'><strong>juberis</strong></span> <span class='ocrx_word' id='word_1_414' title='bbox 1586 2955 1898 3011; x_wconf 90' lang='lat' dir='ltr'><strong>dimittere.</strong></span> 
     </span>
    </p>
   </div>
   <div class='ocr_carea' id='block_1_51' title="bbox 209 3040 1971 3113">
    <p class='ocr_par' dir='ltr' id='par_1_51' title="bbox 209 3040 1971 3113">
     <span class='ocr_line' id='line_1_51' title="bbox 209 3040 1971 3113; baseline 0 -19"><span class='ocrx_word' id='word_1_415' title='bbox 209 3042 333 3094; x_wconf 84' lang='lat' dir='ltr'><strong>Non</strong></span> <span class='ocrx_word' id='word_1_416' title='bbox 362 3040 619 3111; x_wconf 91' lang='lat' dir='ltr'><strong>agnoscis</strong></span> <span class='ocrx_word' id='word_1_417' title='bbox 645 3041 794 3111; x_wconf 91' lang='lat' dir='ltr'><strong>quod</strong></span> <span class='ocrx_word' id='word_1_418' title='bbox 826 3040 986 3109; x_wconf 91' lang='lat' dir='ltr'><strong>dicis,</strong></span> <span class='ocrx_word' id='word_1_419' title='bbox 1014 3058 1144 3096; x_wconf 92' lang='lat' dir='ltr'><strong>cum</strong></span> <span class='ocrx_word' id='word_1_420' title='bbox 1199 3043 1505 3097; x_wconf 92' lang='lat' dir='ltr'><strong>Dominum</strong></span> <span class='ocrx_word' id='word_1_421' title='bbox 1554 3042 1891 3113; x_wconf 89' lang='lat' dir='ltr'><strong>depreceris.</strong></span> <span class='ocrx_word' id='word_1_422' title='bbox 1934 3042 1971 3094; x_wconf 94' lang='lat' dir='ltr'><strong>C</strong></span> 
     </span>
    </p>
   </div>
   <div class='ocr_carea' id='block_1_52' title="bbox 203 3128 1901 3200">
    <p class='ocr_par' dir='ltr' id='par_1_52' title="bbox 203 3128 1901 3200">
     <span class='ocr_line' id='line_1_52' title="bbox 203 3128 1901 3200; baseline 0.001 -17"><span class='ocrx_word' id='word_1_423' title='bbox 203 3128 366 3183; x_wconf 86' lang='lat' dir='ltr'><strong>Modo</strong></span> <span class='ocrx_word' id='word_1_424' title='bbox 414 3128 568 3197; x_wconf 92' lang='lat' dir='ltr'><strong>veni,</strong></span> <span class='ocrx_word' id='word_1_425' title='bbox 616 3132 672 3182; x_wconf 94' lang='lat' dir='ltr'><strong>et</strong></span> <span class='ocrx_word' id='word_1_426' title='bbox 705 3144 805 3182; x_wconf 92' lang='lat' dir='ltr'><strong>ora</strong></span> <span class='ocrx_word' id='word_1_427' title='bbox 838 3145 851 3195; x_wconf 91' lang='lat'><strong>;</strong></span> <span class='ocrx_word' id='word_1_428' title='bbox 915 3129 1012 3183; x_wconf 91' lang='lat' dir='ltr'><strong>ubi</strong></span> <span class='ocrx_word' id='word_1_429' title='bbox 1065 3146 1194 3185; x_wconf 89' lang='lat' dir='ltr'><strong>oras</strong></span> <span class='ocrx_word' id='word_1_430' title='bbox 1234 3129 1286 3200; x_wconf 78' lang='grc'><strong>⁸,</strong></span> <span class='ocrx_word' id='word_1_431' title='bbox 1338 3131 1415 3186; x_wconf 92' lang='lat' dir='ltr'><strong>ibi</strong></span> <span class='ocrx_word' id='word_1_432' title='bbox 1444 3137 1497 3186; x_wconf 89' lang='lat' dir='ltr'><strong>te</strong></span> <span class='ocrx_word' id='word_1_433' title='bbox 1537 3130 1811 3185; x_wconf 90' lang='lat' dir='ltr'><strong>convinco</strong></span> <span class='ocrx_word' id='word_1_434' title='bbox 1841 3131 1901 3185; x_wconf 90' lang='lat' dir='ltr'><strong>in</strong></span> 
     </span>
    </p>
   </div>
   <div class='ocr_carea' id='block_1_53' title="bbox 205 3216 1902 3289">
    <p class='ocr_par' dir='ltr' id='par_1_53' title="bbox 205 3216 1902 3289">
     <span class='ocr_line' id='line_1_53' title="bbox 205 3216 1902 3289; baseline 0.003 -20"><span class='ocrx_word' id='word_1_435' title='bbox 205 3216 394 3271; x_wconf 89' lang='lat' dir='ltr'><strong>verbis</strong></span> <span class='ocrx_word' id='word_1_436' title='bbox 422 3216 555 3270; x_wconf 88' lang='lat' dir='ltr'><strong>tuis.</strong></span> <span class='ocrx_word' id='word_1_437' title='bbox 589 3217 786 3270; x_wconf 87' lang='lat' dir='ltr'><strong>Nonne</strong></span> <span class='ocrx_word' id='word_1_438' title='bbox 818 3217 1075 3288; x_wconf 91' lang='lat' dir='ltr'><strong>quotidie</strong></span> <span class='ocrx_word' id='word_1_439' title='bbox 1131 3218 1270 3273; x_wconf 90' lang='lat' dir='ltr'><strong>dicis</strong></span> <span class='ocrx_word' id='word_1_440' title='bbox 1299 3236 1311 3274; x_wconf 88' lang='lat'><strong>:</strong></span> <span class='ocrx_word' id='word_1_441' title='bbox 1362 3223 1523 3274; x_wconf 88' lang='lat' dir='ltr'><strong>Pater</strong></span> <span class='ocrx_word' id='word_1_442' title='bbox 1562 3225 1759 3289; x_wconf 85' lang='lat' dir='ltr'><strong>noster,</strong></span> <span class='ocrx_word' id='word_1_443' title='bbox 1805 3224 1902 3289; x_wconf 86' lang='lat' dir='ltr'><strong>qui</strong></span> 
     </span>
    </p>
   </div>
   <div class='ocr_carea' id='block_1_54' title="bbox 205 3304 1899 3376">
    <p class='ocr_par' dir='ltr' id='par_1_54' title="bbox 205 3304 1899 3376">
     <span class='ocr_line' id='line_1_54' title="bbox 205 3304 1899 3376; baseline 0.001 -15"><span class='ocrx_word' id='word_1_444' title='bbox 205 3322 261 3361; x_wconf 88' lang='lat' dir='ltr'><strong>es</strong></span> <span class='ocrx_word' id='word_1_445' title='bbox 290 3308 350 3360; x_wconf 88' lang='lat' dir='ltr'><strong>in</strong></span> <span class='ocrx_word' id='word_1_446' title='bbox 373 3306 515 3360; x_wconf 74' lang='lat' dir='ltr'><strong>cretis</strong></span> <span class='ocrx_word' id='word_1_447' title='bbox 535 3306 562 3360; x_wconf 80' lang='lat' dir='ltr'><strong>‘t</strong></span> <span class='ocrx_word' id='word_1_448' title='bbox 595 3305 717 3358; x_wconf 85' lang='lat' dir='ltr'><strong>Non</strong></span> <span class='ocrx_word' id='word_1_449' title='bbox 737 3304 760 3339; x_wconf 82' lang='lat'><strong>9</strong></span> <span class='ocrx_word' id='word_1_450' title='bbox 790 3306 942 3360; x_wconf 91' lang='lat' dir='ltr'><strong>enim</strong></span> <span class='ocrx_word' id='word_1_451' title='bbox 969 3312 1131 3376; x_wconf 87' lang='lat' dir='ltr'><strong>potes</strong></span> <span class='ocrx_word' id='word_1_452' title='bbox 1157 3324 1276 3361; x_wconf 90' lang='lat' dir='ltr'><strong>esse</strong></span> <span class='ocrx_word' id='word_1_453' title='bbox 1304 3308 1363 3361; x_wconf 90' lang='lat' dir='ltr'><strong>in</strong></span> <span class='ocrx_word' id='word_1_454' title='bbox 1385 3325 1625 3364; x_wconf 89' lang='lat' dir='ltr'><strong>numero</strong></span> <span class='ocrx_word' id='word_1_455' title='bbox 1648 3310 1899 3365; x_wconf 84' lang='lat' dir='ltr'><strong>ﬁliorum</strong></span> 
     </span>
    </p>
   </div>
   <div class='ocr_carea' id='block_1_55' title="bbox 206 3393 1897 3469">
    <p class='ocr_par' dir='ltr' id='par_1_55' title="bbox 206 3393 1897 3469">
     <span class='ocr_line' id='line_1_55' title="bbox 206 3393 1897 3469; baseline 0.004 -22"><span class='ocrx_word' id='word_1_456' title='bbox 206 3393 255 3447; x_wconf 87' lang='lat' dir='ltr'><strong>si</strong></span> <span class='ocrx_word' id='word_1_457' title='bbox 286 3409 403 3447; x_wconf 91' lang='lat' dir='ltr'><strong>non</strong></span> <span class='ocrx_word' id='word_1_458' title='bbox 430 3393 615 3447; x_wconf 89' lang='lat' dir='ltr'><strong>dicas:</strong></span> <span class='ocrx_word' id='word_1_459' title='bbox 649 3395 811 3446; x_wconf 86' lang='lat' dir='ltr'><strong>Pater</strong></span> <span class='ocrx_word' id='word_1_460' title='bbox 856 3399 1054 3461; x_wconf 85' lang='lat' dir='ltr'><strong>noster,</strong></span> <span class='ocrx_word' id='word_1_461' title='bbox 1086 3397 1183 3463; x_wconf 88' lang='lat' dir='ltr'><strong>qui</strong></span> <span class='ocrx_word' id='word_1_462' title='bbox 1211 3411 1263 3449; x_wconf 89' lang='lat' dir='ltr'><strong>es</strong></span> <span class='ocrx_word' id='word_1_463' title='bbox 1306 3398 1364 3450; x_wconf 91' lang='lat' dir='ltr'><strong>in</strong></span> <span class='ocrx_word' id='word_1_464' title='bbox 1409 3399 1571 3451; x_wconf 64' lang='lat' dir='ltr'><strong>cretis.</strong></span> <span class='ocrx_word' id='word_1_465' title='bbox 1615 3398 1897 3469; x_wconf 89' lang='lat' dir='ltr'><strong>Sequere:</strong></span> 
     </span>
    </p>
   </div>
   <div class='ocr_carea' id='block_1_56' title="bbox 207 3481 1899 3558">
    <p class='ocr_par' dir='ltr' id='par_1_56' title="bbox 207 3481 1899 3558">
     <span class='ocr_line' id='line_1_56' title="bbox 207 3481 1899 3558; baseline 0.002 -21"><span class='ocrx_word' id='word_1_466' title='bbox 207 3481 589 3551; x_wconf 73' lang='lat' dir='ltr'><strong>Sanctiﬁcatur</strong></span> <span class='ocrx_word' id='word_1_467' title='bbox 610 3496 800 3535; x_wconf 88' lang='lat' dir='ltr'><strong>nomen</strong></span> <span class='ocrx_word' id='word_1_468' title='bbox 817 3486 986 3535; x_wconf 89' lang='lat' dir='ltr'><strong>tuum.</strong></span> <span class='ocrx_word' id='word_1_469' title='bbox 1022 3482 1121 3558; x_wconf 83' lang='lat' dir='ltr'><strong>Dic</strong></span> <span class='ocrx_word' id='word_1_470' title='bbox 1148 3484 1369 3538; x_wconf 81' lang='lat' dir='ltr'><strong>adhuc:</strong></span> <span class='ocrx_word' id='word_1_471' title='bbox 1403 3485 1678 3539; x_wconf 80' lang='lat' dir='ltr'><strong>Adveniet</strong></span> <span class='ocrx_word' id='word_1_472' title='bbox 1702 3484 1746 3521; x_wconf 86' lang='grc'><strong>¹⁰</strong></span> <span class='ocrx_word' id='word_1_473' title='bbox 1778 3502 1899 3554; x_wconf 80' lang='lat' dir='ltr'><strong>reg-</strong></span> 
     </span>
    </p>
   </div>
   <div class='ocr_carea' id='block_1_57' title="bbox 207 3569 1903 3639">
    <p class='ocr_par' dir='ltr' id='par_1_57' title="bbox 207 3569 1903 3639">
     <span class='ocr_line' id='line_1_57' title="bbox 207 3569 1903 3639; baseline 0.004 -17"><span class='ocrx_word' id='word_1_474' title='bbox 207 3585 337 3622; x_wconf 86' lang='lat' dir='ltr'><strong>num</strong></span> <span class='ocrx_word' id='word_1_475' title='bbox 364 3573 531 3622; x_wconf 86' lang='lat' dir='ltr'><strong>tuum.</strong></span> <span class='ocrx_word' id='word_1_476' title='bbox 566 3569 763 3623; x_wconf 88' lang='lat' dir='ltr'><strong>Adhuc</strong></span> <span class='ocrx_word' id='word_1_477' title='bbox 811 3586 1047 3639; x_wconf 90' lang='lat' dir='ltr'><strong>sequere</strong></span> <span class='ocrx_word' id='word_1_478' title='bbox 1082 3586 1095 3624; x_wconf 93' lang='lat'><strong>:</strong></span> <span class='ocrx_word' id='word_1_479' title='bbox 1148 3572 1276 3626; x_wconf 86' lang='lat' dir='ltr'><strong>Fiat</strong></span> <span class='ocrx_word' id='word_1_480' title='bbox 1302 3574 1550 3628; x_wconf 84' lang='lat' dir='ltr'><strong>voluntas</strong></span> <span class='ocrx_word' id='word_1_481' title='bbox 1618 3579 1730 3636; x_wconf 90' lang='lat' dir='ltr'><strong>tua,</strong></span> <span class='ocrx_word' id='word_1_482' title='bbox 1764 3578 1903 3629; x_wconf 85' lang='lat' dir='ltr'><strong>sicut</strong></span> 
     </span>
    </p>
   </div>
   <div class='ocr_carea' id='block_1_58' title="bbox 205 3657 1902 3730">
    <p class='ocr_par' dir='ltr' id='par_1_58' title="bbox 205 3657 1902 3730">
     <span class='ocr_line' id='line_1_58' title="bbox 205 3657 1902 3730; baseline 0.005 -22"><span class='ocrx_word' id='word_1_483' title='bbox 205 3659 266 3709; x_wconf 89' lang='lat' dir='ltr'><strong>in</strong></span> <span class='ocrx_word' id='word_1_484' title='bbox 295 3657 435 3720; x_wconf 72' lang='lat' dir='ltr'><strong>caalo,</strong></span> <span class='ocrx_word' id='word_1_485' title='bbox 470 3661 520 3710; x_wconf 90' lang='lat' dir='ltr'><strong>et</strong></span> <span class='ocrx_word' id='word_1_486' title='bbox 546 3658 605 3709; x_wconf 90' lang='lat' dir='ltr'><strong>in</strong></span> <span class='ocrx_word' id='word_1_487' title='bbox 636 3661 798 3710; x_wconf 82' lang='lat' dir='ltr'><strong>terra.</strong></span> <span class='ocrx_word' id='word_1_488' title='bbox 834 3658 971 3711; x_wconf 90' lang='lat' dir='ltr'><strong>Vide</strong></span> <span class='ocrx_word' id='word_1_489' title='bbox 1000 3657 1139 3729; x_wconf 87' lang='lat' dir='ltr'><strong>quid</strong></span> <span class='ocrx_word' id='word_1_490' title='bbox 1177 3659 1496 3730; x_wconf 85' lang='lat' dir='ltr'><strong>adjungas:</strong></span> <span class='ocrx_word' id='word_1_491' title='bbox 1553 3664 1751 3716; x_wconf 89' lang='lat' dir='ltr'><strong>Panem</strong></span> <span class='ocrx_word' id='word_1_492' title='bbox 1801 3678 1902 3717; x_wconf 89' lang='lat' dir='ltr'><strong>no-</strong></span> 
     </span>
    </p>
   </div>
   <div class='ocr_carea' id='block_1_59' title="bbox 204 3743 1901 3812">
    <p class='ocr_par' dir='ltr' id='par_1_59' title="bbox 204 3743 1901 3812">
     <span class='ocr_line' id='line_1_59' title="bbox 204 3743 1901 3812; baseline 0.004 -14"><span class='ocrx_word' id='word_1_493' title='bbox 204 3749 381 3798; x_wconf 84' lang='lat' dir='ltr'><strong>strum</strong></span> <span class='ocrx_word' id='word_1_494' title='bbox 405 3743 786 3812; x_wconf 88' lang='lat' dir='ltr'><strong>quotidianum</strong></span> <span class='ocrx_word' id='word_1_495' title='bbox 820 3744 894 3798; x_wconf 88' lang='lat' dir='ltr'><strong>da</strong></span> <span class='ocrx_word' id='word_1_496' title='bbox 940 3745 1094 3800; x_wconf 90' lang='lat' dir='ltr'><strong>nobis</strong></span> <span class='ocrx_word' id='word_1_497' title='bbox 1126 3747 1301 3801; x_wconf 82' lang='lat' dir='ltr'><strong>hodie.</strong></span> <span class='ocrx_word' id='word_1_498' title='bbox 1356 3747 1457 3801; x_wconf 86' lang='lat' dir='ltr'><strong>Ubi</strong></span> <span class='ocrx_word' id='word_1_499' title='bbox 1509 3753 1639 3804; x_wconf 89' lang='lat' dir='ltr'><strong>sunt</strong></span> <span class='ocrx_word' id='word_1_500' title='bbox 1687 3750 1901 3805; x_wconf 64' lang='lat' dir='ltr'><strong>divitia:</strong></span> 
     </span>
    </p>
   </div>
   <div class='ocr_carea' id='block_1_60' title="bbox 204 3832 1901 3906">
    <p class='ocr_par' dir='ltr' id='par_1_60' title="bbox 204 3832 1901 3906">
     <span class='ocr_line' id='line_1_60' title="bbox 204 3832 1901 3906; baseline 0.004 -19"><span class='ocrx_word' id='word_1_501' title='bbox 204 3837 321 3887; x_wconf 62' lang='lat' dir='ltr'><strong>tua:</strong></span> <span class='ocrx_word' id='word_1_502' title='bbox 344 3832 370 3884; x_wconf 85' lang='lat'><strong>?</strong></span> <span class='ocrx_word' id='word_1_503' title='bbox 402 3847 529 3886; x_wconf 91' lang='lat' dir='ltr'><strong>ecce</strong></span> <span class='ocrx_word' id='word_1_504' title='bbox 562 3832 868 3887; x_wconf 89' lang='lat' dir='ltr'><strong>mendicas.</strong></span> <span class='ocrx_word' id='word_1_505' title='bbox 919 3834 1028 3888; x_wconf 92' lang='lat' dir='ltr'><strong>Sed</strong></span> <span class='ocrx_word' id='word_1_506' title='bbox 1060 3834 1181 3888; x_wconf 65' lang='lat' dir='ltr'><strong>haec</strong></span> <span class='ocrx_word' id='word_1_507' title='bbox 1211 3834 1321 3888; x_wconf 87' lang='lat' dir='ltr'><strong>alia</strong></span> <span class='ocrx_word' id='word_1_508' title='bbox 1366 3852 1535 3890; x_wconf 90' lang='lat' dir='ltr'><strong>causa</strong></span> <span class='ocrx_word' id='word_1_509' title='bbox 1583 3842 1704 3906; x_wconf 84' lang='lat' dir='ltr'><strong>est;</strong></span> <span class='ocrx_word' id='word_1_510' title='bbox 1750 3840 1901 3893; x_wconf 91' lang='lat' dir='ltr'><strong>unde</strong></span> 
     </span>
    </p>
   </div>
   <div class='ocr_carea' id='block_1_61' title="bbox 205 3920 1899 3992">
    <p class='ocr_par' dir='ltr' id='par_1_61' title="bbox 205 3920 1899 3992">
     <span class='ocr_line' id='line_1_61' title="bbox 205 3920 1899 3992; baseline 0.003 -16"><span class='ocrx_word' id='word_1_511' title='bbox 205 3921 450 3992; x_wconf 88' lang='lat' dir='ltr'><strong>agimus,</strong></span> <span class='ocrx_word' id='word_1_512' title='bbox 482 3920 615 3975; x_wconf 90' lang='lat' dir='ltr'><strong>inde</strong></span> <span class='ocrx_word' id='word_1_513' title='bbox 646 3938 904 3991; x_wconf 90' lang='lat' dir='ltr'><strong>agamus.</strong></span> <span class='ocrx_word' id='word_1_514' title='bbox 960 3922 1057 3977; x_wconf 94' lang='lat' dir='ltr'><strong>Dic</strong></span> <span class='ocrx_word' id='word_1_515' title='bbox 1110 3924 1333 3977; x_wconf 85' lang='lat' dir='ltr'><strong>adhuc:</strong></span> <span class='ocrx_word' id='word_1_516' title='bbox 1366 3928 1436 3981; x_wconf 85' lang='lat' dir='ltr'><strong>Et</strong></span> <span class='ocrx_word' id='word_1_517' title='bbox 1491 3925 1703 3979; x_wconf 83' lang='lat' dir='ltr'><strong>dimitte</strong></span> <span class='ocrx_word' id='word_1_518' title='bbox 1748 3928 1899 3981; x_wconf 88' lang='lat' dir='ltr'><strong>nobis</strong></span> 
     </span>
    </p>
   </div>
   <div class='ocr_carea' id='block_1_62' title="bbox 198 4014 1899 4081">
    <p class='ocr_par' dir='ltr' id='par_1_62' title="bbox 198 4014 1899 4081">
     <span class='ocr_line' id='line_1_62' title="bbox 198 4014 1899 4081; baseline 0.003 -17"><span class='ocrx_word' id='word_1_519' title='bbox 198 4016 426 4081; x_wconf 81' lang='lat' dir='ltr'><strong>peccata</strong></span> <span class='ocrx_word' id='word_1_520' title='bbox 479 4016 685 4078; x_wconf 85' lang='lat' dir='ltr'><strong>nostra,</strong></span> <span class='ocrx_word' id='word_1_521' title='bbox 744 4014 885 4065; x_wconf 87' lang='lat' dir='ltr'><strong>sicut</strong></span> <span class='ocrx_word' id='word_1_522' title='bbox 941 4018 993 4068; x_wconf 87' lang='lat' dir='ltr'><strong>et</strong></span> <span class='ocrx_word' id='word_1_523' title='bbox 1047 4028 1143 4068; x_wconf 87' lang='lat' dir='ltr'><strong>nos</strong></span> <span class='ocrx_word' id='word_1_524' title='bbox 1190 4014 1520 4068; x_wconf 82' lang='lat' dir='ltr'><strong>dimittimus</strong></span> <span class='ocrx_word' id='word_1_525' title='bbox 1568 4015 1899 4070; x_wconf 80' lang='lat' dir='ltr'><strong>debitoribus</strong></span> 
     </span>
    </p>
   </div>
   <div class='ocr_carea' id='block_1_63' title="bbox 200 4100 1901 4173">
    <p class='ocr_par' dir='ltr' id='par_1_63' title="bbox 200 4100 1901 4173">
     <span class='ocr_line' id='line_1_63' title="bbox 200 4100 1901 4173; baseline 0.004 -20"><span class='ocrx_word' id='word_1_526' title='bbox 200 4102 407 4155; x_wconf 81' lang='lat' dir='ltr'><strong>nostris</strong></span> <span class='ocrx_word' id='word_1_527' title='bbox 446 4100 673 4168; x_wconf 81' lang='lat' dir='ltr'><strong>(Matth.</strong></span> <span class='ocrx_word' id='word_1_528' title='bbox 728 4117 802 4168; x_wconf 69' lang='lat' dir='ltr'><strong>vn,</strong></span> <span class='ocrx_word' id='word_1_529' title='bbox 858 4101 1025 4173; x_wconf 86' lang='lat' dir='ltr'><strong>9-l2).</strong></span> <span class='ocrx_word' id='word_1_530' title='bbox 1087 4103 1260 4157; x_wconf 91' lang='lat' dir='ltr'><strong>Venio</strong></span> <span class='ocrx_word' id='word_1_531' title='bbox 1313 4103 1385 4157; x_wconf 93' lang='lat' dir='ltr'><strong>ad</strong></span> <span class='ocrx_word' id='word_1_532' title='bbox 1435 4104 1606 4158; x_wconf 86' lang='lat' dir='ltr'><strong>verba</strong></span> <span class='ocrx_word' id='word_1_533' title='bbox 1658 4120 1788 4158; x_wconf 91' lang='lat' dir='ltr'><strong>mea</strong></span> <span class='ocrx_word' id='word_1_534' title='bbox 1844 4110 1901 4159; x_wconf 90' lang='lat' dir='ltr'><strong>et</strong></span> 
     </span>
    </p>
   </div>
   <div class='ocr_carea' id='block_1_64' title="bbox 202 4186 1888 4262">
    <p class='ocr_par' dir='ltr' id='par_1_64' title="bbox 202 4186 1888 4262">
     <span class='ocr_line' id='line_1_64' title="bbox 202 4186 1888 4262; baseline 0.004 -21"><span class='ocrx_word' id='word_1_535' title='bbox 202 4194 325 4243; x_wconf 89' lang='lat' dir='ltr'><strong>tua.</strong></span> <span class='ocrx_word' id='word_1_536' title='bbox 372 4186 558 4241; x_wconf 92' lang='lat' dir='ltr'><strong>Dicis:</strong></span> <span class='ocrx_word' id='word_1_537' title='bbox 618 4189 845 4243; x_wconf 87' lang='lat' dir='ltr'><strong>Dimitte</strong></span> <span class='ocrx_word' id='word_1_538' title='bbox 883 4189 1036 4244; x_wconf 89' lang='lat' dir='ltr'><strong>nobis</strong></span> <span class='ocrx_word' id='word_1_539' title='bbox 1082 4190 1267 4255; x_wconf 86' lang='lat' dir='ltr'><strong>debita</strong></span> <span class='ocrx_word' id='word_1_540' title='bbox 1309 4196 1498 4246; x_wconf 86' lang='lat' dir='ltr'><strong>nostra</strong></span> <span class='ocrx_word' id='word_1_541' title='bbox 1553 4198 1603 4247; x_wconf 91' lang='lat' dir='ltr'><strong>et</strong></span> <span class='ocrx_word' id='word_1_542' title='bbox 1644 4198 1888 4262; x_wconf 85' lang='lat' dir='ltr'><strong>peccata.</strong></span> 
     </span>
    </p>
   </div>
   <div class='ocr_carea' id='block_1_65' title="bbox 201 4275 1897 4350">
    <p class='ocr_par' dir='ltr' id='par_1_65' title="bbox 201 4275 1897 4350">
     <span class='ocr_line' id='line_1_65' title="bbox 201 4275 1897 4350; baseline 0.002 -21"><span class='ocrx_word' id='word_1_543' title='bbox 201 4278 330 4340; x_wconf 87' lang='lat' dir='ltr'><strong>Quo</strong></span> <span class='ocrx_word' id='word_1_544' title='bbox 352 4275 529 4345; x_wconf 86' lang='lat' dir='ltr'><strong>jure?</strong></span> <span class='ocrx_word' id='word_1_545' title='bbox 583 4291 697 4345; x_wconf 91' lang='lat' dir='ltr'><strong>quo</strong></span> <span class='ocrx_word' id='word_1_546' title='bbox 746 4275 960 4345; x_wconf 81' lang='lat' dir='ltr'><strong>pacto?</strong></span> <span class='ocrx_word' id='word_1_547' title='bbox 1010 4293 1124 4347; x_wconf 92' lang='lat' dir='ltr'><strong>quo</strong></span> <span class='ocrx_word' id='word_1_548' title='bbox 1178 4278 1564 4350; x_wconf 89' lang='lat' dir='ltr'><strong>chirographo</strong></span> <span class='ocrx_word' id='word_1_549' title='bbox 1613 4282 1897 4335; x_wconf 85' lang='lat' dir='ltr'><strong>recitato?</strong></span> 
     </span>
    </p>
   </div>
   <div class='ocr_carea' id='block_1_66' title="bbox 200 4363 1896 4425">
    <p class='ocr_par' dir='ltr' id='par_1_66' title="bbox 200 4363 1896 4425">
     <span class='ocr_line' id='line_1_66' title="bbox 200 4363 1896 4425; baseline 0.002 -5"><span class='ocrx_word' id='word_1_550' title='bbox 200 4365 359 4420; x_wconf 86' lang='lat' dir='ltr'><strong>Sicut</strong></span> <span class='ocrx_word' id='word_1_551' title='bbox 383 4367 432 4416; x_wconf 92' lang='lat' dir='ltr'><strong>et</strong></span> <span class='ocrx_word' id='word_1_552' title='bbox 460 4378 554 4417; x_wconf 88' lang='lat' dir='ltr'><strong>nos</strong></span> <span class='ocrx_word' id='word_1_553' title='bbox 605 4363 930 4418; x_wconf 88' lang='lat' dir='ltr'><strong>dimittimus</strong></span> <span class='ocrx_word' id='word_1_554' title='bbox 987 4365 1317 4421; x_wconf 80' lang='lat' dir='ltr'><strong>debitoribus</strong></span> <span class='ocrx_word' id='word_1_555' title='bbox 1369 4370 1589 4423; x_wconf 86' lang='lat' dir='ltr'><strong>nostris.</strong></span> <span class='ocrx_word' id='word_1_556' title='bbox 1636 4370 1896 4425; x_wconf 88' lang='lat' dir='ltr'><strong>Conditio</strong></span> 
     </span>
    </p>
   </div>
   <div class='ocr_carea' id='block_1_67' title="bbox 201 4452 1894 4523">
    <p class='ocr_par' dir='ltr' id='par_1_67' title="bbox 201 4452 1894 4523">
     <span class='ocr_line' id='line_1_67' title="bbox 201 4452 1894 4523; baseline 0.004 -19"><span class='ocrx_word' id='word_1_557' title='bbox 201 4452 390 4523; x_wconf 86' lang='lat' dir='ltr'><strong>posita</strong></span> <span class='ocrx_word' id='word_1_558' title='bbox 417 4456 502 4505; x_wconf 90' lang='lat' dir='ltr'><strong>est</strong></span> <span class='ocrx_word' id='word_1_559' title='bbox 528 4468 545 4517; x_wconf 85' lang='lat'><strong>;</strong></span> <span class='ocrx_word' id='word_1_560' title='bbox 569 4452 654 4505; x_wconf 83' lang='lat' dir='ltr'><strong>lex</strong></span> <span class='ocrx_word' id='word_1_561' title='bbox 686 4452 795 4506; x_wconf 85' lang='lat' dir='ltr'><strong>fixa</strong></span> <span class='ocrx_word' id='word_1_562' title='bbox 823 4452 1163 4507; x_wconf 88' lang='lat' dir='ltr'><strong>est.Dimitte</strong></span> <span class='ocrx_word' id='word_1_563' title='bbox 1205 4454 1388 4521; x_wconf 91' lang='lat' dir='ltr'><strong>nobis,</strong></span> <span class='ocrx_word' id='word_1_564' title='bbox 1439 4455 1577 4510; x_wconf 91' lang='lat' dir='ltr'><strong>dicis</strong></span> <span class='ocrx_word' id='word_1_565' title='bbox 1629 4457 1894 4522; x_wconf 89' lang='lat' dir='ltr'><strong>Domino,</strong></span> 
     </span>
    </p>
   </div>
   <div class='ocr_carea' id='block_1_68' title="bbox 203 4539 1893 4610">
    <p class='ocr_par' dir='ltr' id='par_1_68' title="bbox 203 4539 1893 4610">
     <span class='ocr_line' id='line_1_68' title="bbox 203 4539 1893 4610; baseline 0.004 -16"><span class='ocrx_word' id='word_1_566' title='bbox 203 4540 355 4594; x_wconf 90' lang='lat' dir='ltr'><strong>sicut</strong></span> <span class='ocrx_word' id='word_1_567' title='bbox 381 4539 623 4595; x_wconf 90' lang='lat' dir='ltr'><strong>dimitto.</strong></span> <span class='ocrx_word' id='word_1_568' title='bbox 660 4541 805 4610; x_wconf 88' lang='lat' dir='ltr'><strong>Ergo</strong></span> <span class='ocrx_word' id='word_1_569' title='bbox 849 4556 965 4594; x_wconf 91' lang='lat' dir='ltr'><strong>non</strong></span> <span class='ocrx_word' id='word_1_570' title='bbox 1008 4540 1258 4595; x_wconf 87' lang='lat' dir='ltr'><strong>dimittet</strong></span> <span class='ocrx_word' id='word_1_571' title='bbox 1288 4540 1348 4604; x_wconf 83' lang='grc'><strong>⁴¹,</strong></span> <span class='ocrx_word' id='word_1_572' title='bbox 1409 4541 1457 4595; x_wconf 87' lang='lat' dir='ltr'><strong>si</strong></span> <span class='ocrx_word' id='word_1_573' title='bbox 1490 4559 1607 4597; x_wconf 92' lang='lat' dir='ltr'><strong>non</strong></span> <span class='ocrx_word' id='word_1_574' title='bbox 1634 4544 1893 4600; x_wconf 90' lang='lat' dir='ltr'><strong>dimittis.</strong></span> 
     </span>
    </p>
   </div>
   <div class='ocr_carea' id='block_1_69' title="bbox 284 4745 1287 4813">
    <p class='ocr_par' dir='ltr' id='par_1_69' title="bbox 284 4745 1287 4813">
     <span class='ocr_line' id='line_1_69' title="bbox 284 4745 1287 4813; baseline 0.001 -14"><span class='ocrx_word' id='word_1_575' title='bbox 284 4746 300 4782; x_wconf 77' lang='grc' dir='ltr'>ί</span> <span class='ocrx_word' id='word_1_576' title='bbox 331 4745 446 4799; x_wconf 91' lang='lat' dir='ltr'><strong>Cod</strong></span> <span class='ocrx_word' id='word_1_577' title='bbox 480 4762 670 4813; x_wconf 87' lang='grc' dir='ltr'>χχχιχ,</span> <span class='ocrx_word' id='word_1_578' title='bbox 706 4763 767 4799; x_wconf 86' lang='lat' dir='ltr'><strong>cv</strong></span> <span class='ocrx_word' id='word_1_579' title='bbox 799 4749 855 4799; x_wconf 91' lang='lat' dir='ltr'><strong>et</strong></span> <span class='ocrx_word' id='word_1_580' title='bbox 883 4762 967 4812; x_wconf 80' lang='lat' dir='ltr'><strong>cx,</strong></span> <span class='ocrx_word' id='word_1_581' title='bbox 1005 4748 1287 4801; x_wconf 86' lang='lat' dir='ltr'><strong>Donantes.</strong></span> 
     </span>
    </p>
   </div>
   <div class='ocr_carea' id='block_1_70' title="bbox 277 4832 1896 4906">
    <p class='ocr_par' dir='ltr' id='par_1_70' title="bbox 277 4832 1896 4906">
     <span class='ocr_line' id='line_1_70' title="bbox 277 4832 1896 4906; baseline 0.003 -19"><span class='ocrx_word' id='word_1_582' title='bbox 277 4832 410 4887; x_wconf 73' lang='lat' dir='ltr'><strong>’Sic</strong></span> <span class='ocrx_word' id='word_1_583' title='bbox 437 4833 593 4887; x_wconf 89' lang='lat' dir='ltr'><strong>codd.</strong></span> <span class='ocrx_word' id='word_1_584' title='bbox 655 4850 718 4887; x_wconf 89' lang='lat' dir='ltr'><strong>cv</strong></span> <span class='ocrx_word' id='word_1_585' title='bbox 780 4840 836 4888; x_wconf 90' lang='lat' dir='ltr'><strong>et</strong></span> <span class='ocrx_word' id='word_1_586' title='bbox 892 4850 955 4887; x_wconf 82' lang='lat' dir='ltr'><strong>cx</strong></span> <span class='ocrx_word' id='word_1_587' title='bbox 1008 4834 1131 4888; x_wconf 88' lang='lat' dir='ltr'><strong>cod.</strong></span> <span class='ocrx_word' id='word_1_588' title='bbox 1182 4851 1365 4901; x_wconf 84' lang='grc' dir='ltr'>χχχιχ,</span> <span class='ocrx_word' id='word_1_589' title='bbox 1400 4836 1567 4903; x_wconf 89' lang='lat' dir='ltr'><strong>male,</strong></span> <span class='ocrx_word' id='word_1_590' title='bbox 1599 4836 1770 4906; x_wconf 91' lang='lat' dir='ltr'><strong>nobis,</strong></span> <span class='ocrx_word' id='word_1_591' title='bbox 1805 4838 1896 4891; x_wconf 90' lang='lat' dir='ltr'><strong>hic</strong></span> 
     </span>
    </p>
   </div>
   <div class='ocr_carea' id='block_1_71' title="bbox 204 4924 479 4975">
    <p class='ocr_par' dir='ltr' id='par_1_71' title="bbox 204 4924 479 4975">
     <span class='ocr_line' id='line_1_71' title="bbox 204 4924 479 4975; baseline 0.007 -2"><span class='ocrx_word' id='word_1_592' title='bbox 204 4924 265 4973; x_wconf 87' lang='lat' dir='ltr'><strong>et</strong></span> <span class='ocrx_word' id='word_1_593' title='bbox 293 4926 479 4975; x_wconf 89' lang='lat' dir='ltr'><strong>antea.</strong></span> 
     </span>
    </p>
   </div>
   <div class='ocr_carea' id='block_1_72' title="bbox 273 5007 1895 5078">
    <p class='ocr_par' dir='ltr' id='par_1_72' title="bbox 273 5007 1895 5078">
     <span class='ocr_line' id='line_1_72' title="bbox 273 5007 1895 5078; baseline 0.004 -15"><span class='ocrx_word' id='word_1_594' title='bbox 273 5007 296 5043; x_wconf 80' lang='grc'>⁸</span> <span class='ocrx_word' id='word_1_595' title='bbox 328 5010 525 5078; x_wconf 91' lang='lat' dir='ltr'><strong>Codd.,</strong></span> <span class='ocrx_word' id='word_1_596' title='bbox 557 5010 727 5075; x_wconf 89' lang='lat' dir='ltr'><strong>male,</strong></span> <span class='ocrx_word' id='word_1_597' title='bbox 758 5011 809 5065; x_wconf 90' lang='lat' dir='ltr'><strong>si</strong></span> <span class='ocrx_word' id='word_1_598' title='bbox 838 5014 1015 5064; x_wconf 90' lang='lat' dir='ltr'><strong>tamen</strong></span> <span class='ocrx_word' id='word_1_599' title='bbox 1046 5012 1219 5073; x_wconf 83' lang='lat' dir='ltr'><strong>homo,</strong></span> <span class='ocrx_word' id='word_1_600' title='bbox 1244 5012 1592 5068; x_wconf 83' lang='lat' dir='ltr'><strong>correximus</strong></span> <span class='ocrx_word' id='word_1_601' title='bbox 1622 5029 1690 5069; x_wconf 87' lang='lat' dir='ltr'><strong>ex</strong></span> <span class='ocrx_word' id='word_1_602' title='bbox 1708 5013 1895 5069; x_wconf 88' lang='lat' dir='ltr'><strong>editis.</strong></span> 
     </span>
    </p>
   </div>
   <div class='ocr_carea' id='block_1_73' title="bbox 276 5096 1159 5170">
    <p class='ocr_par' dir='ltr' id='par_1_73' title="bbox 276 5096 1159 5170">
     <span class='ocr_line' id='line_1_73' title="bbox 276 5096 1159 5170; baseline 0.003 -19"><span class='ocrx_word' id='word_1_603' title='bbox 276 5096 298 5131; x_wconf 77' lang='grc'>⁸</span> <span class='ocrx_word' id='word_1_604' title='bbox 329 5098 529 5164; x_wconf 91' lang='lat' dir='ltr'><strong>Codd.,</strong></span> <span class='ocrx_word' id='word_1_605' title='bbox 561 5114 625 5151; x_wconf 87' lang='lat' dir='ltr'><strong>cv</strong></span> <span class='ocrx_word' id='word_1_606' title='bbox 657 5102 714 5152; x_wconf 87' lang='lat' dir='ltr'><strong>et</strong></span> <span class='ocrx_word' id='word_1_607' title='bbox 737 5114 800 5152; x_wconf 89' lang='lat' dir='ltr'><strong>cx</strong></span> <span class='ocrx_word' id='word_1_608' title='bbox 832 5098 1003 5165; x_wconf 91' lang='lat' dir='ltr'><strong>male,</strong></span> <span class='ocrx_word' id='word_1_609' title='bbox 1037 5113 1159 5170; x_wconf 73' lang='lat' dir='ltr'><strong>qua:</strong></span> 
     </span>
    </p>
   </div>
   <div class='ocr_carea' id='block_1_74' title="bbox 275 5184 1395 5257">
    <p class='ocr_par' dir='ltr' id='par_1_74' title="bbox 275 5184 1395 5257">
     <span class='ocr_line' id='line_1_74' title="bbox 275 5184 1395 5257; baseline 0.003 -17"><span class='ocrx_word' id='word_1_610' title='bbox 275 5184 298 5219; x_wconf 79' lang='grc'>⁵</span> <span class='ocrx_word' id='word_1_611' title='bbox 323 5186 525 5255; x_wconf 92' lang='lat' dir='ltr'><strong>Codd.,</strong></span> <span class='ocrx_word' id='word_1_612' title='bbox 556 5204 619 5241; x_wconf 89' lang='lat' dir='ltr'><strong>cv</strong></span> <span class='ocrx_word' id='word_1_613' title='bbox 651 5190 705 5241; x_wconf 91' lang='lat' dir='ltr'><strong>et</strong></span> <span class='ocrx_word' id='word_1_614' title='bbox 733 5203 795 5241; x_wconf 88' lang='lat' dir='ltr'><strong>cx</strong></span> <span class='ocrx_word' id='word_1_615' title='bbox 825 5186 982 5255; x_wconf 90' lang='lat' dir='ltr'><strong>mali,</strong></span> <span class='ocrx_word' id='word_1_616' title='bbox 1005 5188 1395 5257; x_wconf 87' lang='lat' dir='ltr'><strong>indulgeretur.</strong></span> 
     </span>
    </p>
   </div>
   <div class='ocr_carea' id='block_1_75' title="bbox 276 5275 720 5342">
    <p class='ocr_par' dir='ltr' id='par_1_75' title="bbox 276 5275 720 5342">
     <span class='ocr_line' id='line_1_75' title="bbox 276 5275 720 5342; baseline 0.005 -13"><span class='ocrx_word' id='word_1_617' title='bbox 276 5278 297 5310; x_wconf 79' lang='grc' dir='ltr'><strong><em>ο</em></strong></span> <span class='ocrx_word' id='word_1_618' title='bbox 333 5275 411 5329; x_wconf 95' lang='lat' dir='ltr'><strong>Id.</strong></span> <span class='ocrx_word' id='word_1_619' title='bbox 425 5316 438 5342; x_wconf 93' lang='lat'><strong>,</strong></span> <span class='ocrx_word' id='word_1_620' title='bbox 465 5276 720 5331; x_wconf 80' lang='lat' dir='ltr'><strong>sedimus.</strong></span> 
     </span>
    </p>
   </div>
   <div class='ocr_carea' id='block_1_76' title="bbox 274 5361 1783 5435">
    <p class='ocr_par' dir='ltr' id='par_1_76' title="bbox 274 5361 1783 5435">
     <span class='ocr_line' id='line_1_76' title="bbox 274 5361 1783 5435; baseline 0.003 -17"><span class='ocrx_word' id='word_1_621' title='bbox 274 5361 296 5397; x_wconf 84' lang='grc'>⁷</span> <span class='ocrx_word' id='word_1_622' title='bbox 331 5364 439 5418; x_wconf 90' lang='lat' dir='ltr'><strong>Sic.</strong></span> <span class='ocrx_word' id='word_1_623' title='bbox 462 5365 627 5421; x_wconf 93' lang='lat' dir='ltr'><strong>codd.</strong></span> <span class='ocrx_word' id='word_1_624' title='bbox 661 5382 723 5420; x_wconf 91' lang='lat' dir='ltr'><strong>cv</strong></span> <span class='ocrx_word' id='word_1_625' title='bbox 754 5372 811 5421; x_wconf 92' lang='lat' dir='ltr'><strong>et</strong></span> <span class='ocrx_word' id='word_1_626' title='bbox 837 5383 899 5420; x_wconf 87' lang='lat' dir='ltr'><strong>cx</strong></span> <span class='ocrx_word' id='word_1_627' title='bbox 928 5386 943 5434; x_wconf 92' lang='lat'><strong>;</strong></span> <span class='ocrx_word' id='word_1_628' title='bbox 973 5366 1096 5422; x_wconf 93' lang='lat' dir='ltr'><strong>cod.</strong></span> <span class='ocrx_word' id='word_1_629' title='bbox 1129 5383 1290 5422; x_wconf 83' lang='grc' dir='ltr'>χχχιχ</span> <span class='ocrx_word' id='word_1_630' title='bbox 1323 5367 1493 5435; x_wconf 89' lang='lat' dir='ltr'><strong>male,</strong></span> <span class='ocrx_word' id='word_1_631' title='bbox 1518 5367 1783 5423; x_wconf 84' lang='lat' dir='ltr'><strong>debemus.</strong></span> 
     </span>
    </p>
   </div>
   <div class='ocr_carea' id='block_1_77' title="bbox 277 5452 785 5518">
    <p class='ocr_par' dir='ltr' id='par_1_77' title="bbox 277 5452 785 5518">
     <span class='ocr_line' id='line_1_77' title="bbox 277 5452 785 5518; baseline 0.004 -11"><span class='ocrx_word' id='word_1_632' title='bbox 277 5452 299 5485; x_wconf 80' lang='grc'><strong><em>⁸</em></strong></span> <span class='ocrx_word' id='word_1_633' title='bbox 332 5453 528 5518; x_wconf 92' lang='lat' dir='ltr'><strong>Codd.,</strong></span> <span class='ocrx_word' id='word_1_634' title='bbox 560 5459 619 5507; x_wconf 88' lang='lat' dir='ltr'><strong>ut</strong></span> <span class='ocrx_word' id='word_1_635' title='bbox 651 5470 785 5509; x_wconf 89' lang='lat' dir='ltr'><strong>ores.</strong></span> 
     </span>
    </p>
   </div>
   <div class='ocr_carea' id='block_1_78' title="bbox 275 5542 1087 5610">
    <p class='ocr_par' dir='ltr' id='par_1_78' title="bbox 275 5542 1087 5610">
     <span class='ocr_line' id='line_1_78' title="bbox 275 5542 1087 5610; baseline 0.004 -16"><span class='ocrx_word' id='word_1_636' title='bbox 275 5542 297 5573; x_wconf 67' lang='grc' dir='ltr'><strong>ε’</strong></span> <span class='ocrx_word' id='word_1_637' title='bbox 320 5542 481 5610; x_wconf 85' lang='lat' dir='ltr'><strong>Cod.,</strong></span> <span class='ocrx_word' id='word_1_638' title='bbox 509 5559 673 5597; x_wconf 86' lang='grc' dir='ltr'>χχχιχ</span> <span class='ocrx_word' id='word_1_639' title='bbox 702 5544 869 5609; x_wconf 81' lang='lat' dir='ltr'><strong>male,</strong></span> <span class='ocrx_word' id='word_1_640' title='bbox 900 5560 1087 5598; x_wconf 82' lang='lat' dir='ltr'><strong>nonne.</strong></span> 
     </span>
    </p>
   </div>
   <div class='ocr_carea' id='block_1_79' title="bbox 1938 4319 2312 4375">
    <p class='ocr_par' dir='ltr' id='par_1_79' title="bbox 1938 4319 2312 4375">
     <span class='ocr_line' id='line_1_79' title="bbox 1938 4319 2312 4375; baseline 0.003 -2"><span class='ocrx_word' id='word_1_641' title='bbox 1938 4319 1980 4373; x_wconf 94' lang='lat' dir='ltr'><strong>D</strong></span> <span class='ocrx_word' id='word_1_642' title='bbox 2007 4338 2113 4375; x_wconf 90' lang='lat' dir='ltr'><strong>non</strong></span> <span class='ocrx_word' id='word_1_643' title='bbox 2142 4321 2312 4375; x_wconf 87' lang='lat' dir='ltr'><strong>vides.</strong></span> 
     </span>
    </p>
   </div>
   <div class='ocr_carea' id='block_1_80' title="bbox 2010 1826 3692 1899">
    <p class='ocr_par' dir='ltr' id='par_1_80' title="bbox 2010 1826 3692 1899">
     <span class='ocr_line' id='line_1_80' title="bbox 2010 1826 3692 1899; baseline -0.001 -18"><span class='ocrx_word' id='word_1_644' title='bbox 2010 1833 2073 1882; x_wconf 90' lang='lat' dir='ltr'><strong>nt</strong></span> <span class='ocrx_word' id='word_1_645' title='bbox 2105 1828 2259 1899; x_wconf 89' lang='lat' dir='ltr'><strong>quod</strong></span> <span class='ocrx_word' id='word_1_646' title='bbox 2295 1846 2410 1883; x_wconf 91' lang='lat' dir='ltr'><strong>non</strong></span> <span class='ocrx_word' id='word_1_647' title='bbox 2440 1829 2613 1883; x_wconf 89' lang='lat' dir='ltr'><strong>habes</strong></span> <span class='ocrx_word' id='word_1_648' title='bbox 2632 1828 2894 1898; x_wconf 89' lang='lat' dir='ltr'><strong>accipias,</strong></span> <span class='ocrx_word' id='word_1_649' title='bbox 2922 1827 2969 1880; x_wconf 91' lang='lat' dir='ltr'><strong>si</strong></span> <span class='ocrx_word' id='word_1_650' title='bbox 3006 1832 3203 1881; x_wconf 89' lang='lat' dir='ltr'><strong>tamen</strong></span> <span class='ocrx_word' id='word_1_651' title='bbox 3232 1826 3395 1880; x_wconf 86' lang='lat' dir='ltr'><strong>fratri</strong></span> <span class='ocrx_word' id='word_1_652' title='bbox 3410 1827 3692 1897; x_wconf 84' lang='lat' dir='ltr'><strong>ignoscas.</strong></span> 
     </span>
    </p>
   </div>
   <div class='ocr_carea' id='block_1_81' title="bbox 2009 1905 3698 1977">
    <p class='ocr_par' dir='ltr' id='par_1_81' title="bbox 2009 1905 3698 1977">
     <span class='ocr_line' id='line_1_81' title="bbox 2009 1905 3698 1977; baseline -0.001 -17"><span class='ocrx_word' id='word_1_653' title='bbox 2009 1908 2202 1977; x_wconf 89' lang='lat' dir='ltr'><strong>Ipsum</strong></span> <span class='ocrx_word' id='word_1_654' title='bbox 2234 1908 2580 1963; x_wconf 89' lang='lat' dir='ltr'><strong>Salvatorem</strong></span> <span class='ocrx_word' id='word_1_655' title='bbox 2612 1907 2742 1961; x_wconf 89' lang='lat' dir='ltr'><strong>audi</strong></span> <span class='ocrx_word' id='word_1_656' title='bbox 2776 1907 2885 1960; x_wconf 91' lang='lat' dir='ltr'><strong>alio</strong></span> <span class='ocrx_word' id='word_1_657' title='bbox 2918 1906 3041 1958; x_wconf 92' lang='lat' dir='ltr'><strong>loco</strong></span> <span class='ocrx_word' id='word_1_658' title='bbox 3092 1905 3410 1959; x_wconf 89' lang='lat' dir='ltr'><strong>dicentem:</strong></span> <span class='ocrx_word' id='word_1_659' title='bbox 3464 1908 3613 1973; x_wconf 88' lang='lat' dir='ltr'><strong>Date,</strong></span> <span class='ocrx_word' id='word_1_660' title='bbox 3648 1909 3698 1957; x_wconf 85' lang='lat' dir='ltr'><strong>et</strong></span> 
     </span>
    </p>
   </div>
   <div class='ocr_carea' id='block_1_82' title="bbox 2009 1985 3695 2054">
    <p class='ocr_par' dir='ltr' id='par_1_82' title="bbox 2009 1985 3695 2054">
     <span class='ocr_line' id='line_1_82' title="bbox 2009 1985 3695 2054; baseline -0.002 -13"><span class='ocrx_word' id='word_1_661' title='bbox 2009 1988 2234 2041; x_wconf 89' lang='lat' dir='ltr'><strong>dabitur</strong></span> <span class='ocrx_word' id='word_1_662' title='bbox 2258 1988 2437 2053; x_wconf 87' lang='lat' dir='ltr'><strong>vobis;</strong></span> <span class='ocrx_word' id='word_1_663' title='bbox 2471 1986 2747 2049; x_wconf 87' lang='lat' dir='ltr'><strong>dimittite,</strong></span> <span class='ocrx_word' id='word_1_664' title='bbox 2781 1991 2830 2039; x_wconf 93' lang='lat' dir='ltr'><strong>et</strong></span> <span class='ocrx_word' id='word_1_665' title='bbox 2859 1985 3166 2039; x_wconf 86' lang='lat' dir='ltr'><strong>dimittetur</strong></span> <span class='ocrx_word' id='word_1_666' title='bbox 3219 1985 3368 2039; x_wconf 84' lang='lat' dir='ltr'><strong>vobis</strong></span> <span class='ocrx_word' id='word_1_667' title='bbox 3419 1987 3563 2054; x_wconf 91' lang='lat' dir='ltr'><strong>(Luc.</strong></span> <span class='ocrx_word' id='word_1_668' title='bbox 3622 2000 3695 2051; x_wconf 82' lang='lat' dir='ltr'><strong>v1,</strong></span> 
     </span>
    </p>
   </div>
   <div class='ocr_carea' id='block_1_83' title="bbox 2010 2064 3697 2135">
    <p class='ocr_par' dir='ltr' id='par_1_83' title="bbox 2010 2064 3697 2135">
     <span class='ocr_line' id='line_1_83' title="bbox 2010 2064 3697 2135; baseline -0.003 -13"><span class='ocrx_word' id='word_1_669' title='bbox 2010 2070 2096 2135; x_wconf 88' lang='lat'><strong>37,</strong></span> <span class='ocrx_word' id='word_1_670' title='bbox 2141 2068 2253 2135; x_wconf 90' lang='lat'><strong>38).</strong></span> <span class='ocrx_word' id='word_1_671' title='bbox 2292 2068 2356 2120; x_wconf 84' lang='lat' dir='ltr'><strong>Et</strong></span> <span class='ocrx_word' id='word_1_672' title='bbox 2385 2082 2455 2119; x_wconf 90' lang='lat' dir='ltr'><strong>ne</strong></span> <span class='ocrx_word' id='word_1_673' title='bbox 2487 2082 2581 2119; x_wconf 94' lang='lat' dir='ltr'><strong>vos</strong></span> <span class='ocrx_word' id='word_1_674' title='bbox 2607 2066 2821 2119; x_wconf 89' lang='lat' dir='ltr'><strong>diutius</strong></span> <span class='ocrx_word' id='word_1_675' title='bbox 2851 2069 3169 2132; x_wconf 90' lang='lat' dir='ltr'><strong>teneamus,</strong></span> <span class='ocrx_word' id='word_1_676' title='bbox 3207 2064 3255 2117; x_wconf 91' lang='lat' dir='ltr'><strong>si</strong></span> <span class='ocrx_word' id='word_1_677' title='bbox 3296 2066 3557 2117; x_wconf 90' lang='lat' dir='ltr'><strong>volumus</strong></span> <span class='ocrx_word' id='word_1_678' title='bbox 3592 2080 3697 2117; x_wconf 91' lang='lat' dir='ltr'><strong>no-</strong></span> 
     </span>
    </p>
   </div>
   <div class='ocr_carea' id='block_1_84' title="bbox 2010 2143 3695 2215">
    <p class='ocr_par' dir='ltr' id='par_1_84' title="bbox 2010 2143 3695 2215">
     <span class='ocr_line' id='line_1_84' title="bbox 2010 2143 3695 2215; baseline -0.002 -15"><span class='ocrx_word' id='word_1_679' title='bbox 2010 2146 2097 2200; x_wconf 87' lang='lat' dir='ltr'><strong>bis</strong></span> <span class='ocrx_word' id='word_1_680' title='bbox 2130 2146 2437 2200; x_wconf 92' lang='lat' dir='ltr'><strong>Dominum</strong></span> <span class='ocrx_word' id='word_1_681' title='bbox 2461 2145 2739 2210; x_wconf 87' lang='lat' dir='ltr'><strong>misereri,</strong></span> <span class='ocrx_word' id='word_1_682' title='bbox 2774 2144 3147 2198; x_wconf 90' lang='lat' dir='ltr'><strong>misereamus</strong></span> <span class='ocrx_word' id='word_1_683' title='bbox 3188 2144 3501 2215; x_wconf 84' lang='lat' dir='ltr'><strong>indigenti;</strong></span> <span class='ocrx_word' id='word_1_684' title='bbox 3528 2143 3576 2197; x_wconf 90' lang='lat' dir='ltr'><strong>si</strong></span> <span class='ocrx_word' id='word_1_685' title='bbox 3600 2159 3695 2196; x_wconf 92' lang='lat' dir='ltr'><strong>vo-</strong></span> 
     </span>
    </p>
   </div>
   <div class='ocr_carea' id='block_1_85' title="bbox 2008 2223 3697 2296">
    <p class='ocr_par' dir='ltr' id='par_1_85' title="bbox 2008 2223 3697 2296">
     <span class='ocr_line' id='line_1_85' title="bbox 2008 2223 3697 2296; baseline -0.002 -16"><span class='ocrx_word' id='word_1_686' title='bbox 2008 2229 2197 2281; x_wconf 89' lang='lat' dir='ltr'><strong>lumus</strong></span> <span class='ocrx_word' id='word_1_687' title='bbox 2229 2226 2393 2279; x_wconf 90' lang='lat' dir='ltr'><strong>nobis</strong></span> <span class='ocrx_word' id='word_1_688' title='bbox 2423 2231 2657 2296; x_wconf 86' lang='lat' dir='ltr'><strong>peccata</strong></span> <span class='ocrx_word' id='word_1_689' title='bbox 2701 2224 2932 2290; x_wconf 91' lang='lat' dir='ltr'><strong>dimitti,</strong></span> <span class='ocrx_word' id='word_1_690' title='bbox 2979 2223 3333 2279; x_wconf 89' lang='lat' dir='ltr'><strong>dimittamus</strong></span> <span class='ocrx_word' id='word_1_691' title='bbox 3364 2230 3421 2279; x_wconf 87' lang='lat' dir='ltr'><strong>et</strong></span> <span class='ocrx_word' id='word_1_692' title='bbox 3448 2240 3553 2278; x_wconf 89' lang='lat' dir='ltr'><strong>nos</strong></span> <span class='ocrx_word' id='word_1_693' title='bbox 3578 2224 3697 2278; x_wconf 85' lang='lat' dir='ltr'><strong>fra-</strong></span> 
     </span>
    </p>
   </div>
   <div class='ocr_carea' id='block_1_86' title="bbox 2009 2304 2386 2377">
    <p class='ocr_par' dir='ltr' id='par_1_86' title="bbox 2009 2304 2386 2377">
     <span class='ocr_line' id='line_1_86' title="bbox 2009 2304 2386 2377; baseline -0.005 -16"><span class='ocrx_word' id='word_1_694' title='bbox 2009 2310 2081 2361; x_wconf 86' lang='lat' dir='ltr'><strong>tri</strong></span> <span class='ocrx_word' id='word_1_695' title='bbox 2112 2304 2386 2377; x_wconf 88' lang='lat' dir='ltr'><strong>peccanti.</strong></span> 
     </span>
    </p>
   </div>
   <div class='ocr_carea' id='block_1_87' title="bbox 2608 2416 3099 2472">
    <p class='ocr_par' dir='ltr' id='par_1_87' title="bbox 2608 2416 3099 2472">
     <span class='ocr_line' id='line_1_87' title="bbox 2608 2416 3099 2472; baseline -0.004 0"><span class='ocrx_word' id='word_1_696' title='bbox 2608 2417 2837 2472; x_wconf 81' lang='lat' dir='ltr'><strong>SERMO</strong></span> <span class='ocrx_word' id='word_1_697' title='bbox 2869 2416 3099 2471; x_wconf 76' lang='lat' dir='ltr'><strong>CXVIII.</strong></span> 
     </span>
    </p>
   </div>
   <div class='ocr_carea' id='block_1_88' title="bbox 2082 2513 3696 2587">
    <p class='ocr_par' dir='ltr' id='par_1_88' title="bbox 2082 2513 3696 2587">
     <span class='ocr_line' id='line_1_88' title="bbox 2082 2513 3696 2587; baseline -0.002 -15"><span class='ocrx_word' id='word_1_698' title='bbox 2082 2517 2315 2587; x_wconf 85' lang='lat' dir='ltr'><strong>Legitur</strong></span> <span class='ocrx_word' id='word_1_699' title='bbox 2346 2515 2406 2569; x_wconf 91' lang='lat' dir='ltr'><strong>in</strong></span> <span class='ocrx_word' id='word_1_700' title='bbox 2443 2515 2581 2569; x_wconf 88' lang='lat' dir='ltr'><strong>Bibl.</strong></span> <span class='ocrx_word' id='word_1_701' title='bbox 2618 2515 2907 2577; x_wconf 87' lang='lat' dir='ltr'><strong>Laurent.,</strong></span> <span class='ocrx_word' id='word_1_702' title='bbox 2940 2514 3083 2583; x_wconf 90' lang='lat' dir='ltr'><strong>plut.</strong></span> <span class='ocrx_word' id='word_1_703' title='bbox 3116 2529 3213 2577; x_wconf 86' lang='lat' dir='ltr'><strong>xu,</strong></span> <span class='ocrx_word' id='word_1_704' title='bbox 3243 2513 3366 2567; x_wconf 91' lang='lat' dir='ltr'><strong>cod.</strong></span> <span class='ocrx_word' id='word_1_705' title='bbox 3425 2531 3533 2576; x_wconf 85' lang='lat' dir='ltr'><strong>x1v,</strong></span> <span class='ocrx_word' id='word_1_706' title='bbox 3587 2514 3696 2568; x_wconf 84' lang='lat' dir='ltr'><strong>fol-</strong></span> 
     </span>
    </p>
   </div>
   <div class='ocr_carea' id='block_1_89' title="bbox 2008 2592 3693 2664">
    <p class='ocr_par' dir='ltr' id='par_1_89' title="bbox 2008 2592 3693 2664">
     <span class='ocr_line' id='line_1_89' title="bbox 2008 2592 3693 2664; baseline -0.003 -13"><span class='ocrx_word' id='word_1_707' title='bbox 2008 2600 2112 2651; x_wconf 82' lang='lat'><strong>272</strong></span> <span class='ocrx_word' id='word_1_708' title='bbox 2135 2598 2188 2664; x_wconf 90' lang='lat' dir='ltr'><strong>b,</strong></span> <span class='ocrx_word' id='word_1_709' title='bbox 2219 2602 2277 2650; x_wconf 93' lang='lat' dir='ltr'><strong>et</strong></span> <span class='ocrx_word' id='word_1_710' title='bbox 2306 2595 2364 2648; x_wconf 91' lang='lat' dir='ltr'><strong>in</strong></span> <span class='ocrx_word' id='word_1_711' title='bbox 2399 2594 2544 2648; x_wconf 87' lang='lat' dir='ltr'><strong>Bibl.</strong></span> <span class='ocrx_word' id='word_1_712' title='bbox 2602 2595 2824 2659; x_wconf 91' lang='lat' dir='ltr'><strong>Venet.,</strong></span> <span class='ocrx_word' id='word_1_713' title='bbox 2868 2592 2990 2646; x_wconf 92' lang='lat' dir='ltr'><strong>cod.</strong></span> <span class='ocrx_word' id='word_1_714' title='bbox 3047 2608 3191 2654; x_wconf 79' lang='lat' dir='ltr'><strong>inx,</strong></span> <span class='ocrx_word' id='word_1_715' title='bbox 3242 2593 3339 2646; x_wconf 87' lang='lat' dir='ltr'><strong>fol.</strong></span> <span class='ocrx_word' id='word_1_716' title='bbox 3389 2594 3476 2647; x_wconf 77' lang='grc'><strong>47.</strong></span> <span class='ocrx_word' id='word_1_717' title='bbox 3511 2592 3601 2647; x_wconf 91' lang='lat' dir='ltr'><strong>Sic</strong></span> <span class='ocrx_word' id='word_1_718' title='bbox 3633 2592 3693 2646; x_wconf 91' lang='lat' dir='ltr'><strong>in</strong></span> 
     </span>
    </p>
   </div>
   <div class='ocr_carea' id='block_1_90' title="bbox 2013 2670 3701 2740">
    <p class='ocr_par' dir='ltr' id='par_1_90' title="bbox 2013 2670 3701 2740">
     <span class='ocr_line' id='line_1_90' title="bbox 2013 2670 3701 2740; baseline -0.001 -13"><span class='ocrx_word' id='word_1_719' title='bbox 2013 2674 2302 2729; x_wconf 87' lang='lat' dir='ltr'><strong>codicibus</strong></span> <span class='ocrx_word' id='word_1_720' title='bbox 2333 2689 2391 2725; x_wconf 90' lang='lat' dir='ltr'><strong>se</strong></span> <span class='ocrx_word' id='word_1_721' title='bbox 2422 2672 2594 2725; x_wconf 89' lang='lat' dir='ltr'><strong>habet</strong></span> <span class='ocrx_word' id='word_1_722' title='bbox 2621 2670 2681 2723; x_wconf 92' lang='lat' dir='ltr'><strong>in</strong></span> <span class='ocrx_word' id='word_1_723' title='bbox 2737 2670 2933 2724; x_wconf 90' lang='lat' dir='ltr'><strong>titulo:</strong></span> <span class='ocrx_word' id='word_1_724' title='bbox 2983 2672 3182 2739; x_wconf 84' lang='lat' dir='ltr'><strong>Incipit</strong></span> <span class='ocrx_word' id='word_1_725' title='bbox 3236 2685 3407 2725; x_wconf 87' lang='lat' dir='ltr'><strong>sermo</strong></span> <span class='ocrx_word' id='word_1_726' title='bbox 3465 2672 3701 2740; x_wconf 79' lang='lat' dir='ltr'><strong>ejusdem</strong></span> 
     </span>
    </p>
   </div>
   <div class='ocr_carea' id='block_1_91' title="bbox 2011 2758 3703 2829">
    <p class='ocr_par' dir='ltr' id='par_1_91' title="bbox 2011 2758 3703 2829">
     <span class='ocr_line' id='line_1_91' title="bbox 2011 2758 3703 2829; baseline -0.003 -13"><span class='ocrx_word' id='word_1_727' title='bbox 2011 2760 2354 2829; x_wconf 82' lang='lat' dir='ltr'><strong>(Augustini)</strong></span> <span class='ocrx_word' id='word_1_728' title='bbox 2384 2760 2448 2813; x_wconf 90' lang='lat' dir='ltr'><strong>de</strong></span> <span class='ocrx_word' id='word_1_729' title='bbox 2471 2760 2767 2814; x_wconf 85' lang='lat' dir='ltr'><strong>Nativitate</strong></span> <span class='ocrx_word' id='word_1_730' title='bbox 2796 2759 3029 2811; x_wconf 90' lang='lat' dir='ltr'><strong>Domini.</strong></span> <span class='ocrx_word' id='word_1_731' title='bbox 3066 2786 3134 2796; x_wconf 99' lang='lat'>—</span> <span class='ocrx_word' id='word_1_732' title='bbox 3162 2758 3238 2810; x_wconf 89' lang='lat' dir='ltr'><strong>De</strong></span> <span class='ocrx_word' id='word_1_733' title='bbox 3268 2773 3324 2811; x_wconf 88' lang='lat' dir='ltr'><strong>eo</strong></span> <span class='ocrx_word' id='word_1_734' title='bbox 3346 2759 3488 2826; x_wconf 86' lang='lat' dir='ltr'><strong>quod</strong></span> <span class='ocrx_word' id='word_1_735' title='bbox 3511 2762 3703 2813; x_wconf 84' lang='lat' dir='ltr'><strong>Evan-</strong></span> 
     </span>
    </p>
   </div>
   <div class='ocr_carea' id='block_1_92' title="bbox 2010 2836 3703 2907">
    <p class='ocr_par' dir='ltr' id='par_1_92' title="bbox 2010 2836 3703 2907">
     <span class='ocr_line' id='line_1_92' title="bbox 2010 2836 3703 2907; baseline -0.003 -11"><span class='ocrx_word' id='word_1_736' title='bbox 2010 2844 2204 2907; x_wconf 85' lang='lat' dir='ltr'><strong>gelista</strong></span> <span class='ocrx_word' id='word_1_737' title='bbox 2233 2842 2401 2895; x_wconf 87' lang='lat' dir='ltr'><strong>dicit:</strong></span> <span class='ocrx_word' id='word_1_738' title='bbox 2440 2858 2466 2889; x_wconf 77' lang='grc' dir='ltr'>α</span> <span class='ocrx_word' id='word_1_739' title='bbox 2496 2841 2560 2893; x_wconf 91' lang='lat' dir='ltr'><strong>In</strong></span> <span class='ocrx_word' id='word_1_740' title='bbox 2588 2838 2859 2907; x_wconf 84' lang='lat' dir='ltr'><strong>principio</strong></span> <span class='ocrx_word' id='word_1_741' title='bbox 2898 2841 3015 2890; x_wconf 88' lang='lat' dir='ltr'><strong>erat</strong></span> <span class='ocrx_word' id='word_1_742' title='bbox 3067 2836 3335 2905; x_wconf 86' lang='lat' dir='ltr'><strong>Verbum;</strong></span> <span class='ocrx_word' id='word_1_743' title='bbox 3388 2856 3415 2887; x_wconf 79' lang='lat'><strong>»</strong></span> <span class='ocrx_word' id='word_1_744' title='bbox 3466 2842 3515 2890; x_wconf 89' lang='lat' dir='ltr'><strong>et</strong></span> <span class='ocrx_word' id='word_1_745' title='bbox 3558 2839 3703 2906; x_wconf 80' lang='lat' dir='ltr'><strong>quod</strong></span> 
     </span>
    </p>
   </div>
   <div class='ocr_carea' id='block_1_93' title="bbox 2010 2918 3691 2989">
    <p class='ocr_par' dir='ltr' id='par_1_93' title="bbox 2010 2918 3691 2989">
     <span class='ocr_line' id='line_1_93' title="bbox 2010 2918 3691 2989; baseline -0.002 -14"><span class='ocrx_word' id='word_1_746' title='bbox 2010 2926 2067 2975; x_wconf 89' lang='lat' dir='ltr'><strong>in</strong></span> <span class='ocrx_word' id='word_1_747' title='bbox 2126 2924 2315 2977; x_wconf 88' lang='lat' dir='ltr'><strong>Genesi</strong></span> <span class='ocrx_word' id='word_1_748' title='bbox 2343 2923 2605 2989; x_wconf 88' lang='lat' dir='ltr'><strong>scriptum</strong></span> <span class='ocrx_word' id='word_1_749' title='bbox 2637 2923 2715 2972; x_wconf 91' lang='lat' dir='ltr'><strong>est</strong></span> <span class='ocrx_word' id='word_1_750' title='bbox 2738 2934 2787 2971; x_wconf 74' lang='grc' dir='ltr'><strong>τι(</strong></span> <span class='ocrx_word' id='word_1_751' title='bbox 2844 2919 2907 2971; x_wconf 85' lang='grc' dir='ltr'><strong>1η</strong></span> <span class='ocrx_word' id='word_1_752' title='bbox 2934 2919 3205 2986; x_wconf 85' lang='lat' dir='ltr'><strong>principio</strong></span> <span class='ocrx_word' id='word_1_753' title='bbox 3233 2918 3364 2983; x_wconf 79' lang='lat' dir='ltr'><strong>fecit</strong></span> <span class='ocrx_word' id='word_1_754' title='bbox 3403 2922 3541 2972; x_wconf 88' lang='lat' dir='ltr'><strong>Deus</strong></span> <span class='ocrx_word' id='word_1_755' title='bbox 3583 2934 3691 2972; x_wconf 73' lang='lat' dir='ltr'><strong>ca:-</strong></span> 
     </span>
    </p>
   </div>
   <div class='ocr_carea' id='block_1_94' title="bbox 2013 2996 3701 3069">
    <p class='ocr_par' dir='ltr' id='par_1_94' title="bbox 2013 2996 3701 3069">
     <span class='ocr_line' id='line_1_94' title="bbox 2013 2996 3701 3069; baseline -0.004 -13"><span class='ocrx_word' id='word_1_756' title='bbox 2013 3004 2121 3056; x_wconf 87' lang='lat' dir='ltr'><strong>lum</strong></span> <span class='ocrx_word' id='word_1_757' title='bbox 2152 3008 2200 3056; x_wconf 93' lang='lat' dir='ltr'><strong>et</strong></span> <span class='ocrx_word' id='word_1_758' title='bbox 2239 3007 2460 3069; x_wconf 86' lang='lat' dir='ltr'><strong>terram,</strong></span> <span class='ocrx_word' id='word_1_759' title='bbox 2510 3020 2536 3050; x_wconf 86' lang='lat'>»</span> <span class='ocrx_word' id='word_1_760' title='bbox 2578 2998 2719 3052; x_wconf 88' lang='lat' dir='ltr'><strong>unde</strong></span> <span class='ocrx_word' id='word_1_761' title='bbox 2743 2997 3045 3051; x_wconf 86' lang='lat' dir='ltr'><strong>ostenditur</strong></span> <span class='ocrx_word' id='word_1_762' title='bbox 3086 2999 3183 3065; x_wconf 87' lang='lat' dir='ltr'><strong>qui</strong></span> <span class='ocrx_word' id='word_1_763' title='bbox 3222 2996 3367 3067; x_wconf 92' lang='lat' dir='ltr'><strong>[cod.</strong></span> <span class='ocrx_word' id='word_1_764' title='bbox 3430 2997 3583 3069; x_wconf 80' lang='lat' dir='ltr'><strong>quia]</strong></span> <span class='ocrx_word' id='word_1_765' title='bbox 3643 3000 3701 3050; x_wconf 87' lang='lat' dir='ltr'><strong>in</strong></span> 
     </span>
    </p>
   </div>
   <div class='ocr_carea' id='block_1_95' title="bbox 2008 3073 3699 3151">
    <p class='ocr_par' dir='ltr' id='par_1_95' title="bbox 2008 3073 3699 3151">
     <span class='ocr_line' id='line_1_95' title="bbox 2008 3073 3699 3151; baseline -0.003 -17"><span class='ocrx_word' id='word_1_766' title='bbox 2008 3083 2283 3151; x_wconf 79' lang='lat' dir='ltr'><strong>principio</strong></span> <span class='ocrx_word' id='word_1_767' title='bbox 2313 3084 2447 3142; x_wconf 85' lang='lat' dir='ltr'><strong>erat,</strong></span> <span class='ocrx_word' id='word_1_768' title='bbox 2483 3081 2598 3133; x_wconf 86' lang='lat' dir='ltr'><strong>sine</strong></span> <span class='ocrx_word' id='word_1_769' title='bbox 2626 3078 2784 3130; x_wconf 87' lang='lat' dir='ltr'><strong>initio</strong></span> <span class='ocrx_word' id='word_1_770' title='bbox 2813 3091 2922 3129; x_wconf 88' lang='lat' dir='ltr'><strong>esse</strong></span> <span class='ocrx_word' id='word_1_771' title='bbox 2954 3074 3062 3147; x_wconf 92' lang='lat' dir='ltr'><strong>[ld.</strong></span> <span class='ocrx_word' id='word_1_772' title='bbox 3092 3073 3191 3147; x_wconf 87' lang='lat' dir='ltr'><strong>est]</strong></span> <span class='ocrx_word' id='word_1_773' title='bbox 3220 3094 3233 3143; x_wconf 89' lang='lat'><strong>;</strong></span> <span class='ocrx_word' id='word_1_774' title='bbox 3267 3076 3410 3144; x_wconf 87' lang='lat' dir='ltr'><strong>quod</strong></span> <span class='ocrx_word' id='word_1_775' title='bbox 3441 3081 3621 3130; x_wconf 88' lang='lat' dir='ltr'><strong>autem</strong></span> <span class='ocrx_word' id='word_1_776' title='bbox 3642 3079 3699 3129; x_wconf 88' lang='lat' dir='ltr'><strong>in</strong></span> 
     </span>
    </p>
   </div>
   <div class='ocr_carea' id='block_1_96' title="bbox 2004 3156 3701 3229">
    <p class='ocr_par' dir='ltr' id='par_1_96' title="bbox 2004 3156 3701 3229">
     <span class='ocr_line' id='line_1_96' title="bbox 2004 3156 3701 3229; baseline -0.003 -15"><span class='ocrx_word' id='word_1_777' title='bbox 2004 3163 2278 3229; x_wconf 83' lang='lat' dir='ltr'><strong>principio</strong></span> <span class='ocrx_word' id='word_1_778' title='bbox 2324 3162 2533 3226; x_wconf 86' lang='lat' dir='ltr'><strong>factum</strong></span> <span class='ocrx_word' id='word_1_779' title='bbox 2579 3160 2674 3221; x_wconf 89' lang='lat' dir='ltr'><strong>est,</strong></span> <span class='ocrx_word' id='word_1_780' title='bbox 2715 3159 3003 3224; x_wconf 84' lang='lat' dir='ltr'><strong>propterea</strong></span> <span class='ocrx_word' id='word_1_781' title='bbox 3047 3156 3267 3209; x_wconf 88' lang='lat' dir='ltr'><strong>initium</strong></span> <span class='ocrx_word' id='word_1_782' title='bbox 3310 3156 3527 3223; x_wconf 86' lang='lat' dir='ltr'><strong>habere,</strong></span> <span class='ocrx_word' id='word_1_783' title='bbox 3568 3158 3701 3225; x_wconf 87' lang='lat' dir='ltr'><strong>quia</strong></span> 
     </span>
    </p>
   </div>
   <div class='ocr_carea' id='block_1_97' title="bbox 2009 3239 2709 3305">
    <p class='ocr_par' dir='ltr' id='par_1_97' title="bbox 2009 3239 2709 3305">
     <span class='ocr_line' id='line_1_97' title="bbox 2009 3239 2709 3305; baseline -0.009 -12"><span class='ocrx_word' id='word_1_784' title='bbox 2009 3256 2113 3293; x_wconf 87' lang='lat' dir='ltr'><strong>non</strong></span> <span class='ocrx_word' id='word_1_785' title='bbox 2139 3244 2274 3305; x_wconf 84' lang='lat' dir='ltr'><strong>erat,</strong></span> <span class='ocrx_word' id='word_1_786' title='bbox 2303 3242 2352 3292; x_wconf 88' lang='lat' dir='ltr'><strong>et</strong></span> <span class='ocrx_word' id='word_1_787' title='bbox 2374 3239 2582 3304; x_wconf 85' lang='lat' dir='ltr'><strong>factum</strong></span> <span class='ocrx_word' id='word_1_788' title='bbox 2612 3240 2709 3288; x_wconf 90' lang='lat' dir='ltr'><strong>est.</strong></span> 
     </span>
    </p>
   </div>
   <div class='ocr_carea' id='block_1_98' title="bbox 2618 3355 3097 3413">
    <p class='ocr_par' dir='ltr' id='par_1_98' title="bbox 2618 3355 3097 3413">
     <span class='ocr_line' id='line_1_98' title="bbox 2618 3355 3097 3413; baseline -0.004 -1"><span class='ocrx_word' id='word_1_789' title='bbox 2618 3355 2846 3413; x_wconf 82' lang='lat' dir='ltr'><strong>SERMO</strong></span> <span class='ocrx_word' id='word_1_790' title='bbox 2879 3355 3097 3411; x_wconf 79' lang='lat' dir='ltr'><strong>CXXVI.</strong></span> 
     </span>
    </p>
   </div>
   <div class='ocr_carea' id='block_1_99' title="bbox 2084 3453 3698 3529">
    <p class='ocr_par' dir='ltr' id='par_1_99' title="bbox 2084 3453 3698 3529">
     <span class='ocr_line' id='line_1_99' title="bbox 2084 3453 3698 3529; baseline -0.004 -15"><span class='ocrx_word' id='word_1_791' title='bbox 2084 3461 2373 3529; x_wconf 84' lang='lat' dir='ltr'><strong>Leguntur</strong></span> <span class='ocrx_word' id='word_1_792' title='bbox 2402 3456 2573 3526; x_wconf 83' lang='lat' dir='ltr'><strong>hujus</strong></span> <span class='ocrx_word' id='word_1_793' title='bbox 2602 3453 2881 3508; x_wconf 90' lang='lat' dir='ltr'><strong>sermonis</strong></span> <span class='ocrx_word' id='word_1_794' title='bbox 2906 3454 3131 3508; x_wconf 81' lang='lat' dir='ltr'><strong>numeri</strong></span> <span class='ocrx_word' id='word_1_795' title='bbox 3160 3458 3212 3523; x_wconf 88' lang='lat'><strong>2,</strong></span> <span class='ocrx_word' id='word_1_796' title='bbox 3247 3458 3297 3518; x_wconf 90' lang='lat'><strong>3,</strong></span> <span class='ocrx_word' id='word_1_797' title='bbox 3332 3456 3388 3521; x_wconf 80' lang='grc'><strong>4,</strong></span> <span class='ocrx_word' id='word_1_798' title='bbox 3422 3458 3479 3510; x_wconf 89' lang='lat' dir='ltr'><strong>et</strong></span> <span class='ocrx_word' id='word_1_799' title='bbox 3520 3454 3698 3509; x_wconf 87' lang='lat' dir='ltr'><strong>dimi-</strong></span> 
     </span>
    </p>
   </div>
   <div class='ocr_carea' id='block_1_100' title="bbox 2011 3543 3705 3618">
    <p class='ocr_par' dir='ltr' id='par_1_100' title="bbox 2011 3543 3705 3618">
     <span class='ocr_line' id='line_1_100' title="bbox 2011 3543 3705 3618; baseline -0.004 -16"><span class='ocrx_word' id='word_1_800' title='bbox 2011 3548 2172 3602; x_wconf 92' lang='lat' dir='ltr'><strong>dium</strong></span> <span class='ocrx_word' id='word_1_801' title='bbox 2204 3546 2411 3618; x_wconf 91' lang='lat' dir='ltr'><strong>quinti,</strong></span> <span class='ocrx_word' id='word_1_802' title='bbox 2441 3545 2499 3599; x_wconf 91' lang='lat' dir='ltr'><strong>in</strong></span> <span class='ocrx_word' id='word_1_803' title='bbox 2532 3543 2671 3598; x_wconf 87' lang='lat' dir='ltr'><strong>Bibl.</strong></span> <span class='ocrx_word' id='word_1_804' title='bbox 2738 3544 3029 3611; x_wconf 87' lang='lat' dir='ltr'><strong>Laurent.,</strong></span> <span class='ocrx_word' id='word_1_805' title='bbox 3085 3544 3231 3613; x_wconf 85' lang='lat' dir='ltr'><strong>plut.</strong></span> <span class='ocrx_word' id='word_1_806' title='bbox 3270 3560 3385 3607; x_wconf 85' lang='lat' dir='ltr'><strong>xm,</strong></span> <span class='ocrx_word' id='word_1_807' title='bbox 3428 3543 3551 3597; x_wconf 93' lang='lat' dir='ltr'><strong>cod.</strong></span> <span class='ocrx_word' id='word_1_808' title='bbox 3586 3561 3705 3611; x_wconf 85' lang='lat' dir='ltr'><strong>vm,</strong></span> 
     </span>
    </p>
   </div>
   <div class='ocr_carea' id='block_1_101' title="bbox 2010 3630 3706 3704">
    <p class='ocr_par' dir='ltr' id='par_1_101' title="bbox 2010 3630 3706 3704">
     <span class='ocr_line' id='line_1_101' title="bbox 2010 3630 3706 3704; baseline -0.004 -14"><span class='ocrx_word' id='word_1_809' title='bbox 2010 3637 2101 3690; x_wconf 88' lang='lat' dir='ltr'><strong>fol.</strong></span> <span class='ocrx_word' id='word_1_810' title='bbox 2143 3640 2240 3690; x_wconf 75' lang='lat'><strong>187</strong></span> <span class='ocrx_word' id='word_1_811' title='bbox 2282 3635 2347 3700; x_wconf 89' lang='lat' dir='ltr'><strong>b;</strong></span> <span class='ocrx_word' id='word_1_812' title='bbox 2381 3649 2511 3704; x_wconf 62' lang='lat' dir='ltr'><strong>quae</strong></span> <span class='ocrx_word' id='word_1_813' title='bbox 2566 3630 2837 3685; x_wconf 89' lang='lat' dir='ltr'><strong>orationis</strong></span> <span class='ocrx_word' id='word_1_814' title='bbox 2883 3647 3016 3701; x_wconf 87' lang='lat' dir='ltr'><strong>pars</strong></span> <span class='ocrx_word' id='word_1_815' title='bbox 3068 3632 3395 3685; x_wconf 89' lang='lat' dir='ltr'><strong>annectitur</strong></span> <span class='ocrx_word' id='word_1_816' title='bbox 3452 3632 3706 3685; x_wconf 88' lang='lat' dir='ltr'><strong>sermoni</strong></span> 
     </span>
    </p>
   </div>
   <div class='ocr_carea' id='block_1_102' title="bbox 2012 3719 3703 3785">
    <p class='ocr_par' dir='ltr' id='par_1_102' title="bbox 2012 3719 3703 3785">
     <span class='ocr_line' id='line_1_102' title="bbox 2012 3719 3703 3785; baseline -0.004 -7"><span class='ocrx_word' id='word_1_817' title='bbox 2012 3723 2375 3778; x_wconf 88' lang='lat' dir='ltr'><strong>Benedictino</strong></span> <span class='ocrx_word' id='word_1_818' title='bbox 2402 3737 2653 3785; x_wconf 71' lang='lat' dir='ltr'><strong>cccnxxx,</strong></span> <span class='ocrx_word' id='word_1_819' title='bbox 2694 3719 2836 3772; x_wconf 90' lang='lat' dir='ltr'><strong>sicut</strong></span> <span class='ocrx_word' id='word_1_820' title='bbox 2864 3722 2919 3772; x_wconf 92' lang='lat' dir='ltr'><strong>et</strong></span> <span class='ocrx_word' id='word_1_821' title='bbox 2968 3719 3027 3772; x_wconf 95' lang='lat' dir='ltr'><strong>in</strong></span> <span class='ocrx_word' id='word_1_822' title='bbox 3085 3719 3211 3773; x_wconf 89' lang='lat' dir='ltr'><strong>aliis</strong></span> <span class='ocrx_word' id='word_1_823' title='bbox 3267 3719 3555 3773; x_wconf 90' lang='lat' dir='ltr'><strong>codicibus</strong></span> <span class='ocrx_word' id='word_1_824' title='bbox 3594 3736 3703 3772; x_wconf 88' lang='lat' dir='ltr'><strong>an-</strong></span> 
     </span>
    </p>
   </div>
   <div class='ocr_carea' id='block_1_103' title="bbox 2009 3806 3486 3882">
    <p class='ocr_par' dir='ltr' id='par_1_103' title="bbox 2009 3806 3486 3882">
     <span class='ocr_line' id='line_1_103' title="bbox 2009 3806 3486 3882; baseline -0.005 -16"><span class='ocrx_word' id='word_1_825' title='bbox 2009 3811 2206 3882; x_wconf 90' lang='lat' dir='ltr'><strong>tiquis.</strong></span> <span class='ocrx_word' id='word_1_826' title='bbox 2240 3810 2374 3864; x_wconf 92' lang='lat' dir='ltr'><strong>Vide</strong></span> <span class='ocrx_word' id='word_1_827' title='bbox 2404 3814 2567 3863; x_wconf 90' lang='lat' dir='ltr'><strong>notas</strong></span> <span class='ocrx_word' id='word_1_828' title='bbox 2600 3806 2837 3861; x_wconf 81' lang='lat' dir='ltr'><strong>Maurin.</strong></span> <span class='ocrx_word' id='word_1_829' title='bbox 2873 3807 2944 3861; x_wconf 89' lang='lat' dir='ltr'><strong>ad</strong></span> <span class='ocrx_word' id='word_1_830' title='bbox 2976 3808 3126 3860; x_wconf 92' lang='lat' dir='ltr'><strong>hunc</strong></span> <span class='ocrx_word' id='word_1_831' title='bbox 3148 3823 3486 3861; x_wconf 87' lang='lat' dir='ltr'><strong>sermonem.</strong></span> 
     </span>
    </p>
   </div>
   <div class='ocr_carea' id='block_1_104' title="bbox 2082 3896 3700 3961">
    <p class='ocr_par' dir='ltr' id='par_1_104' title="bbox 2082 3896 3700 3961">
     <span class='ocr_line' id='line_1_104' title="bbox 2082 3896 3700 3961; baseline -0.004 -9"><span class='ocrx_word' id='word_1_832' title='bbox 2082 3899 2225 3953; x_wconf 89' lang='lat' dir='ltr'><strong>Edit.</strong></span> <span class='ocrx_word' id='word_1_833' title='bbox 2291 3898 2357 3954; x_wconf 88' lang='lat' dir='ltr'><strong>N.</strong></span> <span class='ocrx_word' id='word_1_834' title='bbox 2423 3901 2475 3951; x_wconf 90' lang='lat'><strong>2.</strong></span> <span class='ocrx_word' id='word_1_835' title='bbox 2546 3898 2820 3961; x_wconf 85' lang='lat' dir='ltr'><strong>Quantum</strong></span> <span class='ocrx_word' id='word_1_836' title='bbox 2963 3896 3095 3949; x_wconf 92' lang='lat' dir='ltr'><strong>Cod.</strong></span> <span class='ocrx_word' id='word_1_837' title='bbox 3181 3896 3356 3959; x_wconf 91' lang='lat' dir='ltr'><strong>Quam</strong></span> <span class='ocrx_word' id='word_1_838' title='bbox 3422 3896 3532 3948; x_wconf 90' lang='lat' dir='ltr'><strong>sint</strong></span> <span class='ocrx_word' id='word_1_839' title='bbox 3578 3910 3700 3961; x_wconf 80' lang='lat' dir='ltr'><strong>per-</strong></span> 
     </span>
    </p>
   </div>
   <div class='ocr_carea' id='block_1_105' title="bbox 2008 3965 3700 4038">
    <p class='ocr_par' dir='ltr' id='par_1_105' title="bbox 2008 3965 3700 4038">
     <span class='ocr_line' id='line_1_105' title="bbox 2008 3965 3700 4038; baseline -0.004 -15"><span class='ocrx_word' id='word_1_840' title='bbox 2008 3970 2454 4038; x_wconf 79' lang='lat' dir='ltr'><strong>sintperversiet</strong></span> <span class='ocrx_word' id='word_1_841' title='bbox 2474 3965 2819 4036; x_wconf 88' lang='lat' dir='ltr'><strong>properando</strong></span> <span class='ocrx_word' id='word_1_842' title='bbox 2888 3967 3035 4019; x_wconf 85' lang='lat' dir='ltr'><strong>versi</strong></span> <span class='ocrx_word' id='word_1_843' title='bbox 3077 3971 3127 4019; x_wconf 91' lang='lat' dir='ltr'><strong>et</strong></span> <span class='ocrx_word' id='word_1_844' title='bbox 3170 3965 3580 4034; x_wconf 81' lang='lat' dir='ltr'><strong>improperandi</strong></span> <span class='ocrx_word' id='word_1_845' title='bbox 3616 3967 3700 4017; x_wconf 85' lang='lat' dir='ltr'><strong>vi-</strong></span> 
     </span>
    </p>
   </div>
   <div class='ocr_carea' id='block_1_106' title="bbox 2008 4038 3035 4094">
    <p class='ocr_par' dir='ltr' id='par_1_106' title="bbox 2008 4038 3035 4094">
     <span class='ocr_line' id='line_1_106' title="bbox 2008 4038 3035 4094; baseline -0.005 0"><span class='ocrx_word' id='word_1_846' title='bbox 2008 4042 2211 4094; x_wconf 87' lang='lat' dir='ltr'><strong>vitiosi.</strong></span> <span class='ocrx_word' id='word_1_847' title='bbox 2892 4038 3035 4090; x_wconf 92' lang='lat' dir='ltr'><strong>tiosi.</strong></span> 
     </span>
    </p>
   </div>
   <div class='ocr_carea' id='block_1_107' title="bbox 2082 4105 3704 4176">
    <p class='ocr_par' dir='ltr' id='par_1_107' title="bbox 2082 4105 3704 4176">
     <span class='ocr_line' id='line_1_107' title="bbox 2082 4105 3704 4176; baseline -0.003 -13"><span class='ocrx_word' id='word_1_848' title='bbox 2082 4112 2146 4163; x_wconf 88' lang='lat' dir='ltr'><strong>N.</strong></span> <span class='ocrx_word' id='word_1_849' title='bbox 2184 4113 2232 4164; x_wconf 93' lang='lat'><strong>3.</strong></span> <span class='ocrx_word' id='word_1_850' title='bbox 2305 4110 2651 4176; x_wconf 84' lang='lat' dir='ltr'><strong>Sperantium</strong></span> <span class='ocrx_word' id='word_1_851' title='bbox 2690 4106 2817 4159; x_wconf 88' lang='lat' dir='ltr'><strong>sub-</strong></span> <span class='ocrx_word' id='word_1_852' title='bbox 2964 4107 3044 4160; x_wconf 89' lang='lat' dir='ltr'><strong>Id.</strong></span> <span class='ocrx_word' id='word_1_853' title='bbox 3104 4105 3513 4174; x_wconf 83' lang='lat' dir='ltr'><strong>Sperandarum</strong></span> <span class='ocrx_word' id='word_1_854' title='bbox 3580 4106 3704 4159; x_wconf 89' lang='lat' dir='ltr'><strong>sub-</strong></span> 
     </span>
    </p>
   </div>
   <div class='ocr_carea' id='block_1_108' title="bbox 2007 4179 3112 4234">
    <p class='ocr_par' dir='ltr' id='par_1_108' title="bbox 2007 4179 3112 4234">
     <span class='ocr_line' id='line_1_108' title="bbox 2007 4179 3112 4234; baseline -0.005 0"><span class='ocrx_word' id='word_1_855' title='bbox 2007 4182 2237 4234; x_wconf 81' lang='lat' dir='ltr'><strong>stantia.</strong></span> <span class='ocrx_word' id='word_1_856' title='bbox 2890 4179 3112 4231; x_wconf 88' lang='lat' dir='ltr'><strong>stantia.</strong></span> 
     </span>
    </p>
   </div>
   <div class='ocr_carea' id='block_1_109' title="bbox 2079 4246 3702 4330">
    <p class='ocr_par' dir='ltr' id='par_1_109' title="bbox 2079 4246 3702 4330">
     <span class='ocr_line' id='line_1_109' title="bbox 2079 4246 3702 4330; baseline -0.004 -26"><span class='ocrx_word' id='word_1_857' title='bbox 2079 4252 2237 4330; x_wconf 81' lang='lat' dir='ltr'><strong>lbid._</strong></span> <span class='ocrx_word' id='word_1_858' title='bbox 2261 4250 2383 4305; x_wconf 88' lang='lat' dir='ltr'><strong>Nisi</strong></span> <span class='ocrx_word' id='word_1_859' title='bbox 2427 4264 2493 4302; x_wconf 77' lang='lat' dir='ltr'><strong>ea:</strong></span> <span class='ocrx_word' id='word_1_860' title='bbox 2536 4248 2628 4303; x_wconf 80' lang='lat' dir='ltr'><strong>illo</strong></span> <span class='ocrx_word' id='word_1_861' title='bbox 2677 4246 2821 4315; x_wconf 86' lang='lat' dir='ltr'><strong>quod</strong></span> <span class='ocrx_word' id='word_1_862' title='bbox 2964 4248 3198 4330; x_wconf 49' lang='lat' dir='ltr'><strong>Id..N‘l.Si</strong></span> <span class='ocrx_word' id='word_1_863' title='bbox 3253 4262 3319 4299; x_wconf 71' lang='lat' dir='ltr'><strong>ea:</strong></span> <span class='ocrx_word' id='word_1_864' title='bbox 3378 4246 3467 4299; x_wconf 79' lang='lat' dir='ltr'><strong>illo</strong></span> <span class='ocrx_word' id='word_1_865' title='bbox 3546 4261 3702 4313; x_wconf 77' lang='lat' dir='ltr'><strong>quem</strong></span> 
     </span>
    </p>
   </div>
   <div class='ocr_carea' id='block_1_110' title="bbox 2890 4317 3697 4442">
    <p class='ocr_par' dir='ltr' id='par_1_110' title="bbox 2890 4317 3697 4442">
     <span class='ocr_line' id='line_1_110' title="bbox 2890 4317 3198 4371; baseline -0.006 0"><span class='ocrx_word' id='word_1_866' title='bbox 2890 4334 2995 4371; x_wconf 89' lang='lat' dir='ltr'><strong>non</strong></span> <span class='ocrx_word' id='word_1_867' title='bbox 3025 4317 3198 4371; x_wconf 89' lang='lat' dir='ltr'><strong>vides.</strong></span> 
     </span>
     <span class='ocr_line' id='line_1_111' title="bbox 2962 4387 3697 4442; baseline -0.003 0"><span class='ocrx_word' id='word_1_868' title='bbox 2962 4389 3043 4442; x_wconf 90' lang='lat' dir='ltr'><strong>Id.</strong></span> <span class='ocrx_word' id='word_1_869' title='bbox 3077 4388 3389 4441; x_wconf 87' lang='lat' dir='ltr'><strong>Interiorem</strong></span> <span class='ocrx_word' id='word_1_870' title='bbox 3426 4387 3697 4441; x_wconf 81' lang='lat' dir='ltr'><strong>habitato-</strong></span> 
     </span>
    </p>
   </div>
   <div class='ocr_carea' id='block_1_111' title="bbox 2890 4460 3321 4515">
    <p class='ocr_par' dir='ltr' id='par_1_111' title="bbox 2890 4460 3321 4515">
     <span class='ocr_line' id='line_1_112' title="bbox 2890 4460 3321 4515; baseline 0.002 -2"><span class='ocrx_word' id='word_1_871' title='bbox 2890 4475 2999 4515; x_wconf 88' lang='lat' dir='ltr'><strong>rem</strong></span> <span class='ocrx_word' id='word_1_872' title='bbox 3030 4460 3321 4514; x_wconf 87' lang='lat' dir='ltr'><strong>oculorum.</strong></span> 
     </span>
    </p>
   </div>
   <div class='ocr_carea' id='block_1_112' title="bbox 2081 4389 2819 4446">
    <p class='ocr_par' dir='ltr' id='par_1_112' title="bbox 2081 4389 2819 4446">
     <span class='ocr_line' id='line_1_113' title="bbox 2081 4389 2819 4446; baseline -0.007 0"><span class='ocrx_word' id='word_1_873' title='bbox 2081 4392 2222 4446; x_wconf 90' lang='lat' dir='ltr'><strong>Ibid.</strong></span> <span class='ocrx_word' id='word_1_874' title='bbox 2254 4391 2567 4445; x_wconf 89' lang='lat' dir='ltr'><strong>Interiorem</strong></span> <span class='ocrx_word' id='word_1_875' title='bbox 2597 4389 2819 4443; x_wconf 88' lang='lat' dir='ltr'><strong>habita-</strong></span> 
     </span>
    </p>
   </div>
   <div class='ocr_carea' id='block_1_113' title="bbox 2011 4460 2818 4516">
    <p class='ocr_par' dir='ltr' id='par_1_113' title="bbox 2011 4460 2818 4516">
     <span class='ocr_line' id='line_1_114' title="bbox 2011 4460 2818 4516; baseline -0.002 -1"><span class='ocrx_word' id='word_1_876' title='bbox 2011 4466 2175 4516; x_wconf 86' lang='lat' dir='ltr'><strong>torem</strong></span> <span class='ocrx_word' id='word_1_877' title='bbox 2240 4463 2557 4516; x_wconf 88' lang='lat' dir='ltr'><strong>interiorum</strong></span> <span class='ocrx_word' id='word_1_878' title='bbox 2635 4460 2818 4514; x_wconf 75' lang='lat' dir='ltr'><strong>oeulo-</strong></span> 
     </span>
    </p>
   </div>
   <div class='ocr_carea' id='block_1_114' title="bbox 2008 4549 2150 4588">
    <p class='ocr_par' dir='ltr' id='par_1_114' title="bbox 2008 4549 2150 4588">
     <span class='ocr_line' id='line_1_115' title="bbox 2008 4549 2150 4588; baseline 0.007 -1"><span class='ocrx_word' id='word_1_879' title='bbox 2008 4549 2150 4588; x_wconf 84' lang='lat' dir='ltr'><strong>rum.</strong></span> 
     </span>
    </p>
   </div>
   <div class='ocr_carea' id='block_1_115' title="bbox 2080 4735 2499 4797">
    <p class='ocr_par' dir='ltr' id='par_1_115' title="bbox 2080 4735 2499 4797">
     <span class='ocr_line' id='line_1_116' title="bbox 2080 4735 2499 4797; baseline -0.007 -7"><span class='ocrx_word' id='word_1_880' title='bbox 2080 4736 2129 4769; x_wconf 84' lang='grc'><strong>¹⁰</strong></span> <span class='ocrx_word' id='word_1_881' title='bbox 2158 4735 2254 4797; x_wconf 89' lang='lat' dir='ltr'><strong>Id.,</strong></span> <span class='ocrx_word' id='word_1_882' title='bbox 2299 4736 2499 4789; x_wconf 86' lang='lat' dir='ltr'><strong>veniat.</strong></span> 
     </span>
    </p>
   </div>
   <div class='ocr_carea' id='block_1_116' title="bbox 2085 4818 3695 4889">
    <p class='ocr_par' dir='ltr' id='par_1_116' title="bbox 2085 4818 3695 4889">
     <span class='ocr_line' id='line_1_117' title="bbox 2085 4818 3695 4889; baseline -0.004 -12"><span class='ocrx_word' id='word_1_883' title='bbox 2085 4822 2125 4861; x_wconf 70' lang='lat'><strong>‘1</strong></span> <span class='ocrx_word' id='word_1_884' title='bbox 2184 4824 2274 4877; x_wconf 90' lang='lat' dir='ltr'><strong>Sic</strong></span> <span class='ocrx_word' id='word_1_885' title='bbox 2339 4821 2503 4876; x_wconf 93' lang='lat' dir='ltr'><strong>codd.</strong></span> <span class='ocrx_word' id='word_1_886' title='bbox 2555 4838 2617 4875; x_wconf 90' lang='lat' dir='ltr'><strong>cv</strong></span> <span class='ocrx_word' id='word_1_887' title='bbox 2687 4826 2743 4876; x_wconf 90' lang='lat' dir='ltr'><strong>et</strong></span> <span class='ocrx_word' id='word_1_888' title='bbox 2807 4839 2908 4889; x_wconf 84' lang='lat' dir='ltr'><strong>cx;</strong></span> <span class='ocrx_word' id='word_1_889' title='bbox 2974 4822 3101 4877; x_wconf 90' lang='lat' dir='ltr'><strong>cod.</strong></span> <span class='ocrx_word' id='word_1_890' title='bbox 3172 4837 3357 4885; x_wconf 83' lang='grc' dir='ltr'>χχχιχ,</span> <span class='ocrx_word' id='word_1_891' title='bbox 3390 4824 3452 4873; x_wconf 92' lang='lat' dir='ltr'><strong>ut</strong></span> <span class='ocrx_word' id='word_1_892' title='bbox 3486 4818 3695 4883; x_wconf 60' lang='lat' dir='ltr'><strong>centeri,</strong></span> 
     </span>
    </p>
   </div>
   <div class='ocr_carea' id='block_1_117' title="bbox 2009 4912 2301 4965">
    <p class='ocr_par' dir='ltr' id='par_1_117' title="bbox 2009 4912 2301 4965">
     <span class='ocr_line' id='line_1_118' title="bbox 2009 4912 2301 4965; baseline -0.007 0"><span class='ocrx_word' id='word_1_893' title='bbox 2009 4912 2301 4965; x_wconf 86' lang='lat' dir='ltr'><strong>dimittam.</strong></span> 
     </span>
    </p>
   </div>
   <div class='ocr_carea' id='block_1_118' title="bbox 2081 4995 2947 5064">
    <p class='ocr_par' dir='ltr' id='par_1_118' title="bbox 2081 4995 2947 5064">
     <span class='ocr_line' id='line_1_119' title="bbox 2081 4995 2947 5064; baseline -0.002 -12"><span class='ocrx_word' id='word_1_894' title='bbox 2081 4998 2125 5033; x_wconf 84' lang='grc'>¹²</span> <span class='ocrx_word' id='word_1_895' title='bbox 2154 4998 2287 5053; x_wconf 92' lang='lat' dir='ltr'><strong>Cod.</strong></span> <span class='ocrx_word' id='word_1_896' title='bbox 2314 5011 2463 5050; x_wconf 90' lang='lat' dir='ltr'><strong>unus</strong></span> <span class='ocrx_word' id='word_1_897' title='bbox 2493 4996 2662 5064; x_wconf 88' lang='lat' dir='ltr'><strong>mala,</strong></span> <span class='ocrx_word' id='word_1_898' title='bbox 2695 4995 2947 5051; x_wconf 89' lang='lat' dir='ltr'><strong>dictavit.</strong></span> 
     </span>
    </p>
   </div>
   <div class='ocr_carea' id='block_1_119' title="bbox 2080 5085 2910 5150">
    <p class='ocr_par' dir='ltr' id='par_1_119' title="bbox 2080 5085 2910 5150">
     <span class='ocr_line' id='line_1_120' title="bbox 2080 5085 2910 5150; baseline -0.005 -9"><span class='ocrx_word' id='word_1_899' title='bbox 2080 5085 2124 5124; x_wconf 68' lang='grc'><strong>1³</strong></span> <span class='ocrx_word' id='word_1_900' title='bbox 2154 5085 2327 5141; x_wconf 93' lang='lat' dir='ltr'><strong>Codd.</strong></span> <span class='ocrx_word' id='word_1_901' title='bbox 2357 5101 2418 5139; x_wconf 88' lang='lat' dir='ltr'><strong>cv</strong></span> <span class='ocrx_word' id='word_1_902' title='bbox 2453 5089 2508 5139; x_wconf 91' lang='lat' dir='ltr'><strong>et</strong></span> <span class='ocrx_word' id='word_1_903' title='bbox 2536 5100 2622 5150; x_wconf 85' lang='lat' dir='ltr'><strong>cx,</strong></span> <span class='ocrx_word' id='word_1_904' title='bbox 2656 5086 2910 5139; x_wconf 89' lang='lat' dir='ltr'><strong>inveniet.</strong></span> 
     </span>
    </p>
   </div>
   <div class='ocr_carea' id='block_1_120' title="bbox 2080 5170 2669 5239">
    <p class='ocr_par' dir='ltr' id='par_1_120' title="bbox 2080 5170 2669 5239">
     <span class='ocr_line' id='line_1_121' title="bbox 2080 5170 2669 5239; baseline 0 -12"><span class='ocrx_word' id='word_1_905' title='bbox 2080 5177 2122 5211; x_wconf 80' lang='grc'><strong>¹⁶</strong></span> <span class='ocrx_word' id='word_1_906' title='bbox 2153 5174 2278 5239; x_wconf 91' lang='lat' dir='ltr'><strong>Iid.,</strong></span> <span class='ocrx_word' id='word_1_907' title='bbox 2311 5173 2385 5227; x_wconf 86' lang='lat' dir='ltr'><strong>ad</strong></span> <span class='ocrx_word' id='word_1_908' title='bbox 2418 5178 2486 5227; x_wconf 89' lang='lat' dir='ltr'><strong>te.</strong></span> <span class='ocrx_word' id='word_1_909' title='bbox 2652 5170 2669 5179; x_wconf 71' lang='grc'><em>“</em></span> 
     </span>
    </p>
   </div>
   <div class='ocr_carea' id='block_1_121' title="bbox 2078 5259 2929 5329">
    <p class='ocr_par' dir='ltr' id='par_1_121' title="bbox 2078 5259 2929 5329">
     <span class='ocr_line' id='line_1_122' title="bbox 2078 5259 2929 5329; baseline -0.004 -14"><span class='ocrx_word' id='word_1_910' title='bbox 2078 5260 2123 5303; x_wconf 79' lang='grc'>¹⁵</span> <span class='ocrx_word' id='word_1_911' title='bbox 2155 5262 2290 5316; x_wconf 93' lang='lat' dir='ltr'><strong>Cod.</strong></span> <span class='ocrx_word' id='word_1_912' title='bbox 2322 5278 2506 5329; x_wconf 84' lang='grc' dir='ltr'>χχχιχ,</span> <span class='ocrx_word' id='word_1_913' title='bbox 2532 5261 2733 5329; x_wconf 86' lang='lat' dir='ltr'><strong>dicam,</strong></span> <span class='ocrx_word' id='word_1_914' title='bbox 2761 5259 2929 5314; x_wconf 88' lang='lat' dir='ltr'><strong>male.</strong></span> 
     </span>
    </p>
   </div>
   <div class='ocr_carea' id='block_1_122' title="bbox 2078 5344 3689 5417">
    <p class='ocr_par' dir='ltr' id='par_1_122' title="bbox 2078 5344 3689 5417">
     <span class='ocr_line' id='line_1_123' title="bbox 2078 5344 3689 5417; baseline -0.002 -12"><span class='ocrx_word' id='word_1_915' title='bbox 2078 5353 2120 5387; x_wconf 81' lang='grc'><strong>¹⁶</strong></span> <span class='ocrx_word' id='word_1_916' title='bbox 2158 5350 2431 5406; x_wconf 89' lang='lat' dir='ltr'><strong>Siccodd.</strong></span> <span class='ocrx_word' id='word_1_917' title='bbox 2493 5366 2557 5403; x_wconf 76' lang='grc' dir='ltr'><strong>εν</strong></span> <span class='ocrx_word' id='word_1_918' title='bbox 2624 5354 2679 5404; x_wconf 90' lang='lat' dir='ltr'><strong>et</strong></span> <span class='ocrx_word' id='word_1_919' title='bbox 2733 5364 2831 5417; x_wconf 79' lang='lat' dir='ltr'><strong>cx;</strong></span> <span class='ocrx_word' id='word_1_920' title='bbox 2901 5348 3059 5402; x_wconf 89' lang='lat' dir='ltr'><strong>deest</strong></span> <span class='ocrx_word' id='word_1_921' title='bbox 3122 5362 3226 5401; x_wconf 91' lang='lat' dir='ltr'><strong>vox</strong></span> <span class='ocrx_word' id='word_1_922' title='bbox 3266 5345 3403 5401; x_wconf 78' lang='lat' dir='ltr'><strong>dicis</strong></span> <span class='ocrx_word' id='word_1_923' title='bbox 3470 5344 3530 5403; x_wconf 90' lang='lat' dir='ltr'><strong>iu</strong></span> <span class='ocrx_word' id='word_1_924' title='bbox 3561 5346 3689 5408; x_wconf 85' lang='lat' dir='ltr'><strong>cod.</strong></span> 
     </span>
    </p>
   </div>
   <div class='ocr_carea' id='block_1_123' title="bbox 2004 5455 2192 5497">
    <p class='ocr_par' dir='ltr' id='par_1_123' title="bbox 2004 5455 2192 5497">
     <span class='ocr_line' id='line_1_124' title="bbox 2004 5455 2192 5497; baseline -0.005 -4"><span class='ocrx_word' id='word_1_925' title='bbox 2004 5455 2192 5497; x_wconf 71' lang='lat' dir='ltr'><strong>XXXIX.</strong></span> 
     </span>
    </p>
   </div>
  </div>
