4068 6192
294 294 417 345 1171

357 411 501 466 Ibid.
541 413 683 469 Nam
722 409 939 480 quando
995 411 1099 463 ali-

287 482 505 553 quando
522 485 581 536 in
614 498 695 536 me
714 483 918 549 cogitas
933 496 955 553 ;_
970 496 1100 550 qua:

286 551 462 608 uerba
508 553 568 607 in
623 557 759 607 nota
812 551 1098 621 corrigere

288 625 521 679 student
550 620 923 689 Benedictini,
955 620 1098 692 duos

359 695 505 749 Ibid.
559 693 780 748 Intende
841 694 1014 759 facta,
1044 696 1097 746 et

289 781 468 846 quaere
493 766 772 831 factorem.

361 835 523 918 Ibid._
557 836 683 918 Quae
734 835 888 901 facta
951 836 1096 899 sunt,

284 910 709 975 conspiciuntur.

361 973 433 1031 Ν]
485 977 538 1030 4.
608 974 713 1032 Sed
769 973 1099 1029 assiduitate

287 1048 579 1102 viluerant.

360 1117 500 1172 Ibid.
537 1119 712 1183 Quam
738 1120 800 1171 ut
840 1119 1101 1172 nascatur

288 1190 462 1255 homo,
504 1187 797 1254 moriendo,
848 1191 953 1241 etc.

364 1328 501 1384 Ibid.
534 1328 771 1384 Panibus
818 1329 1098 1396 saginasse

291 1406 367 1455 tot
396 1401 593 1454 millia.

358 1470 500 1525 Ibid.
550 1471 773 1540 Impleri
834 1468 1099 1537 segetibus

291 1546 484 1596 terras.

363 1612 507 1666 Ibid.
541 1612 672 1677 Qua
700 1627 846 1681 aqua
875 1613 993 1664 erat
1020 1609 1101 1681 vi-

287 1698 417 1737 num
444 1685 674 1750 factum,
702 1680 958 1736 viderunt
1006 1680 1099 1734 ho-

288 1756 458 1808 mines
496 1756 546 1807 et
582 1753 989 1821 obstupuerunt.

360 1823 499 1878 Ibid.
534 1823 682 1878 Unde
706 1828 784 1877 est
815 1823 967 1877 homo
987 1822 1104 1889 ipse

289 1896 386 1963 qui
396 1893 670 1949 miratur?
695 1894 791 1947 ubi
807 1891 1106 1947 erat?unde

288 1967 555 2035 processit
569 1964 598 2019 ?

363 2034 505 2090 Ibid.
544 2036 703 2090 Venit
730 2034 822 2088 ille
850 2036 942 2088 cui
978 2033 1103 2088 dic-

290 2110 403 2160 tum
432 2110 509 2160 est
533 2121 548 2159 :
582 2108 784 2160 Innova
803 2107 964 2170 signa
986 2106 1105 2171 ;cui

289 2177 496 2231 dictum
525 2180 603 2231 est
635 2191 649 2229 :
701 2175 960 2245 Miriﬁca,
993 2180 1099 2228 etc.

360 2245 504 2301 Ibid.
537 2249 771 2315 Equum
797 2251 969 2315 potest
993 2260 1103 2299 esse

297 2317 442 2387 quod
467 2331 575 2387 non
602 2318 737 2370 vult.

367 2386 509 2443 Ibid.
539 2389 836 2452 Hominem,
868 2388 963 2455 qui
987 2389 1105 2440 erat

290 2461 349 2514 in
379 2459 513 2513 luce.

369 2530 434 2585 N.
473 2531 525 2584 5.
558 2528 665 2584 Sed
694 2543 858 2597 quam
875 2541 1104 2598 parvus.

367 2667 510 2724 Ibid.
574 2671 695 2725 Non
741 2672 791 2723 te
850 2667 1103 2737 deseruit,

297 2742 395 2810 qui
419 2742 628 2794 vocarit

368 2811 508 2865 Ibid.
546 2811 753 2865 Indicia
777 2813 903 2863 sunt
933 2811 1106 2865 Crea-

297 2882 429 2937 toris
469 2884 592 2951 ipsa
629 2884 929 2935 creatura?

369 2951 512 3006 Ibid.
538 2953 679 3006 Ecce
706 2954 973 3021 nascitur,
996 2967 1109 3007 ecce

298 3022 364 3078 de
392 3025 601 3089 femina
624 3022 887 3092 procedit.

1315 288 1697 343 SERMONUM
1739 286 2199 345 GENUINORUM
2240 288 2297 341 S.
2338 286 2733 342 AUGUSTINI.

1246 410 1471 466 Id.Nam
1509 411 1728 479 quando
1764 411 1986 466 aliunde
2020 410 2063 463 A
2166 410 2309 465 Edit.
2367 411 2434 464 N.
2518 413 2566 465 1.
2653 409 2904 466 Omnium

1172 482 1335 535 nimis
1362 483 1585 549 cogitas.

1168 621 1395 676 videsis.

1242 694 1325 748 Id.
1401 693 1625 748 Intende
1681 695 1977 761 facturam,

1172 767 1222 818 et
1253 779 1429 833 quaere
1447 766 1726 830 factorem.

1244 834 1324 889 Id.
1358 836 1488 900 Quae
1512 837 1667 900 facta
1706 838 1853 901 sunt,
1887 836 1980 889 in-

1175 906 1384 959 tellecta
1412 907 1835 974 conspiciuntur.

1243 976 1326 1030 Id.
1378 975 1485 1031 Sed
1530 976 1852 1031 assiduitate
1895 977 1981 1031 vi-

1174 1046 1410 1101 luerunt.

1244 1117 1325 1171 Id.
1384 1117 1555 1183 Quam
1614 1120 1674 1170 ut
1724 1120 1984 1170 nascatur

1172 1189 1341 1250 homo.
1394 1189 1491 1255 qui
1539 1202 1649 1241 non
1703 1191 1840 1252 erat,
1867 1202 1980 1240 mo-
2020 1211 2027 1218 κ

1170 1258 1381 1324 riendo,
1413 1263 1517 1312 etc.

1242 1329 1325 1383 Id.
1374 1329 1609 1384 Panibus
1653 1329 1861 1383 satiare
1907 1331 1983 1382 tot

1169 1400 1370 1454 millia.

1244 1472 1323 1525 Id.
1346 1470 1580 1539 lmpleri
1590 1467 1858 1537 segetibus
1881 1474 1981 1524 ter-

1170 1557 1321 1665 Ταῗῗί.
1356 1611 1465 1677 Qui
1491 1625 1693 1678 aquam
1731 1608 1984 1663 viderunt

1172 1684 1359 1765 vinum
1387 1684 1615 1765 factam,
1650 1680 1904 1735 viderunt
1934 1683 1985 1733 et
2025 1711 2064 1765 Β
2095 1680 2511 1765 cruciﬁgelidus.

1172 1754 1590 1821 obstupuerunt.

1248 1823 1327 1876 Id.
1365 1822 1600 1877 Undecst
1630 1823 1745 1889 ipse
1774 1821 1872 1889 qui
1888 1822 1986 1874 mi-

1173 1896 1378 1948 ratur?
1423 1893 1607 1946 videat
1652 1891 1795 1944 unde
1847 1906 1983 1960 pro-

1174 1980 1282 2019 cess
1290 1967 1332 2018 it
1347 1963 1374 2016 ‘l

1246 2035 1329 2089 Id.
1389 2035 1545 2090 Venit
1588 2033 1682 2087 ille
1718 2031 1793 2085 ad
1821 2033 1986 2086 istum

1175 2107 1365 2171 locum,
1443 2104 1532 2158 cui
1612 2103 1815 2157 dictum
1867 2105 1983 2156 est:

1175 2179 1429 2245 Mirifica,
1451 2186 1556 2229 etc.

1248 2246 1329 2300 Id.
1377 2248 1611 2312 Equum
1656 2246 1830 2312 potest
1875 2256 1988 2298 esse

1177 2316 1321 2387 quod
1340 2317 1429 2371 ille
1440 2331 1547 2369 non
1566 2315 1701 2368 vult.

1248 2387 1331 2441 Id.
1391 2386 1687 2451 Hominem,
1744 2385 1843 2452 qui
1881 2397 1990 2438 non

1179 2462 1298 2513 erat
1322 2459 1383 2511 in
1402 2458 1533 2511 luce.

1254 2528 1335 2583 Id.
1369 2527 1474 2583 Sed
1501 2541 1664 2595 quam
1678 2539 1886 2595 parvus
1903 2525 1991 2591 fa-

1179 2603 1336 2655 ceret.

1252 2670 1332 2725 Id.
1368 2669 1570 2724 Erudit
1608 2668 1708 2738 qui
1756 2666 1985 2720 vocavit.

1251 2810 1335 2865 Id.
1380 2809 1593 2864 Indicia
1645 2811 1771 2862 sunt
1836 2807 1991 2863 Crea-

1182 2883 1314 2936 toris
1342 2883 1401 2936 in
1430 2884 1553 2949 ipsa
1580 2878 1860 2934 creatura?

1254 2953 1336 3007 Id.
1394 2954 1526 3006 Ecce
1580 2953 1848 3014 nascitur,
1879 2961 1991 3001 ecce

1180 3037 1372 3092 corpus
1435 3022 1685 3092 assumit,
1762 3034 1874 3073 ecce
1927 3017 1993 3072 de

1180 3091 1391 3160 femina
1405 3091 1669 3163 procedit.

882 3187 1110 3243 SERMO
1144 3188 1386 3243 CXXXII.

372 3272 603 3343 Legitur
627 3272 688 3327 in
731 3273 859 3329 cod.
894 3275 1107 3329 Cassin.
1161 3291 1254 3341 vu,
1290 3274 1386 3329 fol.
1422 3274 1547 3340 322,
1581 3270 1679 3325 ubi
1712 3271 1776 3324 N.
1808 3272 1863 3335 2,
1890 3267 1993 3322 bo-

305 3376 434 3415 rum
463 3361 767 3417 verborum
788 3361 934 3428 loco,
969 3364 1236 3429 Refrenat
1252 3361 1566 3429 infirmioris
1587 3374 1748 3414 scmus
1772 3360 1893 3427 ipsa
1911 3371 1995 3409 ve-

304 3448 587 3516 recundia,
621 3448 910 3518 scribitur,
959 3452 1218 3517 Refrenat
1262 3451 1611 3519 inﬁrmibrem
1665 3462 1853 3502 sexum
1874 3446 1996 3514 ipsa

301 3535 646 3591 verecundia.

3652 293 3793 343 1172

3048 410 3206 467 Codd
3264 411 3516 466 Omnium
3569 416 3791 479 aposto-

2978 481 3171 547 lorum,
3202 484 3407 548 fratres
3455 483 3790 549 charissimi,

2976 555 3312 607 meministis.

3048 623 3151 677 Iid.
3203 625 3416 677 Dictum
3464 626 3544 676 est
3586 628 3789 689 autem,

2974 696 3259 763 quoniam,
3288 698 3397 747 etc.

3048 764 3153 819 Iid.
3203 763 3361 819 Modo
3401 762 3537 831 quid
3557 765 3793 816 interro-

2976 840 3075 904 gat
3102 850 3223 889 eum
3250 834 3559 887 Dominus?

3048 904 3188 959 Cod.
3223 921 3408 958 cxuu.
3444 906 3587 957 Dicit
3610 904 3677 955 ei.

3048 976 3223 1030 Codd.
3251 974 3549 1043 Respondit
3586 976 3637 1027 ei
3667 973 3785 1027 ille:

2975 1046 3189 1114 Etiam,
3216 1048 3453 1100 Domine.

3048 1117 3154 1172 Iid.
3195 1118 3420 1180 Iterum,
3443 1119 3493 1169 et
3518 1115 3675 1168 tertio
3695 1116 3795 1169 D0-

2974 1190 3153 1242 minus
3179 1187 3274 1241 hoc
3301 1187 3678 1254 interrogavit.

2090 483 2458 551 apostolorum
2488 483 2826 537 meministis.

2162 620 2302 677 Ibid.
2352 623 2501 676 Dicit
2547 626 2725 676 autem
2770 638 2901 693 apo-

2090 694 2279 759 stolus,
2305 696 2583 762 quoniam,
2612 697 2720 746 etc.

2164 764 2229 818 N.
2271 764 2324 817 2.
2363 763 2519 818 Modo
2572 762 2751 831 quid?
2806 764 2902 818 In-

2092 838 2332 902 terrogat
2358 850 2475 888 eum
2500 836 2776 889 Dominus.

2161 900 2303 958 Ibid.
2331 905 2412 959 Et
2438 900 2573 959 dicit
2606 906 2673 957 ei.

2162 975 2302 1029 Ibid.
2388 975 2680 1044 Respondit
2764 975 2856 1030 ille
2881 991 2898 1030 :

2090 1048 2295 1111 Etiam,
2330 1046 2578 1100 Domine.

2162 1116 2305 1170 Ibid.
2354 1119 2425 1171 Et
2481 1118 2677 1169 iterum
2722 1117 2904 1170 Domi-

2090 1201 2192 1240 nus
2256 1188 2349 1241 hoc
2404 1188 2782 1254 interrogavit,
2852 1190 2904 1241 et

2096 1258 2253 1311 tertio
2283 1259 2396 1311 hoc.

2163 1327 2307 1382 Ibid.
2365 1329 2470 1394 Qui
2545 1328 2720 1382 sciant
2784 1341 2905 1382 oves

2093 1398 2294 1455 Christi
2323 1413 2558 1467 pascere.

2150 1470 2235 1551 .N.
2287 1472 2339 1525 3.
2374 1471 2528 1523 Feret
2569 1482 2675 1539 quo
2714 1472 2773 1523 tu
2798 1483 2906 1522 non

2092 1554 2208 1595 υιε.

2163 1605 2308 1664 Ibid.
2344 1612 2448 1664 Pro
2471 1610 2692 1664 Christo
2719 1610 2906 1677 fuerat

3048 1327 3153 1381 Iid.
3208 1328 3351 1394 Quia
3397 1326 3598 1380 sciebat
3668 1338 3792 1378 oves

2977 1399 3184 1454 Christi
3206 1412 3449 1467 pascere.

3053 1468 3155 1525 Iid.
3217 1472 3390 1523 Ducet
3435 1480 3540 1537 quo
3594 1474 3794 1519 tunon

2974 1553 3080 1593 vis.

3049 1609 3151 1663 Iid.
3216 1610 3325 1663 Pro
3384 1607 3599 1664 Christo
3673 1607 3799 1659 erat

2976 1679 3401 1751 cruciﬁgendus.

3052 1746 3154 1805 Iid.
3189 1753 3391 1804 Timere
3430 1762 3538 1801 non
3584 1746 3795 1811 debuit,

2976 1824 3110 1891 quia
3132 1820 3370 1887 videbat,
3400 1823 3507 1872 etc.

2162 1752 2304 1805 Ibid.
2333 1753 2541 1805 Timere
2567 1765 2673 1804 non
2698 1750 2900 1805 debuit.

2104 1822 2330 1877 Videbat
2355 1823 2515 1889 enim,
2545 1825 2651 1876 etc.

2698 1909 2934 1965 SERMO
2968 1910 3142 1964 CLIV.

2167 1978 2399 2051 Legitur
2428 1978 2489 2032 in
2519 1978 2643 2033 cod.
2678 1981 2893 2035 Cassin.
2933 1997 2994 2040 ιι,
3024 1979 3118 2033 fol.
3158 1979 3275 2051 I60.
3309 1976 3409 2051 ubi
3464 1991 3542 2051 n._
3573 1979 3630 2051 '7_,
3685 1989 3797 2043 pro

2093 2050 2183 2104 his
2212 2046 2423 2113 vérbis,
2447 2052 2581 2119 quia
2600 2051 2838 2105 nondum
2866 2052 3102 2105 erantin
3144 2050 3494 2119 perfectione,
3527 2046 3796 2119 habetur,

2094 2122 2245 2246 qtuia,
2277 2117 2517 2176 nondum
2570 2127 2726 2177 erant
2767 2124 2967 2189 securi,
3009 2117 3250 2175 nondum
3286 2127 3442 2174 erant
3501 2119 3561 2171 in
3601 2117 3794 2186 perfe-

2094 2207 2118 2245 c
2146 2206 2282 2246 ione.

2092 2206 2282 2246 σιιοηε.

2761 2280 2992 2336 SERMO
3031 2278 3177 2333 CLV.

2167 2367 2398 2438 Legitur
2420 2367 2479 2421 in
2509 2367 2637 2422 cod.
2678 2368 2894 2422 Cassin.
2942 2384 3002 2435 ιι,
3056 2366 3159 2421 fol.
3222 2367 3342 2430 I32,
3406 2362 3505 2418 ubi
3556 2365 3800 2417 sanatur

2094 2454 2327 2510 evidens
2352 2454 2614 2511 editionis
2657 2455 3041 2511 Benedictinaa
3091 2453 3393 2508 mendum.
3424 2450 3509 2505 Ibi
3547 2449 3702 2505 enim
3730 2464 3796 2503 n.

2095 2546 2128 2599 4
2157 2545 2433 2599 habetur:
2470 2546 2576 2599 Lex
2597 2547 2739 2599 enim
2765 2545 2953 2598 mortis
2981 2558 3089 2597 non
3120 2543 3246 2611 ipsa
3288 2539 3513 2605 dicitur,
3565 2538 3652 2591 lea:
3675 2552 3802 2606 pec-

2096 2636 2206 2689 cati
2260 2638 2312 2688 et
2347 2635 2539 2690 mortis
2593 2648 2701 2687 non
2747 2633 2848 2687 illa
2903 2633 2990 2686 lere
3044 2630 3251 2685 dicitur
3302 2643 3422 2697 quae
3469 2626 3603 2681 data
3632 2629 3710 2679 est
3740 2627 3803 2679 in

2096 2728 2271 2778 monte
2294 2722 2467 2791 Sina;
2496 2720 2589 2775 hic
2612 2724 2761 2775 certe
2793 2720 2950 2775 adest
2977 2718 3180 2772 vitiosa
3209 2714 3435 2770 iteratio
3473 2729 3603 2785 qua:
3643 2712 3801 2767 tolli-

2098 2813 2192 2863 tur
2216 2808 2277 2862 in
2306 2808 2516 2876 codice,
2557 2808 2617 2862 in
2646 2824 2762 2880 quo
2801 2806 3076 2879 scriptum
3107 2810 3228 2861 est:
3261 2806 3375 2859 Leu:
3421 2804 3562 2857 enim
3607 2802 3802 2857 mortis

2096 2912 2205 2953 non
2234 2899 2358 2968 ipsa
2379 2897 2600 2965 dicitur,
2631 2912 2750 2967 quae
2772 2895 2905 2951 data
2926 2899 3005 2951 est
3032 2897 3091 2949 in
3117 2898 3293 2950 monte
3318 2893 3471 2949 Sina.

2676 2992 2910 3055 SERMO
2938 2991 3215 3047 CLXVIII.

2172 3082 2473 3154 Legiturin
2496 3082 2719 3137 duobus
2754 3080 3231 3154 coddLFIorentq
3259 3092 3471 3154 nempe
3503 3073 3644 3129 Bibl.
3676 3073 3801 3154 IIII-

2098 3144 2381 3278 ξὲζιδᾶοά.
2410 3170 2486 3220 x1,
2518 3153 2620 3209 fol.
2651 3156 2717 3207 37
2751 3152 2802 3219 b,
2827 3156 2884 3206 et
2923 3151 3066 3205 Bibl.
3123 3149 3308 3204 Fesul.
3369 3144 3498 3201 cbd.
3568 3161 3647 3212 x1,
3696 3144 3798 3198 fol.

2174 3311 2320 3365 Edit.
2351 3326 2410 3366 n.
2453 3315 2499 3365 I.
2551 3309 2906 3371 Lectionibus,
3057 3306 3230 3363 Codd.
3272 3303 3601 3362 Secundum.
3639 3303 3803 3357 Vasis

2102 3384 2347 3452 canticis,
2457 3382 2908 3449 sermonibusque,
2985 3379 3253 3452 electionis
3293 3376 3675 3452 confessionem
3703 3377 3802 3452 _at—

2103 3459 2209 3507 etc.
2333 3445 2344 3452 ’
2796 3445 2814 3449 “
2893 3445 2900 3448 ’
2986 3464 3089 3517 que
3149 3449 3486 3517 doctrinam,
3544 3445 3807 3517 quoniam

2984 3513 3116 3588 ﬁdes
3168 3516 3553 3572 misericordia:
3576 3516 3673 3568 Dei
3702 3513 3803 3567 do-

2102 3630 2229 3669 num
2253 3617 2350 3681 est,
2377 3612 2708 3680 lectionibus,
2739 3612 2992 3677 canticis,
3024 3613 3129 3664 etc.

2174 3703 2241 3757 N.
2266 3705 2317 3756 3.
2361 3704 2498 3757 Nam
2545 3701 2918 3769 si-gloriatus
3054 3697 3167 3769 Iid.
3202 3697 3323 3753 Non
3344 3696 3424 3749 sic
3440 3693 3809 3769 gloriatusqes

2104 3774 2501 3838 estAbraham,
2544 3788 2611 3827 ea:
2653 3764 2775 3841 'ﬁde
2803 3772 2919 3839 glo-
2992 3768 3304 3832 Abraham;
3336 3764 3811 3832 escﬁdegloriatus

873 3622 1104 3679 SERMO
1135 3623 1425 3679 CXXXVII.

370 3709 607 3782 Legitur
636 3710 697 3764 in
726 3711 850 3765 cod.
887 3710 1104 3765 Cassin.
1142 3727 1234 3777 vn,
1267 3710 1361 3764 fol.
1399 3710 1521 3764 328.

380 3799 522 3854 Edit.
558 3800 622 3853 N.
654 3802 707 3854 I.
758 3802 894 3855 Dum
940 3804 1119 3854 tamen
1263 3797 1397 3853 Cod.
1456 3798 1604 3851 Dum
1664 3798 1840 3849 tamen
1872 3806 1999 3846 non

304 3884 409 3925 non
430 3871 602 3924 nimia
625 3872 901 3940 impietate
919 3872 1116 3940 praeci-
1190 3871 1365 3923 nimia
1420 3867 1742 3939 infirmitate
1805 3865 1998 3933 pracci-
2105 3846 2297 3940 νίίξξξξξ
2313 3845 2793 3940 θδξὶὴωώηλθηη
2810 3925 2920 3940 ΔΜ
2993 3843 3146 3940 “tl-.3
3209 3904 3547 3940 Μυκη,ηῶ

304 3904 602 3995 ἑὶῗιέἒίἱῖτίἶ““
627 3904 1116 3940 "ww
1192 3904 1738 3995 ἒὶἓὲἱῖξῧν.”””
1805 3904 1971 3933 ¹’”“””’
2178 3913 2327 3968 Ibid.
2366 3911 2924 3995 Misericordiamcon-
3065 3907 3170 3963 Iid.
3205 3904 3815 3995 Μὶεειὶοοῖάξαρινοοη-

562 4013 669 4065 Iste
689 4011 900 4065 dicebat
931 4025 987 4065 se
1015 4011 1121 4064 ha-
1402 3980 1621 4064 Dicebat
1700 4007 1894 4061 Petrus
1945 4019 2002 4058 se
2108 3990 2318 4040 εθοῖιίαε
2347 3999 2486 4039 διαπ-
2528 3984 2570 4039 Ο
2615 3984 2878 4050 οοηΐθδείο
2900 3986 2921 4036 -'
2994 3983 3205 4065 εθουτυξ
3233 3992 3375 4065 ξιψξτ
3512 3975 3702 4065 ﬁdem
3731 3988 3813 4028 ⁸⁵⁸

478 4045 527 4065 υ.
562 4045 665 4065 me
689 4045 898 4065 ωιυωιη
931 4045 984 4065 π
1015 4045 1121 4064 ..ιι-
1266 4045 1344 4063 ι...
1402 4045 1617 4064 “me...
1700 4045 1723 4060 ι
1749 4045 1894 4061 νυν...
1945 4045 1999 4058 ..ν

312 4082 431 4135 bere
454 4084 619 4152 vires,
650 4084 749 4151 qui
814 4097 919 4137 non
959 4082 1119 4135 habe-
1196 4081 1388 4134 habere
1453 4082 1614 4146 vires,
1692 4091 1829 4146 quas
1896 4090 2003 4129 non

2712 4045 2721 4050 ’
2994 4065 3122 4106 sem.
3159 4050 3202 4103 Ο
3226 4045 3526 4113 confessiol

2185 4126 2227 4152 λι
2315 4126 2333 4152 ι
2424 4124 2725 4152 annum...”
2810 4124 2918 4152 sum,
3068 4119 3177 4152 l‘ml
3287 4116 3488 4152 ιιηινοιι

458 4116 619 4152 ww,
650 4116 748 4151 ’μ’
815 4116 919 4137 mm
959 4116 1119 4135 "ww
1187 4116 1614 4205 WW’
1692 4116 1829 4146 ww
1897 4116 2003 4129 mm
2122 4200 2132 4207 Δ
2185 4126 2249 4179 Ν.
2309 4126 2361 4178 li.
2419 4124 2746 4193 Spectemus,
2803 4124 2923 4189 fra-
3068 4119 3198 4207 Cod.
3257 4116 3815 4207 ‘Mugell.u_8pec-te-

2996 4205 3134 4253 mus,
3158 4191 3384 4255 fratres,
3403 4200 3660 4256 magnam
3688 4200 3816 4254 spc-

2997 4261 3283 4317 ctaculum.

3069 4330 3245 4387 Codd.
3329 4330 3469 4383 Erat
3532 4325 3772 4396 inﬁdelis
3796 4343 3813 4390 ;

2993 4434 3192 4490 parum
3239 4421 3319 4473 est
3348 4415 3608 4485 inﬁdelis.
3650 4418 3814 4482 Erat,

2185 4126 2249 4179 N.
2309 4126 2361 4178 4.
2419 4124 2746 4193 Spectemus,
2803 4124 2923 4189 fra-

2114 4200 2237 4257 tres,
2290 4210 2447 4261 eum;
2500 4208 2757 4262 magnum
2801 4207 2919 4261 spe-

2043 4270 2085 4326 D
2110 4267 2394 4321 ctaculum.

2184 4335 2321 4390 Ibid.
2358 4337 2497 4391 Erat
2522 4334 2797 4405 inﬁdelis;
2826 4348 2923 4403 pa-

2110 4440 2232 4479 rum
2261 4427 2356 4479 est.
2389 4426 2548 4493 Erat,
2575 4426 2679 4477 etc.

899 4239 1130 4296 SERMO
1174 4239 1432 4294 CXXXIX.

380 4328 613 4401 Legitur
637 4328 697 4384 in
726 4330 851 4384 cod.
881 4329 1094 4385 Cassin.
1132 4344 1227 4391 vn,
1260 4327 1358 4381 fol.
1403 4326 1517 4388 144,
1552 4323 1650 4378 ubi
1700 4323 1848 4377 hanc
1883 4334 2000 4401 cor-

309 4399 621 4465 rectionem
652 4410 987 4481 reperimus.
1025 4405 1376 4462 Benedictini
1404 4421 1461 4459 n.
1496 4408 1526 4459 3
1558 4404 1704 4458 hanc
1741 4399 2003 4456 dimidia-

308 4493 429 4544 tam
458 4488 798 4545 senlentiem
827 4490 1078 4544 habent:
1124 4489 1294 4542 Homo
1333 4487 1571 4555 sapiens,
1615 4485 1672 4537 in
1705 4483 2005 4536 aternitate
2534 4483 2546 4493 '
2995 4483 3101 4546 δια,

311 4573 554 4639 tempora
576 4570 848 4638 inquiris;
880 4569 976 4623 ubi
1004 4582 1112 4622 non
1139 4570 1266 4621 sunt
1296 4570 1556 4633 tempora,
1581 4563 1779 4631 quaeris
1798 4564 2001 4624 ztates,
2186 4566 2250 4620 N.
2433 4564 2603 4639 Orare
2629 4634 2643 4639 _
2658 4563 2788 4639 ﬁde
2816 4578 2924 4639 non
3010 4636 3018 4639 _
3066 4560 3169 4639 Iid.
3224 4559 3417 4639 (ᾕρεε.
3444 4555 3684 4639 ῄὰεφιῳι
3722 4570 3822 4639 po-

310 4627 487 4704 codex
518 4627 710 4702 autent
738 4627 952 4718 optime
981 4647 1154 4702 dicit:
1194 4646 1377 4700 Homo
1402 4627 1649 4719 sapiens,
1698 4644 1757 4695 in
1790 4641 2004 4694 wterni-
2112 4638 2359 4719 possetis,
2414 4637 2527 4690 nisi
2565 4627 2726 4704 ﬁdem
2770 4634 2926 4687 habe—
2999 4634 3168 4694 testis,
3203 4631 3313 4685 nisi
3338 4628 3499 4698 fidem
3546 4627 3818 4681 habeatis.

309 4732 419 4783 tate
475 4731 716 4797 tempora
774 4710 994 4795 quzris,
1045 4726 1141 4779 ubi
1192 4740 1299 4779 non
1341 4710 1777 4791 sunt'temp‘ora;
1808 4720 2005 4788 quwris
2110 4710 2264 4787 ναίει
2889 4776 2899 4787 _
3103 4771 3115 4783 ,
3723 4769 3734 4779 _

315 4810 495 4836 mm...
548 4807 646 4836 ..λδ
663 4821 768 4836 η-..
801 4810 925 4836 ......
948 4809 1127 4836 ...ιηιηο
2186 4777 2329 4832 Ιὺιᾱ.
2399 4776 2670 4836 Ouomodo
2724 4774 2925 4836 praeda-
3071 4771 3177 4827 11d.
3239 4768 3512 4835 Quomodo
3550 4767 3828 4836 191‘sz-

311 4810 512 4873 aatates,
548 4780 646 4862 ubi
663 4774 1147 4862 nonisuntaetates.
1602 4774 1621 4791 ι
1765 4774 1776 4787 ’
1816 4774 1834 4788 ⁸
2366 4774 2925 4873 ,ρξοίζιοιὲρηῇ

944 4842 1147 4861 σ¹“”’⁹⁰’
2114 4848 2333 4916 cabunt,
2363 4842 2434 4902 si"
2459 4863 2566 4902 non
2610 4842 2922 4901 mittantur.
3004 4843 3165 4909 bunt,
3196 4843 3308 4895 nisi
3334 4842 3646 4894 mittantur.

927 4902 1163 4959 SERMO
1196 4901 1392 4958 CXLII.
2188 4919 2305 4959 nua
2364 4919 2434 4959 m
2465 4917 2639 4959 addat
2664 4917 2930 4959 Imnanum
3080 4913 3186 4959 Iid-
3226 4915 3291 4959 Et
3312 4909 3513 4959 addere
3540 4909 3646 4959 bon

2187 4909 2330 4974 Ibid:
2354 4919 2434 4972 Et
2465 4917 2639 4972 addat
2664 4917 2801 4972 bona
2812 4931 2930 4984 qua
3080 4913 3186 4968 Iid.
3220 4915 3291 4984 Et
3312 4909 3682 4984 addere
3704 4923 3830 4977 quae

381 4992 615 5064 Legitur
640 4992 700 5048 in
736 4992 869 5048 Cod.
923 4991 1137 5046 Cassin.
1188 5007 1283 5055 vn,
1334 4988 1433 5044 fol.
1473 4990 1598 5053 156,
1650 4984 1751 5041 ubi
1801 4983 2006 5039 conﬁr-

2114 5006 2221 5046 non
2251 4988 2525 5044 habemus.
2819 4979 2840 4984 ’
3000 4999 3109 5039 non
3160 4982 3436 5037 habemus.
3503 4979 3645 5033 Vide
3700 4994 3823 5032 var.

312 5057 500 5126 matur
530 5073 755 5128 varians
784 5072 950 5127 lectio
981 5087 1111 5141 quae
1142 5067 1595 5124 in'Benedictina
1626 5065 1878 5121 editione
1917 5064 2008 5118 ad-
2184 5131 2228 5141 __
2257 5130 2306 5141 η
2375 5131 2403 5141 _
2550 5131 2561 5141 .
2599 5129 2635 5141 η
2764 5128 2780 5141 ‘
2857 5127 2873 5141 τ
3005 5057 3183 5141 litatur.

313 5149 540 5205 ducitur
567 5127 655 5205 bis
717 5167 776 5205 ιι.
810 5154 839 5206 5
894 5127 1101 5211 verbis.
1160 5151 1305 5216 Ergo
1357 5146 1703 5213 detumescat,
1761 5141 2009 5198 addendo
2184 5130 2333 5216 Ῑξίιξ
2366 5127 2928 5216 Ῑηυοηὶείνὶμηάᾅξῖίξῂ

3074 5124 3179 5179 Iid.
3236 5123 3500 5178 Invenisti
3552 5120 3700 5175 unde
3730 5118 3832 5173 da-

313 5192 655 5301 ρέεὲἑῖιιῖὲἔ
673 5192 1101 5296 ιιεέὲέειῖῦὲῗὲἓ
1131 5192 1703 5297 οῐρἵε“εηῐιῖἱάὲ’.”””’
2116 5198 2932 5301 1,19,83,32?eieramus
3003 5196 3360 5301 7,323,.”2333,

897 5325 1130 5381 SERMO
1157 5323 1403 5378 CXLVII.

2121 5272 2408 5328 habuisti?
2460 5272 2608 5337 Ergo
2644 5261 2786 5324 unde
2829 5269 2930 5323 da-
3008 5267 3176 5321 buisti
3214 5279 3361 5337 ergo
3413 5262 3555 5337 unde
3607 5261 3773 5316 dares
3802 5264 3833 5315 ?

2119 5360 2201 5399 res
2223 5342 2438 5411 aliquid
2476 5333 2756 5396 habuisti?
2866 5384 2878 5397 .
3007 5333 3556 5411 ali_quid__habuisti?

2194 5415 2258 5468 N.
2283 5404 2335 5467 ϐξ
2372 5416 2489 5469 Una
2523 5427 2644 5467 voce
2692 5411 2853 5466 elisus
2884 5413 2935 5465 et
3078 5404 3182 5461 Iid.
3221 5408 3334 5461 Una
3384 5420 3510 5459 voce
3561 5404 3730 5457 elisus
3779 5408 3834 5455 et

389 5414 620 5485 Legitur
647 5416 708 5470 in
729 5415 851 5471 cod.
888 5416 1131 5470 Florent.
1169 5428 1341 5479 ccuu,
1382 5410 1526 5465 Bibl.
1559 5407 1749 5472 didit,
1780 5407 1877 5463 fol.
1906 5410 2012 5463 299

2126 5486 2335 5539 levatus
2359 5485 2577 5552 ;elisus,
2608 5486 2715 5538 etc.
3012 5480 3223 5534 levatus
3254 5480 3331 5532 est
3353 5492 3368 5542 ;
3389 5476 3571 5543 elisus,
3606 5477 3716 5527 etc.

322 5499 377 5550 et
408 5494 553 5551 Bibl.
584 5495 835 5567 Mugell.,
867 5494 988 5551 cod.
1026 5509 1136 5561 xw,
1169 5491 1268 5547 fol.
1307 5494 1424 5546 III.
