4004 6182
223 202 354 254 1173

285 325 424 379 Ibid.
451 324 711 393 Deposita
734 325 918 377 tunica
940 338 1018 378 ve-

217 398 338 461 teri,
365 397 597 465 peccatis
623 408 895 463 pannosa.

1167 323 1302 377 Cod.
1376 323 1559 378 Fesul.

1099 395 1282 447 tunica
1317 397 1511 448 veteris
1542 397 1749 463 peccati
1773 409 1910 464 pan-

1096 478 1247 517 nosa.

782 535 1011 589 SERMO
1045 534 1358 589 CLXXVIII.

286 607 584 662 Hicsermo
618 605 904 675 reperitur
930 605 991 658 in
1047 605 1173 658 cod.
1232 605 1382 659 Cass.
1427 621 1504 670 x1,
1563 604 1664 660 fol.
1720 607 1803 672 Il,
1854 608 1910 658 et

213 695 330 732 an.
371 683 400 731 7
441 678 501 729 in
531 676 753 730 duobus
812 676 1180 740 Florentinis,
1239 691 1446 744 nempe
1493 675 1636 730 Bibl.
1677 677 1904 746 Mugell.

213 750 334 803 cod.
403 764 480 813 xx,
541 747 640 800 fol.
693 749 780 808 3l,
845 751 900 799 et
954 746 1013 798 in
1057 746 1197 799 Bibl.
1251 747 1510 800 Fesulan.
1556 745 1678 800 cod.
1709 745 1794 812 XI,
1815 746 1908 799 fol.

211 823 316 874 229
351 820 402 873 b.
437 817 881 884 Pulcherrimus,
914 816 1006 869 hic
1029 831 1214 870 sermo
1247 816 1327 870 ita
1357 816 1623 870 scribitur
1651 817 1710 869 in
1756 817 1909 870 codi-

213 891 372 944 cibus
405 887 762 954 Florentinis,
799 895 860 941 ut
889 888 944 940 in
979 903 1046 957 eo
1097 887 1304 940 citetur
1362 887 1606 957 ipsemet
1641 888 1910 957 Augusti-

1563 197 1944 256 LECTIONES
1985 200 2386 256 VARIANTES.

1657 325 1908 392 Deposita
1946 327 1989 379 Α
2015 323 2180 378 dubio
2223 326 2271 377 si
2300 325 2415 392 ipse
2452 325 2503 377 si
2527 322 2879 392 perdidisset,
2921 323 3016 378 hoc
3044 326 3095 377 si
3132 324 3198 378 de
3225 326 3333 379 alio
3363 329 3483 394 ﬁeri
3514 327 3716 381 voluis-

3577 208 3709 259 1174

2018 400 2111 458 set,
2153 395 2442 448 secundum
2491 394 2632 447 illud
2678 394 2823 462 quod
2863 397 3127 462 scriptum
3158 401 3236 449 est
3271 413 3283 449 :
3340 399 3532 454 Omnia
3561 413 3708 464 quie—

2019 480 2240 532 cumque
2272 466 2436 518 vultis
2466 468 2526 517 ut
2545 467 2758 529 faciant
2809 465 2959 519 vobis
2989 466 3243 533 homines,
3269 472 3318 521 et
3347 482 3438 522 vos
3469 469 3582 521 illis
3619 470 3712 533 fa-

2019 539 2119 590 cite
2148 537 2417 589 similiter.
2455 535 2520 587 Si
2539 537 2847 602 quisquam.

2090 605 2229 660 Ibid.
2275 606 2470 659 Debere
2499 606 2734 658 reddire.

2093 679 2154 730 N.
2227 678 2277 729 8.
2344 677 2606 742 Quoniam
2689 674 2831 728 dona

2022 747 2125 800 Dei
2152 753 2276 800 sunt
2299 749 2327 800 ?

2091 885 2230 941 Ibid.
2267 889 2452 941 Dicam
2482 886 2624 955 quod
2642 888 2831 953 fecerit

213 977 345 1028 nus,
378 959 472 1013 cui
495 964 688 1012 tamen
718 962 868 1010 certe
912 956 1253 1011 tribuendus
1296 956 1416 1028 est;
1465 958 1615 1012 unde
1647 956 1909 1011 concludi
2013 956 2397 1027 pauperrimus
2452 959 2623 1025 homo,
2676 958 2830 1012 nobis

214 1025 401 1102 potest
436 1028 755 1102 aliquando
801 1043 1124 1102 sermonem
1175 1043 1342 1102 posse
1388 1025 1646 1102 legitime
1693 1028 1912 1082 auctori

216 1097 411 1167 tribui,
435 1097 564 1153 licet
581 1099 704 1168 ipse
729 1103 927 1151 auctor
956 1097 1160 1152 citetur
1199 1098 1262 1151 in
1314 1097 1525 1168 opere;
1558 1099 1664 1153 hoc
1718 1103 1910 1152 autem

216 1171 523 1241 aliquando
555 1169 679 1223 ﬁeri
709 1169 896 1239 potuit
940 1168 1312 1223 amanuensis
1346 1170 1564 1222 incuria
1607 1174 1705 1223 aut
1741 1169 1911 1240 igno-

221 1241 421 1296 rentia.

291 1311 434 1366 Edit.
468 1327 525 1364 n.
557 1313 611 1363 2.
666 1309 766 1364 Ubi
808 1313 1027 1378 poneret

218 1382 541 1446 consulebat,
587 1395 691 1434 non
747 1381 812 1433 de
841 1381 1023 1448 cujus-

219 1468 382 1522 quam
406 1451 574 1522 vicini
591 1453 761 1519 agris.

293 1522 432 1576 Ibid.
523 1521 674 1587 Quod
739 1521 1027 1575 relicturus

219 1609 272 1649 es
291 1594 471 1648 ?Ecce
490 1594 800 1662 increpatus
821 1597 917 1645 est.

292 1805 356 1859 N.
416 1802 469 1858 3.
528 1803 811 1874 Numquid
887 1806 1030 1858 enim

217 1877 354 1929 Deus
396 1875 578 1929 stultis
656 1875 888 1928 daturus
951 1879 1031 1928 est

217 1961 442 2013 regnum
484 1945 731 2000 calorum
750 1947 780 1999 ‘?
828 1946 1032 2012 Quibus

220 2021 419 2084 autem,
454 2019 560 2071 etc.

293 2225 436 2280 Ibid.
490 2222 770 2296 Conjicere
817 2223 929 2281 hoc'
947 2227 1035 2280 vi-

221 2296 448 2351 demur:
500 2302 682 2366 aperte
725 2299 819 2353 hoc
855 2299 1032 2351 mani-

219 2369 459 2437 festeque
486 2368 784 2422 videamus.

298 2577 437 2633 Ibid.
525 2579 680 2644 Quod
744 2578 1035 2632 immiseri-

219 2663 338 2772 οἵτε
369 2653 505 2703 erat.
548 2649 830 2718 Numquid
873 2651 1034 2714 enim,

220 2734 250 2772 e
279 2736 328 2774 c.

291 2929 354 2983 N.
425 2933 476 2984 5.
538 2930 755 2998 Cogitas
801 2931 1038 2998 spoliare

214 3015 512 3070 paganum,
545 3006 596 3055 et
649 3003 842 3056 vesti-re
889 3000 1039 3057 Chri-

220 3073 478 3125 stianum.

295 3141 359 3194 N.
428 3146 480 3194 7.
557 3143 780 3196 Beatum
845 3145 1034 3196 sancta

218 3211 511 3280 Scriptura
568 3213 722 3280 dicit,
779 3215 876 3280 qui
910 3215 1035 3282 post

221 3298 444 3351 aurum,
463 3287 567 3338 etc.

296 3422 436 3478 Ibid.
483 3426 568 3478 Et-
601 3440 708 3479 non
743 3425 893 3490 fecit.
959 3426 1039 3478 Tu

222 3499 404 3548 autem
462 3495 600 3549 dicis
626 3512 639 3549 :
726 3497 1036 3563 Numquam

220 3567 420 3632 negavi
444 3581 558 3619 rem
601 3567 856 3619 alienam.
895 3565 1038 3630 Quia

220 3638 366 3702 forte
398 3651 550 3690 nemo
609 3636 713 3690 tibi
769 3651 1037 3690 commen-

222 3706 408 3770 davit;
455 3711 551 3760 aut
585 3708 728 3772 forte
773 3721 1035 3760 commer-

221 3776 398 3839 davit,
414 3776 509 3829 sed
531 3777 628 3830 sub
655 3777 877 3831 testibus
895 3792 1034 3830 com-

224 3846 522 3900 mendavit.
544 3848 651 3902 Dic
669 3849 824 3916 mihi,
849 3847 1034 3901 reddi-

223 3917 382 3985 disti,
417 3921 528 3971 etc.

1175 1309 1311 1363 Cod.
1347 1308 1496 1363 Cass.
1551 1309 1652 1363 Ubi
1692 1314 1914 1378 poneret

1100 1381 1394 1446 cogitabat,
1436 1381 1577 1434 nulli
1603 1381 1913 1435 violentiam

1100 1453 1296 1518 facere,
1315 1465 1421 1503 non
1443 1450 1526 1517 de,
1550 1455 1654 1505 etc.

1174 1521 1252 1575 Id.
1297 1521 1454 1586 Quod
1487 1523 1776 1576 relicturus
1809 1537 1861 1576 es
1885 1522 1913 1577 7

2018 1028 2168 1096 apud
2223 1028 2581 1082 Mediolanum
2627 1031 2830 1081 consti—

2019 1102 2151 1152 tutis
2176 1114 2189 1165 ;
2235 1104 2345 1153 tam
2367 1114 2600 1168 pauper,
2631 1102 2691 1151 ut
2710 1114 2832 1167 pro-

2018 1170 2251 1224 scholus.

2973 605 3077 660 Iid.
3112 607 3267 660 Debet
3294 607 3534 662 reddere.

2974 676 3084 729 Cod
3097 716 3109 729 .
3181 677 3369 731 Fesul.
3451 678 3718 744 Quomodo

2905 749 2996 800 Dei
3032 747 3173 800 dona
3219 749 3390 802 sunt?
3426 750 3560 802 Cod.
3596 751 3716 803 Mu-

2899 817 3032 888 gell.
3071 819 3356 887 Quoniam,
3390 823 3454 872 ut
3495 819 3553 872 in
3582 820 3717 872 edit.

2976 887 3076 940 Iid.
3133 891 3320 942 Dicam
3369 889 3504 958 quid
3529 892 3718 956 fecerit

2905 958 3054 1012 homo
3121 960 3345 1026 quidam
3421 963 3712 1029 pauperri-

2903 1044 3040 1090 mus,
3071 1045 3127 1082 eo
3177 1034 3409 1098 tempore
3460 1046 3562 1098 quo
3594 1046 3718 1084 san-

2904 1104 3018 1152 ctus
3052 1100 3367 1154 Ambrosius
3425 1102 3720 1155 Mediolani

2905 1175 3023 1223 erat
3068 1173 3365 1239 episcopus,
3446 1173 3542 1225 ubi
3597 1177 3718 1226 tunc

2904 1254 3140 1306 praesens
3163 1247 3280 1294 erat
3323 1245 3485 1295 etiam
3534 1243 3721 1309 Augu-

2021 1312 2196 1364 stinus
2244 1309 2488 1382 nondum
2539 1311 2849 1382 episcopus;
2887 1315 3234 1382 tamipauper
3263 1313 3352 1365 ille
3384 1317 3444 1365 ut
3471 1317 3720 1382 prose/ao-

2023 1383 2262 1435 lasticus.
2293 1379 2520 1452 Additio
2553 1379 2870 1452 scribentis.
2911 1381 3044 1452 God.
3085 1383 3266 1436 Fesul.
3300 1379 3716 1452 habet—prosca-

2022 1452 2105 1506 lus
2129 1469 2142 1517 ;
2177 1451 2378 1504 melior
2405 1467 2499 1504 vos
2525 1451 2855 1519 proscholus,
2883 1455 2946 1504 ut
2975 1451 3035 1503 in
3066 1452 3200 1506 edit.

2095 1521 2236 1576 Ibid.
2292 1520 2396 1577 Sed
2441 1523 2605 1590 plane
2671 1521 2837 1576 Chri-

1101 1592 1426 1646 Praecedant
1445 1607 1568 1658 ergo
1598 1595 1774 1661 magis
1806 1607 1908 1660 quo
1949 1610 1989 1664 Β
2024 1594 2254 1656 stianus,
2309 1595 2555 1660 quamvis
2589 1591 2679 1645 ille
2705 1596 2838 1644 esset

1100 1667 1379 1716 secuturus
1424 1677 1496 1718 es.
1543 1665 1674 1717 Ecce
1742 1665 1912 1717 incre-

1095 1737 1262 1802 patus
1287 1737 1382 1787 est.

1175 1803 1255 1856 Id.
1280 1803 1556 1870 Numquid
1587 1803 1732 1858 enim
1779 1806 1915 1857 Deus

1103 1875 1286 1928 stultis
1317 1874 1548 1928 daturus
1576 1879 1654 1928 est
1691 1889 1917 1941 regnum

1105 1945 1350 1999 calorum
1375 1945 1650 1999 ?Probant
1689 1946 1782 1998 hoc
1812 1946 1918 1999 illae

1106 2017 1343 2083 quinque
1370 2017 1610 2080 virgines
1630 2030 1749 2084 quae
1759 2020 1918 2068 extra

1099 2086 1332 2155 januam
1380 2086 1632 2153 leguntur
1665 2086 1916 2140 emclusz.

1108 2157 1315 2221 Quibus
1345 2163 1544 2222 autem,
1568 2159 1674 2209 etc.

1179 2226 1313 2280 Cod.
1411 2228 1563 2282 Cass.
1643 2227 1919 2294 Conjicere

1109 2297 1202 2350 hoc
1248 2297 1496 2351 videmur
1517 2316 1534 2350 :
1580 2297 1920 2352 considerare

1108 2372 1286 2421 autem
1342 2371 1601 2422 attentius
1649 2368 1916 2435 debemus,

1107 2443 1168 2490 ut
1199 2438 1293 2491 hoc
1321 2441 1564 2507 apertius
1599 2439 1778 2492 videre
1796 2453 1922 2508 pos-

1109 2522 1298 2562 Simus.

1179 2577 1262 2632 Id.
1316 2578 1472 2642 Quod
1539 2580 1921 2633 immisericors

1109 2652 1246 2713 erat,
1278 2663 1384 2701 non
1431 2651 1564 2716 quia
1599 2650 1780 2703 aliena
1833 2665 1922 2703 ra-

1107 2721 1251 2786 puit,
1283 2719 1380 2773 sed
1409 2723 1540 2786 quia
1571 2719 1636 2774 de
1676 2723 1921 2788 propriis

1110 2803 1333 2855 erogare
1386 2791 1580 2843 noluit.
1636 2791 1923 2860 Numquid

1111 2861 1270 2924 enim,
1305 2863 1411 2913 etc.

1184 2929 1266 2983 Id.
1312 2930 1526 2997 Cogitas
1556 2931 1791 2998 spoliare
1821 2931 1922 2985 hee-

1961 2885 1998 2939 Ο

2019 1678 2272 1732 paganus
2292 1664 2678 1730 grammaticus
2693 1680 2713 1725 ,·
2734 1677 2837 1714 me-

2022 1735 2126 1787 lior
2151 1733 2223 1786 ad
2251 1733 2432 1788 velum
2462 1748 2625 1800 quam
2650 1734 2708 1785 in
2739 1747 2836 1784 ca-

2023 1804 2234 1857 thedra.
2294 1805 2506 1870 Pauper
2565 1817 2688 1870 ergo
2736 1804 2837 1856 iste

2023 1876 2229 1928 invenit
2252 1875 2542 1938 sacculum,
2571 1877 2679 1927 nisi
2695 1874 2837 1938 forte

2023 1959 2106 1998 me
2161 1958 2413 1997 numerus
2483 1945 2656 2010 fallit,
2716 1959 2836 1997 cum

2025 2014 2214 2069 solidis
2236 2017 2402 2080 ferme
2427 2014 2703 2068 ducentis:
2735 2029 2840 2067 me-

2023 2100 2141 2139 mor
2178 2086 2306 2151 legis
2328 2087 2626 2154 proposuit,
2659 2088 2766 2137 etc.

2098 2155 2239 2209 Ibid.
2274 2158 2344 2209 Et
2371 2171 2438 2208 ne
2468 2157 2612 2221 forte
2633 2169 2841 2223 quaere-

2025 2231 2108 2281 ret
2129 2227 2382 2291 alienum,
2421 2227 2695 2294 quaesivit.
2785 2257 2794 2261 -

2026 2366 2110 2421 vis
2135 2366 2294 2421 codd.
2330 2365 2585 2420 habeant
2614 2365 2709 2420 sed

2102 2438 2242 2492 Ibid.
2277 2439 2480 2493 Saltem
2504 2440 2720 2504 rogavit
2755 2437 2840 2490 vel

2029 2511 2266 2579 quinque
2295 2509 2579 2579 acciperet.

2103 2579 2242 2633 Ibid.
2338 2577 2841 2634 Stomachabundus

2031 2650 2200 2704 homo.

2102 2719 2224 2773 Ibid
2237 2761 2249 2772 .
2317 2718 2468 2784 Quod
2518 2717 2843 2787 oﬂ'erebatur

2030 2793 2234 2858 accepit
2258 2805 2270 2842 :
2314 2792 2582 2856 continuo,
2628 2794 2730 2843 etc.

2103 2930 2170 2983 N.
2225 2932 2276 2982 9.
2319 2929 2462 2995 Quid
2493 2928 2617 2983 est?
2645 2929 2706 2985 Si
2735 2929 2840 2982 ali-

1111 3003 1334 3054 reticum
1361 3001 1445 3054 vel
1459 3001 1726 3068 Judaeum,
1755 3006 1922 3056 etnon
2031 3000 2259 3069 quidegi
2278 3002 2334 3053 in
2356 3000 2605 3054 cordibus
2625 3002 2837 3064 vestris,

1103 3072 1297 3124 vestire
1320 3071 1707 3126 Christianum.

1179 3140 1353 3195 Codd.
1398 3142 1642 3194 Florent.
1677 3143 1741 3195 In
1784 3141 1923 3197 Scri-

1102 3213 1282 3280 pturis
1314 3211 1520 3266 divinis
1543 3213 1788 3280 legimus,
1811 3215 1924 3278 fra-

1108 3286 1213 3337 tres
1247 3283 1577 3348 charissimi,
1611 3283 1754 3350 quod
1791 3283 1917 3335 bea-

1107 3356 1192 3407 tus
1213 3355 1287 3407 sit
1323 3355 1421 3421 qui
1431 3359 1553 3421 post
1567 3369 1784 3420 aurum,
1809 3357 1918 3406 etc.

1182 3423 1284 3477 Iid.
1308 3427 1377 3478 Et
1390 3439 1496 3478 non
1515 3426 1662 3491 fecit.
1677 3427 1917 3489 Fratres,

1108 3495 1497 3561 interrogemus
1575 3497 1922 3548 conscientias

1109 3569 1346 3630 nostras,
1377 3571 1428 3618 et
1456 3565 1737 3620 videamus
1767 3567 1816 3620 si
1843 3567 1920 3619 ita

1109 3635 1465 3704 cupiditatem
1515 3639 1919 3701 contemnimus,

1108 3709 1168 3758 ut
1198 3707 1356 3759 istius
1387 3706 1743 3759 beatitudinis
1779 3722 1920 3776 par-

1110 3777 1298 3844 ticipes
1324 3791 1434 3829 esse
1453 3779 1740 3844 possimus.
1768 3779 1922 3830 Forte

1108 3846 1311 3914 aliquis
1339 3849 1488 3899 intra
1544 3861 1598 3900 se
1647 3849 1847 3912 cogitat
1873 3851 1924 3901 et

1110 3916 1242 3970 dicit
1265 3931 1277 3970 :
1313 3919 1420 3972 Nec
1451 3919 1664 3982 furtum
1688 3932 1782 3970 nec
1805 3919 1919 3971 vio-

1108 3988 1331 4042 tentiam
1342 3989 1510 4054 facio,
1544 4003 1636 4041 nec
1665 3989 1922 4055 rapinam

219 4071 456 4124 exerceo,
487 4072 582 4112 nec
624 4072 710 4112 res
755 4058 960 4112 alienas
1005 4058 1304 4127 aliquando
1342 4060 1556 4125 negavi.
1611 4060 1764 4112 Forte
1802 4058 1920 4111 ideo

218 4142 331 4181 non
360 4132 589 4194 negasti,

624 4131 756 4198 quia
794 4129 898 4182 tibi
940 4145 1091 4182 nemo
1137 4128 1504 4182 commendare
1533 4129 1724 4193 voluit,
1757 4133 1852 4182 aut
1871 4130 1922 4182 si

217 4199 632 4265 commendavit,
673 4199 771 4254 sub
809 4200 1030 4254 testibus
1072 4198 1480 4254 commendavit.
1529 4199 1636 4252 Dic
1664 4199 1822 4266 mihi,
1871 4202 1922 4254 si

231 4269 555 4336 reddidisti,
590 4275 695 4325 etc.

295 4339 437 4393 Ibid.
484 4343 693 4396 Mortuo
746 4343 841 4410 qui
895 4355 1035 4395 com-

214 4410 513 4465 mendavit.

297 4480 437 4535 Ibid.
485 4481 624 4546 Quia
670 4485 793 4550 post
841 4497 1037 4536 aurum

213 4565 329 4606 non
360 4552 482 4619 isti;
519 4555 671 4620 quia,
705 4557 810 4606 etc.

297 4621 443 4676 Ibid.
502 4621 568 4676 Si
605 4625 748 4690 forte
802 4623 1038 4677 alienum

214 4693 511 4747 sacculum.

214 4762 435 4888 dibid.
504 4762 735 4820 Verbum
778 4763 882 4817 Dei
942 4780 1037 4818 au-

259 4848 330 4888 is.

259 4848 330 4888 23.

295 4903 415 4957 Ibid
435 4947 446 4958 .
524 4905 821 4959 Latissime
901 4919 1034 4960 com-

212 4977 471 5029 moveris.

289 5045 432 5099 Ibid.
546 5047 784 5114 Propono
885 5062 1029 5114 ergo.

212 5116 366 5170 Deus
397 5117 549 5170 dicit.

289 5185 430 5241 Ibid.
493 5186 670 5253 Quam
713 5188 890 5256 primo
937 5203 1036 5257 po-

208 5257 342 5326 pulo
372 5257 542 5311 dedit.

288 5326 428 5381 Ibid.
488 5326 734 5382 Nondum
789 5328 1033 5384 Christus

211 5401 336 5451 erat
363 5403 630 5463 mortuus,
671 5400 1030 5453 inventionem

212 5472 480 5535 tanquam
512 5469 747 5522 alienum
774 5484 884 5522 esse
913 5471 1029 5524 red

210 5537 451 5591 ciendam
467 5582 480 5595 .
509 5539 572 5592 Si
601 5541 907 5605 quisquam.

1180 4338 1283 4393 Iid.
1316 4341 1526 4395 Mortuo
1563 4355 1620 4395 eo
1664 4341 1760 4409 qui
1787 4355 1922 4395 com-

1109 4410 1406 4464 mendavit.

1181 4481 1285 4535 Iid.
1343 4482 1483 4546 Quia
1533 4485 1657 4550 post
1723 4496 1920 4538 aurum

1110 4567 1215 4606 non
1244 4551 1447 4617 abisti;
1481 4555 1595 4620 qui,
1630 4555 1737 4606 etc.

1181 4621 1281 4675 Iid.
1315 4623 1427 4676 Aut
1453 4625 1503 4676 si
1518 4625 1661 4688 forte
1683 4623 1921 4676 alienum

1108 4693 1402 4746 sacculum.

1180 4764 1282 4816 Iid.
1322 4763 1553 4818 Verbum
1581 4765 1675 4818 Dei
1697 4763 1921 4818 libenter

1109 4834 1288 4887 audis.

1179 4904 1280 4958 Iid.
1334 4904 1620 4959 Latissime
1687 4920 1917 4960 commo-

1104 4977 1270 5028 neris.

1179 5045 1278 5098 Iid.
1311 5044 1610 5099 Considera
1633 5045 1778 5114 quod
1790 5061 1918 5114 pro-

1099 5131 1242 5186 pono
1255 5155 1268 5168 .
1302 5115 1449 5169 Deus
1476 5114 1628 5170 dicit.

1180 5187 1283 5241 Iid.
1314 5187 1484 5252 Quam
1514 5188 1693 5254 priori
1715 5188 1917 5254 populo

1107 5257 1278 5310 dedit.

1145 5259 1278 5310 edit.

1179 5327 1280 5382 Iid.
1343 5326 1594 5382 Nondum
1663 5327 1916 5383 Christus

1105 5403 1223 5452 erat
1250 5402 1513 5465 mortuus,
1559 5402 1621 5451 ut
1665 5400 1915 5466 quicum-

1104 5484 1206 5537 que
1243 5484 1354 5522 rem
1401 5469 1783 5537 cujuscumque
1827 5469 1912 5522 in-

1101 5543 1324 5603 venerit,
1377 5543 1639 5606 tanquam
1684 5540 1916 5592 alienam

1099 5612 1204 5662 cito
1278 5612 1543 5668 restituat,
1639 5612 1736 5678 qui
1801 5612 1914 5660 sine

2028 3072 2079 3124 si
2123 3071 2342 3124 verbum
2395 3073 2490 3124 Dei
2543 3070 2744 3124 insedit
2781 3072 2838 3124 in

2028 3140 2198 3208 vobis,
2241 3143 2292 3194 si
2348 3143 2586 3209 requiem
2634 3143 2840 3194 invenit

2031 3211 2187 3279 apud
2208 3226 2320 3275 vos,
2361 3214 2531 3277 facite
2561 3212 2677 3275 hoc,
2717 3212 2840 3276 fra-

2031 3285 2136 3335 tres
2216 3284 2356 3335 mei:
2422 3283 2588 3336 nolite
2648 3285 2844 3350 putare

2030 3351 2288 3406 damnum
2316 3367 2408 3407 vos
2432 3354 2580 3422 pati,
2611 3355 2660 3405 si
2708 3353 2845 3418 fece-

2028 3423 2155 3476 ritis
2179 3439 2191 3488 ;
2224 3439 2480 3489 magnum
2505 3425 2712 3477 lucrum
2741 3428 2838 3490 est,

2031 3496 2081 3548 si
2110 3495 2361 3559 fecenitis
2393 3493 2536 3563 quod
2565 3493 2842 3547 dico.Per-

2031 3563 2152 3618 didi
2193 3567 2392 3630 viginti
2448 3564 2671 3627 solidos,
2707 3580 2841 3632 per-

2030 3635 2151 3687 didi
2182 3634 2453 3701 ducentos,
2499 3637 2835 3704 quingentos,

2031 3704 2180 3770 Quid
2217 3705 2551 3773 perdidisti?
2575 3707 2643 3758 De
2685 3704 2838 3758 domo

2029 3779 2125 3829 tua
2164 3777 2474 3843 perierant:
2534 3775 2673 3828 alter
2713 3791 2838 3844 per-

2030 3844 2268 3915 diderat,
2320 3861 2426 3900 non
2500 3850 2577 3899 tu.
2651 3847 2836 3912 Terra,

2031 3920 2138 3968 etc.

2102 3984 2247 4039 Ibid.
2313 3987 2494 4040 Posuit
2541 3986 2651 4051 ille,
2710 3987 2842 4040 obli-

2033 4059 2117 4109 tus
2145 4060 2222 4110 est
2258 4057 2367 4123 ille,
2393 4056 2586 4112 cecidit
2615 4057 2683 4111 ab
2711 4059 2840 4123 illo;

1962 4161 2003 4216 Β
2037 4131 2094 4180 tu
2115 4128 2373 4216 invenisti
2402 4127 2557 4216 alibi.
2593 4128 2842 4216 Quisnin-

2037 4199 2278 4252 venisti?
2310 4198 2672 4254 Christianus.
2709 4199 2844 4265 Quis

2032 4267 2348 4324 invenisti?
2399 4271 2496 4339 qui
2549 4271 2712 4337 legem
2750 4285 2846 4323 au-

2031 4339 2185 4404 disti,
2247 4339 2599 4395 Christianus
2641 4343 2738 4409 qui
2768 4342 2842 4394 le-

2029 4423 2148 4475 gem
2213 4411 2440 4466 audisti.
2519 4413 2648 4477 Quis
2700 4413 2843 4464 inve-

2029 4482 2206 4535 nisti?
2262 4484 2367 4550 Qui
2431 4497 2550 4536 cum
2620 4481 2840 4535 audires

2029 4550 2204 4604 multa
2256 4552 2517 4618 laudasti,
2579 4556 2637 4606 tu
2691 4555 2839 4606 inve-

2026 4623 2162 4675 nisti
2175 4623 2204 4675 ?
2222 4623 2284 4677 Si
2300 4638 2424 4690 ergo
2442 4625 2704 4677 veraciter
2717 4623 2838 4676 lau-

2028 4691 2196 4759 dasti,
2247 4693 2412 4746 redde
2469 4693 2613 4760 quod
2683 4695 2840 4747 inve-

2026 4764 2183 4818 nisti.
2222 4763 2283 4818 Si
2314 4767 2489 4818 autem
2513 4779 2617 4817 non
2647 4763 2840 4817 reddi-

2028 4832 2163 4887 disti
2173 4834 2318 4902 quod
2333 4836 2606 4899 invenisti,
2623 4834 2840 4903 quando

2027 4904 2269 4959 laudasti
2308 4907 2665 4959 testimonium
2714 4919 2837 4959 con-

2029 4979 2117 5028 tra
2146 4979 2196 5029 te
2233 4975 2450 5030 dixisti.
2493 4977 2686 5042 Estote,
2727 4981 2834 5032 etc.

2097 5185 2387 5243 Ibid.Nam
2415 5186 2561 5256 quod
2580 5189 2838 5242 invenisti

2024 5260 2076 5310 et
2102 5272 2208 5311 non
2234 5257 2548 5325 reddidisti,
2570 5261 2827 5327 rapuisti.

2096 5327 2233 5381 Ibid.
2269 5328 2545 5392 Quantum
2577 5330 2828 5398 potuisti,

2020 5397 2235 5464 fecisti;
2266 5401 2399 5466 quia
2422 5401 2549 5468 plus
2585 5397 2699 5453 non
2726 5414 2830 5468 po-

2024 5469 2222 5530 tuisti.
2278 5469 2396 5524 ideo
2431 5485 2537 5524 non
2589 5470 2713 5539 plus
2742 5471 2830 5534 [θ-

2021 5540 2159 5592 cisti.

2111 5610 2226 5663 Had.
2287 5613 2390 5680 Qui
2461 5611 2694 5664 alienum
2745 5627 2830 5661 no-

2981 1521 3086 1574 Iid.
3127 1522 3232 1577 Sed
3272 1523 3436 1592 plane
3479 1539 3636 1576 verus
3673 1528 3723 1577 et

2903 1594 3177 1660 perfectus
3212 1594 3576 1648 Christianus.
3619 1594 3724 1649 Sed

2909 1664 3096 1716 melior
3123 1665 3237 1728 fuit
3265 1664 3356 1716 ille
3381 1667 3476 1730 qui
3526 1664 3600 1717 ad
3631 1681 3719 1718 ve-

2911 1733 3020 1785 lum
3065 1733 3265 1800 stabat,
3318 1748 3481 1800 quam
3528 1737 3624 1802 qui
3659 1738 3720 1787 in

2909 1803 3167 1856 cathedra
3207 1803 3442 1857 sedebat.
3510 1807 3722 1873 Pauper

2908 1888 3031 1940 ergo
3072 1875 3172 1927 iste
3220 1876 3423 1927 invenit
3449 1879 3721 1930 sacculum

2906 1943 3256 1998 ducentorum
3343 1945 3642 2000 solidorum
3707 1962 3719 1999 :

2909 2029 3108 2068 memor
3139 2018 3313 2068 tamen
3353 2014 3554 2071 divinae
3589 2017 3724 2084 legis

2909 2087 3210 2153 proposuit,
3231 2092 3338 2138 etc.

2985 2155 3086 2208 Iid.
3123 2157 3193 2208 Et
3222 2170 3288 2208 ne
3306 2157 3447 2226 forte
3465 2161 3723 2226 quareret

2913 2225 3168 2290 alienum,
3216 2225 3328 2279 non
3363 2225 3540 2294 suum,
3577 2243 3723 2295 quae-

2909 2297 3056 2350 sivit.
3082 2295 3172 2350 Sic
3189 2297 3517 2367 legendum,
3535 2314 3724 2369 quam-

2731 2381 2832 2437 pro
2863 2381 2987 2421 non.

2986 2436 3085 2491 Iid.
3135 2438 3337 2493 Saltem
3395 2439 3609 2504 rogavit
3663 2441 3724 2490 ut

2911 2509 2995 2562 vel
3027 2511 3266 2577 quinque
3299 2511 3580 2577 acciperet.

2985 2579 3119 2632 Cod.
3158 2579 3378 2648 Mugell.
3451 2580 3542 2634 Ille
3608 2582 3724 2632 sto-

2913 2650 3213 2703 machatus.
3359 2653 3375 2672 ‘

2983 2719 3121 2773 Cod.
3159 2720 3408 2773 Florent.
3444 2718 3598 2784 Quod
3627 2720 3720 2785 of-

2911 2789 3191 2856 ferebatur
3231 2791 3456 2859 accepit,
3500 2793 3550 2842 et
3587 2805 3722 2843 con—

2915 2862 3084 2919 tinuo.
3109 2865 3214 2914 etc.

2989 2931 3082 2984 Iid.
3106 2930 3478 2992 Considerate,
3493 2931 3716 2996 fratres,

2915 3004 3026 3054 tam
3073 3003 3364 3067 gloriosum
3420 3002 3721 3068 exemplum

2913 3076 2963 3124 et
3022 3077 3131 3125 tam
3189 3070 3440 3126 mirabile
3489 3073 3720 3136 factum.

2910 3143 3018 3208 Egi
3080 3142 3293 3210 aliquid
3342 3145 3402 3194 in
3476 3142 3724 3195 cordibus

2913 3216 3128 3279 vestris,
3160 3215 3210 3267 si
3237 3213 3456 3266 verbum
3511 3215 3607 3265 Dei
3638 3228 3723 3265 re-

2916 3285 3120 3351 quievit
3167 3286 3223 3337 in
3269 3285 3475 3336 animis
3511 3285 3722 3337 vestris.

2914 3355 3094 3408 Facite
3153 3355 3268 3418 hoc,
3321 3356 3526 3420 fratres
3586 3355 3717 3409 mei.

2916 3425 3088 3479 Nolite
3115 3429 3310 3493 putare
3337 3439 3428 3478 vos
3468 3424 3725 3478 damnum

2909 3497 3050 3564 pati,
3079 3497 3130 3549 si
3179 3494 3321 3563 quod
3372 3511 3407 3547 a
3446 3496 3593 3548 vobis
3638 3497 3727 3548 in-

2913 3571 3130 3619 ventum
3148 3567 3321 3632 fuerit
3350 3565 3723 3619 reddideritis.

2914 3636 3124 3691 Credite
3152 3638 3284 3705 quia
3328 3651 3583 3701 magnum
3636 3637 3727 3689 lu-

2913 3722 3064 3760 crum
3087 3713 3183 3772 est,
3217 3707 3267 3759 si
3301 3707 3540 3770 feceritis
3579 3706 3724 3773 quod

2912 3791 3158 3844 suggero.
3191 3778 3346 3830 Forte
3389 3777 3593 3843 aliquis
3639 3792 3725 3830 ve-

2911 3849 3064 3900 niens
3095 3849 3152 3899 in
3179 3845 3330 3899 domo
3359 3850 3454 3899 tua
3477 3847 3724 3914 perdidit

2912 3917 3131 3972 solidos.
3171 3919 3355 3979 Terra,
3391 3921 3476 3969 etc
3489 3959 3501 3971 .

2986 3987 3086 4042 Iid.
3128 3989 3312 4042 Posuit
3367 3988 3478 4053 ille,
3527 3987 3723 4042 oblitus

2915 4063 3012 4124 est,
3042 4058 3126 4112 vel
3155 4059 3344 4113 cecidit
3371 4057 3438 4111 ab
3466 4059 3560 4112 illo
3585 4075 3598 4124 ;
3634 4061 3722 4112 in-

2913 4131 3128 4192 venisti,
3197 4131 3293 4197 qui
3342 4131 3400 4182 in
3459 4129 3569 4195 lege
3629 4146 3723 4183 au-

2917 4199 3051 4253 disti
3077 4202 3433 4253 inventionem
3461 4214 3572 4254 esse
3605 4200 3725 4254 red-

2916 4269 3167 4323 dendam.
3207 4271 3315 4335 Qui
3327 4272 3604 4339 invenisti,
3627 4273 3723 4339 qui

2915 4356 3035 4395 cum
3088 4340 3304 4394 audires
3361 4341 3579 4395 verbum
3624 4344 3724 4396 Dei

2916 4410 3186 4477 laudasti,
3231 4410 3395 4465 redde
3442 4413 3585 4479 quod
3635 4415 3721 4467 in-

2912 4484 3126 4536 venisti.
3155 4483 3221 4536 Si
3251 4487 3428 4536 autem
3455 4498 3561 4536 non
3605 4483 3724 4536 red-

2912 4551 3119 4606 dideris
3220 4553 3364 4621 quod
3444 4555 3720 4621 invenisti,

2913 4623 3131 4691 quando
3167 4624 3428 4688 laudasti,
3471 4626 3718 4678 testimo-

2911 4697 3062 4749 nium
3091 4699 3276 4749 contra
3299 4700 3346 4748 te
3374 4694 3587 4748 dimisit.
3621 4697 3720 4747 Es-

2915 4769 3036 4830 tote,
3061 4770 3163 4820 etc.
3197 4765 3284 4819 Sic
3323 4765 3490 4818 ambo
3531 4764 3718 4828 codd.,

2915 4841 3150 4906 excepto
3183 4835 3335 4906 quod
3367 4835 3494 4888 cod.
3533 4835 3715 4888 Fesul.

2912 4907 3104 4973 habet,
3151 4909 3273 4975 quis
3325 4907 3583 4959 invenisti
3613 4921 3717 4974 pro

2911 4981 3008 5045 qui
3027 4979 3302 5039 invenisti,
3334 4980 3390 5029 et
3427 4976 3550 5030 cod.
3595 4976 3718 5029 Mu—

2910 5049 3192 5117 gell.,non
3227 5046 3418 5100 reddes
3460 5063 3565 5118 pro
3612 5062 3717 5100 non

2909 5118 3233 5172 reddideris.

2978 5187 3084 5242 Iid.
3118 5189 3256 5243 Nam
3293 5189 3344 5241 si
3377 5189 3631 5242 invenisti
3669 5192 3718 5241 et

2906 5273 3014 5312 non
3059 5257 3373 5323 reddidisti,
3419 5261 3678 5327 rapuisti.

2977 5327 3082 5382 Iid.
3142 5329 3410 5394 Quantum
3467 5331 3714 5398 potuisti,

2909 5400 3122 5465 fecisti;
3147 5401 3280 5468 quia
3332 5401 3456 5469 plus
3499 5416 3605 5454 non
3642 5403 3718 5454 in-

2902 5471 3118 5537 venisti,
3149 5469 3268 5525 ideo
3313 5471 3438 5541 plus
3484 5487 3595 5526 non
3622 5487 3714 5526 ra-

2901 5543 3092 5608 puisti.

2984 5613 3083 5664 Iid.
3139 5613 3249 5675 Qui
3299 5613 3535 5668 alienum
3554 5616 3715 5678 negat
