4068 6192
363 233 496 283 H75

355 357 469 420 gat,
501 354 552 406 si
571 356 767 422 possit,
792 358 840 407 et
867 354 1026 408 tollit.

429 493 566 549 Ibid.
602 497 782 550 Timor
799 494 1062 564 prohibet.

427 636 572 690 Ibid.
607 640 661 690 et
686 651 744 689 η.
807 635 890 688 10.
915 633 1022 689 Sed
1049 651 1166 688 ma-

358 707 467 760 lum
487 709 696 760 metuis.
741 705 887 770 Quid
925 709 1004 758 est
1048 722 1165 759 ma-

354 793 539 844 gnum,
651 779 836 830 timere
909 776 1166 831 malum?

354 849 616 914 Magnum
668 852 764 912 est,
818 861 922 899 non
985 849 1166 911 facere

357 917 571 977 bonum,
603 919 743 972 Nam
767 922 817 970 et
860 918 1019 980 latro,
1053 925 1158 972 etc.

428 989 490 1041 N.
526 991 608 1041 tl.
651 988 756 1042 Sed
803 987 1053 1042 desidera
1081 992 1165 1042 vi-

356 1058 481 1112 dere
506 1061 689 1112 Deum.

426 1128 567 1182 Ibid.
611 1129 753 1193 Quia
809 1129 1012 1183 dictum
1067 1134 1161 1198 est,

357 1199 714 1253 dilectissimi.

429 1269 656 1324 Ibid.Si
683 1271 830 1323 enim
877 1284 1027 1323 amas
1073 1273 1166 1324 vi-

353 1339 479 1393 dere
538 1343 704 1394 Deum
761 1347 930 1404 tuum,
1008 1342 1060 1394 si
1110 1343 1168 1394 in

355 1412 454 1463 hac
534 1411 974 1478 peregrinatione
1074 1413 1166 1464 illo

353 1495 532 1533 amore
557 1483 804 1548 suspiras
831 1497 843 1545 ;
895 1496 1005 1534 ecce
1043 1497 1166 1549 pro-

357 1551 447 1604 bat
479 1555 526 1604 te
555 1553 812 1604 Dominus
849 1554 987 1605 Deus
1017 1556 1158 1618 tuus,

355 1622 516 1688 quasi
546 1620 694 1674 dicat
725 1622 860 1674 tibi:
901 1623 1028 1678 Ecce
1069 1625 1164 1688 fac

351 1691 496 1760 quod
514 1693 616 1758 vis,
648 1695 752 1745 etc.

1383 228 1790 286 SERMONIUM
1831 230 2284 288 GENUINORUM
2329 234 2384 288 S.
2426 233 2811 289 AUGUSTINI.

3722 240 3859 290 H76

1241 354 1291 406 si
1313 358 1514 420 posset,
1566 358 1616 407 et
1657 355 1879 408 tolleret.
1920 353 2052 408 Vide
2092 353 2138 406 Α
2167 356 2247 408 ita
2279 357 2437 410 terris
2460 356 2668 423 illuxit,
2698 361 2759 410 ut
2793 371 2900 410 non
2931 356 3192 412 desereret
3232 358 3406 423 oculos,
3449 363 3499 413 et
3540 359 3621 415 ibi
3661 365 3861 415 aeterne

1243 439 1361 478 var.
1398 424 1575 477 Maur.

1315 495 1448 548 Cod.
1498 493 1724 563 Mugell.
1780 497 1963 550 Timor
2003 499 2052 548 te

1241 565 1463 618 cohibet.

1316 635 1413 689 Iid.
1450 634 1557 688 Sed
1584 635 1790 690 malum
1833 638 2046 690 metuis.

1240 707 1308 759 Et
1329 707 1489 771 latro,
1522 711 1626 760 etc.

1236 847 1439 901 malum
1461 860 1472 902 :
1496 861 1751 914 magnum
1765 851 2052 908 est,amare

1313 986 1416 1041 Iid.
1477 986 1582 1041 Sed
1650 986 1918 1041 desideres
1967 988 2050 1040 vi-

1239 1057 1361 1111 dere
1395 1058 1584 1111 Deum.

1310 1128 1392 1182 Iid
1469 1128 1613 1193 Quid
1679 1129 1886 1182 dictum
1932 1127 2050 1182 est?

1239 1199 1596 1252 dilectissimi.

1314 1270 1413 1323 Iid.
1503 1270 1565 1324 Si
1655 1283 1805 1321 amas
1866 1271 2050 1322 videre

1242 1342 1404 1393 Deum
1437 1344 1604 1402 tuum,
1655 1341 1710 1391 in
1758 1341 1856 1392 hac
1895 1355 2048 1407 pere-

1239 1413 1542 1476 grinatione
1561 1410 1715 1463 illum
1743 1415 1850 1463 toto
1871 1426 2050 1463 amore

1237 1483 1477 1549 suspira,
1559 1481 1715 1532 illum
1775 1480 2042 1534 desidera.

1237 1553 1367 1604 Ecce
1407 1549 1648 1617 (addunt
1676 1550 1839 1604 codd.
1877 1552 2043 1616 male,

1233 1624 1326 1687 fac
1373 1623 1499 1689 quo)
1559 1625 1606 1674 te
1657 1621 1895 1688 probare
1932 1622 2048 1674 vult
2088 1633 2128 1687 Β

1238 1695 1373 1746 Deus
1418 1697 1562 1755 tuus,
1586 1696 1647 1744 ut
1666 1695 1930 1760 appareat
1946 1707 2047 1760 pro

1235 1763 1427 1830 quibus
1474 1763 1632 1815 rebus
1676 1761 1879 1829 diligas
1906 1777 2043 1828 eum,

2158 458 2400 508 manens,
2445 449 2495 498 et
2523 445 2608 497 hic
2639 445 3006 512 temporaliter
3039 447 3308 500 transiens
3333 445 3447 513 ;ibi
3469 450 3860 516 sempiternum

2160 533 2487 586 constituens
2519 531 2680 600 diem,
2711 534 2796 586 hic
2823 535 3118 587 humanum
3161 537 3376 602 patiens
3429 535 3602 601 diem;
3635 539 3716 590 ibi
3745 551 3864 590 sine

2160 622 2417 675 horarum
2441 635 2605 674 cursu
2633 621 2941 689 perenniter
2991 623 3197 689 vivens,
3245 623 3332 677 hic
3364 617 3479 677 sine
3519 627 3732 693 peccati
3771 628 3860 677 in-

2158 725 2320 764 cursu
2380 711 2748 778 temporaliter
2788 712 3058 778 moriens;
3117 711 3196 764 ibi
3231 728 3553 780 permanens
3601 715 3716 766 vita
3740 717 3858 766 sine

2156 813 2365 863 occasu,
2409 800 2495 853 hic
2551 801 2724 852 vitam
2746 802 2989 852 nostram
3018 814 3052 851 a
3079 801 3269 854 mortis
3300 801 3536 854 liberans
3565 815 3696 854 casu
3722 820 3737 865 ;
3780 802 3861 854 ibi

2156 887 2460 954 majestatis
2503 901 2612 940 suae
2662 888 2837 940 calore
2874 887 3208 953 Angelorum
3246 893 3445 942 mentes
3467 890 3732 953 accendit,
3768 891 3854 942 hic

2156 977 2274 1029 vita
2303 975 2578 1028 hominum
2622 981 2844 1029 mortem
2894 975 3156 1030 discernit
3201 980 3242 1030 ι.
3298 977 3391 1030 Ibi
3434 978 3531 1031 tua:
3561 979 3854 1046 carpitur!

2157 1077 2322 1130 quam
2342 1068 2588 1132 peccator
2618 1061 2640 1096 ⁸
2663 1065 2844 1118 nullus
2871 1067 3167 1132 extinguit,
3221 1067 3307 1120 hic
3361 1067 3514 1120 homo
3582 1069 3850 1131 nascitur,

2156 1153 2254 1219 qui
2305 1155 2522 1220 peccato
2550 1155 2571 1186 ⁸
2617 1156 2808 1205 cuncta
2855 1151 3166 1220 distinguit,
3219 1153 3302 1207 Ibi
3367 1157 3503 1208 Deus
3556 1171 3674 1208 cum
3723 1158 3849 1219 Deo,

2157 1239 2244 1291 hic
2301 1242 2438 1293 Deus
2481 1243 2532 1292 et
2579 1240 2749 1294 homo.
2805 1241 2888 1294 Ibi
2939 1241 3116 1295 lumen
3169 1241 3237 1294 de
3277 1243 3493 1297 lumine.
3547 1244 3634 1298 hic
3707 1243 3854 1312 quod

2158 1325 2444 1380 illuminat
2472 1343 2703 1381 omnem
2751 1327 3045 1382 hominem
3107 1330 3276 1398 (Joan.
3313 1347 3353 1398 ι,
3417 1330 3545 1400 13.).
3577 1331 3659 1384 lbi
3688 1331 3853 1384 verbo

2157 1416 2307 1469 cados
2336 1416 2598 1483 extendit,
2631 1416 2716 1470 hic
2736 1418 2882 1470 viam
2903 1418 3251 1486 perveniendi
3279 1418 3354 1472 ad
3380 1420 3531 1472 cazlos
3561 1416 3851 1472 ostendit“.

2156 1505 2241 1558 Ibi
2308 1507 2624 1573 mysterium
2681 1508 2991 1560 nativitatis
3032 1521 3142 1560 sua
3184 1523 3302 1561 cum
3360 1508 3528 1563 Patre
3582 1510 3853 1575 ﬁrmavit,

2161 1595 2245 1648 hic
2275 1595 2511 1648 membra
2533 1597 2711 1649 carnis
2731 1609 2842 1648 sua:
2869 1597 2923 1648 in
2948 1600 3121 1648 matre
3164 1598 3442 1662 formavit.
3502 1595 3588 1650 Ibi
3611 1596 3686 1649 ad
3716 1595 3853 1649 dea:-

2161 1687 2329 1738 teram
2380 1685 2556 1737 Patris
2583 1683 2790 1750 sedens,
2835 1685 2921 1738 hic
2967 1686 3024 1737 in
3056 1686 3321 1754 praesepio
3357 1684 3578 1749 iacens;
3635 1683 3717 1737 ibi
3745 1700 3851 1738 an-

2156 1773 2298 1839 gelos
2321 1786 2570 1840 pascens,
2604 1773 2686 1824 hic
2725 1774 2784 1824 in
2813 1776 2961 1826 terra
2988 1772 3255 1840 parvulus
3285 1774 3522 1827 esuriens
3547 1790 3563 1837 ;
3596 1772 3677 1825 ibi
3721 1786 3850 1840 per-

350 1853 535 1904 utrum
560 1865 661 1929 pro
689 1851 883 1918 seipso,
927 1867 1000 1904 an
1021 1866 1124 1920 pro
1151 1852 1309 1906 rebus
1341 1851 1593 1916 terrenis,
1618 1864 1753 1918 quas
1781 1850 1882 1904 tibi
1895 1865 2046 1919 prw-
2153 1861 2310 1926 fectis
2356 1860 2714 1928 potestatibus
2755 1875 2974 1914 manens
3021 1860 3332 1928 indeﬁciens
3368 1862 3556 1929 panis,
3599 1859 3685 1913 hic
3731 1874 3850 1913 cum

350 1931 514 1994 stitit,
543 1933 592 1982 et
623 1928 772 1982 dicat
799 1930 920 1994 tibi,
938 1931 1046 1984 Fac
1073 1931 1219 1999 quod
1243 1932 1349 1994 vis,
1369 1934 1474 1982 etc.

422 1999 538 2052 Ibid
550 2038 562 2050 .
641 1999 862 2054 Gratias
938 2003 1159 2056 amasti.

350 2069 412 2124 Si
441 2084 567 2138 ergo
593 2085 767 2124 sermo
797 2086 964 2124 meus.

1307 2000 1448 2054 Ibid.
1487 1999 1586 2052 Hic
1615 1998 1798 2052 multa
1833 1999 2046 2053 habent

1235 2087 1364 2141 qua:
1384 2086 1496 2123 non
1519 2071 1788 2139 leguntur
1815 2069 1873 2122 in
1905 2070 2038 2123 edit.

1235 2143 1360 2195 sic:
1419 2143 1612 2194 Gratis
1668 2143 1885 2194 amasti.
1931 2142 2042 2194 Hoc

349 2227 469 2280 ideo
519 2227 782 2292 discimus,
840 2229 1064 2296 fratres,
1121 2231 1253 2297 quia
1316 2233 1442 2283 sunt
1489 2229 1725 2282 homines
1758 2231 1840 2282 ita
1868 2230 2039 2295 negli-

350 2302 530 2364 gentes
573 2304 624 2352 et
674 2299 863 2367 tepidi,
914 2305 983 2365 et,
1036 2301 1180 2367 quod
1212 2301 1367 2368 pejus
1418 2304 1514 2360 est,
1575 2303 1738 2352 etiam
1773 2297 2037 2368 inﬁdeles,

352 2371 450 2436 qui
477 2368 700 2422 dicunt:
738 2372 955 2424 Utinam
990 2371 1074 2423 hic
1095 2372 1233 2423 mihi
1264 2370 1409 2424 Deus
1433 2372 1487 2422 in
1519 2370 1612 2422 hoe
1633 2371 1822 2423 saeculo
1860 2373 2042 2423 omnia

352 2440 490 2492 bona
525 2439 772 2493 tribuat!
815 2441 931 2495 Non
971 2439 1045 2493 ad
1096 2455 1178 2493 me
1221 2444 1455 2508 pertinet
1502 2440 1640 2509 quid
1676 2442 1734 2492 in
1759 2442 1948 2505 futuro
1975 2441 2040 2494 de

347 2524 430 2562 me
449 2511 570 2577 fieri
596 2512 741 2564 velit.
797 2510 839 2566 0
875 2512 1075 2576 infelix
1096 2513 1310 2565 anima!
1340 2512 1575 2565 Etiamsi
1602 2515 1650 2563 te
1681 2511 1826 2564 Deus
1854 2514 2038 2564 mittat

348 2579 412 2634 in
458 2595 693 2648 panum,
732 2587 782 2634 et
835 2581 1202 2634 tantummodo
1240 2584 1436 2648 faciem
1465 2596 1621 2635 suam
1651 2585 1700 2633 te
1723 2580 1906 2634 videre
1931 2597 2038 2635 non

342 2653 650 2719 permittat,
681 2652 949 2720 numquid
977 2667 1083 2705 non
1101 2653 1289 2706 melius
1317 2655 1502 2719 fuerat
1532 2657 1580 2704 te
1607 2666 1714 2703 non
1741 2653 1912 2717 fuisse
1943 2667 2039 2704 na-

349 2723 503 2774 tum?
551 2722 680 2777 Cum
708 2738 831 2776 vero
857 2722 984 2791 fieri
1017 2737 1123 2776 non
1142 2726 1332 2790 possit,
1359 2729 1420 2777 ut
1452 2725 1549 2791 qui
1564 2723 1762 2788 faciem
1781 2723 1899 2790 ejus
1929 2737 2036 2775 non

347 2794 602 2845 meruerit
623 2793 825 2854 videre,
867 2796 1046 2858 ignem
1069 2798 1326 2847 aeternum
1359 2794 1583 2847 evadere
1626 2796 1818 2860 possit,
1868 2807 2037 2860 quare

343 2864 421 2916 sic
446 2877 598 2915 amas
617 2866 894 2930 praesentis
923 2864 1107 2917 saeculi
1127 2865 1475 2933 voluptatem,
1496 2867 1558 2918 ut
1581 2877 1686 2916 non
1711 2877 2034 2930 expavescas

342 2935 530 2986 aeterni
549 2935 691 2999 ignis
720 2933 986 2987 ardorem.

414 3019 556 3074 Ibid.
571 3021 847 3076 Advocate
873 3021 1154 3090 prece,hu-

342 3093 594 3159 militate,
613 3091 792 3147 dolore
806 3095 1150 3162 pienitentiz.

1299 3021 1401 3075 Iid.
1436 3021 1708 3076 Advocate
1732 3035 1887 3089 prece
1933 3021 2036 3074 hu-

1228 3095 1496 3159 militatis,
1548 3092 1728 3145 dolore
1770 3093 2035 3160 paeniten-

1227 3167 1328 3217 tiae.
1351 3164 1441 3217 Sic
1469 3165 1698 3228 Lovan.,
1731 3167 1786 3215 et
1805 3161 2036 3232 quidem

1226 3234 1389 3287 bene.
1429 3233 1560 3286 Vide
1589 3248 1704 3285 var.
1738 3233 1909 3286 Maur.

1301 3304 1404 3358 Iid.
1424 3306 1572 3358 Hanc
1595 3303 1890 3356 scintillam
1913 3302 2038 3355 boni

1227 3377 1448 3441 amoris,
1508 3374 1573 3426 de
1625 3390 1734 3442 qua
1781 3375 2035 3427 Dominus

1228 3444 1404 3497 dimit:
1453 3446 1634 3510 Ignem
1667 3447 1790 3497 veni
1827 3445 2036 3496 mittere

348 3531 408 3585 in
442 3533 662 3595 terram,
691 3533 741 3584 et
761 3530 898 3599 quid
926 3531 1061 3597 volo,
1083 3533 1196 3585 nisi
1254 3536 1316 3586 ut
1360 3531 1574 3598 ardeat,
1605 3533 1729 3598 flate
1754 3535 1813 3584 in
1863 3531 2032 3586 vobis.

409 3619 551 3675 Ibid.
577 3621 719 3674 Fena
738 3621 1020 3674 consumit.
1309 3620 1410 3674 Iid.
1437 3620 1614 3687 Ligna
1631 3624 1926 3676 consumet.

887 3725 1120 3781 SERMO
1149 3726 1454 3782 CLXXXVI.

423 3814 659 3884 Legitur
685 3813 742 3868 in
776 3814 896 3868 cod.
952 3814 1100 3869 Cass.
1154 3831 1260 3880 ενι,
1297 3815 1392 3868 fol.
1431 3815 1549 3878 l50,
1601 3813 1719 3877 ubi,
1751 3829 1809 3868 η.
1847 3817 1896 3879 l,
1928 3829 2032 3884 pro

347 3883 438 3940 his
465 3883 672 3950 verbis,
707 3887 993 3939 Exsultent
1017 3891 1215 3951 gentes.
1249 3887 1419 3940 Istum
1445 3885 1587 3937 diem
1613 3885 1764 3938 nobis
1810 3900 1915 3938 non
1932 3883 2037 3939 isol

346 3958 452 4009 iste
486 3957 742 4018 visibilis,
782 3956 876 4009 sed
916 3958 1136 4012 Creator
1160 3958 1332 4025 ipsius
1359 3955 1652 4008 invisibilis
1681 3958 2031 4018 consecravit,

348 4025 611 4091 habetur,
647 4028 935 4081 Emsultent
966 4032 1164 4092 gentes,
1194 4029 1326 4094 quia
1349 4027 1531 4080 Maria
1549 4029 1713 4080 istum
1739 4025 1899 4092 diem,
1931 4041 2035 4079 non

349 4097 430 4151 sol
458 4099 559 4151 iste
590 4098 827 4152 visibilis
847 4102 1194 4151 consecravit.

980 4199 1209 4254 SERMO
1241 4200 1387 4255 CXC.

415 4289 653 4360 Legitur
680 4287 742 4360 in
772 4287 895 4342 cod.
952 4288 1103 4342 Cass.
1155 4304 1295 4352 cxvx,
1336 4287 1456 4360 Afol.
1493 4289 1614 4360 102,
1657 4286 1757 4340 ubi
1786 4285 1906 4340 hac
1933 4303 2032 4342 va-

340 4358 697 4413 rians'lectio
728 4359 973 4413 habetur
1003 4375 1058 4412 η.
1100 4363 1147 4413 l.
1178 4360 1307 4413 Post
1335 4358 1456 4412 haec
1485 4359 1676 4423 verba,
1712 4360 1777 4412 Ut
1810 4363 2034 4426 propter

338 4445 436 4483 nos
463 4435 642 4499 posset
673 4445 784 4484 esse
808 4431 907 4484 sub
953 4431 1080 4495 sole,
1133 4430 1360 4484 additur
1403 4429 1524 4482 haec
1565 4428 1870 4493 sententia,
1902 4445 2032 4499 qua:

342 4500 507 4555 deest
534 4501 594 4554 in
624 4501 764 4556 edit.
799 4516 813 4554 :
843 4503 946 4558 Nec
976 4504 1058 4554 ita
1085 4501 1183 4554 sub
1203 4501 1327 4567 sole,
1359 4504 1420 4554 ut
1447 4515 1554 4554 non
1582 4504 1632 4554 et
1659 4515 1821 4569 super
1847 4501 2028 4554 solem.

971 4605 1200 4662 SERMO
1240 4605 1410 4661 CXCI.
1650 4659 1652 4662 ,

413 4693 650 4765 Legitur
679 4693 741 4748 in
769 4693 892 4748 cod.
929 4694 1079 4748 Cass.
1113 4710 1212 4760 xu,
1245 4694 1340 4748 fol.
1373 4697 1429 4760 5,
1457 4709 1587 4748 cum
1611 4691 1844 4747 exordio
1877 4691 2031 4763 quod

347 4782 701 4838 Benedictini
747 4781 1065 4836 omiserunt
1096 4782 1155 4836 in
1212 4786 1390 4849 textu,
1443 4783 1548 4836 sed
1599 4781 1944 4836 addiderunt
1971 4780 2032 4834 in

335 4871 711 4936 Variantibus,
744 4887 907 4942 quas,
938 4869 1030 4924 hic
1059 4870 1127 4925 ad
1157 4870 1466 4925 utilitatem
1495 4869 1721 4925 lectoris
1752 4885 1819 4924 eo
1850 4869 2032 4940 magis

340 4961 669 5016 referendas
690 4959 976 5026 duximus,
1008 4958 1163 5030 quod
1189 4958 1250 5013 in
1279 4959 1539 5030 pluribus
1577 4959 1752 5014 codex
1783 4958 2030 5024 differat,

410 5057 734 5123 Unigenitus
795 5055 1043 5111 Christus
1073 5055 1166 5109 Dei
1195 5053 1389 5120 Filius,
1436 5067 1594 5108 verus
1640 5051 1720 5106 sol
1775 5050 2030 5119 justitiae,

412 3301 557 3355 Ibid.
617 3304 769 3356 Hanc
859 3305 1154 3358 scintillam

346 3371 471 3426 boni
495 3376 696 3427 amoris
744 3375 870 3441 flate
897 3375 955 3428 in
982 3375 1150 3428 vobis.

409 5260 427 5297 ¹
473 5259 644 5326 Edit.,
675 5260 762 5313 hic
789 5260 961 5313 vitam
990 5258 1264 5313 hominum
1281 5271 1562 5324 moresque
1608 5254 1886 5310 discernit.

407 5351 429 5384 ⁸
467 5349 596 5416 Iid.,
616 5350 851 5416 capitur.

409 5434 433 5469 ⁸
471 5436 601 5505 Iid.,
624 5441 858 5506 peccato.

2152 1951 2300 2003 natis
2353 1949 2660 2013 infantibus
2713 1950 2964 2002 alimento
3009 1947 3260 2016 indigens
3322 1949 3516 2016 lactis;
3567 1949 3649 2002 ibi
3711 1947 3850 2002 bona

2150 2036 2378 2102 faciens,
2435 2036 2520 2088 hic
2576 2035 2725 2088 mala
2787 2036 3052 2105 patiens;
3119 2050 3399 2102 nunquam
3447 2037 3698 2100 moriens,
3761 2036 3848 2087 hic

2149 2125 2272 2192 post
2312 2127 2534 2176 mortem
2580 2137 2884 2190 resurgens,
2931 2128 2980 2176 et
3026 2122 3345 2176 mortalibus
3381 2126 3638 2177 aeternam
3675 2125 3848 2176 vitam

2151 2211 2478 2265 condonans.
2508 2213 2646 2265 Deus
2672 2213 2854 2277 factus
2883 2215 2961 2265 est
2994 2212 3167 2279 homo,
3195 2215 3257 2265 ut
3295 2211 3448 2265 homo
3492 2213 3626 2264 Deus
3671 2213 3846 2279 ﬁeret.

2147 2302 2394 2354 Formam
2428 2301 2570 2354 servi
2609 2301 2814 2367 accepit
2859 2301 3135 2363 Dominus,
3179 2305 3240 2353 ut
3287 2300 3438 2353 homo
3463 2303 3762 2353 verteretur
3791 2302 3850 2354 in

2149 2390 2436 2442 Dominum
2463 2385 2508 2442 ⁶.
2553 2388 2814 2444 Ccelorum
2857 2387 3136 2441 habitator
3191 2391 3242 2442 et
3291 2387 3535 2441 conditor
3574 2388 3852 2442 habitavit

2146 2478 2206 2530 in
2235 2478 2414 2543 terris,
2437 2481 2498 2531 ut
2527 2477 2678 2530 homo
2707 2475 2773 2529 de
2805 2477 2965 2530 terris
2993 2475 3255 2542 migraret
3283 2475 3357 2529 ad
3383 2477 3555 2530 ccelos.

2218 2563 2366 2617 Edit.
2434 2564 2504 2618 N.
2584 2567 2632 2618 l.
2713 2564 2818 2630 Qui
2859 2579 2956 2632 per
3097 2563 3230 2618 Cod.
3264 2565 3370 2629 Qui
3397 2579 3492 2632 per
3521 2579 3642 2618 eum
3688 2570 3847 2618 tanta

2146 2649 2264 2687 eum
2289 2638 2445 2690 tanta
2467 2636 2767 2703 accepimus
2789 2635 2950 2689 dona.
3027 2637 3326 2703 accepimus
3374 2633 3536 2688 dona.
3579 2635 3685 2689 Sed
3743 2638 3846 2689 hu-

2147 2706 2373 2774 Propter
2394 2706 2508 2773 hoc,
2543 2711 2649 2759 etc.
3027 2706 3233 2758 milites
3255 2706 3371 2772 ejus
3392 2710 3580 2758 nostra
3597 2706 3849 2759 sublimi-

3031 2782 3114 2830 tas
3148 2781 3245 2843 est,
3273 2781 3322 2829 et
3352 2791 3491 2828 crus:
3512 2777 3626 2845 ejus
3656 2782 3848 2831 nostra

2141 2865 2373 2917 victoria
2399 2867 2496 2930 est,
2531 2863 2682 2916 illius
2697 2863 3004 2932 patibulum
3028 2868 3210 2917 noster
3229 2865 3536 2932 triumphus
3569 2870 3667 2929 est,
3691 2865 3847 2920 illius

2071 2937 2110 2992 C
2142 2957 2283 2996 mors
2322 2947 2508 2996 nostra
2544 2944 2660 2995 vita
2689 2946 2784 2996 est.
2820 2944 3043 3011 Propter
3073 2943 3200 3009 hoc,
3229 2946 3338 2996 etc.

2217 3031 2289 3085 N.
2328 3033 2378 3084 3.
2427 3030 2696 3085 Exhibere
2724 3031 2954 3086 Christo.
3099 3029 3182 3083 Id.
3271 3029 3539 3084 Emhibere
3602 3031 3838 3087 Christo.

3032 3102 3209 3154 Timeo
3253 3105 3432 3154 autem
3477 3116 3542 3154 ne
3561 3104 3703 3155 sicut
3723 3117 3842 3156 ser-

3023 3186 3155 3240 pens
3204 3173 3378 3226 Evam
3426 3173 3624 3238 fefellit
3690 3177 3844 3226 astu-

2144 3261 2226 3313 tia
2256 3273 2375 3326 sua,
2430 3262 2850 3329 corrumpantur
2892 3264 3090 3313 mentes
3137 3265 3327 3313 vestrm
3347 3275 3382 3312 a
3412 3260 3764 3328 simplicitate
3793 3267 3844 3315 et

2141 3341 2392 3393 castitate
2411 3354 2530 3406 quae
2557 3341 2635 3393 est
2671 3341 2731 3392 in
2759 3339 2989 3394 Christo.
3023 3339 3261 3393 Ecclesia
3280 3353 3426 3405 ergo,
3455 3343 3560 3392 etc.

2218 3427 2283 3480 N.
2323 3432 2376 3481 4.
2428 3427 2490 3482 Si
2533 3431 2824 3495 utrumque
2851 3429 2952 3481 ha-
3098 3426 3180 3481 Id.
3247 3427 3308 3482 Si
3371 3428 3600 3480 alterum
3645 3427 3845 3483 habere

2144 3497 2262 3551 bere
2293 3499 2491 3551 velitis.
3025 3499 3224 3551 velitis.

2215 3567 2355 3621 Ibid.
2396 3571 2468 3623 Et
2501 3569 2801 3636 virginitas
2827 3581 2953 3637 per-
3096 3568 3178 3621 Id.
3218 3569 3291 3621 Et
3329 3569 3622 3636 virginitas
3663 3584 3840 3638 perse-

2141 3642 2360 3693 severet.
3026 3643 3172 3693 veret
3204 3639 3262 3691 in
3293 3638 3508 3693 Christo
3548 3641 3687 3694 Jesu
3726 3641 3840 3694 Do-

3025 3712 3170 3763 mino
3197 3713 3400 3765 nostro.

2781 3822 3010 3879 SERMO
3041 3823 3195 3880 CCII.

2216 3928 2446 3999 Legitur
2497 3926 2559 3981 in
2618 3928 2750 3983 cod.
2818 3929 2966 3982 Cass.
3024 3944 3132 3993 CVI,
3180 3929 3276 3989 fol,
3333 3930 3459 3994 24-8,
3507 3929 3627 3996 ubi,
3680 3947 3739 3985 η.
3783 3935 3838 3996 2,

2141 4015 2257 4070 pro,
2282 3999 2389 4062 his,
2421 3999 2652 4053 Sursum
2695 4001 2910 4068 angelos
2951 4015 3058 4053 non
3101 4000 3375 4062 deserens,
3405 4005 3457 4053 et
3496 4001 3743 4055 deorsum
3766 4005 3842 4055 ad

2142 4069 2197 4124 se
2241 4069 2478 4123 homines
2519 4085 2618 4138 per
2659 4071 2876 4138 angelos
2933 4072 3204 4136 colligens,
3247 4077 3297 4124 et
3343 4071 3661 4135 crzlestibus,
3701 4077 3837 4135 etc.,

2143 4140 2429 4194 habentur
2467 4140 2798 4209 sequentia:
2852 4141 3079 4196 Sursum
3121 4157 3227 4194 non
3264 4141 3541 4194 deserebat
3594 4144 3836 4210 angelos,

2142 3101 2383 3157 Ecclesia
2412 3116 2556 3170 ergo.
2598 3106 2704 3156 etc.

2074 4217 2116 4272 ι)
2142 4215 2193 4264 et
2221 4211 2468 4280 deorsum
2507 4211 2582 4263 ad
2627 4227 2682 4264 se
2704 4212 2940 4264 homines
2967 4211 3214 4276 vocabat,
3242 4226 3343 4280 per
3371 4213 3609 4279 angelos,
3635 4218 3686 4266 et
3715 4229 3843 4268 cum

2144 4279 2446 4335 hominibus
2503 4281 2795 4335 secundum
2851 4283 3113 4336 hominem
3162 4279 3253 4336 ini
3283 4285 3444 4336 terris
3508 4282 3737 4351 degebat
3791 4289 3844 4338 et

2142 4352 2457 4418 ccclestibus,
2487 4356 2596 4406 etc.

2741 4449 2969 4505 SERMO
3007 4449 3237 4506 CCVIII.

2214 4553 2443 4624 Legitur
2491 4552 2553 4608 in
2609 4554 2734 4609 cod.
2805 4555 2956 4609 Cass.
2999 4570 3094 4619 xu,
3135 4553 3231 4608 fol.
3264 4556 3356 4621 88,
3385 4555 3481 4610 ubi
3509 4554 3633 4610 haec
3665 4555 3843 4612 initio

2140 4623 2445 4693 habentur,
2494 4641 2624 4696 quae
2679 4625 2886 4696 desunt
2933 4625 2993 4696 in
3048 4624 3216 4679 editis
3239 4641 3259 4696 :7
3292 4626 3460 4680 Plura
3486 4627 3642 4682 nobis
3672 4631 3845 4682 simul

2140 4696 2371 4766 recitata
2405 4695 2549 4758 sunt,
2607 4699 2658 4750 et
2703 4695 2769 4749 de
2817 4695 3061 4750 omnibus
3107 4696 3190 4749 his
3226 4695 3400 4766 dicere
3446 4712 3540 4751 nec
3581 4703 3845 4766 temporis

2143 4765 2399 4834 brevitas,
2444 4782 2538 4820 nec
2580 4768 2927 4820 miseriarum
2963 4765 3279 4832 magnitudo
3306 4769 3602 4834 permittit.
3634 4765 3846 4824 Licebit

2143 4840 2319 4908 tamen
2348 4853 2416 4890 ea:
2439 4837 2745 4903 ingentibus
2787 4835 2947 4908 [Cod.
2989 4834 3353 4906 exigentibus]
3393 4841 3598 4906 campis
3637 4855 3846 4908 paucos

2139 4907 2383 4975 flosculos
2434 4909 2621 4972 legere,
2671 4911 2720 4961 et
2777 4907 2884 4960 non
2937 4912 3200 4974 quantum
3247 4923 3377 4974 ager
3423 4907 3705 4974 exuberat,
3747 4912 3847 4964 sed

2141 4981 2406 5044 quantum
2459 4977 2713 5032 odoratui
2756 4979 2989 5044 sufﬁciat
3018 4992 3246 5045 capere;
3289 4980 3430 5031 sicut
3467 4983 3520 5031 et
3557 4994 3680 5033 cum
3715 4985 3844 5048 quis

2143 5047 2351 5102 accedit
2398 5048 2472 5102 ad
2510 5051 2735 5114 fontem,
2780 5063 2888 5102 non
2925 5049 2975 5102 ei
3012 5053 3224 5102 tantum
3265 5048 3486 5102 haurire
3510 5047 3838 5117 necesse’est,

2202 5251 2226 5286 ⁸
2254 5250 2384 5320 Iid.,
2409 5255 2653 5321 peccata.

2209 5338 2233 5374 δ
2261 5340 2420 5407 Cod.,
2449 5341 2616 5406 male,
2637 5338 2904 5394 ascendit.

2210 5431 2231 5464 °
2264 5428 2423 5492 Cod.,
2453 5428 2624 5499 male,
2665 5430 2720 5483 in
2738 5430 2974 5483 Domino.
