4068 6192
320 282 455 333 H79

343 383 346 387 I
387 401 531 456 Ibid.
558 402 621 457 Si
643 400 809 454 vultis
851 414 960 453 esse
1006 398 1120 451 dies

318 486 474 541 quem
493 473 626 539 fecit
647 473 921 541 Dominus.
961 500 964 503 η

388 538 526 596 Ibid.
573 544 644 597 Et
672 540 935 595 habebitis
960 538 1126 593 lucem

1352 274 1728 330 SERMONUII
1774 266 2227 330 GENUINOIIUM
2270 276 2324 329 S.
2370 270 2758 329 AUGUSTINI.

1270 397 1349 450 Id.
1403 397 1463 451 Si
1518 398 1684 451 vultis
1741 411 1851 452 esse
1896 396 2009 452 dies
2048 400 2092 455 A
2192 397 2331 451 N.7.
2373 398 2556 451 Posset
2579 398 2718 448 enim
2764 410 2798 447 a
2846 408 2926 446 ca-

2121 467 2512 522 lumniantibus
2563 466 2644 519 vel
2696 480 2803 518 non
2838 465 2926 516 in-

1446 540 1515 591 Et
1592 536 1778 591 habete
1844 538 2010 591 lucem
2121 537 2482 604 telligentibus
2566 536 2677 588 dici
2732 537 2923 589 Petro:

2119 610 2260 662 Male
2283 609 2467 672 fecisti
2486 605 2618 659 dare
2656 606 2927 674 Spiritum

1198 482 1361 537 quam
1387 468 1511 533 feci.

1270 537 1351 590 Id.

316 615 585 677 veritatis,
675 626 793 679 quae
849 623 1128 678 nunquam
1198 609 1465 672 veritatis,
1542 623 1662 676 quae
1731 623 2011 676 nunquam

318 698 562 738 occasum
587 682 769 748 faciet.

1199 692 1443 801 gizcasum
1470 678 1649 744 faciat
1724 679 1846 732 Vid.
1892 693 2007 731 var.

1253 763 1374 801 aur.

1253 763 1374 801 ΕΗΓ.

890 853 1122 909 SERMO
1159 852 1436 908 CCXXXV.

390 943 623 1015 Legitur
649 943 711 1015 in
742 942 865 997 cod.
895 1013 905 1015 _
931 942 1081 996 Cass.
1132 957 1277 1015 cccv,
1336 940 1435 995 fol.
1496 943 1583 1015 23_
1622 956 1654 994 ε,
1684 944 1865 1015 tergo,
1888 941 2009 1006 ubi,

320 1031 376 1070 n.
407 1018 459 1078 4,

493 1014 768 1084 posthaec
799 1013 983 1084 verba,
1031 1015 1115 1066 Vae
1143 1014 1241 1079 qui
1259 1025 1364 1064 non
1394 1011 1762 1084 crediderunt,
1807 1013 2013 1084 desunt

318 1085 441 1139 hinc
481 1082 796 1155 sequentia,
852 1082 976 1137 Erit
1005 1085 1146 1136 enim
1178 1095 1406 1149 magnus
1450 1083 1627 1144 timor,
1657 1097 1785 1153 qua:
1812 1082 2009 1135 viden-

318 1161 414 1209 tur
435 1170 555 1209 esse
585 1155 793 1225 glossa.

881 1261 1110 1316 SERMO
1130 1260 1444 1315 CCLXVIII.

388 1352 618 1422 Legitur
646 1351 706 1405 in
735 1350 862 1405 cod.
898 1351 1046 1404 Cass.
1073 1364 1169 1413 vu,
1206 1349 1302 1401 fol.
1336 1347 1462 1402 246.

390 1439 536 1493 Edit.
595 1440 660 1492 N.
714 1440 765 1492 3.
820 1439 1133 1504 Capiuntur

318 1524 443 1577 ergo
497 1511 674 1578 pisces
747 1509 936 1575 magni
1003 1520 1131 1559 cen-

321 1584 454 1644 tum,
488 1582 592 1633 etc.

392 1642 459 1702 N.
512 1651 563 1701 5.
620 1649 709 1701 Fit
751 1659 1003 1700 numerus
1037 1642 1130 1698 de-

322 1795 416 1853 tes,
449 1793 554 1842 etc.

1277 1435 1412 1489 Cod.
1504 1435 1809 1504 Capiuntur
1889 1451 2013 1503 ergo

1202 1506 1374 1572 pisces
1420 1507 1626 1571 magni.
1674 1507 1862 1571 Quot?
1898 1521 2013 1561 cen-

1206 1579 1340 1639 tum,
1366 1579 1471 1628 etc.

2118 682 2387 743 sanctum,
2419 681 2525 731 etc.

3678 274 3810 322 “8"

3073 390 3146 444 Id.
3206 392 3387 444 Posset
3437 392 3577 444 enim
3624 407 3659 443 a
3712 405 3813 442 ca-

2999 461 3391 515 lumniantibus
3420 462 3503 513 vel
3520 476 3629 513 non
3652 461 3813 513 intel-

3000 532 3288 597 ligentibus
3310 531 3423 584 dici
3451 532 3640 584 Petro:
3672 530 3815 583 Male

2997 602 3180 668 fecisti
3251 603 3645 654 incircumcisis
3679 600 3817 653 dare

3001 672 3348 741 baptismum.
3379 670 3661 738 Numquid
3686 685 3814 738 pos-

2999 747 3078 797 set
3109 742 3223 794 dici
3259 744 3400 794 Deo:
3446 742 3584 794 Male
3625 741 3815 805 fecisti

2999 813 3132 866 dare
3150 812 3416 879 Spiritum
3446 815 3693 865 sanctum
3709 811 3739 863 ‘I

2294 934 2656 994 SERMONES
2694 934 2971 1003 CCLXXX,
3002 933 3309 999 CCXXXIII,
3351 934 3645 989 CCLXXII.

2191 1058 2421 1130 Legitur
2462 1071 2648 1112 sermo
2698 1069 2923 1108 cCLxxxt
2961 1067 3170 1122 magna
3213 1067 3281 1105 ex
3327 1055 3486 1121 parte
3507 1050 3565 1104 in
3588 1049 3814 1104 duobus

2119 1148 2306 1214 codd.,
2376 1162 2493 1200 uno
2549 1145 2723 1207 Cass.,
2780 1155 2986 1210 nempe
3047 1156 3145 1205 xu,
3222 1139 3319 1201 fol.
3405 1141 3562 1201 1282,
3623 1137 3809 1191 altero

2124 1233 2454 1300 Florentin.,
2498 1232 2638 1288 Bibl.
2711 1229 2991 1288 Fesulan..
3058 1227 3182 1281 cod.
3250 1242 3344 1293 xx,
3384 1226 3480 1280 fol.
3548 1228 3681 1281 262.
3748 1225 3814 1277 In

2121 1328 2364 1393 utroque
2420 1320 2620 1374 titulus
2675 1317 2846 1371 habet
2900 1318 2974 1370 De
3026 1319 3218 1384 sancta
3273 1316 3536 1381 Victoria,
3594 1316 3695 1367 aut
3741 1313 3815 1364 In

2124 1412 2313 1468 Natali
2330 1413 2528 1463 sancta
2552 1405 2820 1462 Victoria).
2849 1402 3020 1456 Plura
3049 1406 3421 1454 assumuntur
3445 1417 3514 1454 ex
3543 1415 3815 1453 sermone

2122 1512 2343 1564 ccuxx,
2413 1495 2579 1566 plura
2641 1492 2814 1546 etiam
2869 1506 2935 1544 ex
3002 1505 3173 1543 serm.
3240 1504 3464 1551 ccnxxu.
3535 1488 3706 1559 plura
3753 1487 3815 1540 in

2123 1585 2267 1641 Edit.
2295 1599 2412 1640 non
2458 1583 2747 1653 leguntur.
2791 1578 2890 1632 Hic
2949 1575 3297 1632 differentias
3340 1579 3617 1630 annotare
3645 1591 3814 1628 cura-

872 1645 1130 1740 ξθζῖξξξῗ
1205 1645 1483 1740 Δ,
2059 1670 2097 1724 Β
2129 1673 2334 1740 vimus,
2385 1687 2488 1726 nec
2515 1645 2889 1739 impossibile
2933 1670 3015 1719 est
3084 1669 3341 1718 sanctum
3404 1653 3815 1734 Augustinum,

320 1733 430 1797 cem
473 1723 522 1797 et
556 1722 778 1786 septem.
822 1717 883 1797 Si
919 1728 1130 1784 compu—
1201 1716 1253 1767 et
1280 1718 1497 1797 septem.
1527 1715 1791 1797 Jam.iste
1838 1731 2017 1797 nume-

1203 1798 1299 1837 rus
1339 1784 1474 1852 quid
1513 1790 1592 1838 est
1638 1784 1814 1838 decem
1852 1790 1903 1839 et
1944 1800 2020 1839 se-

1201 1854 1390 1922 ptem?
1420 1856 1481 1910 Si
1498 1861 1787 1923 computes,
1804 1859 1908 1909 etc.

953 1958 1184 2013 SERMO
1213 1958 1450 2015 CCLXV.

397 2048 629 2118 Legitur
660 2047 720 2101 in
746 2047 871 2100 cod.
900 2046 1054 2100 Cass.
1077 2063 1173 2110 vu,
1207 2046 1305 2100 fol.
1327 2048 1433 2100 254

392 2136 537 2189 Edit.
609 2136 673 2189 N.
732 2138 785 2188 2.
857 2135 977 2188 Alii
1035 2148 1142 2186 non

1286 2134 1420 2187 Cod.
1455 2135 1577 2188 Alii
1602 2135 1843 2191 videntes
1878 2136 2019 2189 irri-

325 2206 594 2261 credentes
651 2206 962 2258 irriserunt.
1023 2205 1139 2260 Non
1212 2207 1416 2266 serunt.
1469 2206 1587 2259 Non
1637 2207 1778 2258 enim
1830 2204 1895 2258 de
1920 2206 2020 2259 tali

326 2278 466 2330 enim
489 2277 727 2329 omnium
745 2278 824 2328 est
845 2274 995 2342 ﬁdes.

399 2414 463 2468 N.
492 2416 545 2467 9.
575 2414 645 2466 Et
677 2412 745 2466 ab
776 2413 876 2467 hac
904 2416 1142 2467 maxime

328 2484 596 2538 charitate
617 2497 737 2551 qua
772 2487 830 2536 in
875 2483 1019 2536 cortis
1038 2487 1137 2547 est,

328 2554 396 2607 de
474 2554 598 2607 calo
660 2555 814 2606 misit
871 2555 1137 2622 Spiritum

329 2627 594 2679 sanctum.

402 2761 473 2815 N.
534 2764 619 2816 Il.
690 2764 828 2831 Ipsa
877 2764 1143 2819 charitate

328 2833 491 2901 plena
535 2838 613 2904 est
652 2832 866 2899 gallina
894 2835 994 2887 illa
1016 2850 1142 2904 pro-

328 2906 452 2972 pter
479 2903 656 2971 pullos
680 2905 980 2971 inﬁrmata.

403 2972 545 3026 Ibid.
595 2972 871 3039 Colligere,
911 2989 1017 3027 non
1048 2974 1139 3029 di-

331 3041 533 3097 videre.
562 3041 702 3107 Quia
740 3043 926 3112 habeo,
960 3049 1066 3100 etc.

1210 2275 1358 2338 facto
1388 2275 1532 2342 quod
1551 2275 1791 2328 ascendit
1829 2278 1888 2328 in
1925 2290 2019 2330 cce-

1212 2343 1321 2396 lum
1343 2346 1578 2396 omnium
1598 2349 1676 2397 est

1702 2345 1855 2412 ﬁdes.

1282 2412 1361 2466 Id.
1400 2415 1465 2467 Ut
1512 2414 1580 2467 ab
1621 2415 1721 2468 hac
1754 2416 2019 2469 charitate

1208 2485 1451 2557 proximi
1490 2555 1497 2557 ξ
1519 2486 1866 2552 proficiamus
1946 2485 2020 2539 ad

1208 2555 1326 2621 ejus
1345 2555 1662 2608 charitatem
1681 2558 1779 2622 qui
1797 2559 1855 2609 in
1877 2557 2019 2609 caelis

1208 2630 1307 2687 est,
1339 2624 1405 2676 de
1425 2625 1551 2679 caelo
1570 2627 1720 2679 misit
1751 2626 2019 2696 Spiritum

1210 2698 1477 2747 sanctum.

1287 2764 1367 2817 Id.
1432 2765 1729 2831 Congregat
1773 2780 1869 2820 nos
1897 2766 2020 2835 ipsa

1215 2835 1483 2890 charitate
1502 2836 1663 2903 plena
1692 2836 1901 2903 gallina
1920 2838 2019 2890 illa

1210 2910 1432 2973 propter
1448 2905 1626 2975 pullos
1646 2907 1941 2975 inﬁrmata.

1285 2975 1365 3027 Id.
1434 2974 1713 3041 Colligere,
1778 2991 1885 3030 non
1948 2976 2025 3030 di-

1212 3044 1414 3097 videre.
1495 3046 1597 3110 Qui
1670 3048 1809 3099 enim
1865 3051 2021 3101 extra

1213 3115 1437 3182 colligit,
1510 3114 1730 3175 dividit.
1808 3121 1859 3171 et
1930 3123 2026 3185 qui

334 3195 555 3254 mecum,
615 3184 811 3249 inquit,
844 3198 950 3254 non
1007 3186 1232 3253 colligit,
1292 3187 1526 3252 spargit.
1594 3186 1878 3254 Colligere,
1919 3184 2025 3241 non

339 3251 610 3315 dividere;
633 3255 764 3320 quia
795 3253 978 3308 habeo.
1016 3261 1123 3308 etc.

942 3356 1173 3413 SERMO
1197 3357 1458 3412 CCLXVI.

414 3439 643 3509 Legitur
660 3440 719 3494 in
749 3441 872 3496 cod.
907 3441 1118 3499 Cassia.
1149 3461 1244 3511 vn,
1275 3444 1375 3500 fol.
1407 3447 1530 3500 254.

412 3527 561 3582 Edit.
595 3528 660 3582 N.
689 3530 749 3583 4.
791 3530 1149 3586 Crediderunt

341 3599 501 3652 multi
562 3600 621 3651 in
683 3600 958 3667 Samaria,
1035 3618 1146 3657 cre-

342 3668 523 3722 dentes
571 3668 840 3738 baptizati
883 3676 1027 3725 sunt.
1083 3674 1149 3727 Ut

340 3743 520 3791 autem
559 3740 851 3794 audierunt
893 3744 1143 3810 apostoli,

338 3810 602 3863 miserunt
630 3811 704 3863 ad
731 3824 816 3865 eos
851 3810 1076 3867 Petrum
1098 3818 1149 3867 et

337 3879 627 3944 Joannem,
654 3886 715 3934 ut
731 3881 1025 3949 baptizatis
1036 3898 1147 3936 ma-

339 3951 793 4017 nusimponerent,
812 3954 940 4006 eteis
954 3968 1148 4007 manus

339 4018 677 4089 imponendo,
797 4022 1150 4089 impetrarent

341 4088 608 4155 Spiritum
619 4088 1148 4146 sanctum’invocan-

341 4164 436 4212 tes.
458 4158 643 4213 Simon
657 4160 979 4229 admiratus,
1037 4168 1143 4217 etc.

1292 3533 1404 3588 Cod
1416 3573 1427 3586 .
1469 3535 1824 3589 Crediderunt
1869 3537 2029 3591 multi

1220 3605 1277 3656 in
1383 3605 1664 3668 Samaria,
1757 3594 2029 3660 credentes

1222 3674 1491 3742 baptizati
1527 3681 1673 3729 sunt.
1736 3678 1803 3729 Ut
1849 3682 2027 3729 autem

1219 3759 1412 3798 manus
1472 3746 1765 3813 imponeret
1815 3748 2025 3814 Philip-

1219 3828 1361 3884 pus,
1409 3818 1459 3869 et
1500 3816 1575 3869 eis
1617 3830 1809 3869 manus
1861 3819 2028 3884 impo-

1219 3883 1413 3950 nendo,
1476 3887 1791 3953 impetraret
1843 3883 2025 3955 Spiri-

1221 3960 1334 4008 tum
1399 3955 1676 4018 Sanctum,
1735 3958 1859 4024 plus
1910 3962 2027 4009 erat

1220 4024 1295 4077 ad
1358 4024 1575 4079 diaconi
1644 4025 2022 4080 ministerium.

1222 4094 1452 4149 Proinde
1528 4111 1847 4164 consequens
1910 4102 2027 4150 erat

1218 4170 1279 4259 υξ
1307 4164 1457 4259 ,ᾔδεε
1500 4165 1761 4259 ξιξτηίιζῖῖε
1791 4167 1859 4259 ιξρ
1885 4183 2023 4259 app-
2055 4205 2098 4259 Β
2136 4164 2392 4227 citdtibus
2433 4170 2522 4254 'vel
2583 4164 2946 4259 suavitcitibus

1217 4236 1373 4289 stolis
1400 4238 1765 4290 nuntiaretur.
1787 4238 2023 4293 Nuntia-

341 4300 403 4380 tu
425 4301 524 4380 est;
551 4303 825 4364 venerunt,
858 4305 909 4355 et
923 4301 1225 4380 baptizatis
1245 4319 1435 4359 manus
1455 4308 1825 4380 imposuerunt
1846 4322 1859 4373 ;
1880 4307 2027 4361 bene-

341 4366 574 4449 dictione
592 4383 701 4449 sua
729 4383 893 4449 super
910 4366 1028 4426 illos
1056 4375 1329 4449 Spiritum
1353 4366 1599 4449 sanctum
1637 4366 2022 4431 invitaverunt.

351 4437 517 4519 Venit
533 4437 607 4490 ad
640 4437 831 4519 manus
870 4437 1265 4519 imppsitionem
1296 4447 1674 4519 apostolorum
1711 4460 1874 4515 super
1904 4449 2026 4502 illos

344 4506 585 4578 Spiritus
606 4514 853 4578 sanctus,
901 4506 997 4566 sed
1027 4506 1390 4578 voluntarius,
1448 4530 1555 4570 non
1604 4506 1836 4573 coactus.
1881 4519 2026 4572 Tunc

342 4575 527 4629 Simon
545 4576 872 4645 admiratus,
894 4587 1002 4635 etc.

411 4663 549 4736 Ibid.
588 4665 687 4718 Ille
732 4669 833 4736 qui
868 4671 927 4720 in
957 4670 1142 4726 Sama-

338 4737 428 4788 ria
480 4734 874 4803 baptizaverat,
946 4745 996 4794 et
1050 4757 1142 4796 ne-

336 4805 493 4873 mini,
519 4813 627 4859 etc.

409 4945 475 4999 N.
557 4945 607 4998 3.
694 4948 835 5015 Quia
892 4952 943 5002 et
1001 4951 1144 5005 inter

335 5015 601 5082 apostolos
646 5016 933 5086 Philippus
969 5023 1136 5074 nomi-

334 5089 520 5149 natur,
547 5088 599 5139 et
627 5088 724 5153 qui
758 5091 997 5158 proprie,
1030 5096 1138 5145 etc.

408 5223 469 5277 N.
499 5226 551 5277 6.
608 5227 848 5294 Eumque
875 5243 1141 5285 accersen-

334 5292 489 5349 dum.
531 5295 676 5350 Tunc
699 5292 895 5358 autem,
925 5303 1030 5353 etc.

402 5430 542 5487 Ibid.
583 5433 690 5489 Sed
726 5438 867 5491 mihi
891 5438 1037 5493 Deus
1066 5455 1141 5495 os-

334 5502 505 5557 tendit
579 5507 839 5562 neminem
905 5523 1139 5565 commu-

330 5587 471 5642 nem,
492 5575 597 5627 etc.

1290 4672 1371 4727 Id.
1407 4673 1502 4728 Ille
1543 4675 1641 4743 qui
1678 4677 1737 4728 in
1771 4675 2025 4730 Samaria

1215 4742 1630 4814 praedicaverat,
1679 4747 1777 4813 qui
1832 4747 1891 4799 in
1917 4746 2021 4801 Sa-

1216 4816 1395 4868 maria
1425 4815 1817 4884 baptizaverat,
1852 4819 1904 4869 et
1937 4831 2026 4869 ne-

1216 4886 1374 4949 mini,
1406 4888 1519 4938 etc.

1287 4954 1369 5008 Id.
1428 4955 1637 5022 Legant
1683 4959 1888 5010 textum
1944 4957 2023 5010 le-

1214 5025 1427 5089 ctionis,
1459 5029 1510 5078 et
1536 5026 1758 5079 videant
1784 5025 2023 5081 eumdem

1218 5094 1529 5161 Philippum
1581 5098 1873 5163 nominari,
1927 5099 2025 5165 qui

1208 5166 1451 5233 proprie,
1478 5167 1582 5218 etc.

1286 5232 1367 5287 Id.
1448 5234 1685 5304 Eumque
1740 5251 2021 5291 accersen-

1213 5302 1367 5375 dum,
1386 5305 1439 5356 et
1450 5302 1926 5375 quod'praeciperet
1935 5309 2022 5374 fa-

1211 5373 1478 5427 ciendum.
1512 5376 1656 5429 Tunc
1687 5373 1886 5442 autem,
1911 5373 2014 5432 etc.

1284 5443 1364 5497 Id.
1420 5443 1528 5498 Sed
1571 5447 1709 5499 mihi
1768 5451 1904 5501 Deus
1938 5464 2020 5501 os-

1212 5513 1387 5567 tendit
1418 5529 1431 5577 ;
1483 5516 1702 5583 quando
1736 5518 2025 5572 ostendit?

1212 5583 1308 5636 ubi
1389 5586 1625 5639 ostendit
1649 5586 1678 5639 ?
1753 5589 2027 5643 Neminem

1210 5668 1555 5721 communem,
1598 5660 1702 5710 ctc.

2129 1767 2290 1815 notas
2347 1775 2488 1830 quas
2534 1757 2604 1811 de
2659 1755 2750 1809 SS.
2804 1757 3081 1822 Perpetua
3130 1758 3184 1806 et
3228 1752 3510 1806 Felicitate
3567 1751 3818 1821 scripse-

2128 1854 2234 1915 rat,
2311 1852 2521 1901 sancta:
2618 1841 2877 1897 Victoriae
2924 1860 2927 1861 ν
2972 1839 3271 1893 laudandae
3328 1839 3814 1907 accommodasse,

2127 1952 2259 1991 cum
2314 1932 2600 2006 praecipue
2644 1931 2704 1984 in
2750 1928 2875 1983 cod.
2924 1926 3362 1982 Theodoricensi
3419 1926 3626 1982 citetur
3696 1929 3823 1999 qui-

2129 2025 2260 2079 dam
2326 2038 2514 2077 sermo
2562 2019 2631 2073 de
2691 2020 2885 2070 sancta
2944 2014 3192 2069 Victoria
3250 2015 3341 2068 his
3392 2015 3614 2070 verbis:
3684 2018 3818 2071 Item

2125 2127 2295 2167 sermo
2334 2110 2403 2165 Β.
2448 2109 2591 2164 Aur.
2635 2105 2934 2172 Augustini
2998 2105 3235 2172 episcopi
3273 2103 3339 2156 de
3383 2105 3573 2159 Natali
3616 2109 3824 2159 sancta

2133 2202 2381 2256 Victoria
2440 2197 2693 2264 virginis,
2751 2196 2814 2245 ut
2861 2191 3052 2244 videre
3108 2195 3195 2244 est
3255 2190 3315 2244 in
3367 2191 3519 2245 notis
3564 2192 3821 2262 Operam

2127 2288 2308 2344 sancti
2337 2283 2664 2355 Augustini,
2707 2279 2847 2335 edit.
2876 2277 3081 2333 Bened.
3114 2282 3253 2331 tom.
3286 2279 3345 2331 V.

2757 2398 2940 2456 senuo'
2970 2416 3193 2455 ccnxxx.

2200 2532 2367 2588 Editi.
2401 2532 2465 2585 N.
2517 2533 2565 2583 ί.
2619 2529 2690 2583 Et
2735 2527 2936 2579 victore
3079 2522 3261 2578 Codd.
3316 2525 3396 2579 Et
3442 2527 3685 2581 victoria
3735 2545 3821 2581 re-

2126 2606 2388 2672 vestigio;
2430 2599 2631 2672 deinde
2656 2596 2932 2672 quaedam
3006 2594 3822 2672 stigioﬂuzeaddunturbeatm

2129 2665 2343 2730 addu'nt
2376 2665 2490 2726 duo
2532 2665 2704 2723 codd:
2757 2668 2935 2721 beatae
3010 2665 3303 2734 Perpetua:
3336 2667 3565 2736 propria
3615 2668 3828 2721 desunt

2131 2747 2426 2815 Perpetua:
2452 2739 2706 2811 propria.
3010 2750 3188 2815 usque
3218 2736 3291 2789 ad
3322 2736 3444 2790 haec
3469 2737 3642 2790 verba
3667 2753 3682 2791 :
3740 2740 3826 2792 Ita

2200 2884 2345 2957 Ibid.
2387 2884 2614 2957 Feminae
2641 2877 2928 2933 cadenti...
3007 2809 3452 2957 caIi‘dtf‘Feminz
3491 2877 3816 2934 cadentis...

2060 2943 2099 2998 (ἶ
2132 2955 2464 3011 ascendenti.
3010 2944 3362 2999 ascendentis.

3083 3014 3218 3068 Cod.
3284 3030 3386 3070 xu.
3455 3018 3600 3071 Tunc
3683 3023 3828 3072 certe

3011 3098 3131 3137 cum
3169 3085 3373 3139 bestiis.

3081 3154 3258 3210 Codd.
3299 3156 3535 3221 Quorum
3577 3171 3731 3212 voces
3766 3160 3829 3211 in

3009 3239 3170 3279 carne
3194 3232 3520 3292 martyrum.

2207 3027 2273 3080 N.
2303 3027 2353 3079 2.
2390 3025 2535 3077 Tunc
2564 3034 2683 3075 cum
2731 3016 2934 3071 bestiis.

2200 3164 2340 3219 Ibid.
2396 3162 2631 3227 Quorum
2671 3172 2820 3212 voces
2879 3157 2939 3209 in

2131 3250 2344 3291 carnem
2364 3238 2686 3297 martyrum.

2204 3304 2345 3358 Ibid.
2404 3295 2557 3358 Nunc
2608 3300 2769 3369 plane
2816 3297 2937 3367 jam
3010 3364 3023 3369 _
3082 3295 3473 3369 Iid.postbaec
3493 3296 3687 3369 verba,
3710 3314 3831 3351 non

2133 3377 2306 3430 nulla.
2608 3364 2627 3369 ’
2818 3364 2830 3367 ⁷
3009 3364 3224 3419 habent
3247 3367 3431 3435 plura,
3461 3382 3591 3436 quae
3622 3367 3836 3421 desunt

2366 3452 2371 3457 ’
3016 3451 3198 3506 usque
3235 3436 3302 3489 ad
3337 3436 3438 3490 has
3464 3453 3631 3490 voces
3658 3453 3723 3491 ιι.
3760 3438 3828 3491 ξε

2134 3517 2404 3583 Martyres
2460 3511 2666 3568 Christi
2693 3523 2804 3583 pro
2858 3507 3071 3583 nomine
3126 3520 3189 3559 ac
3233 3506 3477 3583 iustitia
3511 3508 3739 3573 Christi,
3772 3513 3831 3583 et

2132 3575 2356 3650 deinde,
2417 3575 2824 3653 praetermissis
2876 3577 3099 3630 duobus
3158 3575 3366 3653 yerbis,
3420 3581 3713 3646 utrumque
3756 3580 3834 3631 vi-

2133 3647 2607 3723 cerunt,’pe'rgunt
2627 3648 2889 3712 dicendo,
2916 3661 3008 3700 nec
3030 3647 3187 3713 mori,
3220 3651 3323 3700 etc.

3083 3742 3184 3815 Iid‘.
3206 3742 3473 3796 Posthaec
3494 3743 3665 3797 verba
3684 3760 3830 3815 prae-

3014 3813 3335 3866 termittunt
3359 3815 3539 3884 multa
3554 3813 3737 3884 usque
3758 3816 3830 3869 ad

3014 3884 3117 3937 has
3140 3898 3321 3949 voces,
3366 3883 3529 3950 Quid,
3575 3883 3696 3938 cum
3735 3901 3833 3939 re-

3015 3954 3220 4018 solutae,
3263 3958 3367 4007 etc.

3088 4023 3170 4077 Iid
3209 4023 3464 4089 Quamvis
3492 4023 3615 4091 jam
3658 4024 3831 4078 nullis

3010 4097 3184 4163 possit
3209 4095 3392 4148 saeculi
3422 4093 3584 4161 hujus
3611 4094 3836 4158 festivi-

3018 4166 3222 4218 tatibus
3296 4166 3379 4217 vel
3457 4165 3833 4218 suavitatibus

3017 4236 3345 4303 comparari,
3376 4248 3555 4303 parva
3585 4239 3665 4287 est
3689 4250 3832 4302 par-

3020 4307 3187 4360 ticula
3226 4305 3629 4375 promissionis,
3694 4307 3831 4368 imo,

2204 3752 2269 3805 N.
2316 3752 2369 3805 4.
2415 3749 2519 3805 Sed
2569 3745 2945 3801 exercitationi

2134 3823 2410 3889 sufﬁceret.

2208 4032 2273 4086 N.
2308 4034 2357 4085 5.
2402 4029 2661 4095 Quamvis
2694 4026 2815 4095 jam
2834 4025 2947 4078 nul-

2136 4104 2202 4156 lis
2224 4104 2397 4170 possit
2425 4100 2606 4154 swculi
2636 4098 2799 4170 hujus
2829 4096 2947 4170 feli-

2136 4242 2460 4310 comparari,
2476 4254 2653 4308 parva
2673 4237 2947 4310 particula

2134 4313 2509 4382 promissionis
2567 4311 2772 4376 agitur,
2818 4309 2942 4373 imo,

2135 4387 2346 4506 “Ibid.
2375 4450 2478 4505 Ubi
2496 4448 2803 4518 corporibus
2817 4444 2940 4500 red-
3015 4381 3172 4500 etcSic
3202 4447 3258 4498 et
3276 4444 3398 4499 cod.
3433 4460 3503 4498 xx
3529 4464 3546 4512 ;
3572 4445 3695 4499 cod.
3726 4461 3829 4512 xu,

2133 4522 2286 4576 ditis.
2588 4517 2597 4518 ί
2640 4574 2644 4581 ,
3012 4517 3109 4571 ubi
3142 4517 3202 4569 in
3230 4530 3460 4584 corpore.

3083 4585 3220 4641 Cod.
3243 4601 3342 4639 xu.
3370 4584 3523 4650 Quod
3566 4587 3684 4652 ejus
3716 4600 3838 4639 cor-

3010 4658 3159 4727 poris
3179 4655 3417 4710 membra
3436 4670 3641 4721 sumus,
3663 4656 3833 4723 cujus

3010 4732 3139 4783 sunt
3165 4730 3216 4779 et
3231 4727 3337 4791 illi,
3364 4731 3469 4780 etc.

3083 4794 3258 4851 Codd.
3319 4794 3576 4850 Eamdem
3617 4796 3832 4863 ample-

3010 4869 3207 4922 ctimur
3225 4867 3485 4920 unitatem
3516 4865 3657 4934 (Cod
3675 4908 3687 4918 .
3713 4881 3825 4934 ιιι,

3009 4938 3180 5004 male,
3355 4936 3747 4989 humanitatem
3784 4938 3823 5003 ).

3015 5006 3229 5061 Deinde
3282 5004 3361 5059 sic
3408 5011 3695 5077 pergunt:
3750 5007 3828 5059 In

2204 4593 2265 4645 N.
2319 4593 2370 4645 6.
2409 4589 2566 4655 Quod
2603 4588 2720 4657 ejus
2766 4602 2942 4658 corpo-

2131 4665 2210 4716 ris
2247 4660 2485 4714 membra
2537 4673 2744 4727 sumus,
2785 4660 2940 4727 cujus

2130 4739 2181 4785 et
2211 4732 2315 4786 illi.
2350 4737 2453 4784 etc.

2202 4801 2320 4855 Ibid
2332 4843 2344 4855 .
2392 4799 2761 4867 Eamdemqne
2816 4814 2938 4852 am-

2129 4874 2414 4941 plectimur
2492 4871 2772 4924 unitutim.
2851 4868 2939 4923 Sic

2134 4942 2490 4997 terminatur.

2130 5100 2225 5154 hoc
2252 5114 2376 5166 ergo
2405 5102 2553 5153 tanto
2580 5111 2748 5165 agone
2770 5100 2961 5150 sancta
3002 5095 3243 5150 Victoria
3270 5108 3377 5146 non
3400 5107 3536 5146 sexu
3576 5093 3828 5166 invalido

2128 5163 2433 5235 retardata,
2464 5184 2571 5222 non
2594 5163 2830 5229 feminea
2858 5167 3177 5233 cogitatione
3193 5169 3466 5227 enervata,
3489 5179 3595 5216 non
3618 5163 3826 5216 mundo

2130 5238 2437 5293 blandiente
2490 5239 2716 5300 mollita,
2762 5252 2869 5290 non
2918 5239 3159 5290 minante
3215 5235 3528 5302 perterrita,
3580 5247 3687 5286 non
3730 5246 3826 5286 sar.

2126 5312 2299 5363 viente
2353 5309 2583 5373 devicta,
2629 5310 2858 5361 certavit
2914 5309 3155 5374 fortiter,
3212 5306 3417 5373 spiritu
3463 5318 3696 5369 carnem,
3724 5317 3825 5370 Spe

2128 5382 2390 5446 timorem,
2436 5378 2711 5432 diabolum
2752 5376 2878 5444 ﬁde,
2953 5374 3215 5430 mundum
3269 5376 3545 5446 charitate
3580 5375 3817 5427 vincens.

2128 5452 2227 5504 His
2257 5452 2425 5504 armis
2445 5450 2709 5503 emercitus
2732 5447 2909 5501 nostri
2932 5448 3078 5514 regis
3108 5446 3342 5499 invictus
3380 5449 3460 5498 est
3477 5463 3497 5514 3
3528 5445 3613 5497 his
3646 5446 3822 5514 amis

2134 5522 2363 5573 accincti
2386 5519 2582 5573 milites
2609 5518 2832 5583 Christi,
2862 5531 2969 5570 non
2996 5513 3344 5579 conservatis,
3394 5513 3489 5568 sed
3521 5513 3821 5567 trucidatis

2134 5592 2372 5660 corporis
2395 5589 2799 5660 membris,nec
2828 5585 3147 5660 occidendo,
3178 5585 3272 5639 sed
3303 5584 3577 5660 moriendo
3614 5586 3818 5638 trium-

2130 5656 2394 5728 phérunt,
2425 5663 2476 5713 et
2505 5659 2786 5713 victoriam
2807 5657 2871 5711 de
2891 5656 3105 5711 diabolo
3132 5658 3457 5710 meruerunt.
