4004 6182
197 291 317 340 1181

822 428 995 466 SERIIO
1027 429 1249 470 CCLXXXI

262 477 405 532 Edit.
441 480 506 532 N.
549 483 594 533 I.
638 481 835 535 Nomen
865 485 993 536 Per-

177 554 356 628 petuae
421 552 839 628 _et_I4:elicit_atis,
873 568 998 606 san-
1079 557 1346 612 Victoriae.
1381 563 1601 615 Domini
1626 564 1880 628 famula:

181 626 392 672 clarum
414 622 509 674 Dei
533 622 888 686 famularum.
1073 632 1130 678 et
1199 628 1279 700 sic
1336 629 1601 700 deinceps
1626 622 1636 628 ⁷
1667 641 1884 688 mutato

1071 697 1323 774 nomine,
1351 697 1748 774 _singularique
1762 721 1881 758 mo-

1070 765 1142 819 do
1173 767 1448 824 adhibito.

257 829 397 907 Ibid.
459 832 522 884 In
565 834 819 907 feminas.
877 834 992 907 Le-
1140 838 1249 892 lid.
1288 841 1351 894 In
1377 843 1606 907 femina.

181 902 436 970 gendum
490 908 635 955 esset
664 905 719 955 in
751 905 989 968 feminis.

255 970 403 1023 Ibid.
433 973 728 1040 Fragilitas
749 975 992 1040 feminea

177 1056 285 1094 non
310 1041 526 1105 defecit.

255 1112 319 1164 N.
398 1115 451 1165 2.
515 1115 748 1168 Delectat
815 1119 993 1170 autem

173 1183 328 1248 piam
384 1189 607 1236 mentem
652 1188 757 1238 tale
775 1194 992 1252 specta-

176 1252 357 1304 culum
389 1256 648 1320 contueri,
697 1258 856 1322 quale
885 1258 993 1310 sibi

177 1323 334 1374 beata
368 1323 634 1390 Perpetua
683 1325 748 1377 de
778 1341 832 1379 se
863 1329 987 1394 ipsa

174 1394 470 1446 revelatum
485 1409 595 1447 esse
611 1399 882 1464 narravit,
897 1401 985 1450 vi—

173 1477 296 1514 rum
317 1477 371 1515 se
398 1465 605 1529 factam
619 1471 848 1520 certasse
867 1483 983 1521 cum

174 1533 409 1586 diabolo.
459 1535 556 1588 Illo
609 1539 810 1604 quippe
873 1554 984 1590 cer-

175 1605 376 1674 tamine
405 1605 462 1657 in
483 1607 659 1658 virum
691 1611 986 1674 perfectum

248 1673 391 1727 Ibid.
445 1676 637 1729 Merito
678 1673 979 1732 illervelus.

246 1743 385 1796 Ibid.
434 1747 536 1799 Per
576 1747 836 1810 feminam
887 1749 978 1802 de-

170 1819 383 1882 ceperat
411 1818 605 1869 virum.

243 1884 380 1938 Ibid.
414 1887 513 1938 Per
536 1888 715 1941 virum
735 1903 851 1943 eam
880 1905 978 1944 su-

166 1969 364 2023 perare
402 1959 646 2012 tentavit.

1137 978 1240 1033 lid.
1277 982 1502 1035 Femina
1524 998 1627 1037 non
1658 983 1874 1050 defecit.

1140 1118 1242 1173 Iid.
1268 1119 1511 1176 Delectat
1535 1129 1710 1176 autem
1723 1125 1877 1191 piam

1065 1194 1292 1243 mentem
1350 1193 1454 1246 tale
1510 1196 1874 1260 spectaculum

1065 1263 1323 1324 contueri,
1403 1263 1611 1316 beatam
1695 1266 1873 1317 Victo-

1063 1333 1204 1383 riam
1261 1333 1319 1384 in
1369 1334 1547 1386 virum
1576 1336 1874 1401 perfectum

1062 1401 1320 1468 (diversus
1355 1401 1631 1456 diabolum
1668 1407 1727 1456 in
1778 1406 1870 1458 illo

1060 1473 1353 1526 certamine
1380 1489 1613 1537 currere,
1649 1479 1754 1527 etc.

1058 1613 1221 1665 etiam
1242 1613 1365 1679 ipsa
1385 1613 1653 1678 currebat,
1686 1619 1792 1668 etc.

1123 1752 1223 1805 Iid.
1257 1754 1358 1806 Per
1375 1754 1640 1819 feminam
1659 1757 1862 1809 vicerat

1051 1826 1246 1875 virum.

1125 1893 1255 1946 Cod.
1272 1909 1344 1945 xu
1367 1898 1497 1962 post
1533 1893 1655 1947 haec
1685 1894 1860 1948 verba

1051 1962 1242 2016 addit:
1267 1964 1378 2016 Per
1391 1964 1630 2031 judicem
1657 1967 1857 2018 scilicet

1050 2048 1267 2099 savum,
1299 2035 1387 2086 cui
1417 2035 1575 2089 beata
1619 2037 1858 2088 Victoria

169 2110 263 2148 nec
288 2095 362 2149 ad
392 2100 596 2166 tempus
625 2101 819 2171 cessit;
853 2104 1225 2170 Opitulabatur
1255 2095 1405 2156 enim
1435 2107 1485 2157 ei
1514 2119 1668 2171 quem
1702 2107 1857 2170 virgo

165 2171 468 2239 pepererat.
503 2171 570 2221 Et
599 2169 718 2224 ideo
748 2171 845 2224 illa
882 2169 1168 2239 inferioris
1211 2175 1436 2226 hominis
1465 2169 1776 2228 cautissimo
1796 2169 1857 2229 et

164 2238 477 2312 ﬁrmissimo
504 2239 689 2312 robore
713 2255 889 2312 omnes
921 2238 1038 2310 ejus
1058 2243 1270 2298 obtudit
1297 2243 1550 2304 insidias,
1592 2247 1856 2312 impetus-

168 2322 272 2382 que
299 2311 583 2382 confregit.
628 2309 760 2382 Cod.
790 2327 881 2372 xx,
913 2309 1099 2382 prima
1142 2314 1524 2382 prastermissa
1554 2309 1854 2380 sententia,

165 2376 430 2452 ultimum
463 2380 715 2452 phrasin}
745 2376 934 2448 habet,
955 2376 1189 2452 excepto
1240 2385 1392 2452 quod
1413 2385 1620 2437 borum
1653 2376 1854 2439 verbo;

167 2462 305 2518 rain,
347 2448 486 2513 loco,
537 2451 607 2503 Et
646 2450 763 2504 ideo
788 2453 905 2515 illa,
935 2448 1150 2518 scribit,
1199 2448 1303 2509 Sed
1338 2455 1436 2508 illa
1503 2455 1714 2508 Deinde
1741 2456 1855 2509 duo

164 2516 330 2593 e._odd_.
387 2519 772 2593 fragmentum
833 2529 1070 2577 assuunt
1101 2516 1406 2577 'Sermonis
1461 2540 1682 2591 ccuxx,
1710 2541 1768 2580 n.
1801 2530 1847 2593 I,

169 2590 236 2640 Et
266 2590 465 2643 victore
493 2592 737 2658 vestigio,
765 2596 825 2644 ut
846 2593 1031 2647 videre
1063 2599 1146 2647 est
1168 2611 1356 2660 supra.

838 2663 1068 2718 SERMO
1097 2665 1285 2719 CCXC.

239 2727 468 2798 Legitur
521 2729 579 2782 in
643 2731 761 2785 cod.
833 2736 985 2788 Cass.
1045 2751 1120 2796 XI,
1181 2735 1277 2787 fol.
1314 2736 1404 2801 8'7,
1446 2735 1540 2788 ubi
1585 2735 1690 2789 hoc
1738 2751 1854 2788 uno

161 2816 372 2883 diII‘ert,
425 2818 598 2887 quod,
647 2836 702 2872 ιι.
748 2822 800 2886 4,
850 2838 954 2890 pro
1010 2822 1096 2875 his
1126 2821 1420 2876 Editorum
1452 2823 1680 2877 verbis:
1715 2824 1851 2888 Quo-

163 2904 322 2957 modo
350 2908 439 2973 ﬁet
466 2907 632 2973 istud,
668 2912 922 2976 quoniam
945 2911 1124 2964 virum
1157 2926 1264 2964 non
1302 2911 1600 2978 cognosco?
1649 2914 1718 2964 Et
1747 2927 1852 2964 an-

156 2994 346 3058 gelus:
398 2995 639 3062 Spiritus
698 3003 916 3052 sanctus
971 3001 1305 3061 superveniet
1368 3001 1427 3052 in
1476 3003 1543 3064 te,
1601 3005 1650 3052 et
1681 3001 1854 3073 virtus

158 3081 442 3133 Altissimi
466 3081 807 3138 obumbrabit
827 3085 946 3136 tibi.
986 3085 1117 3138 Ecce
1137 3083 1418 3152 quomodo,
1451 3089 1560 3136 etc.
1590 3101 1603 3149 ;
1629 3099 1732 3153 pro
1766 3085 1855 3139 his

154 3168 420 3237 inquam,
471 3169 655 3223 verbis
696 3171 917 3224 .melius
965 3171 1022 3224 in
1075 3172 1198 3226 cod.
1254 3172 1530 3225 habetur:
1587 3174 1854 3239 Quomodo

156 3255 254 3323 ﬁet
300 3255 465 3319 istud,
520 3256 648 3310 dum
685 3259 864 3311 virum
893 3273 999 3312 non
1025 3273 1280 3326 cognosco
1303 3259 1331 3314 ‘2
1362 3261 1431 3313 Et
1464 3261 1690 3328 angelus
1724 3277 1853 3330 pro-

156 3345 337 3408 fessus
357 3347 434 3395 est
459 3345 666 3409 virgini
698 3360 710 3398 :
739 3347 871 3398 Ecce
900 3346 1179 3414 quomodo,
1213 3351 1318 3399 etc.

239 3499 469 3568 Legitur
497 3499 556 3553 in
581 3501 700 3555 cod.
728 3501 878 3558 Cass.
909 3520 1008 3570 xu,
1043 3503 1140 3558 fol.
1174 3505 1298 3558 231.

235 3571 375 3623 Edit.
416 3571 480 3631 Ν,
531 3575 575 3624 1.
608 3572 769 3635 Quem
825 3573 968 3626 diem
1119 3574 1251 3626 Cod.
1308 3574 1469 3638 Quem
1527 3574 1668 3628 diem
1723 3576 1854 3628 cele-

158 3641 484 3694 celcbramus
538 3641 851 3695 hodiernum
879 3659 970 3696 vo-
1045 3643 1256 3696 bremus
1297 3645 1615 3698 hodiernum
1644 3661 1677 3697 a
1702 3646 1853 3700 nobis

161 3713 244 3761 his
268 3711 379 3764 dici
406 3727 510 3764 non
540 3728 674 3778 opus
705 3717 799 3778 est,
837 3716 967 3780 quia
1041 3714 1156 3766 dici
1207 3729 1311 3766 non
1361 3730 1494 3781 opus
1561 3720 1657 3778 est,
1720 3719 1853 3782 quia

157 3797 356 3845 omnes,
380 3797 497 3834 cum
515 3783 774 3846 legeretur
800 3786 969 3837 Ecan-
1039 3798 1236 3848 omnes,
1258 3800 1376 3837 cum
1405 3785 1668 3851 legeretur
1680 3789 1855 3838 Evan-

158 3851 652 3916 gelium,audistis.
685 3853 851 3905 Hodie
885 3871 971 3907 ac-
1048 3854 1272 3921 gelium,
1319 3854 1650 3908 audivimus.
1684 3856 1854 3909 Hodie

156 3924 394 3989 cepimus
424 3928 668 3975 sanctum
695 3925 968 3977 Joannem.
1045 3927 1346 3992 accepimus
1377 3929 1566 3978 natum
1609 3933 1852 3979 sanctum

1041 3997 1319 4048 Joannem.

235 4060 377 4115 Ibid.
429 4063 689 4130 lmpletur
758 4064 970 4131 Spiritu
1115 4065 1196 4116 1d.
1257 4064 1595 4131 lmplebilur,
1648 4067 1849 4133 inquit,

158 4136 364 4204 sancto.
437 4203 440 4204 ν
764 4203 775 4204 7
1042 4133 1256 4204 Spiritu
1293 4140 1495 4187 sancto.

237 4201 376 4255 Ibid.
424 4203 702 4264 Nascitur,
740 4203 838 4257 dat
881 4219 974 4273 pa-
1078 4201 1201 4257 'Id.
1254 4206 1511 4259 Nascitur
1563 4205 1852 4273 ﬁlius,na-

156 4276 234 4326 tri
266 4287 456 4326 vocem.
1046 4279 1129 4327 tus
1160 4275 1343 4328 reddit
1370 4276 1523 4342 patri
1550 4290 1744 4330 vocem.

229 4342 376 4395 Ibid.
436 4343 580 4412 Quid
629 4346 768 4397 enim
817 4345 971 4398 aliud

156 4428 322 4482 quam
361 4414 590 4478 gratia?

1114 4345 1195 4398 Id.
1275 4345 1419 4409 Quid
1494 4347 1634 4398 enim
1699 4349 1857 4403 aliud

1041 4430 1204 4487 quam
1227 4414 1500 4481 gratiam?
1650 4474 1686 4487 ἢ
1787 4477 1798 4487 ⁸
1847 4476 1858 4487 ⁸

233 4484 297 4534 Ν.
341 4474 394 4536 ἱ.
444 4486 580 4537 Nam
623 4499 813 4537 manus
870 4487 967 4538 Do-
1048 4474 1064 4484 ’
1115 4485 1191 4539 Id.
1226 4474 1366 4540 Nam
1404 4499 1595 4538 manus
1642 4474 1857 4528 Domini

157 4552 298 4607 mini
315 4569 433 4605 cum
454 4556 565 4607 illo.
1039 4563 1117 4609 cst
1149 4572 1266 4608 cum
1297 4557 1413 4608 illo.

235 4623 373 4676 Ibid.
411 4626 570 4678 Jacob
602 4629 777 4678 erant.
823 4625 965 4678 Ante
1110 4626 1189 4679 Id.
1251 4626 1410 4680 Jacob
1482 4630 1655 4678 erant-
1714 4622 1858 4673 Ante

152 4699 414 4749 Joannem
481 4702 618 4749 certe
675 4697 857 4748 cadum
916 4700 968 4748 et
1036 4697 1306 4749 Joannem
1331 4696 1511 4750 Adam
1543 4696 1677 4748 erat.
1717 4694 1856 4744 Ante

155 4775 305 4817 terra
333 4770 504 4819 erant.
567 4767 710 4836 Quid
749 4769 851 4819 erit
877 4768 974 4834 qui
1041 4769 1298 4819 Joannem
1363 4773 1499 4843 certe
1540 4761 1754 4843 caelum
1806 4763 1858 4843 et

155 4840 214 4888 in
245 4837 514 4904 principio
544 4843 660 4890 erat
679 4840 704 4890 ?
1045 4842 1192 4890 terra
1219 4841 1392 4890 erant.
1441 4836 1588 4901 Quid
1629 4836 1733 4888 erit
1761 4836 1856 4904 qui

1041 4911 1098 4961 in
1131 4909 1403 4976 principio
1433 4911 1549 4960 erat
1587 4901 1856 4962 Verbum?

235 4974 373 5029 Ibid.
431 4979 500 5030 Et
548 4977 776 5030 Verbum
826 4983 962 5044 erat,
1113 4974 1187 5031 lid.
1271 4980 1338 5031 Et
1419 4977 1651 5031 Verbum
1717 4979 1854 5038 erat,

155 5063 262 5100 non
286 5047 688 5130 qualecumque,
722 5049 814 5101 sed
829 5052 965 5103 Deus
1038 5064 1143 5130 n_o-n
1184 5048 1520 5130 ubicumque,
1567 5046 1661 5098 sed
1690 5044 1854 5130 apud,

155 5125 278 5169 erat
317 5117 560 5170 Verbum.
1045 5122 1249 5186 Deum;
1282 5123 1331 5170 et
1377 5117 1605 5170 Verbum
1626 5121 1857 5169 eratnon

1048 5191 1452 5240 qualecumque.
1543 5186 1638 5240 sed
1719 5188 1857 5240 Deus

1543 5199 1638 5241 sea
1719 5199 1857 5240 ueus

870 4487 967 4538 Do-

1048 5191 1452 5257 qualecumque,

1048 5265 1164 5313 erat
1200 5259 1446 5312 Verbum.

240 5326 382 5383 lhid.
431 5328 575 5393 Quid
625 5331 745 5398 ipsa
783 5346 974 5385 manus
1122 5331 1199 5384 Id.
1235 5329 1379 5394 Quid
1417 5332 1494 5382 est
1525 5329 1646 5396 ipsa
1667 5340 1858 5380 manus

161 5401 378 5452 Dmnini
396 5398 422 5452 Ὺ
1044 5400 1295 5456 Domini?

326 5473 376 5524 3.
408 5471 591 5547 Venit
619 5472 839 5547 angelus
871 5473 973 5524 ϐα·
1117 5473 1192 5525 Id.
1263 5471 1419 5547 Venit
1475 5469 1697 5547 angehis
1733 5467 1861 5547 fde:

159 5540 448 5619 br‘ielﬂad
468 5542 806 5619 zachariam,
869 5559 973 5619 non
1047 5548 1184 5619 su_n_t_
1212 5541 1449 5619 melein
1465 5539 1618 5602 cod.)
1645 5537 1862 5619 GQI'Liﬁl

158 5610 238 5661 ml
278 5611 546 5663 Elisabcth
579 5607 798 5665 ure-rem
838 5613 973 5679 ejus,
1051 5614 1124 5666 ad
1152 5613 1492 5675 Zachariam,
1523 5623 1626 5662 non
1651 5607 1725 5661 ad
1746 5608 1862 5661 Eli-

161 5686 386 5734 ἠμῖν-«γη
475 5685 736 5734 Joannis:
813 5685 974 5746 t't’ﬂil,
1050 5685 1250 5736 sabelh.
1289 5682 1579 5736 Zacharias
1620 5684 1857 5746 eratpa-

1261 1685 1453 1756 lIIerito
1495 1689 1545 1736 et
1574 1685 1663 1738 ille
1690 1691 1856 1738 vetus.
1895 1702 1934 1756 Β

1524 301 1902 358 LECTIONES
1941 307 2348 364 VAHIANTES.

1902 426 1952 481 A
1990 429 2255 508 inquam,_
2299 435 2520 508 angelus
2583 436 2802 508 Gabriel
2877 443 2957 489 ter
3061 440 3329 508 Joannis;
3406 446 3684 501 Elisabeth

1145 487 1320 578 Codd.
1388 492 1612 578 'Nomen
1639 564 1662 578 .
1688 499 1888 578 sanctae
2129 487 2465 578 lucharidm,
2502 487 2800 578 '_nbn”izii
2873 487 3013 560 ila-or
3041 487 3678 578 ejiiifin'aiefiiiﬂﬁiis':

1990 569 2295 624 Elisabeth.
2326 577 2504 642 Quare
2519 576 2548 627 ?

3549 327 3682 381 H82

2884 578 3046 632 Venit
3095 581 3320 635 Gabriel
3363 584 3438 636 ad
3479 588 3677 639 Zacha-

2872 649 3033 710 riam,
3088 665 3194 704 non
3250 653 3325 706 ad
3378 656 3673 710 Elisabeth.

2873 718 3055 780 Quare
3074 720 3102 773 ?

2585 784 2810 842 SERMO
2837 787 3076 841 CCXCII.

2059 848 2286 917 Legitur
2346 851 2406 905 in
2462 854 2584 908 cod.
2647 857 2798 912 Cass.

1985 917 2078 971 fol.
2111 922 2196 973 74.

2058 989 2198 1044 Edit.
2239 991 2302 1044 N.
2337 994 2388 1046 3.
2420 995 2786 1061 lniquitatem.

1984 1061 2258 1133 Dominus
2333 1063 2578 1118 Christus
2623 1082 2791 1133 quare

1982 1134 2059 1182 est
2107 1130 2464 1198 baptizatus?
2533 1130 2789 1190 Dom’nus

1982 1199 2239 1254 Christus
2290 1203 2392 1255 Dei
2441 1205 2609 1258 Filius
2665 1209 2788 1258 uni-

1979 1274 2211 1342 genitus,
2245 1288 2412 1340 quare
2439 1279 2516 1327 est
2546 1274 2785 1342 baptiza-

1979 1344 2064 1393 tus
2083 1340 2110 1392 ‘?
2127 1341 2323 1394 Inveni
2334 1359 2501 1410 quare
2513 1351 2590 1397 est
2604 1340 2786 1410 natus,

1977 1414 2028 1481 et
2084 1410 2163 1464 ibi
2208 1414 2443 1466 invenies
2498 1430 2666 1481 quare
2712 1423 2790 1470 est

1977 1479 2302 1552 baptizatus.
2325 1485 2410 1538 lbi
2442 1479 2659 1552 quippe,
2680 1492 2783 1541 etc.

2046 1551 2111 1603 N.
2171 1553 2222 1604 4.
2272 1555 2410 1619 Quia
2455 1551 2670 1608 Domini
2711 1561 2788 1611 est

1972 1621 2144 1675 salus.
2171 1623 2311 1677 Nam
2331 1639 2496 1692 vana,
2534 1629 2640 1678 etc.

2043 1760 2184 1814 Ibid.
2209 1764 2389 1830 Neque
2433 1765 2574 1818 enim
2601 1767 2781 1820 Joan-

1969 1833 2056 1884 nis
2079 1847 2184 1884 non
2214 1841 2330 1886 erat
2353 1836 2605 1889 Salvator
2626 1837 2779 1892 Chri-

1966 1904 2100 1954 stus.
2124 1904 2242 1959 Non
2259 1905 2352 1958 hoc
2365 1905 2502 1960 dicit
2515 1908 2648 1975 ipse,
2668 1912 2774 1960 etc.

2040 2041 2104 2094 N.
2133 2045 2184 2095 5.
2220 2045 2351 2097 Ecce
2397 2046 2494 2113 qui
2535 2044 2778 2113 baptizat

1964 2113 2195 2176 inferior
2207 2119 2285 2166 est
2303 2130 2322 2178 ;
2339 2117 2434 2182 qui
2444 2115 2777 2182 baptizatur,

1965 2183 2211 2236 dicturus
2240 2198 2378 2252 sum,
2409 2185 2635 2239 melior?
2672 2188 2781 2240 Hoc

1961 2253 2122 2320 forte,
2151 2259 2258 2307 etc.

2868 872 2944 923 x1,
3000 857 3097 914 fol.
3147 864 3265 928 I93,
3307 866 3363 916 et
3407 863 3524 918 cod.
3568 881 3672 926 cxn,

2936 996 3069 1052 Cod.
3135 1015 3239 1053 cn.
3302 1003 3670 1071 Iniquitatem.

2864 1068 3013 1120 Dices
3112 1071 3250 1123 mihi
3271 1087 3284 1125 :
3395 1068 3672 1128 _Dominus

2865 1138 3120 1212 Christus
3140 1156 3306 1206 quare
3323 1147 3399 1196 est
3431 1143 3672 1212 baptiza-

2865 1210 3000 1260 tus'?
3030 1211 3282 1265 Dominus
3303 1210 3548 1268 Christus
3570 1232 3670 1267 na-

2866 1281 2949 1352 t_us
2964 1293 3040 1352 ea:
3059 1281 3269 1352 virgine
3285 1286 3447 1346 venit,
3464 1289 3670 1352 quare?

2864 1348 3031 1424 Etibi
3073 1351 3280 1424 invenis
3329 1348 3496 1420 quare
3530 1354 3670 1424 bap-

2861 1419 3082 1470 tizatus.
3106 1420 3190 1472 lbi
3208 1419 3428 1490 quippe,
3455 1429 3562 1476 etc.

2931 1556 3065 1611 Cod.
3099 1574 3173 1612 ιι.
3211 1563 3350 1628 Quia
3381 1578 3414 1615 a
3439 1565 3664 1617 Domino

2857 1632 2937 1679 est
2964 1629 3133 1693 salus,
3167 1630 3228 1682 id
3255 1636 3351 1694 est,
3375 1647 3409 1684 a
3448 1635 3669 1686 Domino

2857 1698 3202 1753 datursalus.
3229 1703 3361 1755 Nam
3379 1718 3540 1763 vana,
3559 1711 3664 1757 etc.

2929 1767 3008 1820 Id.
3042 1769 3224 1837 Neque
3252 1774 3393 1824 enim
3419 1772 3666 1827 Joannes

2852 1853 2958 1890 non
3001 1844 3117 1890 erat
3165 1841 3480 1894 salvandus.
3535 1843 3666 1896 Sal-

2851 1913 3008 1961 vator
3034 1923 3156 1976 ergo
3207 1913 3471 1967 Christus.
3523 1913 3663 1967 Nam

2851 1979 2946 2031 hoc
2966 1977 3102 2048 dicit
3130 1983 3266 2048 ipse,
3301 1987 3407 2034 etc.

2920 2047 3052 2102 Cod.
3095 2047 3201 2104 cxi.
3245 2054 3376 2105 Ecce
3415 2053 3510 2118 qui
3533 2051 3660 2120 bap-

2855 2120 2990 2171 tizat
3019 2119 3250 2186 inferior
3269 2126 3384 2185 est;
3414 2123 3510 2188 qui
3530 2121 3660 2188 bap-
3741 2160 3746 2166 .

2853 2191 3076 2256 tizatur,
3109 2191 3354 2245 dicturus
3376 2206 3512 2252 sum,
3541 2206 3658 2242 me-

2852 2258 3002 2313 lior?
3041 2262 3103 2316 Si
3155 2277 3249 2314 nec
3293 2262 3389 2329 qui
3413 2261 3659 2330 baptizat

2851 2331 3082 2394 inferior
3113 2337 3321 2397 est,nec
3351 2333 3447 2401 qui
3477 2329 3658 2398 bapti-

1963 2414 2124 2488 satur
2151 2413 2362 2488 melior,
2383 2412 2775 2488 dicturussum
2803 2419 2934 2484 quia
2957 2421 3189 2475 Creator
3217 2435 3382 2488 quam
3407 2423 3657 2472 creatura

1965 2481 2104 2549 (non)
2135 2484 2210 2535 sit
2236 2484 2442 2538 melior.
2479 2487 2585 2538 Hoc
2613 2487 2772 2550 forte,
2795 2481 2904 2543 étc.

2037 2569 2103 2632 Ν,
2145 2572 2196 2622 8.
2241 2570 2346 2624 Sed
2387 2587 2491 2624 non
2515 2574 2574 2625 in
2605 2573 2700 2626 hoc
2722 2587 2776 2626 se

1965 2637 2293 2706 discipulum
2359 2642 2772 2696 demonstravit.

1966 2709 2076 2774 Qui
2111 2709 2176 2762 de
2204 2710 2348 2777 caelo,
2382 2714 2585 2779 inquit,
2610 2719 2718 2766 etc.

2035 2917 2174 2972 Ibid.
2230 2921 2300 2974 Et
2358 2920 2515 2975 audit
2562 2937 2698 2991 eum,
2722 2925 2772 2977 et

1964 2989 2081 3042 ideo
2105 2993 2234 3057 stat,
2260 2997 2365 3044 etc.

2920 2577 3001 2630 Id.
3061 2576 3167 2632 Sed
3220 2591 3326 2628 non
3381 2576 3440 2628 in
3471 2575 3566 2627 hoc
3603 2589 3658 2628 se

2845 2644 3172 2714 discipulum
3231 2646 3647 2714 demonstravit.

2843 2717 2914 2767 Et
2951 2713 3046 2768 ubi
3097 2732 3152 2769 se
3181 2715 3506 2782 discipulum
3565 2713 3655 2766 de-

2844 2787 3212 2867 monstravit?
3259 2785 3364 2850 Qui
3409 2783 3474 2838 de
3505 2783 3653 2846 cazlo,

2842 2860 3043 2923 inquit,
3094 2860 3199 2909 etc.

2915 2926 3085 2979 Codd.
3139 2925 3347 2978 ambo:
3392 2925 3460 2977 Et
3489 2923 3648 2977 audit

2841 3011 2959 3048 eum
3013 3010 3136 3062 ergo
3205 2994 3505 3062 discipulus
3557 2997 3652 3054 est,

2843 3068 2940 3134 qui
2994 3071 3103 3119 stat
3149 3069 3199 3118 et
3247 3063 3408 3117 audit
3469 3065 3659 3130 magi-

2841 3141 3032 3190 strum.
3062 3137 3132 3189 Et
3175 3135 3292 3188 ideo
3350 3138 3480 3199 stat,
3541 3137 3650 3187 etc.

2542 3220 2773 3276 SERMO
2801 3223 3061 3278 CCXCIV.

2032 3287 2262 3360 Legitur
2288 3287 2345 3340 in
2375 3289 2499 3344 cod.
2534 3291 2685 3345 Cass.
2739 3309 2832 3360 vn,
2894 3294 2990 3347 fol.
3041 3296 3162 3353 280,
3193 3299 3248 3346 et
3273 3291 3334 3346 in
3362 3291 3483 3345 cod.
3523 3291 3654 3345 Flo-

1960 3359 2170 3430 rentii).
2203 3358 2346 3430 plut.
2382 3375 2515 3414 xvm
2543 3361 2721 3425 dext.,
2749 3358 2874 3418 cod.
2907 3380 2960 3430 v,
2985 3364 3080 3418 fol.
3120 3367 3206 3417 3I.

2035 3428 2180 3482 Edit.
2233 3429 2296 3481 N.
2341 3433 2390 3500 1.
2433 3433 2772 3500 Disputatio-

1959 3513 2051 3552 nes
2074 3514 2208 3567 quor
2223 3499 2442 3553 umdam
2456 3499 2576 3570 quae
2591 3503 2768 3570 modo,

1961 3574 2099 3710 έιοΝ.
2155 3641 2206 3691 2.
2261 3640 2558 3710 Parumper
2603 3646 2772 3696 atten-

1961 3708 2090 3762 dite.
2133 3710 2420 3774 Parvulus,
2459 3708 2770 3780 'inquiunt,

1959 3781 2061 3832 etsi
2080 3795 2185 3833 non
2207 3780 2528 3848 baptizetur,
2554 3785 2767 3836 merito.

1962 3854 2172 3972 et(Ibid.
2209 3919 2357 3982 Quid
2377 3920 2440 3974 de
2470 3923 2586 3974 vita
2615 3926 2767 3975 aeter-

1960 3988 2077 4040 na?
2130 3989 2430 4055 Habebunt,
2490 3993 2764 4059 inquiunt.

1963 4061 2144 4122 Quare
2236 4059 2546 4113 habebunt?
2625 4063 2770 4126 Quia

1959 4129 2166 4182 nullum
2215 4135 2494 4196 peccatum
2540 4132 2759 4186 habent.

1888 4241 1930 4294 Β
2036 4269 2100 4322 Ν.
2167 4270 2197 4322 3
2273 4271 2386 4322 Hac
2440 4287 2662 4336 regnum
2683 4288 2772 4326 no-

1961 4341 2154 4406 minat,
2209 4340 2307 4393 hac
2386 4357 2504 4395 cum
2557 4341 2772 4397 diabolo

1962 4410 2378 4463 damnationem.

2035 4481 2176 4534 Ibid.
2230 4481 2426 4535 Recede
2482 4482 2547 4536 de
2583 4483 2767 4544 medio.

1961 4551 2054 4604 sed
2075 4551 2187 4604 noli
2215 4554 2270 4603 in
2286 4555 2587 4607 sinistram.

2034 4621 2096 4673 N.
2165 4623 2217 4674 4.
2267 4624 2331 4675 Et
2383 4623 2490 4675 haec
2555 4624 2769 4692 quidem

1958 4693 2164 4756 fuistis.
2223 4694 2294 4746 Et
2351 4693 2492 4746 unde
2513 4695 2635 4762 jam
2663 4709 2768 4748 non

1957 4768 2085 4814 sunt
2115 4764 2142 4814 ?

2033 4831 2094 4884 N.
2163 4835 2213 4884 6.
2281 4831 2523 4886 Damnas
2589 4835 2766 4888 tamen

1961 4917 2114 4968 quem
2147 4916 2369 4968 separas
2405 4919 2437 4956 a
2467 4919 2629 4969 regno
2666 4920 2765 4958 οω-

1961 4974 2150 5025 lorum.
2187 4975 2423 5026 Damnas
2451 4989 2464 5028 :
2518 4989 2622 5028 non
2651 4990 2768 5028 eum

1957 5044 2216 5112 percutis.

2036 5253 2097 5306 Ν.
2154 5257 2205 5306 7.
2265 5255 2378 5321 Ego
2415 5270 2641 5324 prorsus
2677 5272 2775 5310 ea:-

1963 5326 2149 5378 clamo.

2041 5394 2179 5448 Ibid.
2232 5395 2337 5449 Sed
2385 5399 2514 5462 scio,
2573 5399 2770 5465 inquis.

1971 5465 2118 5519 Unde
2142 5469 2246 5519 scis
2267 5466 2293 5518 ?
2323 5467 2462 5531 Quia
2508 5469 2770 5521 Dominus

1969 5537 2130 5589 (limit.

2917 3435 3034 3489 Cod
3129 3449 3181 3487 ν.
3245 3432 3653 3501 Disputationes

2847 3505 3220 3572 quorumdam,
3290 3505 3386 3571 qui
3477 3502 3652 3568 modo,

2845 3581 3052 3697 etilod.
3109 3650 3202 3695 νη.
3246 3644 3545 3709 Parumper
3571 3645 3657 3694 at-

2846 3714 3068 3766 tendite.
3114 3711 3260 3778 Quid
3279 3711 3485 3776 dicant,
3509 3711 3650 3765 dico.

2845 3783 3130 3848 Parvulas,
3171 3783 3447 3850 inquiunt,
3489 3783 3652 3834 meri-

2844 3858 2913 3919 to,
2949 3857 3050 3905 etc.

2914 3922 3051 3976 Cod.
3103 3937 3152 3973 ν.
3203 3922 3265 3976 Si
3319 3919 3536 3990 quidem
3569 3921 3650 3973 vi-

2845 3996 2957 4045 tam
2985 3997 3240 4045 aeternam
3257 3991 3544 4055 habebunt,
3571 3992 3651 4042 in-

2844 4067 3058 4130 quiunt.
3103 4065 3278 4128 Quare
3319 4061 3588 4113 habebunt
3626 4061 3653 4114 ?

2843 4134 2982 4198 Quia
3010 4133 3219 4186 nullum
3245 4134 3527 4201 peccatum
3559 4130 3654 4183 ha-
3721 4159 3757 4190 vr.

2845 4205 3108 4282 buerunt;
3125 4275 3135 4282 .
3619 4271 3630 4282 θ

2913 4274 2996 4327 Id.
3063 4275 3196 4326 Hinc
3240 4286 3464 4334 regnum
3485 4274 3652 4323 nomi-

2843 4348 2960 4408 nat,
2985 4345 3110 4397 hinc
3130 4358 3249 4398 cum
3269 4341 3485 4395 diabolo
3507 4340 3655 4394 dam-

2842 4417 3136 4468 nationem.

2915 4485 2995 4537 Id.
3079 4482 3276 4538 Recede
3345 4480 3410 4533 de
3458 4480 3651 4546 medio,

2841 4554 2936 4608 sed
2955 4555 3066 4607 noli
3099 4555 3403 4606 sinistram.

2912 4623 2994 4678 Id.
3046 4627 3116 4678 Et
3160 4624 3256 4677 hoc
3305 4619 3521 4691 quidem
3541 4621 3654 4686 fui-

2839 4696 2958 4748 stis.
3018 4697 3088 4749 Et
3166 4693 3308 4758 vide,
3357 4693 3478 4760 jam
3547 4705 3652 4743 non

2838 4768 2982 4818 sunt.

2910 4834 3042 4889 Cod.
3094 4849 3185 4887 vn.
3241 4835 3476 4886 Damnas
3534 4844 3651 4882 eum

2841 4921 2996 4974 quem
3047 4918 3272 4982 separas
3308 4918 3340 4953 (ι
3364 4915 3524 4968 regno

2843 4970 3033 5028 lorum.
3069 4970 3303 5028 Damnas
3342 4987 3496 5038 quem
3535 4970 3651 5022 dis—

2841 5048 3016 5099 socias
3069 5060 3103 5096 a
3159 5045 3406 5097 societate
3437 5045 3650 5094 sancto-

2839 5131 2980 5169 rum.
3011 5118 3134 5170 Jam
3162 5128 3268 5167 non
3313 5127 3430 5166 eum
3454 5125 3652 5180 percu-

2844 5187 2937 5239 tis.

2915 5254 3048 5308 Cod.
3117 5271 3169 5307 v.
3245 5267 3368 5320 ergo
3427 5265 3651 5321 prorsus

2843 5327 3101 5377 exclamo.

2917 5396 3049 5448 Cod.
3068 5411 3160 5447 vn.
3176 5393 3287 5447 Sed
3297 5396 3425 5455 scio,
3448 5394 3648 5460 inquis.

2849 5466 3001 5530 Quid
3063 5467 3206 5519 scis?
3279 5466 3394 5518 Non
3453 5466 3655 5517 iturum

2849 5537 3137 5604 parvulum
3193 5538 3252 5590 in
3301 5549 3526 5602 regnum
3565 5550 3657 5586 ca!-

2852 5609 3041 5661 Iorum.
3095 5605 3242 5661 Unde
3292 5607 3396 5658 scis
3435 5606 3463 5659 ?
3514 5605 3657 5668 Quia

2855 5681 3106 5730 Dominus
3138 5677 3300 5729 (limit.
