4068 6192
349 337 479 387 1183

521 458 571 509 8.
612 453 758 510 Unde
805 454 981 507 vicisti
1028 452 1158 504 bono

351 527 520 580 illius.

426 595 568 650 Ibid.

353 668 492 719 cisti.

430 737 492 789 N.
517 737 568 787 9.
596 734 688 785 Ita
718 730 1008 785 dividendo
1030 731 1166 785 duas

355 817 610 876 personas
632 803 1021 856 induceremus.

427 873 568 928 Ibid.
601 873 740 937 Noli,
775 873 974 940 inquit,
1001 887 1168 940 sepa-

358 960 503 1009 rare,
535 958 689 1010 quem
730 944 846 995 volo
895 943 1164 1010 copulare.

428 1013 569 1068 Ibid.
605 1012 710 1067 Sed
746 1017 795 1064 et
824 1013 882 1065 in
906 1013 1049 1077 calo,
1073 1013 1170 1079 qui

362 1085 605 1140 ambulat
636 1087 693 1134 in
726 1088 888 1135 terra.

437 1156 506 1208 N.
552 1156 634 1206 10.
685 1155 792 1206 Hoc
841 1167 964 1218 ergo
1003 1151 1175 1204 dicere

362 1225 553 1292 voluit,
583 1224 743 1278 Nemo
773 1222 1032 1288 ascendit,
1064 1223 1175 1275 nisi

369 1297 466 1364 qui
494 1292 782 1348 descendit.

642 595 779 650 Nam
861 607 1014 660 quem
1075 592 1164 644 vi-

437 1505 502 1558 Ν.
554 1505 637 1556 11.
690 1500 886 1555 Fundit
947 1501 1174 1566 sangui-

366 1590 482 1627 nem
514 1574 769 1625 Christus
808 1573 866 1624 in
904 1572 1173 1624 remissio-

366 1661 483 1698 nem
509 1648 866 1711 peccatorum.

441 1715 504 1768 N.
545 1716 624 1766 13.
653 1712 834 1765 Adam
858 1711 1066 1779 primus
1091 1725 1176 1763 ac-

372 1785 513 1851 cepit
542 1797 796 1836 morsum.

439 1853 577 1906 Ibid.
668 1855 735 1907 Ut
827 1850 893 1903 de
963 1855 1176 1917 peccato

369 1924 652 1976 damnaret
750 1924 1026 1989 peccatum
1119 1922 1178 1973 in

369 2009 564 2046 carne:
648 1991 713 2046 de
765 1995 978 2060 peccato
1045 2005 1176 2058 pec—

369 2068 566 2118 catum.

441 2134 505 2186 N.
550 2133 632 2186 14.
682 2133 805 2187 Nisi
842 2132 929 2186 ille
961 2133 1057 2198 qui
1076 2147 1178 2184 na-

373 2203 459 2258 tus
489 2204 700 2258 estsine
727 2203 882 2256 vitio.
929 2203 1012 2256 Ab
1056 2202 1174 2268 hac,

372 2279 476 2326 etc.

445 2344 510 2397 N.
582 2345 666 2396 15.
730 2343 900 2395 Unum
968 2341 1184 2410 aliquid

377 2414 774 2467 acutissimum.

444 2482 590 2537 Ibid.
658 2481 962 2549 Respondeo
1019 2497 1186 2550 pror-

377 2569 508 2608 sus:
540 2554 659 2608 Non
683 2555 896 2621 primus
948 2555 1187 2622 peccavit

382 2623 583 2678 Adam.

449 2695 512 2746 Ν.
551 2695 632 2746 18.
697 2692 780 2746 Ibi
835 2696 884 2747 et
932 2694 1190 2746 maritum

379 2764 539 2816 habes
569 2761 856 2831 inﬁdelem,
887 2762 965 2815 ibi
1006 2763 1187 2829 habes,

376 2839 482 2887 etc.

449 2901 592 2956 Ibid.
645 2903 1029 2970 Sanctiﬁcatur
1062 2918 1187 2956 mu-

380 2975 478 3049 lier
560 2973 792 3049 inﬁdelis
873 2976 929 3026 in
992 2976 1186 3039 fratre.
1264 2973 1858 3049 inﬁdelisninfratre
1901 2974 2066 3042 ﬁdeli.
2111 2994 2150 3049 ο
2255 2974 2396 3027 Ibid.
2424 2974 2506 3049 Ibi
2532 2976 2658 3027 sunt
2710 2971 2804 3025 sed
2850 2973 2908 3024 in
2941 2976 2989 3024 te

382 3043 682 3110 Numquid,
713 3047 816 3095 etc.

458 3115 523 3167 N.
559 3115 639 3167 l9.
677 3114 821 3176 Quia
863 3115 1031 3168 veteri
1081 3115 1191 3182 lege

385 3200 488 3237 non
519 3184 728 3237 licebat.

457 3255 520 3307 N.
572 3255 662 3308 20.
709 3253 851 3319 Quia
885 3258 1071 3321 postea
1109 3253 1190 3306 di-

388 3322 624 3390 ligenda.

1401 329 1778 385 SERMONUM
1826 327 2278 383 GENUINORUM
2321 327 2376 380 s.
2418 288 2802 379 AUGUSTINI.

1306 451 1440 504 Cod.
1490 467 1539 504 ν.
1594 451 1740 504 Unde
1792 466 1909 504 eum
1956 451 2039 503 vi-
2079 451 2123 504 A
2226 447 2370 502 Edit.
2407 446 2473 499 N.
2507 448 2555 498 1.
2597 445 2789 498 Recens
2838 456 2965 497 san-

1235 521 1366 575 cisti
1397 521 1528 574 bono
1558 521 1728 574 illius.

1309 590 1388 642 Id.
1443 593 1579 645 Nam
1621 606 1740 643 eum
1787 604 1941 658 quem
1967 591 2050 642 vi-

1239 662 1376 714 cisti.

1314 731 1394 784 Id.
1444 731 1529 783 Ita
1581 729 1873 784 dividendo
1920 729 2051 784 duos

1240 799 1626 854 induceremus.

1313 871 1394 923 1d.
1443 872 1588 933 Noli,
1643 872 1845 937 inquit.
1897 884 2052 937 sepa-

1241 955 1388 1004 rare,
1436 941 1580 1008 quod
1615 942 1730 994 volo
1782 941 2050 1008 copulare.

1316 1011 1393 1063 Id.
1448 1011 1604 1064 Sedet
1649 1013 1706 1063 in
1761 1009 1908 1075 certo,
1961 1012 2056 1078 qui

1244 1081 1560 1134 ambulabat
1590 1083 1645 1132 in
1676 1085 1838 1134 terra.
2005 1136 2016 1146 _

1319 1151 1454 1204 Cod.
1487 1166 1580 1203 vu.
1634 1152 1738 1204 Hoc
1785 1153 1927 1204 enim
1967 1150 2054 1203 di-

1249 1236 1362 1274 cere
1390 1221 1579 1281 voluit,
1604 1222 1764 1274 Nemo
1791 1221 2054 1284 ascendit,

1246 1293 1356 1344 nisi
1420 1293 1515 1358 qui
1580 1292 1694 1358 ejus
1768 1293 2058 1344 membrum

1249 1364 1429 1426 factus
1475 1361 1664 1425 fuerit.
1708 1362 1870 1415 Nemo
1919 1363 2059 1413 enim

1249 1430 1508 1494 ascendit,
1529 1433 1639 1483 nisi
1650 1432 1745 1497 qui
1764 1430 2052 1484 descendit.

1321 1500 1457 1554 Cod.
1493 1517 1542 1554 v.
1597 1500 1798 1553 Fundit
1834 1502 2058 1568 sangui—

1252 1585 1370 1623 nem
1393 1571 1639 1626 Christus
1680 1572 1740 1623 in
1790 1573 2059 1624 remissio-

1251 1656 1370 1693 nem
1410 1643 1646 1694 omnium
1699 1647 2057 1708 peccatorum.

1321 1710 1400 1763 Id.
1433 1711 1612 1764 Adam
1639 1713 1815 1780 primo
1858 1713 2062 1780 accepit
2092 1721 2133 1774 Β

1247 1795 1501 1834 morsum.

1321 1851 1398 1903 Id.
1435 1853 1500 1905 Ut
1529 1852 1594 1905 de
1644 1855 1856 1920 peccato
1900 1851 2059 1904 dam-

1252 1925 1404 1974 naret
1425 1927 1729 1989 peccantem
1758 1926 1817 1976 in
1860 1937 2056 1975 carne:

1250 1991 1315 2044 de
1339 1996 1559 2060 peccato
1591 1999 1914 2060 peccantem.

1323 2131 1403 2184 Id.
1466 2133 1585 2186 Nisi
1648 2134 1745 2201 qui
1800 2136 1960 2185 natus
1988 2137 2065 2185 est

1251 2204 1367 2254 sine
1401 2205 1530 2256 vitio
1586 2203 1754 2256 homo.
1823 2202 1908 2256 Ab
1966 2202 2064 2255 hac

1254 2277 1360 2326 etc.

1329 2342 1408 2395 Id.
1451 2343 1623 2396 Unum
1661 2341 1812 2396 aliud
1859 2344 2065 2396 acutis-

1257 2413 1472 2465 simum.

1330 2482 1388 2536 Id
1400 2522 1412 2535 .
1454 2481 1758 2550 Respondeo
1782 2497 1795 2535 :
1830 2483 2068 2536 Prorsus

1259 2568 1363 2606 non
1380 2554 1592 2622 primus
1612 2554 1851 2621 peccavit
1868 2553 2064 2607 Adam.

1335 2691 1414 2746 Id.
1453 2692 1554 2746 Ubi
1601 2693 1759 2746 habes
1801 2697 1850 2747 et
1891 2695 2068 2746 mari-

1267 2768 1378 2815 tum
1423 2763 1708 2832 inﬁdelem,
1763 2763 1841 2816 ibi
1888 2763 2068 2828 habes,

1267 2838 1416 2956 euid.
1459 2903 1840 2971 Sanctiﬁcatur
1883 2905 2074 2956 mulier

1263 3042 1562 3111 Numquid,
1606 3048 1712 3097 etc.

1336 3113 1416 3167 Id.
1468 3114 1611 3177 Quia
1654 3117 1712 3168 in
1751 3115 1919 3168 veteri
1965 3115 2074 3180 lege

1263 3199 1369 3238 non
1399 3184 1608 3237 licebat.

1337 3253 1416 3307 1d.
1490 3254 1558 3307 Ut
1621 3253 1682 3306 in
1745 3269 1861 3307 var.
1894 3254 2070 3310 Maur.

1265 3326 1401 3389 Quia
1416 3327 1604 3392 postea
1626 3324 1930 3390 diligentia.

986 3428 1212 3482 SERMO
1245 3428 1474 3483 CCXCV.

461 3512 689 3583 Legitur
716 3512 775 3566 in
794 3513 930 3568 Cod.
959 3516 1105 3568 Cass.
1131 3531 1230 3579 xu,
1257 3515 1357 3569 fol.
1379 3517 1500 3568 235.

459 3601 604 3655 Edit.
675 3603 739 3654 N.
815 3606 860 3656 I.
929 3604 1022 3657 Vis
1049 3618 1200 3656 nosse

389 3672 452 3725 de
463 3688 571 3741 qua
579 3677 736 3741 petra
751 3671 943 3728 Petrus
954 3673 1200 3727 dicatur?

389 3745 614 3797 Paulum
643 3743 799 3796 audi.

459 3814 524 3867 Ν.
573 3816 626 3866 2.
677 3815 738 3868 Si
778 3829 868 3867 cor
915 3816 1110 3881 tangit,
1140 3818 1200 3868 ut

387 3885 589 3951 peccati
690 3886 949 3950 confessio
1044 3887 1197 3950 foras

387 3958 560 4007 exeat.
613 3954 718 4008 Sed
767 3970 965 4022 parum
1023 3953 1200 4008 adhuc

389 4025 589 4090 ligatus
618 4028 715 4078 est.
747 4025 1022 4089 Dominus,
1088 4031 1192 4078 etc.

1343 3601 1479 3657 Cod.
1537 3604 1628 3655 Vis
1677 3616 1826 3656 nosse
1874 3602 1940 3656 de
1969 3618 2079 3671 qua

1270 3678 1426 3740 petra
1471 3673 1698 3726 Petrus?
1733 3675 1887 3726 Dicat
1927 3674 2077 3726 Pau-

1272 3745 1354 3797 lus
1379 3761 1392 3810 ;
1413 3743 1615 3798 audite.

1343 3815 1422 3868 Id.
1503 3814 1592 3868 Sic
1660 3812 1924 3866 Dominus
1989 3827 2079 3866 cor

1273 3888 1468 3953 tangit,
1500 3888 1559 3936 ut
1583 3885 1792 3951 peccati
1815 3885 2078 3949 confessio

1270 3957 1422 4019 foras
1478 3953 1636 4018 (Cod.
1703 3953 1851 4006 male
1914 3953 2075 4022 foris)

1271 4030 1426 4078 exeat
1496 4023 1600 4079 Sed
1645 4039 1844 4091 parum
1900 4024 2077 4077 adhuc

1268 4097 1488 4163 prodest
1541 4095 1802 4160 confessio
1869 4095 2078 4162 peccati

389 4165 615 4218 hominis
646 4164 822 4218 adhuc
850 4165 1027 4232 ligati.
1062 4167 1336 4230 Dominus,
1372 4171 1476 4220 etc.

461 4235 525 4288 Ν.
585 4239 636 4289 5.
698 4235 1013 4303 Numquind
1058 4241 1199 4288 enim

391 4306 588 4359 Paulus
631 4321 731 4373 pro
789 4306 937 4360 vobis
981 4308 1194 4373 cruci/i-

389 4391 493 4428 xus
523 4379 600 4429 est
630 4379 658 4428 ?

464 4446 534 4499 N.
594 4449 648 4499 6.
716 4447 784 4498 Te
843 4446 1017 4510 ladis,
1072 4461 1197 4499 nam

393 4516 645 4582 Ecclesia,
671 4520 773 4568 etc.

390 4656 407 4708 ι
461 4584 604 4667 Ibid.
637 4585 966 4654 Trepidabat
992 4588 1198 4652 famam

411 4671 524 4708 um.

411 4671 524 4725 api.

460 4727 524 4781 Ν.
581 4728 632 4780 8.
713 4725 857 4790 Quid
909 4727 1198 4793 quarunt?

392 4799 567 4851 Minus
633 4796 847 4862 habent,
918 4798 968 4850 si
1021 4796 1197 4851 adhuc

389 4868 574 4922 laudes
605 4867 879 4922 hominum
927 4872 1193 4934 quarunt.

388 4940 448 4992 Si
476 4939 652 4992 adhuc
691 4937 878 4991 laudes
926 4938 1198 4991 hominum

389 5013 655 5076 quarunt,
680 5009 917 5062 nondum
936 5009 1194 5062 vicerunt.

459 5149 593 5204 Ibid.
661 5149 767 5205 Sed
813 5151 936 5218 quis
985 5151 1042 5202 in
1071 5151 1197 5202 eis?

393 5221 492 5272 Ille
537 5222 634 5288 qui
688 5220 877 5273 dixit:
937 5219 1068 5273 Sine
1115 5235 1196 5274 me

390 5292 529 5344 nihil
554 5293 780 5359 potestis
811 5294 1011 5356 facere.

1343 4237 1422 4290 Id.
1463 4232 1741 4302 Numquid
1790 4235 1930 4286 enim
1975 4235 2076 4287 Pe-

1272 4312 1387 4359 trus
1436 4311 1485 4359 et
1535 4306 1740 4358 Paulus
1778 4320 1880 4372 pro
1928 4305 2077 4358 vobis

1271 4378 1562 4444 cruciﬁxus
1593 4379 1669 4428 est
1691 4379 1719 4427 ?

1341 4447 1423 4501 Id.
1465 4448 1532 4499 Te
1585 4445 1753 4510 ladis,
1814 4459 1918 4498 non
1956 4461 2077 4510 me;

1271 4517 1530 4571 Ecclesia.
1563 4522 1672 4568 etc.

1341 4587 1422 4640 Id.
1513 4584 1841 4654 Trepidabat
1927 4586 2084 4650 fama

1271 4659 1403 4726 lupi.

1342 4727 1421 4780 Id.
1475 4727 1618 4793 Quid
1676 4724 1968 4794 quarunt?
2023 4726 2083 4781 Si

1270 4798 1482 4866 aliquid
1556 4800 1825 4865 quarunt,
1901 4797 2080 4849 minus

1271 4869 1487 4922 habent.
1543 4869 1604 4923 Si
1663 4867 1840 4920 adhuc
1895 4867 2080 4919 laudes

1271 4940 1544 4992 hominum
1621 4941 1889 5006 quarunt,
1974 4951 2080 4989 non

1270 5010 1530 5064 mundum
1615 5011 1877 5062 vicerunt.
1943 5007 2078 5060 Vide

1272 5094 1387 5132 var.
1421 5081 1594 5133 Maur.

1340 5149 1418 5202 Id.
1451 5149 1558 5204 Sed
1586 5148 1720 5218 quid
1748 5150 1806 5201 in
1824 5149 1899 5202 eis
1918 5148 1947 5200 ‘?
1970 5148 2076 5200 Do-

1267 5222 1445 5273 minus
1483 5225 1661 5273 noster
1705 5220 1870 5272 Jesus
1915 5218 2073 5273 Chri-

1266 5295 1400 5355 stus,
1425 5292 1521 5358 qui
1538 5290 1684 5343 dixit
1707 5305 1721 5342 :
1752 5290 1878 5344 Sine
1894 5304 1975 5342 me
1993 5291 2076 5340 ni-

1267 5361 1346 5414 hil
1395 5363 1618 5429 potestis
1683 5363 1899 5426 facere;
1977 5361 2074 5427 qui

391 5433 524 5483 vivit
567 5436 616 5484 et
661 5435 853 5498 regnat
895 5447 1014 5485 cum
1060 5433 1236 5496 Patre,
1264 5433 1322 5484 in
1351 5433 1561 5484 unitate
1600 5432 1841 5499 Spiritus
1873 5431 2069 5495 sancti,

393 5501 556 5568 Deus,
589 5517 686 5569 per
711 5504 890 5556 omnia
919 5503 1113 5556 sacula
1132 5503 1464 5556 saculorum.
1489 5502 1679 5554 Amen.

959 5606 1185 5660 SERMO
1235 5606 1509 5661 CCXCVI.

463 5699 692 5770 Legitur
721 5699 780 5751 in
818 5699 939 5752 cod.
963 5701 1110 5753 Cass.
1132 5716 1205 5766 xi,
1233 5701 1331 5754 fol.
1368 5704 1492 5766 231,
1517 5699 1616 5754 ubi
1652 5699 1852 5753 titulus
1884 5701 2072 5763 habet,

397 5793 461 5842 De
509 5788 798 5855 Evangelia
848 5789 906 5838 in
953 5803 1054 5851 quo
1093 5790 1193 5855 ait,
1223 5790 1403 5844 Simon
1427 5790 1682 5850 Joannis,
1727 5789 1914 5855 diligis
1946 5805 2026 5843 me
2049 5792 2074 5843 ἲ)

3711 319 3851 371 1184

3110 441 3241 496 Cod.
3327 444 3562 496 Praesens
3621 457 3852 510 evange-

3039 513 3145 566 lica
3177 511 3326 566 lectio
3340 553 3353 565 .

3111 583 3190 635 Id.
3244 585 3374 636 Tam
3420 585 3635 638 amator
3680 597 3848 650 quam

3041 657 3282 720 negator.

3117 724 3196 776 Id.
3227 723 3331 778 Sed
3362 727 3484 776 tunc
3525 737 3631 776 non
3674 725 3858 790 potuit

3043 795 3198 862 sequi
3216 807 3462 861 passum.

3119 865 3199 918 Id.
3234 865 3485 917 Dominus
3528 867 3650 930 post
3671 877 3854 916 resur-

3047 937 3331 989 rectionem
3402 932 3550 985 do-zet
3607 935 3852 987 Pet-rum.

3125 1005 3205 1059 Id.
3237 1003 3556 1057 Inordinate
3571 1009 3739 1070 amat,
3759 1003 3853 1056 Sed

2159 520 2234 572 cti
2269 515 2546 582 Evangelii
2575 515 2744 567 lectio.

2233 585 2573 654 Ibid.Major
2584 587 2794 637 amator
2806 596 2965 651 quam

2161 663 2401 723 negator.

2231 727 2375 781 Ibid.
2405 725 2510 781 Sed
2533 730 2656 780 tunc
2675 738 2780 777 non
2797 724 2972 791 potuit

2159 800 2312 867 sequi
2332 810 2617 866 passurus.

2233 867 2372 921 Ibid.
2405 868 2662 920 Dominus
2687 869 2977 932 postquam

2162 940 2483 1000 resurrexit,
2536 935 2682 987 docet
2734 936 2971 988 Petrum.

2236 1008 2381 1061 Ibid.
2419 1005 2734 1061 Inordinate
2762 1018 2974 1068 amans,

2163 1079 2376 1144 defecit.
3046 1077 3243 1144 deﬁcit.

2235 1147 2378 1202 Ibid.
2449 1147 2706 1201 Promisit
2765 1147 2973 1213 passio-
3115 1143 3199 1199 Id.
3275 1143 3553 1198 Promittit
3647 1147 3856 1212 passio-

2162 1235 2300 1273 nem.
3044 1233 3183 1271 nem.

2237 1290 2298 1341 Ν.
2331 1291 2383 1341 2.
2417 1288 2531 1343 Non
2561 1286 2810 1352 dixisset,
2845 1287 2971 1340 Pro-
3117 1286 3198 1340 Id.
3248 1286 3363 1340 Non
3421 1283 3639 1351 diceret,
3707 1285 3859 1338 Pro-

2161 1362 2355 1428 pitius.
3043 1360 3240 1428 pitius.

2239 1430 2379 1482 Ibid.
2442 1429 2505 1480 In
2555 1441 2658 1494 quo
2701 1431 2748 1480 et
2792 1434 2974 1480 resur-
3121 1427 3180 1480 Id
3236 1427 3297 1479 In
3329 1440 3431 1493 quo
3461 1429 3576 1477 erat
3606 1428 3655 1476 et
3677 1439 3862 1477 resur-

2167 1505 2425 1553 recturus.
3049 1502 3314 1551 recturus.

2240 1569 2381 1622 Ibid.
2439 1567 2572 1622 Redi
2620 1571 2782 1631 retro,
2816 1566 2975 1621 Sata-
3115 1568 3201 1622 Id.
3259 1565 3396 1620 Redi
3449 1565 3862 1629 retro,Satana.

2166 1656 2287 1693 ηαδ.

2243 1708 2380 1762 Ibid.
2409 1709 2588 1775 Tergit
2604 1709 2840 1774 lacrynis
2860 1708 2974 1775 pie-

2168 1783 2296 1833 tatis
2327 1779 2503 1833 cordis
2530 1780 2859 1845 negationes.

2240 1851 2300 1903 N.
2337 1853 2388 1904 3.
2427 1851 2491 1902 Ut
2518 1854 2596 1900 ter
2641 1850 2980 1915 conﬁteretur

2165 1936 2330 1981 amor,
2373 1918 2515 1986 quod
2569 1923 2648 1972 ter
2693 1920 2982 1983 negaverat

2167 1993 2344 2044 timor.

3124 1708 3206 1762 Id.
3242 1707 3428 1772 Tergit
3469 1706 3731 1771 lacrymis
3749 1704 3867 1774 pic-

3054 1781 3184 1834 tatis
3213 1777 3394 1832 sordes
3426 1777 3759 1840 negationis.

3127 1848 3207 1902 Id.
3291 1850 3357 1902 Ut
3421 1850 3500 1898 ter
3544 1848 3867 1912 conﬁteatur

3054 1934 3240 1981 amor;
3277 1919 3411 1986 quia
3460 1921 3539 1969 ter
3571 1922 3862 1983 negaverat

3056 1995 3234 2044 timor.

3127 2059 3209 2113 Id.
3251 2059 3319 2112 Et
3349 2056 3733 2110 commendatis
3773 2057 3866 2110 Pe-

3057 2135 3138 2183 tro
3165 2129 3350 2181 ovibus
3392 2130 3528 2192 suis,
3565 2127 3689 2194 jam
3721 2142 3866 2195 pra-

3052 2202 3288 2254 nuntiat.

2240 2060 2382 2114 Ibid.
2458 2062 2527 2113 Et
2595 2056 2980 2113 commendatis

2167 2133 2318 2185 Petro
2363 2131 2550 2184 ovibus
2596 2131 2730 2194 suis,
2776 2132 2825 2180 et
2845 2142 2980 2180 com-

2170 2201 2416 2254 mendato
2472 2200 2580 2254 sibi
2650 2201 2804 2253 Petro
2861 2213 2980 2250 cum

2170 2273 2356 2325 ovibus
2376 2273 2490 2325 suis
2496 2271 2616 2337 jam
2628 2270 2976 2337 praenuntiat.

2247 2344 2308 2397 Ν.
2341 2343 2394 2396 4.
2430 2343 2718 2406 Pretiosas,
2778 2343 2983 2408 emptas

2175 2427 2279 2466 non
2319 2427 2476 2464 auro.

2246 2483 2366 2535 Ibid
2379 2522 2392 2537 .
2427 2481 2681 2535 Idoneum
2709 2483 2841 2532 esset
2865 2493 2985 2547 pre-

2176 2555 2331 2607 tium.

2251 2624 2314 2676 N.
2350 2625 2400 2676 5.
2430 2622 2514 2676 Ibi
2541 2625 2685 2674 certa
2732 2621 2983 2675 victoria.

2250 2694 2310 2747 N.
2353 2697 2404 2746 6.
2457 2694 2586 2757 Qua
2627 2695 2752 2744 sunt
2787 2705 2986 2764 propo-

2178 2766 2306 2818 sita.
2903 2769 2908 2772 ’

2253 2833 2391 2887 Ibid.
2429 2833 2689 2898 Qualibet
2712 2831 2988 2900 quantuli-

2183 2903 2266 2958 bet
2298 2903 2597 2956 tribulatio.

3126 2339 3208 2394 Id.
3250 2339 3370 2394 Non
3407 2339 3582 2408 pretio
3641 2341 3874 2407 emptas,

3055 2427 3161 2466 non
3190 2424 3345 2463 auro.

3093 2480 3212 2564 .Id.
3261 2479 3518 2534 Idoneum
3567 2483 3702 2532 esset
3750 2495 3876 2548 pre-

3061 2556 3214 2675 hold.
3267 2621 3350 2675 Ibi
3392 2634 3582 2672 secura
3619 2620 3875 2673 victoria.

3133 2691 3214 2745 Id.
3259 2691 3388 2757 Qua
3433 2695 3543 2744 sint
3567 2691 3874 2758 proposita.

3134 2831 3218 2885 Id.
3256 2830 3514 2896 Qualibet
3555 2833 3606 2882 et
3638 2833 3877 2898 quanta-

3063 2902 3191 2955 libet
3217 2902 3516 2955 tribulatio.

3134 2972 3215 3026 Id.
3249 2972 3330 3026 lbi
3350 2975 3494 3032 sunt.
3519 2970 3597 3023 ibi
3614 2975 3765 3035 sunt,
3781 2970 3877 3023 sed

3063 3044 3118 3094 in
3140 3047 3187 3095 te
3218 3057 3323 3094 non
3354 3046 3499 3094 sunt.

3137 3112 3218 3165 Id.
3255 3113 3472 3165 Utinam
3510 3111 3568 3163 in
3599 3113 3647 3163 te
3679 3116 3873 3175 essent,

3064 3185 3314 3251 quisquis
3334 3185 3441 3234 ista
3455 3182 3708 3248 loqueris,
3727 3183 3876 3248 quis-

3063 3255 3186 3320 quis
3213 3254 3321 3306 ista
3351 3252 3574 3319 desipis,
3617 3253 3875 3319 quisquis

3059 3328 3278 3376 vocatus
3325 3324 3384 3374 in
3437 3323 3640 3390 spiritu
3693 3321 3876 3374 adhuc

3059 3408 3273 3447 carnem
3285 3393 3457 3461 sapis,
3473 3392 3723 3459 quisquis
3744 3393 3876 3444 talis

3060 3479 3133 3530 es,
3157 3466 3370 3516 utinam
3391 3464 3449 3515 in
3479 3468 3529 3514 te
3563 3466 3739 3515 essent
3767 3477 3874 3514 me-

3061 3536 3242 3587 moria
3302 3533 3702 3601 apostolorum!
3758 3533 3876 3585 Uti-

3061 3620 3192 3657 nam
3213 3610 3272 3656 tu
3292 3605 3554 3669 cogitares
3570 3603 3873 3670 apostolos!

2185 3677 2391 3741 Quaris
2415 3691 2583 3744 quare
2610 3676 2782 3728 velit?
2813 3674 2988 3742 Differ
3069 3676 3276 3728 Vieeres
3313 3678 3625 3726 utrumnam
3660 3674 3735 3726 eis
3761 3678 3877 3725 ter-

2184 3751 2442 3800 secretum
2471 3747 2814 3814 cognitionis,
2849 3751 2986 3798 stre-
3059 3759 3199 3800 rena
3215 3745 3452 3809 felicitas
3467 3745 3738 3814 promissa
3755 3745 3879 3807 file-

2184 3821 2443 3870 nuitatem
2498 3812 2809 3870 obedientia
2846 3829 2987 3883 pra-
3060 3817 3136 3869 rit
3161 3830 3234 3867 an
3279 3820 3499 3868 aterna.
3534 3812 3688 3867 Audi
3714 3815 3879 3880 Apo-

2181 3902 2341 3955 para.
2385 3887 2542 3940 Ferre
2569 3892 2616 3940 te
2651 3887 2804 3952 vult;
2850 3887 2992 3951 ferto
3062 3886 3276 3947 slolum,
3299 3887 3350 3937 si
3379 3887 3516 3937 vivit
3537 3886 3660 3936 inte
3680 3898 3879 3955 meme:

2185 3953 2328 4024 quod
2350 3958 2489 4025 vult,
2531 3960 2636 4011 etc.
3063 3958 3154 4008 ria
3217 3956 3410 4025 ipsius.
3467 3955 3681 4025 Etenim
3741 3953 3881 4025 quid

3067 4026 3190 4079 est?
3207 4024 3368 4088 Quod
3388 4024 3540 4077 enim
3558 4024 3879 4092 temporale

2186 4101 2271 4150 est
2299 4096 2420 4150 leve
2443 4095 2829 4150 tribulationis
2859 4099 3089 4162 nostrai,
3111 4096 3170 4148 in
3199 4094 3593 4148 incredibilem
3608 4094 3875 4161 modum,

2186 4171 2243 4221 et
2273 4182 2443 4237 supra
2466 4166 2858 4221 incredibilem
2890 4165 3144 4231 modum,
3187 4169 3467 4237 internum
3509 4163 3879 4237 gloriiepon-

2190 4237 2294 4290 dus
2325 4234 2592 4307 dperatur
2616 4237 2677 4290 in
2708 4237 2889 4307 nobis,
2921 4252 3036 4289 nou
3067 4235 3508 4307 respicientibus
3529 4250 3659 4304 qua:
3679 4234 3879 4288 viden-

2190 4313 2302 4372 tur,
2330 4304 2427 4379 sed
2459 4324 2586 4379 quo:
2617 4324 2733 4361 non
2759 4306 3055 4372 videntur;
3086 4304 3215 4379 quae
3239 4306 3394 4379 enim
3424 4304 3704 4370 videntur,
3730 4308 3879 4358 tem-

2192 4378 2410 4445 poralia
2441 4376 2592 4442 sunt,
2622 4394 2749 4448 quas
2783 4382 2974 4430 autem
3000 4393 3116 4430 non
3162 4376 3447 4442 videntur,
3499 4381 3713 4448 aeterna
3746 4380 3884 4428 sunt

2192 4450 2269 4514 (II
2294 4450 2420 4502 Cor.
2458 4465 2529 4514 iv,
2567 4447 2655 4512 I7,
2686 4450 2796 4516 l8).
2831 4449 2894 4502 In
2923 4450 3040 4515 ipso
3069 4449 3222 4501 Petro
3254 4447 3561 4515 temporalis
3582 4448 3696 4511 fuit
3722 4461 3880 4511 caro,

2190 4525 2239 4571 et
2272 4535 2377 4572 non
2434 4521 2515 4573 vis
2556 4523 2616 4573 ut
2665 4519 2972 4586 temporalis
3016 4520 3087 4572 sit
3121 4518 3264 4586 lapis
3295 4516 3500 4571 Roma?
3526 4518 3719 4570 Petrus
3751 4531 3884 4584 apo-

2189 4590 2356 4642 stolus
2379 4605 2496 4642 cum
2528 4591 2749 4643 Domino
2795 4593 3024 4655 regnat;
3054 4602 3244 4655 corpus
3293 4587 3522 4656 apostoli
3559 4588 3709 4640 Petri
3739 4603 3880 4655 quo-

2191 4659 2316 4712 dam
2340 4660 2447 4713 loco
2461 4661 2625 4727 jacet.
2645 4661 2902 4713 Memoria
2922 4664 2999 4712 est
3027 4662 3269 4712 excitans
3288 4673 3521 4713 amorem
3537 4656 3612 4709 ad
3648 4661 3879 4719 aeterna,

2191 4745 2294 4782 non
2349 4734 2410 4782 ut
2460 4735 2616 4784 terra
2657 4729 2939 4790 inhareas,
3000 4728 3093 4782 sed
3140 4733 3200 4781 ut
3228 4744 3348 4781 cum
3401 4727 3658 4795 Apostolo
3689 4729 3879 4780 curtum

2190 4801 2401 4866 cogites.
2459 4803 2554 4855 Dic
2599 4801 2755 4858 mihi,
2803 4801 2852 4854 si
2881 4798 3059 4869 ﬁdelis
3091 4814 3164 4864 es,
3198 4799 3365 4852 recole
3393 4799 3678 4851 memorias
3709 4814 3881 4866 apos-

2188 4871 2464 4936 stolorum,
2512 4872 2821 4924 memoriam
2859 4875 3021 4922 etiam
3072 4871 3282 4924 Domini
3317 4870 3418 4921 Dei
3451 4869 3549 4933 tui,
3591 4872 3732 4921 certe
3754 4871 3878 4936 jam

2188 4941 2420 4994 sedentis
2448 4943 2506 4994 in
2554 4941 2695 4994 calo.
2742 4941 2894 4994 Audi
2923 4955 3026 5008 quo
3059 4945 3108 4992 te
3131 4942 3319 4994 mittat
3343 4938 3654 5007 Apostolus.
3688 4939 3744 4992 Si
3782 4955 3878 4991 re-

2188 5010 2508 5064 surrexistis
2551 5027 2682 5064 cum
2733 5011 2977 5077 Christo,
3026 5025 3156 5079 qua.
3210 5024 3436 5062 sursum
3488 5013 3624 5061 sunt
3669 5008 3874 5077 sapite,

2189 5080 2286 5134 ubi
2317 5081 2569 5135 Christus
2597 5079 2766 5134 estin
2791 5081 3021 5134 dextera
3057 5079 3156 5134 Dei
3187 5080 3430 5144 sedens;
3480 5094 3610 5146 qua
3645 5095 3877 5132 sursum

2189 5158 2322 5223 suut
2351 5152 2609 5223 quarile,
2643 5167 2759 5204 non
2800 5167 2930 5223 qum
2979 5166 3152 5223 super
3205 5154 3439 5203 terram.
3479 5149 3697 5223 Morini
3718 5150 3876 5223 enim

2189 5221 2337 5286 estis,
2366 5219 2448 5276 'et
2491 5222 2603 5274 vita
2649 5219 2836 5275 vestra
2874 5219 3204 5274 abscondita
3248 5225 3333 5273 est
3385 5235 3514 5274 cum
3567 5219 3791 5272 Christo
3819 5221 3876 5272 in

2190 5293 2322 5346 Deo.
2377 5293 2518 5347 Cum
2556 5293 2814 5346 Christus
2865 5292 3218 5360 apparuerit,
3260 5289 3377 5344 vita
3406 5294 3609 5354 vestra,
3645 5295 3784 5342 tunc
3823 5297 3877 5343 et

2184 5379 2282 5416 vos
2323 5379 2454 5416 cum
2496 5363 2618 5432 ipso
2669 5361 3019 5432 apparebitis
3063 5361 3123 5414 in
3179 5361 3358 5431 gloria
3410 5361 3551 5426 (Col.
3603 5376 3688 5426 ιιι,
3737 5362 3878 5429 1-4).

2190 5435 2300 5488 Uno
2342 5434 2498 5488 verbo
2539 5434 2633 5486 hoc
2681 5432 2842 5487 audis
2874 5448 2888 5486 :
2938 5433 3164 5488 Sursum
3191 5447 3300 5486 cor.
3334 5432 3492 5486 Doles
3517 5445 3643 5499 ergo
3675 5437 3726 5484 et
3754 5433 3878 5499 plo-

2186 5521 2301 5568 ras,
2326 5507 2456 5572 quia
2493 5508 2718 5556 ruerunt
2739 5504 2891 5566 ligna
2920 5507 2971 5556 et
2999 5502 3230 5572 lapides,
3261 5506 3310 5556 et
3361 5505 3494 5570 quia
3517 5504 3728 5554 mortui
3753 5508 3880 5555 sunt

2188 5574 2486 5628 morituri?
2509 5575 2595 5628 Da
2622 5575 2760 5628 mihi
2777 5576 3012 5642 aliquem
3042 5579 3311 5627 mortuum
3346 5587 3554 5640 semper
3582 5575 3877 5626 victurum.

2190 5648 2335 5699 Doles
2367 5648 2496 5713 quia
2524 5645 2827 5698 ceciderunt
2857 5646 3008 5712 ligna
3058 5648 3112 5699 et
3151 5643 3381 5712 lapides,
3431 5648 3482 5696 et
3509 5646 3644 5710 quia
3677 5647 3883 5696 nios-tui

2185 5722 2309 5769 sunt
2338 5719 2627 5769 morituri?
2670 5716 2732 5770 Si
2779 5730 2992 5770 sursum
3030 5714 3190 5768 habes
3221 5729 3310 5768 cor
3331 5713 3468 5780 quid
3495 5713 3574 5766 ibi
3601 5720 3880 5766 mortuum

2185 5794 2261 5841 est
2280 5789 2306 5841 ’ἶ
2347 5787 2489 5856 Quid
2521 5787 2597 5840 ibi
2617 5787 2804 5841 cecidit
2825 5786 2853 5839 ‘l
2885 5788 2944 5841 Si
2970 5800 3184 5840 sursum
3213 5785 3373 5838 habes
3403 5801 3511 5848 cor,
3533 5785 3633 5836 ubi
3664 5792 3742 5838 est
3766 5787 3876 5836 thr-

2185 3059 2287 3099 non
2318 3048 2462 3098 sunt.

2257 3115 2396 3168 Ibid.
2441 3116 2657 3167 Utinam
2700 3115 2758 3166 in
2811 3116 2859 3165 te
2904 3125 2992 3166 es-

2181 3190 2316 3250 sent,
2340 3186 2589 3252 quisquis
2611 3186 2690 3236 ita
2739 3185 2987 3250 loqueris,

2183 3257 2429 3323 quisquis
2463 3257 2541 3307 ita
2570 3255 2792 3322 desipis,
2844 3256 2984 3321 quis,

2183 3329 2306 3394 quis
2363 3331 2582 3378 vocatus
2671 3327 2729 3376 in
2761 3325 2984 3394 spiritu

2182 3393 2475 3451 carnaliter
2521 3397 2690 3462 sapis.
2749 3393 2985 3447 Prorsus

2183 3465 2360 3518 adhuc
2418 3467 2744 3533 patientiam
2810 3464 2983 3530 doceo,

2180 3535 2418 3590 nondum
2447 3537 2772 3603 sapientiam
2785 3575 2797 3589 .
2877 3535 2986 3588 Pa-

2185 3608 2322 3659 tiens
2378 3610 2502 3667 esto,
2554 3607 2814 3660 Dominus
2847 3606 2984 3658 vult.
