4004 6182
231 308 368 359 1185
428 317 432 322 ’

225 572 422 632 tamen,

1556 307 1934 364 LEC'I'IONES
1977 311 2382 366 VARIAN'I‘ES.

220 440 420 505 saurus
449 429 594 490 tuus,
765 431 842 479 est
873 439 972 505 cor
1003 430 1181 480 tuum.
1229 428 1484 505 Deorsum
1519 444 1642 482 caro
1686 433 1780 483 tua
1806 434 1907 505 est,
1933 433 1975 486 Α
2013 433 2185 505 sciens
2232 434 2557 505 voluntatem
2616 433 2824 487 domini
2869 437 2973 499 sui,
3015 441 3065 488 et
3107 450 3213 488 non
3252 438 3464 501 faciens
3509 437 3702 505 digna.

222 499 347 578 etsi
375 498 681 578 expavescit
706 511 835 578 caro
863 501 978 578 tua,
1018 511 1123 578 non
1150 503 1449 578 moveatur
1474 504 1768 578 eorntuum.
1800 498 1909 578 Sed
2013 504 2198 570 plagis
2222 504 2505 578 vapulabit
2550 506 2769 578 multis.
2789 509 2858 578 Et
2910 498 3117 558 utinam
3165 498 3354 578 multis
3383 498 3622 576 vapulet,
3654 514 3703 563 et

2018 589 2121 626 non
2147 575 2304 627 semel
2333 574 2635 628 damnetur.
2671 575 2812 639 Quid
2832 591 3044 628 recusas
3072 574 3334 642 vapulare
3362 574 3564 642 multis,
3599 574 3701 631 εις·

493 569 699 634 inquis,
746 567 1007 620 nolebam.
1055 566 1198 636 Quid
1243 569 1507 622 nolebas?
1549 570 1805 624 Nolebam
1848 575 1908 622 ut

184 634 190 638 ’
225 639 393 691 Roma
425 641 579 689 tanta
617 641 912 706 pateretur.
963 634 1310 703 Ignoscimus,
1357 642 1488 706 quia
1514 641 1748 693 nolebas.
1781 641 1908 695 Noli

227 711 286 760 tu
324 710 426 760 Deo
465 709 652 768 irasci,
695 709 824 774 quia
868 707 1092 761 volebat.
1139 711 1220 760 Tu
1256 708 1406 761 homo
1445 725 1517 775 es,
1549 714 1599 762 et
1619 711 1708 764 ille
1743 711 1907 764 Deus.

230 780 308 831 Tu
338 777 496 842 dicis,
528 778 681 842 Nolo,
713 777 806 830 ubi
836 778 925 832 ille
953 777 1107 844 dicit,
1147 779 1274 831 Volo
1292 779 1320 831 ?
1347 780 1464 834 Non
1487 785 1535 833 te
1565 781 1657 833 ille
1685 781 1912 834 damnat

225 851 448 919 propter
493 849 622 902 Nolo
670 853 855 913 tuum;
908 851 958 900 et
1005 853 1065 919 tu
1109 847 1446 916 blasphemas
1506 851 1633 904 Volo
1692 852 1913 919 ipsius?

229 918 334 973 Sed
376 933 544 985 quare
590 919 685 972 hoc
733 919 880 970 Deus
927 918 1142 970 voluit?
1191 920 1370 982 Quare
1419 922 1512 974 hoc
1537 924 1675 974 Deus
1697 918 1912 975 voluit?

227 991 448 1042 Interim
477 990 620 1042 servi
649 989 916 1042 voluntati
944 990 1158 1041 Domini
1184 991 1275 1042 Dei
1313 991 1427 1056 tui;
1466 993 1671 1045 amicus
1701 993 1907 1056 factus,

229 1061 360 1112 scies
403 1060 685 1130 consilium
729 1060 942 1112 Domini
992 1061 1086 1130 Dei
1136 1061 1234 1130 tui.
1269 1059 1396 1125 Quis
1428 1067 1539 1114 tam
1561 1062 1822 1130 superbus
1843 1065 1912 1116 sit

229 1144 439 1194 servus,
469 1130 558 1182 cui
581 1129 845 1182 Dominus
875 1144 993 1183 cum
1019 1129 1235 1195 aliquid
1257 1131 1488 1197 jusserit
1525 1137 1586 1185 ut
1618 1129 1733 1197 ﬁat,
1765 1133 1914 1184 dicat

230 1201 341 1264 ille,
376 1200 594 1264 Quare?
623 1202 881 1253 Dominus
922 1199 1071 1266 apud
1100 1214 1154 1251 se
1202 1201 1360 1254 habet
1401 1205 1710 1255 consilium.
1753 1205 1915 1256 Paret

231 1270 578 1338 obsequium;
610 1272 659 1323 si
671 1272 981 1338 profecerit,
1013 1271 1062 1322 si
1093 1269 1218 1322 bene
1244 1274 1428 1337 egerit,
1449 1275 1498 1325 si
1514 1273 1578 1325 de
1605 1287 1754 1326 servo
1775 1275 1913 1324 ami-

233 1354 324 1393 cus
348 1344 529 1406 factus
568 1341 760 1406 fuerit,
805 1343 943 1393 sicut
984 1340 1132 1392 dixit
1169 1341 1282 1408 ipse
1322 1343 1625 1396 Dominus:
1665 1343 1788 1396 Jam
1819 1359 1916 1394 vos

231 1425 350 1463 non
395 1409 578 1482 dicam
617 1425 828 1477 servos,
886 1410 983 1463 sed
1025 1410 1239 1482 emices
1262 1411 1305 1479 (Ι
1329 1414 1484 1465 Joan.
1516 1429 1603 1476 xv,
1640 1415 1750 1480 15),
1782 1412 1918 1482 forte

232 1486 283 1534 et
311 1481 595 1534 consilium
632 1482 848 1534 Domini
885 1483 972 1534 sui
1002 1480 1186 1534 discet.
1218 1482 1439 1535 Interim
1461 1488 1750 1551 antequam
1779 1480 1917 1536 Sciat

232 1552 532 1618 consilium,
567 1551 790 1605 libenter
818 1552 964 1616 ferat
988 1551 1296 1614 arbitrium,
1348 1555 1572 1607 Prorsus
1621 1553 1796 1607 adhuc
1818 1569 1916 1621 pa-

233 1623 478 1675 tientiam
497 1621 672 1687 doceo,
704 1621 941 1675 nondum
973 1623 1299 1688 sapientiam
1319 1638 1342 1686 ;
1362 1625 1575 1690 patiens
1605 1627 1712 1676 esto
1735 1627 1866 1676 Dom
1877 1626 1918 1676 i-

232 1693 479 1767 n_us_vult.
729 1693 1078 1767 quare‘velit?
1096 1692 1298 1759 Differo
1313 1693 1553 1767 studium
1574 1696 1920 1767 cognitionis.
1951 1709 1990 1761 Β
2028 1701 2290 1767 vapulare
2315 1702 2504 1754 multa.

234 1761 426 1827 differo
457 1765 844 1833 strenuitatem.
879 1762 1102 1816 Obedire
1131 1777 1278 1830 para
1305 1777 1319 1829 ;
1352 1764 1499 1830 ferre
1524 1767 1572 1817 te
1606 1765 1740 1830 vult,
1779 1763 1921 1833 quod

233 1834 381 1900 vult;
411 1834 552 1898 ferto
579 1832 723 1901 quod
746 1834 880 1898 vult,
916 1837 1019 1884 etc.

307 1902 444 1956 Ibid.
481 1904 543 1958 Si
574 1908 652 1956 est
698 1905 757 1955 in
783 1903 933 1956 vobis
962 1903 1040 1955 le-

233 1976 321 2027 nis
345 1979 395 2026 et
419 1976 567 2027 mitis
606 1975 894 2041 patientia.

307 2043 448 2097 Ibid.
483 2045 815 2097 Dominicam
852 2044 1041 2097 volun-

236 2118 417 2167 tatem.
471 2115 638 2168 Lenia
691 2117 890 2183 quippe
921 2127 1044 2166 'non

232 2185 478 2248 ferimus.

309 2255 448 2308 Ibid.
480 2253 696 2322 Aspera
733 2253 1040 2320 toleramus,

233 2324 308 2377 ad
334 2325 477 2377 lenia
517 2325 831 2390 gaudemus.

307 2394 450 2447 Ibid.
505 2395 574 2447 Et
623 2397 870 2448 continuo
911 2408 1034 2446 con-

233 2469 396 2518 vertit
423 2467 660 2518 renisam
677 2464 766 2518 ad
797 2463 1042 2518 obedien-

236 2538 388 2588 tiam.

309 2605 452 2659 Ibid.
492 2607 580 2661 Sic
625 2611 675 2660 et
732 2611 790 2660 tu
831 2604 1047 2658 nolebas

231 2677 375 2740 forte
460 2678 702 2730 amittere
778 2675 1047 2744 peculium

237 2751 406 2812 tuum,
459 2746 603 2813 quod
633 2748 715 2799 hic
751 2748 1041 2802 relicturus

231 2830 382 2869 eras:
429 2817 644 2869 attende
693 2831 759 2869 ne
807 2832 926 2870 cum
951 2831 1044 2869 re-

231 2886 522 2954 linquendo
533 2901 828 2940 remaneas.

305 2957 374 3010 N.
416 2961 465 3010 7.
497 2959 665 3011 Roma
693 2959 906 3024 afﬂicta
944 2959 1040 3011 est.

305 3096 451 3150 Ibid.
506 3096 636 3161 Quis
708 3098 804 3151 hoc
861 3095 1043 3152 dicit?

238 3167 622 3220 Christianus.

303 3237 448 3290 Ibid.
542 3238 764 3303 Quando

239 3309 394 3360 Deus.

306 3377 447 3431 Ibid.
494 3379 560 3431 Ut
594 3379 684 3432 illo
723 3393 1037 3442 careamus;

231 3453 480 3501 cieterum
508 3449 609 3502 tibi
625 3450 740 3502 alia
761 3449 1042 3502 meditatio

234 3522 330 3572 est.
386 3565 388 3567 ,

309 3589 372 3642 Ν.
406 3591 457 3642 8.
488 3590 628 3642 Cum
652 3591 710 3642 in
733 3590 1043 3643 tentationi-

236 3659 331 3712 bus
359 3662 532 3712 variis
572 3659 895 3714 incideritis.
943 3661 1043 3713 Di—

229 3732 307 3783 cis
333 3732 535 3797 itaque.
588 3746 615 3782 o
657 3745 902 3798 pagane:
957 3731 1047 3782 Dii

229 3801 493 3867 praesides
511 3803 733 3855 Romam
763 3799 919 3854 modo
938 3815 1044 3853 non

230 3875 600 3936 servaverunt,
707 3873 839 3940 quia
931 3885 1038 3923 non

228 3945 400 4003 sunt;
471 3946 595 3994 tunc
666 3945 1035 4006 servaverunt,

232 4011 451 4079 quando
472 4016 646 4064 erant.

307 4081 447 4134 Ibid.
481 4084 601 4136 Non
647 4081 882 4135 audistis
909 4097 1036 4150 pro-

225 4151 437 4218 phetas,
488 4167 594 4205 non
659 4152 900 4206 audistis
946 4154 1034 4220 ip-

229 4235 366 4287 sum,
387 4225 492 4275 etc.

306 4292 442 4345 Ibid.
561 4293 706 4346 Mala
801 4295 995 4359 futura
1008 4295 1036 4345 ‘2

233 4362 507 4425 Quantum
518 4364 865 4418 acceditxtas
876 4378 1036 4416 mun-

225 4432 327 4568 ἕο..
373 4437 582 4486 tantum
634 4435 1040 4502 propinquatur

267 4516 343 4555 ni.

267 4516 343 4555 1η.

304 4573 369 4626 Ν.
402 4575 453 4626 9.
478 4573 630 4627 Audi
676 4590 842 4642 quare
882 4574 1038 4629 modo

222 4643 350 4711 plus
377 4648 644 4697 vastatur.

299 4713 442 4768 Ibid.
473 4715 688 4770 Oculum
711 4715 786 4768 ad
812 4729 928 4770 nos.

873 3239 1043 3292 voluit

299 4854 441 4908 Ibid.
492 4855 850 4922 Evangelium
893 4871 1036 4924 prx-

225 4924 446 4979 dicatur
465 4930 573 4980 toto
593 4926 790 4980 mundo
815 4943 827 4992 ;
847 4941 1037 4981 verum

225 4999 324 5049 est.
358 4997 688 5063 Antequam,
713 5001 819 5050 etc.

300 5065 441 5119 Ibid.
493 5067 790 5133 Vapulabit
833 5081 1034 5136 pauca.

300 5136 440 5190 Ibid.
525 5139 656 5190 Ecce
736 5138 870 5204 quid
921 5142 1040 5192 erat

224 5212 350 5259 ante
400 5207 655 5260 mundus.
715 5209 866 5263 Nunc
914 5223 1038 5262 vero

227 5277 362 5346 quid
379 5277 406 5330 ?
430 5279 632 5331 Servus
660 5284 836 5331 autem
865 5281 1036 5332 sciens

224 5349 551 5401 voluntatem
607 5347 813 5402 domini
842 5351 948 5413 sui,
987 5355 1036 5403 et

222 5419 433 5483 faciens
476 5417 647 5484 digna
686 5421 889 5488 plagis,
936 5435 1031 5473 va-

218 5489 439 5556 pulabit
486 5490 673 5543 multa.
723 5493 793 5544 Et
821 5493 1032 5544 utinam

226 5561 397 5612 multa
435 5561 672 5628 vapulet,
723 5576 828 5615 non
875 5562 1032 5615 semel

220 5630 526 5684 damnetur.
546 5630 698 5694 Quid
718 5647 931 5687 recusas
948 5648 1033 5685 va-

221 5702 414 5767 pulare
435 5702 624 5767 multa,
660 5705 766 5755 etc.

1184 1901 1267 1958 Id.
1326 1904 1388 1958 Si
1431 1904 1643 1957 habitat
1687 1906 1744 1956 in
1774 1904 1922 1957 vobis

1116 1971 1253 2026 lenis
1273 1978 1323 2028 et
1349 1976 1498 2027 mitis
1525 1975 1815 2043 patientia.

1190 2043 1272 2096 Id.
1339 2047 1674 2098 Dominicam
1726 2045 1924 2098 volun—

1119 2117 1298 2167 tatem.
1346 2117 1465 2169 Non
1513 2117 1680 2169 solum
1716 2116 1919 2179 lenem;

1117 2183 1283 2238 lenem
1313 2188 1514 2254 quippe
1545 2201 1650 2239 non
1675 2187 1923 2251 ferimus.

1191 2255 1271 2308 Id.
1305 2257 1573 2323 Asperum
1617 2257 1924 2322 toleramus,

1119 2323 1192 2378 ad
1210 2326 1373 2378 lenem
1395 2327 1712 2391 gaudemus.

1192 2395 1272 2449 Id.
1318 2399 1389 2450 Et
1430 2399 1689 2450 convertit
1717 2411 1929 2451 sensum

1117 2465 1191 2520 ad
1220 2467 1598 2521 obedientiam.

1187 2606 1268 2660 Id.
1322 2609 1412 2662 Sic
1457 2611 1507 2661 et
1555 2611 1614 2660 tu
1677 2606 1925 2671 nolebas;

1120 2677 1260 2743 quid
1281 2678 1310 2730 ‘?
1332 2680 1474 2743 forte
1493 2681 1740 2731 amittere
1768 2691 1925 2745 pecu-

1117 2748 1248 2800 lium
1296 2751 1466 2812 tuum,
1517 2747 1660 2816 quod
1704 2749 1929 2801 relictu-

1115 2831 1209 2870 rus
1257 2832 1376 2870 eras
1399 2857 1414 2882 ,
1460 2816 1674 2870 attende
1720 2833 1786 2870 ne
1811 2833 1928 2870 eum

1117 2886 1465 2954 relinquendo
1485 2903 1782 2940 remaneas.

1190 2957 1271 3010 Id.
1302 2959 1471 3011 Roma
1503 2960 1800 3025 afﬂigitur,
1832 2961 1928 3010 aut

1117 3028 1329 3093 afﬂicta
1358 3031 1453 3079 est.

1194 3097 1274 3150 Id.
1362 3098 1491 3162 Quis
1533 3097 1660 3150 'hoc
1733 3097 1926 3151 dicis?

1116 3168 1477 3223 Christianus.

1189 3238 1267 3292 Id.
1335 3239 1472 3308 Quia
1538 3238 1710 3291 voluit
1765 3240 1920 3292 Deus.

1187 3377 1269 3432 Id.
1308 3381 1372 3432 Ut
1403 3378 1495 3431 illo
1543 3392 1773 3445 careas;
1820 3393 1922 3430 cae-

1118 3453 1290 3502 terum
1347 3449 1447 3502 tibi
1496 3450 1609 3502 alia
1647 3449 1925 3501 meditatio

1114 3522 1206 3574 sit.

1187 3589 1270 3642 Id.
1336 3590 1466 3644 Cum
1517 3590 1576 3641 in
1607 3590 1926 3642 tentationes

1116 3662 1304 3712 varias
1335 3659 1659 3712 incideritis.
1697 3659 1926 3723 Quando

1121 3730 1222 3781 tibi
1250 3730 1386 3782 talia
1401 3731 1458 3781 in
1487 3730 1680 3796 templo
1697 3731 1927 3782 recitata

1117 3804 1264 3864 sunt,
1310 3801 1402 3852 Dii
1448 3800 1704 3867 prxsules
1752 3802 1927 3853 Romae

1109 3886 1215 3925 non
1248 3874 1615 3932 servaverunt,
1649 3871 1783 3936 quia
1819 3885 1925 3922 non

1110 3945 1256 4005 sunt,
1326 3939 1546 4005 diceres,
1627 3944 1750 3992 tunc
1805 3954 1925 3993 ser-

1109 4015 1370 4066 vaverunt
1391 4009 1607 4078 quando
1623 4013 1795 4062 erant.

1183 4080 1264 4134 Id.
1295 4082 1410 4135 Non
1430 4080 1664 4133 audistis
1691 4079 1923 4148 prophe-

1115 4157 1218 4215 tas,
1251 4166 1357 4204 non
1386 4151 1621 4204 audistis
1634 4151 1920 4218 apostolos,

1109 4238 1213 4276 non
1227 4221 1459 4274 audistis
1485 4223 1682 4288 ipsum,
1708 4225 1814 4274 etc.

1966 2991 2002 3044 ρ
2036 2967 2272 3044 tientem,

2091 643 2230 696 Ibid.
2263 646 2559 698 Thesauros
2591 647 2647 698 in
2676 645 2822 711 cxto,

2020 714 2114 767 ubi
2130 730 2297 781 neque
2315 730 2515 782 xrugo,
2539 721 2644 768 etc.

2089 854 2228 908 Ibid.
2266 856 2344 907 Tu
2376 857 2431 908 in
2453 859 2598 909 terra
2612 858 2825 910 thesau-

2018 926 2186 989 rizas,
2237 927 2324 978 ille
2383 928 2441 979 in
2493 929 2623 981 caelo
2653 928 2826 996 jubet,

2019 997 2219 1049 (licens.

2095 1065 2232 1118 Ibid.
2316 1066 2458 1129 Quid
2524 1081 2706 1120 servas
2775 1071 2831 1120 in

2023 1141 2167 1190 terra
2186 1140 2211 1189 ?
2240 1137 2395 1200 Quod
2421 1137 2656 1190 custodit
2681 1139 2834 1194 Chri-

2020 1213 2153 1261 stus.
2188 1223 2293 1260 non
2321 1209 2459 1260 tollit
2499 1208 2721 1262 Gothus.

2095 1278 2234 1331 Ibid.
2269 1280 2339 1331 Et
2381 1280 2680 1344 sapientior
2715 1279 2824 1330 Do-

2023 1351 2168 1402 mino
2198 1353 2306 1415 tuo,
2345 1349 2529 1402 condis
2568 1351 2627 1400 in
2666 1354 2833 1402 terra.

2098 1487 2240 1542 Ibid.
2327 1489 2552 1544 Sursum
2615 1490 2837 1543 condere

2023 1559 2196 1612 voluit
2252 1560 2318 1614 Et
2343 1565 2419 1626 tu,
2444 1561 2565 1627 Ego
2596 1563 2653 1613 in
2689 1567 2836 1614 terra

2025 1629 2211 1682 condo.
2263 1632 2497 1684 Paratus
2554 1646 2676 1697 ergo
2727 1637 2834 1685 esto

2102 1769 2244 1823 Ibid.
2273 1771 2424 1824 Dicis
2451 1771 2594 1840 quod
2612 1772 2712 1824 tibi
2740 1773 2838 1837 fa-

2032 1841 2103 1893 cit
2135 1843 2410 1894 Dominus.

2106 1911 2167 1963 N.
2222 1914 2306 1964 IO.
2354 1914 2420 1966 Ut
2476 1916 2534 1966 tu
2570 1913 2728 1979 fluas,
2755 1913 2843 1966 ille

2032 1983 2345 2035 mentiatur.

2105 2051 2247 2106 Ibid.
2307 2053 2693 2120 Iniquitatibus
2747 2068 2844 2107 no-

2033 2123 2185 2188 stris,
2204 2125 2474 2176 murmuri
2498 2128 2699 2177 nostro.

2108 2192 2248 2246 Ibid.
2329 2195 2654 2248 Poenitentioe
2704 2196 2845 2247 iram

2035 2267 2241 2315 exercet
2256 2265 2315 2316 in
2327 2278 2397 2317 se.

2107 2333 2225 2386 Ibid
2237 2373 2248 2385 .
2283 2337 2424 2404 Quid
2451 2336 2502 2386 si
2522 2338 2579 2386 tu
2602 2334 2703 2387 tibi
2722 2349 2849 2401 par-

2037 2405 2134 2470 cis,
2191 2405 2280 2457 ille
2336 2405 2438 2457 tibi
2483 2419 2587 2457 non
2622 2410 2843 2473 parcet;

2037 2477 2170 2543 quia
2189 2476 2238 2527 si
2266 2480 2315 2528 et
2346 2476 2436 2529 ille
2483 2475 2584 2527 tibi
2625 2481 2842 2543 parcat,

2031 2547 2199 2612 peris.

2110 2614 2250 2668 Ibid.
2291 2615 2444 2669 Sicut
2510 2616 2650 2668 enim
2707 2616 2841 2667 scri-

2033 2687 2188 2752 ptum
2217 2689 2313 2738 est.

2108 2754 2252 2808 Idid.
2310 2755 2461 2808 Vidit
2500 2755 2707 2818 felicem
2733 2770 2849 2822 pec-

2037 2830 2288 2892 catorem,
2319 2825 2566 2892 quotidie
2594 2825 2738 2877 mala
2767 2827 2850 2889 fa-

2036 2897 2278 2960 cientem,
2308 2901 2359 2949 et
2395 2895 2536 2949 nihil
2578 2895 2711 2947 mali
2739 2910 2846 2962 pa—

2373 2970 2424 3019 et
2507 2967 2567 3018 in
2631 2967 2845 3033 Spiritu

2274 3035 2349 3106 (in
2393 3035 2651 3104 margine
2726 3037 2842 3106 suo)

2034 3105 2289 3172 horruit,
2316 3111 2366 3160 et
2421 3107 2610 3172 dolait,
2668 3110 2719 3158 et
2765 3105 2846 3158 di-

2032 3178 2138 3229 xit.
2171 3178 2441 3242 Irritavit,
2474 3181 2579 3230 etc.

2105 3246 2247 3300 Ibid.
2325 3249 2584 3300 Provocat
2661 3250 2843 3301 Domi-

2031 3333 2199 3380 num;
2285 3333 2384 3388 pro
2466 3318 2843 3384 magnitudine

2033 3392 2128 3442 irae
2149 3403 2258 3442 suae
2284 3403 2388 3442 non
2426 3390 2684 3455 requiret.
2720 3390 2843 3443 Ideo

2030 3474 2135 3512 non
2174 3462 2442 3526 exquiret,
2477 3464 2580 3512 etc.

2033 3041 2222 3089 sancto

3581 318 3714 370 Hbti

2971 647 3049 698 Id.
3086 649 3414 701 Thesaurum
3457 650 3516 701 in
3563 651 3707 711 cxlo,

2899 715 2992 768 ubi
3044 732 3218 784 neque
3279 720 3444 783 tinea,

2899 801 3102 852 aerugo,
3138 794 3246 840 etc.

2973 858 3056 923 Id,
3105 860 3181 910 Tu
3223 860 3280 911 in
3331 863 3494 927 terra,
3547 859 3709 913 illein

2902 929 3044 993 calo,
3088 927 3286 982 dicens.

3539 735 3708 788 neque

2977 1069 3056 1121 Id.
3102 1069 3247 1133 Quid
3291 1069 3520 1123 servas?
3566 1069 3715 1134 Quod

2906 1139 3139 1192 custodit
3207 1141 3475 1207 Christus,
3549 1156 3712 1193 num-

2909 1210 3043 1277 quid
3073 1210 3211 1262 tollit
3245 1211 3452 1263 Gothus
3475 1211 3503 1263 ‘?

2981 1279 3060 1332 Id.
3089 1282 3148 1333 Et
3172 1282 3471 1347 sapientior
3492 1283 3712 1334 Domino

2910 1355 3020 1416 tuo,
3048 1365 3152 1402 non
3183 1353 3292 1402 nisi
3319 1353 3376 1404 in
3406 1356 3551 1405 terra
3586 1352 3708 1404 the-

2908 1423 3190 1474 saurizare
3223 1424 3319 1473 vis.

2981 1491 3058 1543 Id.
3121 1491 3346 1545 Sursum
3403 1495 3450 1544 te
3499 1493 3720 1545 condere

2908 1563 3078 1614 voluit
3126 1562 3233 1615 ille.
3289 1564 3432 1627 Ergo
3485 1563 3544 1613 in
3575 1566 3717 1614 terra

2911 1631 3160 1696 condens,
3200 1637 3429 1699 paratus
3472 1636 3579 1685 esto
3624 1649 3714 1685 va-

2909 1703 3100 1770 pulare
3127 1703 3327 1754 multis.

2983 1772 3061 1824 Id.
3095 1774 3240 1826 Dicis
3275 1774 3408 1840 quia
3452 1771 3597 1840 quod
3630 1775 3721 1837 fa-

2912 1843 2983 1896 cit
3015 1844 3286 1896 Dominus.
3326 1882 3337 1894 .

2986 1913 3067 1965 1d.
3125 1915 3189 1966 Ut
3239 1918 3295 1966 tu
3352 1912 3578 1980 deﬂuas,
3630 1913 3719 1965 ille

2917 1997 3039 2036 vero
3067 1985 3378 2037 mentiatur.

2992 2054 3072 2106 Ib.
3103 2054 3496 2121 Iniquitatibus
3525 2055 3725 2107 nostris

2919 2128 2967 2176 et
2996 2125 3264 2176 murmuri
3284 2130 3484 2177 nostro.

2991 2193 3072 2246 Id.
3099 2195 3366 2248 Pamitens
3399 2197 3540 2247 iram
3569 2208 3727 2246 exer-

2919 2269 2997 2318 cet
3028 2266 3085 2316 in
3115 2280 3185 2317 se.

2992 2335 3068 2388 Id.
3119 2336 3258 2399 Quia
3297 2338 3348 2388 si
3384 2340 3441 2388 tu
3480 2333 3579 2388 tibi
3601 2349 3731 2402 par-

2918 2409 3019 2473 cis,
3052 2410 3110 2458 ut
3133 2407 3221 2458 ille
3251 2406 3352 2459 tibi
3399 2416 3612 2474 parcat,
3633 2420 3727 2473 pe-

2918 2491 2996 2530 ris
3005 2519 3016 2529 .

2992 2615 3077 2669 Id.
3139 2617 3226 2671 Sic
3277 2618 3418 2669 enim
3461 2617 3726 2683 scriptum

2920 2690 3073 2808 es‘l'd.
3117 2755 3248 2809 Vidi
3295 2756 3506 2820 felicem
3540 2769 3728 2823 pecca-

2922 2830 3104 2892 torcm,
3151 2825 3268 2879 vidi
3311 2825 3551 2893 quotidie
3580 2825 3732 2878 mala

2918 2897 3226 2962 facientem,
3298 2902 3348 2949 et
3403 2899 3461 2948 in
3515 2897 3729 2963 Spiritu

2918 2971 3103 3019 sancto
3160 2977 3164 2980 ‘
3236 2967 3728 3035 blasphemantem;

2919 3038 3125 3098 horrui,
3237 3037 3404 3091 dolui.
3531 3037 3727 3091 Irrita-

2919 3109 3018 3173 vit,
3054 3113 3157 3160 etc.

2988 3177 3068 3230 Id.
3170 3178 3484 3232 Provocavit
3558 3178 3730 3229 Domi-

2915 3263 3043 3300 num
3063 3267 3079 3312 ;
3169 3264 3269 3317 pro
3355 3247 3731 3314 magnitudine

2916 3321 3013 3372 irx
3048 3334 3157 3373 suae
3193 3335 3297 3372 non
3314 3321 3578 3387 exquiret.
3621 3319 3728 3370 Hoc

2916 3392 3207 3457 sequitur:
3260 3391 3506 3443 irritavit
3556 3389 3729 3441 Domi-

2915 3476 3045 3513 num
3103 3466 3385 3528 peccator;
3449 3474 3549 3527 pro
3610 3474 3726 3511 ma-

2030 3530 2317 3595 gnitudine
2348 3531 2445 3584 irx
2463 3543 2572 3583 suae
2592 3545 2698 3583 non
2727 3531 2992 3598 exquiret.
3022 3531 3144 3585 Ideo
3166 3547 3270 3586 non
3313 3533 3582 3599 exquiret,
3614 3535 3717 3582 etc.

2102 3637 2247 3691 Ibid.
2271 3638 2409 3692 Nam
2437 3639 2487 3691 si
2509 3639 2838 3705 exquireret,

2030 3708 2366 3776 flagellaret;
2467 3711 2516 3761 et
2611 3711 2846 3772 fortasse

2031 3778 2349 3831 emendaret.

2107 3850 2170 3902 Ν.
2235 3852 2316 3901 II.
2353 3847 2498 3912 Quid
2551 3847 2843 3916 praestabat

2030 3920 2218 3972 Petrus
2244 3919 2270 3972 ‘t

2104 3989 2167 4041 N.
2233 3991 2316 4041 12.
2388 3989 2514 4040 Dico
2578 3989 2842 4040 charitati

2029 4064 2238 4122 vestrx,
2288 4062 2431 4111 torta
2485 4064 2632 4123 sunt,
2701 4062 2845 4110 torta

2031 4135 2158 4183 sunt
2177 4145 2244 4182 ex
2267 4131 2360 4182 hoc
2399 4129 2607 4181 viscera
2636 4132 2839 4181 nostra.

2031 4202 2281 4254 Fatemur
2328 4199 2498 4264 vobis,
2546 4215 2652 4252 non
2693 4199 2844 4251 nobis

1183 4268 1682 4356 1'i'eaia'aa‘a‘.’
1708 4268 1926 4358 ἆὶἱάηάο
1953 4268 1994 4322 υ
2031 4271 2208 4358 Nee“
2232 4271 2364 4358 eis
2385 4269 2845 4358 έεέίρετξιέρδεοεεε

1111 4361 1321 4416 accedet
1339 4365 1469 4415 aetas
1491 4361 1710 4424 mundo,
1749 4377 1923 4429 quan-

1112 4433 1180 4487 do
1201 4431 1590 4501 propinquabit
1607 4433 1751 4499 finis.

1151 4571 1264 4626 -Id.
1295 4573 1399 4626 Ait
1427 4585 1596 4638 quare
1620 4570 1772 4626 modo
1801 4573 1923 4640 plus

1110 4645 1379 4698 vastatur.

1182 4713 1262 4767 Id.
1311 4712 1531 4768 Oculum
1577 4711 1651 4765 ad
1677 4725 1772 4766 nos
1799 4727 1922 4767 con-

1109 4789 1401 4838 vertamus.

1181 4855 1258 4908 Id.
1313 4853 1668 4919 Evangelium
1722 4853 1923 4922 prxdi-

1110 4929 1300 4987 catur;
1356 4927 1495 4977 totus
1543 4923 1776 4977 mundus
1804 4925 1920 4993 ple-

1111 5010 1212 5048 nus
1229 4999 1324 5048 est.
1348 4994 1677 5061 Antequam,
1705 5000 1812 5048 etc.

1185 5064 1266 5118 Id.
1288 5065 1584 5131 Vapulabit
1603 5067 1812 5132 paucis.

1184 5135 1265 5189 Id.
1299 5137 1434 5189 Ecce
1483 5133 1619 5202 quid
1653 5141 1770 5188 erat
1799 5142 1922 5190 ante

1111 5205 1363 5260 mundus.
1433 5204 1629 5258 Ser-vus
1683 5207 1919 5260 nesciens

1109 5278 1437 5330 voluntatem
1480 5275 1686 5328 domini
1723 5278 1827 5337 sui,
1873 5282 1923 5331 et

1108 5363 1213 5400 non
1239 5348 1448 5412 faciens
1496 5345 1667 5412 digna
1710 5346 1917 5414 plagis,

1106 5418 1392 5485 vapulabit
1437 5417 1650 5484 paucis.
1722 5417 1920 5472 Servus

1105 5493 1283 5542 autem
1355 5489 1524 5541 sciens
1591 5487 1919 5542 voluntatem

1106 5559 1312 5612 domini
1339 5558 1429 5612 sui
1451 5576 1465 5622 ;
1499 5572 1611 5610 ecce
1634 5559 1815 5624 qualis
1842 5563 1921 5611 est

1107 5631 1259 5683 modo
1304 5627 1558 5682 mundus.
1602 5629 1738 5680 Jam
1776 5629 1920 5696 quod

1107 5702 1351 5769 sequitur
1392 5698 1542 5753 vobis
1589 5697 1768 5764 dicite,
1813 5702 1919 5754 imo

1109 5772 1263 5826 nobis
1337 5770 1582 5825 dicamus
1641 5785 1654 5822 :
1725 5772 1917 5824 Servus

2037 4341 2168 4407 quia
2225 4342 2335 4394 zelo
2378 4342 2472 4394 Dei
2524 4343 2765 4405 fecerunt
2797 4344 2845 4392 et

2035 4412 2310 4465 Ecclesix.
2346 4413 2557 4464 Putatis
2601 4413 2734 4478 quia
2756 4412 2844 4463 ni-

2035 4483 2112 4535 hil
2136 4483 2345 4547 factum
2372 4486 2466 4546 est,
2497 4483 2629 4550 quia
2658 4483 2751 4534 hoc
2774 4480 2848 4533 ad

2035 4567 2212 4606 omnes
2267 4551 2494 4606 sonuit?
2551 4553 2704 4617 Rogo
2733 4566 2842 4616 vos,

2034 4625 2192 4677 hodie
2222 4627 2460 4677 senuerit
2491 4638 2598 4676 vox
2627 4626 2755 4680 ista.
2787 4627 2846 4674 ut

2033 4694 2174 4748 illud
2231 4694 2376 4763 quod
2421 4694 2561 4745 male
2639 4694 2840 4754 sonuit,

2033 4766 2226 4818 obruat
2287 4780 2350 4817 ea
2409 4779 2492 4817 res
2546 4779 2666 4832 qux
2724 4764 2848 4816 bene

2033 4838 2231 4890 sonuit.
2266 4837 2418 4889 Hanc
2456 4849 2672 4902 operam
2698 4833 2844 4902 date,

2034 4908 2129 4960 hoc
2193 4910 2362 4973 sonet,
2429 4907 2524 4959 hoc
2581 4905 2845 4972 praedice-

2032 4992 2171 5040 mus,
2275 4977 2370 5030 hoc
2457 4977 2842 5044 praedicamus.

2038 5049 2287 5113 Veniant,
2315 5046 2702 5114 admittuntur,
2737 5052 2841 5101 etc.

2990 3638 3069 3692 Id.
3113 3641 3253 3694 Nam
3303 3640 3354 3692 si
3401 3639 3727 3706 exquireret,

2915 3709 3255 3778 ﬂagellaret:
3311 3711 3362 3762 si
3405 3709 3724 3775 llagellaret,

2917 3779 3239 3832 emenda-ret.

2989 3849 3070 3902 Id.
3125 3848 3282 3916 Quod
3324 3847 3624 3916 praestabat
3681 3853 3728 3899 et

2916 3921 3122 3974 Petrus.

2991 3990 3071 4042 Id.
3130 3991 3257 4043 Dico
3329 3988 3594 4041 charitati
3640 4003 3728 4041 ve-

2917 4065 3062 4126 strx,
3095 4064 3239 4114 torta
3267 4063 3392 4112 sunt
3421 4073 3488 4111 ex
3527 4059 3622 4112 hoc
3654 4060 3733 4112 vi-

2917 4145 3064 4183 scera
3103 4134 3308 4184 nostra.
3353 4132 3607 4182 Fatemur
3637 4144 3727 4182 vo-

2920 4201 3020 4264 bis,
3055 4217 3159 4254 non
3187 4200 3336 4254 nobis
3372 4200 3578 4266 placuit
3604 4201 3729 4252 talis

2919 4272 3225 4336 diligentia.
3272 4272 3390 4324 Scio
3437 4273 3568 4338 quia
3619 4271 3730 4322 zelo

2918 4343 3013 4395 Dei
3082 4343 3358 4407 fecerunt;
3429 4343 3556 4406 scio,
3624 4356 3729 4393 non

2918 4412 3127 4475 dubito,
3188 4414 3320 4480 quia
3359 4412 3470 4464 zelo
3524 4411 3617 4464 Dei
3649 4413 3728 4476 fe-

2919 4488 3126 4545 cerunt,
3160 4482 3254 4536 sed
3273 4487 3322 4535 et
3370 4481 3510 4535 illud
3541 4481 3728 4535 debent

2919 4553 3192 4606 attendere
3246 4553 3477 4621 apostoli
3551 4553 3728 4612 Pauli,

2921 4623 3181 4692 quomodo
3209 4625 3426 4692 plangit
3454 4637 3537 4676 eos
3567 4625 3728 4692 etiam

2921 4691 3016 4761 qui
3042 4691 3224 4749 zelum,
3265 4697 3356 4748 Dei
3399 4693 3611 4756 habent,
3637 4691 3729 4744 sed

2919 4781 3024 4818 non
3095 4766 3388 4820 secundum
3448 4765 3727 4816 scientiam

2919 4836 3101 4905 (Rom.
3149 4853 3205 4896 x,
3269 4837 3344 4903 2).
3423 4836 3553 4905 Ecce
3623 4847 3728 4884 non

2918 4903 2994 4960 est
3033 4907 3304 4959 admissus
3358 4903 3548 4966 hodie;
3606 4916 3727 4955 cras

2917 4975 3192 5030 morietur.
3232 4979 3305 5029 De
3351 4975 3506 5040 cujus
3564 4975 3731 5025 mani-

2921 5048 3016 5100 bus
3032 5049 3275 5111 exigitur
3295 5049 3323 5099 ?
3351 5047 3602 5097 Dicturus
3633 5058 3685 5096 es
3708 5058 3720 5095 :

2915 5117 3020 5172 Sed
3108 5117 3286 5183 ﬁngit.
3377 5113 3684 5182 Respondeo
3709 5128 3722 5167 :

2033 5201 2140 5257 Sed
2191 5205 2342 5271 petit.
2385 5206 2499 5269 Ego
2547 5204 2766 5258 ostendo
2813 5203 2958 5272 quod
3006 5205 3174 5270 petit:
3225 5207 3282 5255 tu
3327 5201 3541 5254 ostende
3592 5204 3723 5268 quia

2029 5277 2206 5342 fingit.
2242 5274 2574 5340 Christiane,
2616 5276 2738 5343 jam
2784 5276 2900 5327 volo
2949 5274 3139 5326 doceas
3177 5278 3227 5324 et
3267 5288 3365 5326 me.
3428 5272 3575 5325 Unde
3616 5274 3722 5326 scis

1981 5351 1988 5358 ‘
2032 5347 2164 5410 quia
2178 5343 2382 5413 ﬁngit?
2415 5346 2554 5411 Quia
2583 5346 2738 5398 rebus
2785 5347 2899 5398 suis
2946 5346 3113 5397 timet.
3149 5344 3406 5399 Nouimus
3431 5344 3628 5397 multos
3662 5345 3722 5396 ti-

2029 5416 2226 5468 muisse
2259 5415 2414 5468 rebus
2451 5419 2580 5475 suis,
2624 5421 2674 5468 ct
2718 5415 2832 5468 ideo
2875 5417 3050 5479 factos
3076 5415 3390 5476 catholicos;
3423 5429 3542 5467 cum
3581 5430 3726 5467 acce-

2029 5488 2235 5553 pissent
2265 5486 2583 5545 libertatem.
2638 5486 2922 5539 redierunt
2969 5485 3044 5538 ad
3076 5485 3194 5538 illos
3227 5484 3472 5551 quidam,
3498 5485 3723 5552 quidam

2027 5571 2148 5609 vere
2175 5563 2507 5612 manserunt.
2561 5557 2833 5622 Quamdiu
2879 5572 2983 5609 non
3029 5558 3390 5621 intraverunt,
3423 5556 3581 5609 rebus
3612 5557 3724 5609 suis

2030 5629 2349 5693 timuerunt,
2409 5633 2616 5681 etcum
2677 5631 3044 5691 intraverunt,
3107 5627 3359 5681 discendo
3390 5631 3720 5680 manserunt.

2033 5699 2179 5751 Unde
2207 5700 2312 5752 scis
2336 5715 2482 5766 ergo,
2510 5713 2575 5750 ne
2612 5700 2712 5751 iste
2760 5701 2857 5767 qui
2897 5701 3046 5752 timet
3074 5698 3230 5750 rebus
3260 5700 3393 5762 suis,
3426 5699 3567 5750 inter
3597 5696 3718 5749 illos

2027 5772 2130 5823 erit
2161 5772 2255 5837 qui
2283 5772 2395 5835 ﬁcti
2434 5770 2638 5823 inventi
2669 5773 2812 5834 sunt,
2841 5772 3074 5823 maxime
3112 5768 3389 5823 accedente
3422 5771 3577 5821 tanta
3605 5767 3716 5819 luce
