4068 6192
308 294 439 346 1187

291 486 567 555 judicare,
615 484 815 540 homo?
863 484 987 538 Ideo
1039 484 1375 551 sudavimus,
1436 486 1554 539 ideo
1609 487 1994 553 laboravimus,

304 554 426 611 ideo
452 559 655 611 veritas
686 554 1055 608 demonstrata
1083 560 1160 607 est
1185 558 1411 617 invicta,
1442 563 1502 609 ut
1527 558 1600 609 sit
1636 557 1997 625 quxrentibus

304 628 528 681 inimica
548 627 574 679 f
602 625 993 681 Laboravimus
1022 630 1081 679 ut
1120 627 1323 678 veritas
1360 626 1742 685 ostenderetur.
1776 628 1998 695 falsitas

304 701 737 752 convinceretur.
792 695 1033 763 Adjuvit
1078 698 1372 749 Dominus:
1426 698 1634 762 factum
1691 703 1787 751 est.
1844 699 1998 752 Forte

302 783 405 836 pro
446 782 550 835 quo
593 768 803 832 factum
850 771 948 830 est,
1008 766 1247 834 quadam
1298 767 1719 821 consideratione
1756 772 1996 822 mutatus

308 842 403 893 est.
439 839 613 902 Quare
642 836 707 889 de
736 836 893 890 corde
912 839 994 890 vis
1034 837 1289 905 judicare
1308 836 1335 890 ?
1382 840 1496 903 Ego
1523 838 1679 891 video
1707 842 1991 906 petentem,

307 912 358 962 et
405 912 465 961 tu
505 921 727 960 accusas
767 907 1089 975 ﬁngentem?
1147 908 1483 972 Christiane,
1525 908 1669 976 quod
1707 904 1857 961 vides
1895 907 1996 961 ad-

308 979 477 1040 mitte,
515 977 661 1046 quod
696 992 801 1031 non
850 977 1000 1029 vides
1047 977 1159 1031 Deo
1205 977 1435 1031 dimitte.
1483 980 1729 1032 Breviter
1774 980 2000 1032 caritati

304 1054 495 1102 vestra
537 1047 694 1101 dico:
744 1047 1045 1115 pascendos
1081 1062 1200 1100 oves
1246 1048 1457 1101 Domini
1502 1048 1570 1102 ab
1613 1051 1730 1116 ipso
1767 1048 1997 1102 Domino

307 1119 638 1185 audivimus,
671 1120 724 1171 et
761 1120 957 1171 scimus
998 1118 1142 1185 quod
1188 1117 1254 1171 de
1299 1118 1487 1172 ovibus
1536 1134 1633 1187 per
1671 1119 1998 1172 Ezechielem

308 1190 485 1244 dicat:
515 1189 594 1242 Ne
620 1187 745 1259 ovis
773 1203 932 1241 ovem
962 1187 1265 1259 impingat,
1306 1204 1378 1241 ne
1422 1187 1542 1241 ovis
1587 1205 1750 1242 ovem
1787 1188 1996 1259 impel-

306 1262 426 1329 lat;
482 1275 551 1312 ne
604 1258 768 1329 fortis
820 1258 1151 1329 languidam
1197 1262 1420 1327 premat
1477 1260 1685 1325 (Ezech.
1747 1258 1987 1312 xxxiv.l

306 1328 480 1399 seqq.)
551 1328 783 1399 Attende
834 1328 980 1399 quod
1012 1328 1305 1399 Apostolus
1359 1329 1540 1382 dicat:
1582 1328 1863 1398 Corripite
1904 1328 1993 1382 in-

308 1398 554 1469 quietos,
585 1398 961 1452 consolamini
1001 1398 1418 1467 pusillanimes,
1445 1400 1712 1470 suscipite
1739 1399 1997 1453 inﬁrmos

306 1472 360 1536 (Ι
387 1471 564 1524 Thess.
601 1485 654 1536 v,
691 1471 799 1538 15).
830 1471 1112 1538 Corripite
1148 1471 1436 1537 inquietos,

306 1542 501 1595 lumini
527 1541 901 1607 pusillanimes
928 1556 942 1607 ;

1478 1468 1581 1539 ﬁat
1594 1468 1609 1470 ’
1622 1471 1717 1524 hoc
1736 1489 1758 1536 ;
1795 1471 1996 1525 Conso-

1053 1545 1073 1592 t
1105 1540 1198 1593 hoc
1226 1557 1241 1603 ;
1276 1540 1545 1607 Suscipite
1586 1542 1862 1607 inﬁrmos:
1895 1542 1997 1606 fiat

311 1613 427 1665 hoc.
460 1610 749 1664 Patientes
796 1615 973 1663 estote
1020 1611 1091 1664 ad
1135 1625 1335 1662 omnes
1366 1609 1576 1679 (Ibid),
1615 1613 1715 1678 ﬁat
1744 1611 1837 1665 hoc
1867 1626 1880 1664 :
1916 1611 1995 1664 Ne

309 1680 438 1751 quis
468 1680 684 1733 malum
728 1695 835 1751 pro
869 1681 1020 1733 malo
1083 1679 1250 1751 alicui
1298 1680 1499 1751 reddat
1544 1682 1735 1749 (Ibid,
1778 1681 1858 1749 16)
1893 1680 1995 1751 ﬁat

312 1753 427 1806 hoc.
476 1753 652 1804 Tanta
704 1750 857 1803 dicit.
921 1752 1040 1806 Non
1115 1750 1203 1820 ibi
1240 1750 1494 1817 attendis,
1538 1754 1666 1819 nisi,
1719 1752 1993 1820 Corripite

310 1820 615 1891 inquietos.
641 1821 958 1880 Attendite:
990 1819 1269 1889 Corripite
1326 1820 1629 1889 inquietos.
1672 1819 1993 1877 Numerate:

307 1890 691 1947 Consolamini
738 1891 1154 1961 pusillanimes,
1200 1890 1499 1962 suscipite
1570 1890 1849 1955 inﬁrmos,
1905 1908 1999 1962 pa-

308 1963 518 2017 tientes
540 1968 718 2015 estote
742 1960 816 2014 ad
849 1977 1068 2014 omnes.
1114 1960 1308 2015 Videte
1358 1977 1427 2014 ne
1483 1962 1609 2031 quis
1650 1962 1861 2016 malum
1891 1960 1996 2031 pro

312 2033 463 2086 malo
494 2032 664 2086 alicui
708 2031 926 2086 reddat.
954 2034 1033 2086 Tu
1084 2046 1189 2085 non
1244 2032 1502 2098 attendis,
1534 2034 1662 2091 nisi.
1715 2032 1997 2098 Corripite

307 2103 621 2182 inquietos:
679 2103 822 2182 Vide
871 2118 938 2156 ne
984 2107 1043 2155 tu
1071 2104 1146 2182 sis
1200 2104 1501 2182 inquietus,
1544 2107 1713 2182 ne,_et
1733 2103 1892 2182 quod
1920 2106 1997 2156 est

306 2173 486 2243 pejus,
514 2178 566 2227 et
597 2175 871 2240 inquietus
892 2187 1002 2227 esse
1027 2173 1180 2235 velis,
1214 2176 1265 2226 et
1295 2175 1501 2240 corripi
1532 2174 1693 2243 nolis.
1729 2176 1995 2240 Rogamus

308 2242 419 2307 vos,
455 2259 554 2312 per
583 2244 876 2303 Christum,
927 2244 1282 2312 obsecramus,
1330 2257 1398 2296 ne
1459 2242 1711 2308 fundatis
1763 2244 1996 2297 laborem

305 2311 569 2367 nostrum.
605 2317 700 2367 An
730 2315 937 2381 putatis
969 2314 1101 2380 quia
1138 2311 1261 2365 inde
1307 2312 1462 2366 nobis
1499 2314 1751 2368 habemus
1784 2315 1997 2381 placere

308 2386 443 2445 quia
480 2384 706 2437 vicimus
734 2383 1083 2448 falsitatem?
1115 2383 1355 2436 Victoria
1383 2397 1589 2451 semper
1616 2386 1865 2437 veritatis
1893 2388 1989 2437 est.

309 2456 417 2509 Nos
441 2454 576 2522 quid
603 2468 786 2507 sumus
812 2452 840 2507 ?
885 2455 1042 2507 Victa
1085 2454 1343 2519 falsitas;
1392 2454 1521 2506 olim
1567 2457 1710 2507 victa
1760 2459 1857 2508 est.
1891 2453 1996 2509 Sed

307 2528 414 2579 Deo
443 2526 654 2592 gratias
687 2526 817 2591 quia
832 2529 1017 2592 aperte
1040 2524 1184 2576 victa
1210 2528 1306 2589 est,
1331 2528 1381 2577 et
1399 2526 1757 2590 manifestata
1778 2526 1995 2578 homini-

310 2595 428 2649 bus.
460 2593 781 2649 Abundavit
818 2595 1013 2659 cultus,
1064 2608 1231 2661 quare
1267 2593 1565 2662 impeditur
1613 2597 1826 2661 fructus
1855 2597 1883 2648 τ)
1923 2597 1998 2649 De

309 2672 513 2727 caetero,
537 2667 768 2731 fratres,
800 2667 907 2717 ista
936 2666 1205 2731 nonﬁanl.
1238 2665 1398 2717 Nemo
1435 2667 1513 2718 sic
1540 2670 1680 2719 amet
1704 2667 1997 2719 Ecclesium

308 2740 369 2789 ut
412 2734 654 2789 invideat
699 2735 864 2789 lucris
912 2736 1177 2789 Ecclesiae.
1230 2734 1445 2789 Nudius
1492 2738 1656 2789 tertia
1680 2741 1774 2789 aut
1793 2735 1996 2789 nudius

309 2810 511 2875 quarta
540 2807 749 2871 factum
778 2810 856 2859 est
884 2806 979 2858 hoc
1022 2803 1166 2875 quod
1198 2804 1338 2869 dico,
1375 2808 1427 2858 et
1454 2820 1561 2858 non
1608 2806 1789 2859 levites
1818 2807 1998 2859 sonuit

307 2874 382 2929 ad
427 2890 625 2941 omnes,
672 2878 805 2943 quia
855 2890 961 2928 non
1009 2874 1376 2928 admittuntur
1430 2877 1744 2941 Donatista,
1778 2877 1996 2945 quando

303 2948 527 3026 veniunt
551 2946 630 3026 ad
650 2946 960 3026 Ecclesium.
1007 2945 1223 2998 Putatis
1269 2946 1403 3026 quia
1416 2947 1570 3026 llihil
1611 2948 1745 3026 mali
1785 2949 1991 3026 factum
2022 2971 2061 3026 ο

305 3022 403 3079 est,
463 3020 597 3084 quia
655 3018 749 3070 hoc
798 3015 872 3069 ad
913 3030 1088 3069 omnes
1129 3015 1356 3068 sonuit?
1410 3017 1575 3083 Rogo,
1633 3016 1754 3070 ideo
1809 3018 1994 3070 sonuit

307 3087 463 3141 hodie
503 3102 610 3141 vox
639 3089 767 3154 ista,
819 3090 879 3139 ut
923 3084 1063 3139 illud
1104 3085 1247 3152 quod
1292 3086 1432 3140 male
1473 3089 1653 3140 sonuit
1703 3086 1907 3140 obruat.
1933 3102 1996 3139 ea

306 3172 391 3212 res
412 3173 532 3226 qux
554 3158 680 3211 bene
725 3158 982 3211 sonuerit.
1030 3157 1164 3209 Date
1201 3169 1437 3222 cperam,
1479 3156 1574 3211 hoc
1614 3157 1876 3224 diximus,
1900 3158 1997 3211 hoc

301 3228 688 3298 pradicamus.
731 3229 982 3292 Veniant,
1012 3226 1397 3290 admittuntur,
1429 3232 1533 3281 etc.
1842 3240 1859 3255 '

894 3313 1126 3367 SERMO
1157 3312 1445 3368 CCXCVII.
1934 3373 1938 3376 ,

381 3402 616 3465 Legitur
659 3400 722 3454 in
750 3400 972 3473 duobus
1007 3399 1189 3473 codd.
1216 3399 1429 3473 Cass”,
1480 3418 1683 3473 nempe
1713 3403 1841 3473 cod.
1886 3403 1994 3473 r'vn,

312 3472 409 3527 fol.
442 3476 565 3536 3l5,
599 3475 656 3524 et
681 3471 806 3525 cod.
837 3487 966 3536 xxx,
999 3469 1095 3523 fol.
1137 3471 1260 3523 323.
1302 3471 1368 3525 In
1418 3472 1525 3527 hoc
1554 3469 1746 3527 autem
1792 3472 1997 3526 ultimo

308 3558 424 3597 non
457 3542 741 3597 habentur
794 3541 904 3613 nisi
934 3542 1045 3594 duo
1087 3541 1336 3601 numeri,
1380 3543 1615 3613 quintus
1651 3543 1914 3598 videlicet
1945 3548 2000 3598 et

306 3617 532 3679 sextus;
561 3617 766 3666 caetera
794 3611 1018 3666 desunt.

381 3684 524 3738 Edit.
593 3684 658 3738 N.
731 3685 778 3736 1.
857 3684 1119 3736 Animam

306 3771 483 3834 meam
502 3770 600 3834 pro
648 3758 698 3807 te
707 3768 933 3834 ponam.
976 3754 1117 3807 Prte-

1263 3682 1400 3737 Cod.
1434 3699 1524 3737 vn.
1552 3684 1810 3739 Animam
1829 3699 2000 3738 meam

1188 3767 1288 3821 pro
1344 3758 1393 3806 te
1446 3770 1664 3822 ponam.
1733 3757 1999 3810 Prwsum-

1366 293 1745 348 SICIIMONUM
1785 292 2246 350 GENUINORUM
2285 294 2337 348 S.
2378 292 2767 349 AUGUSTINI.

297 416 569 480 veritatis,
602 419 756 469 tanta
783 417 1108 469 convictione
1131 416 1397 478 falsitatis
1419 418 1448 469 ?
1466 415 1703 480 Quidvis
1733 414 1799 470 de
1826 415 1983 470 corde
2012 417 2058 470 A
2170 416 2310 470 Ibid.
2373 416 2565 470 Primo

2620 429 2785 483 quam
2856 418 2896 484 ﬁ

2106 487 2266 541 dem?
2317 502 2481 555 quam
2538 487 2641 541 tibi
2674 487 2788 554 ipsi
2828 489 2922 540 de-

2107 558 2241 612 disti
2259 557 2288 611 ?
2304 558 2511 624 falsum
2542 562 2640 625 est,
2665 561 2776 612 etc.

2178 698 2241 752 N.
2323 701 2377 751 7.
2448 699 2585 753 Nam
2648 696 2919 752 custodire

2106 772 2155 822 te
2200 783 2307 822 non
2351 770 2567 835 sufﬁcis.
2625 768 2687 824 Si
2732 769 2915 821 deser-

2106 844 2191 894 tus
2247 841 2439 905 fueris,
2494 838 2814 893 dormitabis
2863 842 2915 892 et

2104 910 2355 963 dormies.
2402 910 2518 964 Non
2563 914 2742 964 autem
2783 910 2910 963 dor-

2103 981 2280 1045 mitat,
2327 995 2496 1048 neque
2541 980 2760 1043 dormit,
2815 981 2914 1048 qui

2103 1049 2336 1104 custodit
2365 1051 2553 1104 Israel.

2177 1121 2239 1174 N.
2288 1122 2338 1174 9.
2404 1121 2663 1188 Captivus
2719 1121 2911 1176 ductus

2103 1195 2181 1245 est
2208 1190 2276 1243 ab
2307 1192 2535 1245 homine.
2584 1191 2781 1245 Libera
2807 1207 2912 1260 me,

2103 1262 2341 1328 Domine,
2373 1261 2441 1315 ab
2504 1262 2712 1316 homine
2748 1263 2908 1316 malo.

2175 1401 2240 1455 N.
2277 1404 2361 1456 11.
2408 1404 2527 1458 Non
2578 1404 2916 1470 respicienti-

2105 1472 2203 1525 bus
2258 1487 2377 1541 quae
2435 1472 2709 1526 videntur.
2789 1475 2917 1540 Quae

2103 1545 2245 1597 enim
2273 1542 2547 1610 videntur,
2580 1550 2682 1597 etc.

3670 297 3808 350 1188

3069 415 3203 470 Cod.
3243 431 3341 470 vu.
3405 417 3587 470 Primo
3639 433 3807 485 quam

2994 484 3205 555 ﬁdem?
3237 502 3402 557 quam
3444 487 3548 541 tibi
3566 484 3679 557 ipsi
3711 487 3807 542 de-

2993 557 3174 631 disti?
3200 558 3265 631 δέ
3290 556 3449 625 ﬁdem
3483 564 3542 611 tu
3573 558 3676 611 tibi
3704 557 3805 613 de-

2992 627 3146 695 disti,
3177 627 3389 695 falsum
3419 632 3519 694 est,
3549 632 3656 681 etc.

3061 698 3143 752 Id.
3214 700 3357 753 Nam
3426 698 3697 752 custodire
3756 703 3808 752 te

2986 783 3092 823 non
3119 770 3349 836 sufﬁcis.
3390 768 3662 832 Custodis,
3707 768 3805 823 sed

2985 841 3036 893 si
3050 840 3336 894 derelictus
3362 840 3558 905 fueris,
3592 839 3773 893 dormi
3785 867 3800 879 -

2987 909 3125 963 tabis
3157 915 3206 962 et
3238 908 3501 975 dormies;
3550 925 3658 962 non
3704 925 3803 963 au-

2984 988 3085 1034 tem
3115 980 3362 1045 dormiet,
3403 994 3574 1046 neque
3594 978 3800 1033 dormi-

2985 1050 3145 1115 tabit,
3181 1052 3278 1118 qui
3297 1049 3531 1103 custodit
3573 1050 3761 1104 Israel.

3057 1120 3134 1174 Id.
3182 1122 3442 1188 Captivus
3488 1120 3680 1174 ductus
3722 1125 3800 1173 est

2984 1191 3052 1244 ab
3099 1192 3328 1245 homine.
3370 1192 3498 1244 Rem
3543 1205 3801 1256 magnam

2983 1263 3225 1331 psalmus
3237 1262 3447 1331 optavit
3463 1260 3678 1314 :Libera
3693 1275 3799 1331 me,

2986 1330 3222 1399 Domine,
3253 1330 3324 1385 ab
3367 1332 3579 1383 homine
3630 1330 3800 1384 malo.

3060 1403 3119 1456 Id
3134 1442 3148 1457 .
3212 1403 3332 1457 Non
3384 1400 3803 1468 respicientibus

2988 1489 3108 1543 quae
3159 1471 3434 1533 videntur,
3488 1472 3541 1525 si
3569 1470 3801 1543 dantur,

2988 1540 3082 1598 sed
3143 1557 3262 1611 qux
3325 1556 3433 1595 non
3518 1540 3800 1594 videntur.

2992 1619 3118 1682 Quae
3145 1616 3287 1666 enim
3316 1612 3594 1680 videntur,
3618 1615 3726 1665 etc.

2667 1702 2897 1758 SERMO
2945 1700 3264 1759 CCXCVIII.

2178 1789 2408 1858 Legitur
2436 1789 2493 1842 in
2526 1789 2656 1844 cod.
2695 1790 2847 1844 Cass.
2888 1807 2999 1855 cix,
3020 1791 3117 1845 fol.
3139 1790 3207 1843 43
3231 1793 3289 1842 et
3315 1788 3401 1842 44.

2178 1877 2321 1931 Edit.
2392 1878 2457 1931 N.
2521 1880 2568 1931 1.
2604 1880 2674 1931 Et
2720 1878 2795 1932 ad
2816 1895 2916 1932 nos

2103 1949 2212 2001 ista
2234 1948 2399 2001 verba
2448 1952 2724 2010 venerunt,
2759 1955 2811 2002 et
2839 1949 2916 2004 ad

2102 2020 2412 2085 sanitatem,
2441 2023 2549 2071 etc.

2174 2158 2239 2211 N.
2283 2158 2335 2211 4.
2385 2158 2624 2225 Quinon
2661 2173 2781 2213 sum
2827 2160 2913 2213 di-

2101 2243 2240 2295 gnus
2307 2297 2322 2299 Α
2337 2231 2523 2284 vocari
2612 2232 2908 2299 apostolus.

2104 2301 2284 2365 Quare
2301 2297 2329 2352 ‘l

3059 1877 3198 1932 Cod.
3265 1877 3335 1931 Et
3402 1874 3478 1929 ad
3535 1887 3631 1927 nos
3689 1876 3802 1927 ista

2986 1949 3152 2002 verba
3215 1949 3495 2006 venerunt,
3532 1949 3585 1999 et
3631 1944 3804 2010 Afros

2988 2019 3053 2072 de
3081 2031 3261 2073 somno
3310 2018 3706 2081 excitaverunt,
3751 2019 3803 2070 et

2987 2089 3061 2143 ad
3091 2090 3400 2152 sanitatem,
3434 2092 3542 2140 etc.

3056 2160 3136 2213 Id.
3208 2159 3313 2224 Qui
3376 2171 3483 2210 non
3542 2170 3662 2209 sum
3713 2154 3802 2208 di-

2985 2245 3125 2296 gnus
3228 2229 3415 2282 vocari
3499 2226 3800 2294 apostolus.

2987 2303 3105 2356 Non
3147 2313 3201 2354 es
3253 2297 3472 2364 dignus.
3523 2300 3573 2349 et
3635 2296 3797 2361 facit.

2985 2373 3101 2427 Non
3138 2384 3263 2437 ergo
3319 2366 3455 2436 quid
3485 2364 3586 2420 tibi
3634 2365 3800 2437 debe-

2986 2444 3166 2507 batur,
3204 2436 3476 2504 reddidit,
3536 2439 3673 2505 quia
3712 2436 3799 2489 di-

2101 2543 2268 2596 gnum
2297 2529 2492 2583 honore
2514 2531 2799 2599 praestitit,
2842 2533 2932 2585 cui
2972 2528 3300 2600 supplicium
3335 2525 3648 2579 debebatur.
3678 2525 3801 2579 Non

2102 2633 2221 2672 sum
2250 2616 2447 2686 dignus
2471 2618 2654 2672 vocari
2681 2619 2974 2687 apostolus.
3010 2615 3226 2684 Quare?

2704 2706 2936 2762 SERMO
2975 2704 3196 2760 CCCIV.

2173 2797 2408 2869 Legitur
2446 2798 2506 2853 in
2535 2800 2660 2854 cod.
2704 2802 2853 2856 Cass.
2895 2818 3004 2869 cu,
3052 2800 3149 2854 fol.
3197 2799 3284 2864 94,
3327 2794 3447 2861 ubi,
3498 2810 3555 2848 n.
3604 2797 3653 2856 1,
3691 2793 3802 2846 ho-

2103 2884 2230 2922 rum
2273 2870 2573 2923 verborum
2614 2871 2762 2935 loco,
2821 2873 3096 2927 intellexit
3144 2870 3260 2932 hoc,

2940 2944 3090 3010 fecit,
3142 2939 3405 3010 habetur,
3453 2937 3801 3010 intellexistis

2106 2942 2468 3003 Laurentius;
2511 2943 2781 2996 intellexit
2829 2958 2893 2996 ac

3309 2869 3533 2935 fratres,
3577 2869 3803 2917 sanctus

2104 3012 2198 3064 hoc
2237 3018 2651 3079 sacramentum,
2699 3014 2903 3079 fratres
2938 3007 3081 3067 mei?
3128 3012 3324 3066 Beatus
3346 3007 3674 3062 Laurentius
3704 3007 3798 3059 in-

2104 3080 2313 3160 tellexit
2340 3097 2404 3135 ac
2432 3083 2583 3148 fecit.

2737 3169 2963 3225 SERMO
2997 3168 3189 3224 CCCV.

2175 3256 2407 3327 Legitur
2434 3256 2494 3311 in
2523 3258 2646 3312 cod.
2679 3258 2830 3313 Cass.
2863 3274 2959 3325 xu,
2987 3256 3085 3311 fol.
3119 3258 3250 3310 251.

2178 3345 2321 3399 Edit.
2379 3345 2443 3399 N.
2520 3347 2572 3399 4.
2649 3347 2725 3400 Ne
2790 3360 2915 3413 ergo

2104 3414 2475 3483 desperatione
2502 3418 2910 3482 frangerentur.

2177 3486 2343 3553 Ibid,
2379 3486 2451 3541 ad
2488 3487 2720 3553 calcem,
2752 3487 2915 3543 Chri-

2105 3561 2221 3612 stus
2248 3561 2512 3612 teneatur.

3058 3342 3198 3399 Cod.
3247 3342 3325 3398 Ne
3360 3354 3485 3407 ergo
3532 3339 3798 3407 despera-

2988 3417 3129 3469 tione
3146 3414 3541 3480 frangeremur.

3061 3484 3143 3538 Id.
3223 3483 3470 3539 Christus
3518 3486 3796 3533 teneatur.

2990 3556 3085 3609 His
3113 3554 3329 3607 vocibus
3367 3550 3805 3605 excellentissimi

2990 3625 3312 3683 Salvatoris,
3363 3625 3414 3675 et
3442 3623 3632 3689 gratia
3660 3620 3804 3686 ejus,

2106 3702 2157 3752 et
2186 3699 2399 3765 Spiritu
2449 3697 2566 3763 ejus
2612 3698 2876 3765 inspirati
2920 3694 3076 3761 (Cod.
3123 3694 3407 3765 inspirat),
3459 3705 3640 3743 amore
3681 3689 3805 3753 ejus

2107 3764 2318 3822 accensi
2363 3772 2488 3822 sunt
2518 3764 2801 3835 martyres.
2856 3767 3004 3820 ’Iaba
3044 3765 3292 3818 veritatis
3338 3764 3629 3835 vicerunt,_
3665 3774 3805 3835 pro-

304 3824 663 3894 sumptionem
691 3824 919 3890 ferebat.

380 3897 442 3950 N.
493 3898 546 3950 3.
598 3897 789 3950 Petrus
841 3896 1005 3948 etiam
1033 3908 1115 3948 se-

306 3981 411 4019 nex
478 3967 617 4020 mori
675 3965 907 4019 nolebat.
977 3966 1120 4018 Mori

307 4036 522 4105 quidem
548 4035 781 4090 nolebat.

380 4176 443 4230 N.
476 4176 529 4229 4.
563 4175 965 4245 Respondebas,
1006 4176 1115 4229 Vo-

310 4248 376 4301 lo.
411 4247 617 4300 Cohibe
665 4248 908 4314 linguam
968 4250 1117 4299 tuam

310 4333 344 4370 a
398 4318 560 4371 malo.
613 4316 770 4371 Modo
809 4316 919 4380 dic,
959 4317 1112 4371 Volo.

311 4388 538 4441 Declina
558 4402 593 4439 a
626 4387 787 4451 malo,
819 4391 868 4440 et
903 4388 993 4451 fac
1025 4387 1122 4441 bo-

308 4472 458 4510 num.
528 4459 643 4523 Dic,
724 4458 864 4512 Volo.
900 4457 960 4512 Si
1020 4473 1118 4510 au-

313 4532 415 4581 tem
460 4527 555 4579 hoc
598 4529 699 4593 vis,
751 4543 928 4595 quaere
964 4542 1118 4594 opus,

310 4602 361 4651 et
390 4597 464 4650 ad
500 4597 791 4652 mercedem
815 4599 1011 4652 curris.

309 4736 489 4792 velis?
537 4738 683 4806 Opus
729 4740 1118 4808 praetermittis,

383 4810 449 4864 Ν.
483 4811 536 4862 5.
569 4811 637 4864 Ει
659 4808 971 4862 donatorem
1000 4826 1124 4876 gra-

313 4882 401 4934 tiae
427 4878 492 4932 de
515 4882 634 4933 vita
656 4894 759 4935 sua
778 4882 1125 4946 confessione

310 4950 639 5006 laudantem.

387 5160 529 5215 Ibid.
577 5161 683 5218 Sed
717 5163 842 5230 plus
880 5161 1125 5216 omnibus

318 5233 428 5286 illis
492 5232 758 5286 laboravi.
815 5232 1126 5302 Rependisti

313 5317 437 5368 ergo
467 5305 660 5369 gratiae
692 5303 843 5357 Dei?

1190 3825 1371 3892 ptione
1401 3825 1663 3894 fervebat.

1263 3894 1344 3947 Id.
1387 3897 1578 3949 Petrus
1633 3898 1795 3950 etiam
1838 3910 2000 3950 senex

1188 3965 1401 4020 nolebat
1458 3968 1624 4019 mori:
1695 3968 1834 4020 alter
1882 3982 2003 4020 eum

1189 4038 1387 4100 cinxit,
1410 4040 1459 4088 et
1494 4037 1722 4090 abstulit
1753 4052 1856 4104 quo
1882 4038 2000 4104 ipse

1188 4106 1369 4160 nollet.
1417 4108 1559 4161 Mori
1612 4107 1851 4174 quidem,
1892 4111 1998 4159 etc.

1264 4175 1340 4229 Id.
1393 4177 1774 4244 Respondebis,
1850 4177 1998 4232 Volo.

1190 4245 1384 4302 Cohibe
1450 4248 1695 4313 linguam
1764 4253 1913 4302 tuam
1968 4263 2002 4300 a
2035 4248 2079 4304 D
2108 4253 2284 4305 tamen
2310 4258 2639 4314 quocumque
2667 4244 2918 4314 vitxge-

1192 4318 1352 4370 malo.
1433 4318 1590 4372 Modo
1664 4319 1771 4382 dic,
1846 4318 1992 4373 Volo.

1196 4387 1368 4440 Labia
1422 4392 1516 4441 tua
1570 4403 1676 4442 non
1707 4390 2000 4457 loquantur

1194 4457 1390 4510 dolum.
1451 4458 1609 4512 Modo
1673 4459 1784 4523 dic,
1849 4460 1994 4512 Volo.

1196 4530 1413 4583 Declina
1442 4545 1476 4582 a
1522 4530 1684 4594 malo,
1724 4534 1775 4582 et
1796 4530 1889 4595 fac
1910 4530 1999 4582 bo-

1192 4614 1338 4653 num.
1367 4599 1489 4667 Dic,
1535 4600 1682 4654 Volo.
1735 4601 1796 4655 Si
1824 4605 2002 4653 autem

1196 4671 1290 4724 hoc
1329 4685 1436 4724 non
1480 4672 1585 4733 vis,
1635 4685 1815 4739 quaero
1868 4669 2003 4738 quid

1195 4745 1246 4795 et
1273 4740 1349 4794 ad
1376 4740 1667 4795 mercedem
1696 4743 1889 4794 curris.

1265 4810 1398 4865 Cod.
1425 4828 1547 4866 xxx.
1582 4814 1652 4866 Et
1695 4812 2003 4865 donatorem

1194 4884 1389 4949 gratias
1417 4882 1609 4936 debilx
1660 4896 1761 4937 sua
1797 4883 2002 4946 confes-

1195 4955 1343 5006 sione
1406 4954 1738 5007 laudantem.
1807 4950 2006 5006 Melius

1199 5024 1482 5091 legeretur
1546 5024 1750 5087 debita,
1819 5026 1882 5075 ut
1946 5020 2004 5074 in

1197 5108 1313 5146 var.
1360 5093 1533 5146 Maur.
1595 5110 1737 5162 quas
1778 5091 2000 5146 videsis.

1269 5163 1444 5217 Codd.
1507 5163 1694 5217 ambo.
1742 5162 1848 5217 Sed
1883 5163 2007 5230 plus

1198 5233 1441 5287 omnibus
1531 5235 1641 5288 illis
1741 5234 2001 5286 laboravi.

1201 5304 1372 5369 Quasi
1388 5302 1638 5372 rependit
1658 5305 1851 5370 gratiae
1881 5304 2004 5356 Dei.

1201 5376 1401 5428 Gratia
1453 5376 1565 5440 Dei,
1629 5376 1829 5442 inquit,
1890 5388 2009 5427 sum

312 5442 456 5510 quod
474 5457 612 5504 sum,
645 5447 696 5495 et
719 5446 906 5511 gratia
931 5443 1049 5511 ejus
1076 5446 1133 5500 in
1166 5461 1247 5500 me
1272 5460 1447 5499 vacua
1466 5460 1573 5499 non
1600 5447 1713 5510 fuit
1736 5460 1749 5509 ;
1772 5444 1867 5497 sed
1887 5444 2009 5513 plus

314 5513 558 5567 omnibus
588 5515 699 5568 illis
732 5514 993 5567 laboravi.
1031 5517 1075 5570 It

389 5584 456 5637 Ν.
552 5586 603 5638 6.
674 5584 788 5647 Quo
851 5585 1082 5653 juvante

320 5654 460 5720 Quid
499 5654 584 5707 hic
644 5653 781 5707 dicis
811 5694 823 5706 .
881 5656 1127 5721 Cursum,

320 5738 425 5777 etc.

1144 5516 1343 5570 endisti
1367 5531 1491 5582 ergo
1516 5518 1709 5582 gratia
1731 5517 1870 5568 Dei?

1276 5586 1412 5640 Cod.
1446 5602 1567 5640 xxx.
1604 5586 1718 5648 QN)
1743 5584 2011 5653 juvante?

1205 5657 1363 5720 Quo?
1437 5658 1541 5709 dic.
1616 5659 1755 5715 Dico.
1810 5657 2009 5724 inquit,

1206 5742 1441 5790 cursum,
1478 5732 1582 5778 etc.

2106 3841 2269 3892 misso
2288 3840 2569 3903 felicitatis
2593 3831 2747 3904 (Cod.
2781 3839 2802 3889 i
2919 3837 3067 3899 tatis)
3088 3836 3449 3903 pervenerunt
3476 3831 3551 3884 ad
3574 3831 3810 3898 gloriam

2106 3911 2446 3975 xternitatis,
2470 3924 2570 3978 per
2594 3910 2875 3963 Dominum
2903 3911 3147 3960 nostrum
3174 3906 3359 3958 Jesum
3391 3904 3685 3958 Christum.

2725 3994 2952 4049 SERMO
2973 3993 3193 4048 CCCVI.

2183 4084 2415 4155 Legitur
2444 4083 2499 4136 in
2523 4082 2646 4137 cod.
2674 4082 2823 4137 Cass.
2842 4096 2943 4151 xu,
2973 4081 3070 4135 fol.
3102 4081 3230 4134 253.

2183 4175 2323 4230 Edit.
2385 4174 2450 4228 N.
2513 4176 2563 4228 3.
2619 4174 2780 4229 Nemo
2837 4176 2916 4225 est
3061 4168 3195 4224 Cod.
3247 4168 3408 4222 Nemo
3467 4170 3546 4219 est
3604 4168 3807 4221 tamen.

2989 4252 3324 4310 quocumque
3344 4308 3351 4310 _
3416 4238 3541 4290 vitae
3598 4249 3811 4310 genere

2109 4335 2233 4373 nere
2277 4304 2454 4379 electo,
2502 4304 2600 4382 qui
2614 4328 2742 4377 .non
2793 4304 2918 4365 b'ea-
2989 4304 3169 4369 electo,
3228 4304 3353 4382 qui
3394 4322 3529 4382 non
3590 4304 3812 4382 beatam

2109 4395 2220 4445 tam
2273 4374 2453 4441 vitam
2491 4374 2697 4454 cupiat.
2752 4384 2918 4438 Beata
2987 4383 3162 4435 vitam
3214 4374 3525 4454 cupiat,_et
3578 4374 3712 4454 ideo
3729 4376 3813 4426 sic

2108 4476 2231 4527 ergo
2260 4460 2396 4520 vita,
2429 4458 2535 4509 etc.
2555 4446 2574 4454 ’
2995 4454 3166 4527 vivat,
3198 4452 3330 4527 quia
3358 4446 3484 4501 inde
3507 4461 3563 4500 se
3587 4446 3814 4527 beatum

2993 4526 3172 4590 putat.
3202 4521 3369 4574 Beata
3384 4532 3508 4585 ergo
3536 4519 3675 4576 vita,
3699 4519 3812 4567 etc.

2455 4627 2820 4685 SERMONES
2851 4625 3071 4680 CCCVII
3106 4629 3161 4677 et
3194 4622 3464 4678 CCCVIII.

2183 4719 2248 4775 Hi
2279 4733 2589 4784 sermones,
2625 4715 2726 4789 qui
2753 4715 2811 4768 in
2834 4714 2977 4769 duos
3026 4711 3369 4789 dividuntur
3412 4708 3472 4789 in
3506 4711 3668 4789 textu
3702 4708 3815 4789 Ile-

2112 4780 2684 4853 nedictinorumfse'd
2714 4801 2892 4840 unum
2941 4787 3165 4836 tantum
3204 4780 3461 4853 efﬁciunt
3508 4780 3568 4832 in
3594 4780 3818 4853 nostris

2112 4861 2421 4927 codicibus,
2453 4848 2600 4929 sicut
2618 4862 2675 4911 et
2700 4857 2761 4909 in
2811 4869 2937 4929 var._
2972 4853 3238 4918 Maurin.,
3258 4849 3651 4929 ΔΙᾳιζιιξιειέιχὶῐι
3683 4848 3811 4929 cod.

2114 4932 2360 4986 Florent.
2408 4919 2574 4999 'plut.
2634 4943 2787 4999 xvui,
2835 4924 3183 4999 cod._sviu,
3252 4919 3362 4975 fol.
3426 4924 3522 4974 I77
3567 4919 3619 4985 b,
3664 4919 3816 4972 etin

2119 5003 2257 5057 Bibl.
2289 4994 2540 5070 Mugéll..
2573 4998 2695 5052 cod.
2723 5012 2812 5063 xv,
2830 4996 2927 5050 fol.
2965 4995 3064 5049 149
3097 4994 3150 5047 b.

2185 5090 2352 5144 Sena.
2389 5101 2584 5141 cccvu.
2619 5082 2919 5138 Edit.N.l.
3066 5078 3236 5133 Codd.
3298 5078 3417 5132 Non
3474 5079 3708 5139 saaviret,
3764 5081 3820 5129 et

2117 5163 2235 5218 Non
2287 5160 2517 5219 saeviret,
2588 5153 2920 5209 Honorabat.
2998 5149 3313 5205 honorabat.

2189 5230 2271 5285 Id.
2307 5228 2444 5283 ibid.
2472 5216 2703 5292 Quando
2749 5228 2927 5277 autem
3071 5219 3204 5274 Cod.
3239 5234 3325 5273 xv.
3371 5216 3603 5283 Quando
3639 5222 3821 5270 autem

2113 5300 2530 5373 Ραντωῗξίῖδέιίο-
2781 5364 2815 5373 .,
3003 5292 3293 5373 Ραῖέυνίξῖἕε

2188 5373 2268 5427 Id.
2302 5370 2441 5425 ibid.
2488 5367 2682 5422 Filiam
2711 5364 2925 5419 saltan-
3003 5358 3021 5361 ⁷
3073 5360 3154 5415 Id.
3212 5361 3409 5416 Filiam
3457 5358 3819 5412 saltatricem.

2121 5448 2244 5499 tem.
2279 5445 2348 5498 Et
2375 5455 2495 5504 rex,
2527 5441 2632 5491 etc.
3002 5434 3139 5504 Rex,
3170 5435 3277 5504 etc.

2190 5513 2274 5568 Id.
2335 5512 2398 5566 Ν.
2461 5501 2512 5565 3.
2572 5509 2805 5562 Locutus
2855 5507 2931 5557 est
3078 5501 3156 5554 Id.
3191 5503 3421 5555 Locutus
3449 5504 3529 5552 est
3588 5502 3730 5552 enim
3775 5503 3828 5551 ei

2122 5586 2171 5639 ei
2194 5584 2434 5651 angelus.
2834 5646 2866 5651 __
3006 5574 3247 5651 angelus.

3084 5642 3216 5696 Cod.
3253 5658 3405 5695 xxm.
3458 5643 3555 5695 Per
3602 5646 3821 5693 nimiet-

3014 5715 3191 5783 ipsum
3214 5713 3424 5780 juravi.

2192 5646 2289 5734 Id;
2312 5652 2458 5706 ibid.
2518 5651 2616 5704 Per
2656 5646 2938 5713 memetip—
2984 5686 2989 5689 .

2124 5743 2239 5780 sum
2256 5742 2319 5793 λιι
2328 5740 2403 5777 ro.
