4004 6182
204 266 334 316 1189

267 389 348 442 Id.
401 390 538 445 ibid.
594 394 1000 450 Obaudistivo—

189 474 300 511 cem
330 475 520 514 meam.

261 530 343 582 Id.
385 530 522 584 idid.
538 576 540 580 .
557 535 790 588 Erehibet
810 553 996 592 veram.

263 667 355 743 Id.
389 669 527 724 ibid.
574 674 635 726 In
681 677 906 743 psalmis
936 678 1002 731 de

190 738 443 793 Domino.

261 809 344 862 Id.
382 811 444 864 Ν.
485 816 530 863 4.
571 815 689 868 Non
718 820 795 868 est
819 832 1002 884 pecca-

193 884 309 952 tum
363 896 546 934 terum
614 885 822 952 jurare.
898 888 1004 942 Sed

190 951 501 1030 quidailcs.
596 951 626 1030 ,ί
815 977 869 1030 '_
981 1016 996 1030 .

265 1019 342 1072 Id.
387 1021 524 1074 ibid.
579 1021 798 1089 Jurare,
850 1019 1003 1094 longe

189 1093 288 1151 est,
310 1096 416 1143 etc.

264 1159 345 1211 Id.
405 1159 538 1214 ibid.
589 1164 699 1216 Sed
746 1168 1002 1222 Dominus

179 1230 416 1295 juravit,
451 1232 648 1298 inquit.

264 1299 341 1352 Id.
369 1303 430 1352 Ν.
467 1303 516 1353 5.
555 1304 618 1355 In
655 1307 778 1372 ipsa
821 1308 999 1362 lucta-

189 1369 349 1421 tione.

257 1439 422 1492 SERM.
509 1457 717 1497 cccvur.
799 1445 864 1498 N.
946 1450 994 1499 I.

193 1507 407 1581 Temere
445 1509 699 1577 juravit:
740 1517 862 1581 quis
899 1532 994 1569 ne-

185 1579 371 1654 sciat?_
411 1583 609 1636 Tamen
663 1579 847 1652 lapsus
894 1592 992 1654 est,

174 1649 412 1715 juravit.

258 1719 336 1771 Id.
369 1719 432 1772 Ν.
483 1723 533 1773 ‘2.
584 1723 824 1778 Hominis
862 1740 991 1779 san-

182 1790 343 1853 guine
363 1790 600 1857 implere.

255 1859 335 1910 1d.
425 1860 562 1913 ibid.
640 1863 992 1921 Commemoro

180 1942 305 1994 ergo
336 1929 656 1984 charitatem
694 1941 948 1989 vestram.

256 1998 334 2051 Id.
388 1998 526 2054 ibid.
586 2004 804 2067 Malam,
868 2022 991 2060 ma—

181 2066 290 2120 lam
330 2071 550 2133 malam,
599 2077 650 2126 et
686 2066 845 2129 valde
873 2093 988 2130 ma-

182 2138 311 2190 lam.

254 2207 332 2260 Id.
412 2209 476 2262 N.
535 2212 585 2265 3.
650 2213 788 2278 Quia
841 2217 988 2272 diarit

181 2280 436 2332 Dominus
457 2282 627 2335 Jesus.

250 2349 328 2402 Id.
379 2350 520 2404 Ibid.
567 2353 793 2416 Quando
825 2372 859 2410 a
887 2373 982 2412 no-

177 2417 258 2471 bis
279 2421 602 2488 exigeretur,
629 2429 735 2478 etc.

248 2489 327 2542 Id.
394 2491 456 2544 N.
522 2495 570 2544 4.
645 2496 716 2548 Et
777 2499 980 2561 falsum

171 2572 299 2611 9886’.

239 2628 323 2684 Id.
360 2629 416 2682 N.
465 2633 514 2683 5.
569 2635 638 2686 Et
674 2650 844 2690 nonne
869 2654 979 2692 me-

172 2696 282 2752 lius
329 2705 464 2765 erat,
529 2709 590 2756 ut
655 2721 765 2759 rem
833 2714 980 2762 tuam

170 2784 333 2836 quam
390 2774 639 2837 exigebat
708 2778 975 2844 perderes,

169 2855 335 2907 quam
369 2844 609 2896 animam
644 2845 874 2902 hominis
905 2852 977 2903 is-

172 2912 281 2961 tius
326 2912 474 2986 falsa
504 2914 784 2980 juratione
828 2923 976 2986 peri-

169 2994 335 3033 meres
353 2980 380 3033 ?

242 3051 322 3104 Id.
351 3050 490 3106 ibid.
531 3054 902 3114 Abstuleritis.

1534 285 1703 341 LECT

1074 484 1201 524 mea
1207 509 1219 522 .

1147 541 1279 595 Cod.
1363 560 1515 599 xxiu.
1588 549 1889 606 Emhibetur

1073 625 1262 665 veram.

1147 681 1283 758 Cod.
1332 701 1452 758 *κν
1525 689 1589 742 In
1657 691 1887 758 psalmis

1075 765 1194 803 vere
1225 752 1291 805 de
1322 756 1560 811 Domino.

1149 822 1328 875 Codd.
1365 827 1553 880 ambo.
1606 830 1724 884 Non
1756 833 1886 899 quia

1075 897 1444 969 estpeccatum
1473 913 1656 952 verum
1671 897 1883 969 jurare,

1075 960 1170 1014 sed
1201 966 1354 1030 quia,
1385 970 1491 1019 etc.

1147 1032 1249 1085 Iid.
1364 1037 1576 1092 Jurare.

1075 1106 1171 1166 est,
1205 1107 1308 1156 etc.

1146 1172 1280 1246 Cod.
1313 1189 1402 1246 xv.
1455 1177 1561 1231 Sed
1606 1181 1882 1246 Dominus,

1072 1242 1276 1308 inquis,
1301 1244 1532 1310 juravit.

1142 1311 1220 1365 Id.
1255 1315 1324 1365 In
1353 1317 1475 1383 ipsa
1504 1319 1649 1372 lucta

1711 1041 1888 1108 Longe

1142 1450 1282 1526 Cod.
1338 1469 1490 1508 xxiii.
1549 1459 1758 1511 Temere
1781 1461 1879 1526 ju-

1067 1524 1232 1585 ravit,
1287 1528 1418 1589 quia
1471 1530 1712 1581 nescivit.
1776 1524 1880 1583 Ta-

1068 1593 1403 1668 mentapsus
1433 1602 1528 1660 est,
1590 1600 1686 1664 qui
1717 1601 1877 1668 jura-

1069 1662 1166 1714 vit.
1201 1662 1322 1715 Vid.
1352 1681 1473 1717 var.
1519 1662 1696 1721 Maur.

1141 1731 1218 1804 Id.
1283 1733 1544 1790 Hominis
1613 1741 1878 1804 sanguine

1068 1802 1329 1868 implesse.

1138 1872 1219 1946 Id.
1307 1876 1671 1946 Commemoro
1751 1894 1874 1946 ergo

1065 1941 1326 1996 charitati
1352 1951 1561 2000 vestrae.

1135 2011 1215 2082 Id.
1333 2016 1555 2082 Malam,
1650 2019 1867 2081 malam,

1061 2081 1218 2135 valde
1241 2083 1468 2139 malam.

1135 2220 1212 2273 Id.
1247 2222 1391 2286 Quid
1437 2224 1581 2279 dimit
1617 2231 1872 2284 Dominus

1057 2291 1210 2344 Jesus
1233 2291 1260 2346 i‘

1129 2361 1212 2414 Id.
1273 2365 1542 2432 Quomodo
1611 2385 1646 2421 a
1716 2371 1868 2424 nobis

1057 2433 1381 2500 exigeretur,
1407 2440 1509 2490 etc.

1129 2502 1208 2556 Id.
1230 2504 1580 2568 falsumesse.

1127 2642 1208 2696 Id.
1287 2645 1480 2699 Melius
1543 2663 1652 2701 rem
1695 2655 1863 2714 tuam,

1055 2726 1216 2778 quam
1271 2716 1542 2780 emigebas,
1593 2720 1862 2787 perderes,

1053 2797 1218 2849 quam
1304 2788 1545 2840 animam
1632 2789 1864 2843 hominis

1050 2853 1200 2916 falsa
1246 2853 1529 2921 juratione
1550 2860 1861 2926 perimeres.

1123 3063 1203 3116 Id.
1283 3067 1332 3117 A
1345 3065 1643 3120 bstuleritis
1717 3085 1866 3137 prm-

1049 3136 1224 3186 stante
1251 3137 1472 3188 Domino
1522 3143 1703 3191 nostro
1727 3136 1866 3193 'Jesu

162 3189 414 3276 (ξἿινίειοἸ
431 3195 526 3260 qui
553 3209 672 3276 cum
704 3199 863 3252 Patre
883 3204 934 3276 et
965 3204 1178 3271 Spiritu
1205 3211 1390 3259 sancto
1413 3207 1548 3260 vivit
1568 3189 1631 3262 et
1646 3189 1854 3276 reg-nat

169 3261 226 3312 in
257 3263 450 3315 sweula
488 3267 824 3322 saeculorum.
859 3261 1048 3328 Amen.

803 3357 1034 3415 SERMO
1063 3360 1249 3416 CCCX.

239 3434 465 3505 Legitur
500 3437 560 3492 in
591 3441 716 3496 cod.
753 3443 902 3499 Cass.
937 3463 1036 3513 xu,
1069 3447 1164 3501 fol.
1198 3451 1324 3504 270.

237 3521 383 3575 Edit.
438 3525 516 3599 _N.
608 3531 655 3581 t.
737 3531 977 3599 Spiritus

162 3599 383 3645 sanctus
414 3595 601 3650 doceat
645 3613 742 3653 nos
770 3595 844 3654 in
876 3605 977 3658 hac

162 3661 296 3735 hora
317 3679 434 3730 qua
477 3673 718 3735 oporteat
761 3672 971 3727 dicere:

161 3732 366 3786 dicturi
411 3732 550 3789 enim
613 3754 797 3794 sumus
861 3747 974 3796 ati-

161 3803 301 3879 quid
352 3805 416 3879 de
494 3808 656 3862 laude
705 3812 973 3879 Cypria-ni

159 3874 538 3949 gloriosissimi
569 3874 853 3949 martyris,
884 3899 971 3936 cu-

150 3944 248 4010 jus
293 3949 542 4017 natalem
595 3944 769 4017 hodie,
831 3944 972 4007 sicut

157 4016 347 4078 nostis,
371 4018 716 4074 celebra-mus.

232 4084 492 4159 I_b_id._1d
543 4095 639 4144 est.
721 4093 961 4159 Natales,

157 4157 217 4206 ut
246 4156 484 4209 Natales.

227 4224 367 4276 Ibid.
411 4229 549 4298 illoc
605 4243 793 4284 nomen
847 4234 964 4298 fre-

154 4299 376 4364 quentat
399 4297 653 4361 Ecclesia,
696 4307 773 4364 ut,
818 4309 924 4357 etc.

227 4363 366 4417 Ibid.
439 4367 544 4420 Sed
620 4363 772 4424 illum
822 4374 963 4429 diem

148 4447 256 4485 non
291 4436 642 4506 celebramus,
691 4445 794 4495 etsi
838 4461 960 4498 nos-

147 4517 349 4560 semus.
391 4507 498 4560 Illo
528 4512 669 4563 enim
707 4512 814 4578 die,
851 4521 957 4568 etc.

218 4643 360 4698 Ibid.
402 4647 509 4701 Isto
539 4655 717 4704 autem
746 4653 836 4707 die
874 4657 956 4708 vi-

144 4715 219 4767 cit
247 4729 397 4769 omne
421 4725 721 4785 peccatum.

221 4785 290 4838 N.
355 4789 409 4839 2.
454 4791 542 4842 Ea:
599 4793 954 4849 occultissimo

141 4857 356 4909 natura:
373 4860 516 4911 sinu.

215 4926 356 4980 Ibid.
422 4929 648 4996 Propter
706 4933 951 4989 Natalem

139 4996 412 5062 Cypriani
441 4998 594 5052 bibit.

215 5065 355 5118 Ibid.
387 5069 457 5120 Et
488 5072 637 5122 tanto
683 5071 910 5128 dulcius.

210 5134 351 5189 Ibid.
395 5139 661 5206 Cingatur
705 5144 772 5194 ab
808 5146 949 5198 obse-

503 5280 602 5332 illa
647 5289 821 5337 erecta
849 5289 946 5351 est,

128 5346 214 5398 ibi
239 5353 544 5414 prostratus
565 5355 660 5404 est.

205 5417 269 5469 N.
305 5419 354 5471 3.
407 5419 554 5474 Unde
591 5436 683 5474 nos
713 5423 944 5487 celebra-

125 5501 328 5542 remus.

201 5684 215 5716 ¹
257 5682 390 5736 Vide
422 5699 590 5738 serm.
625 5702 827 5753 cccxvr,
860 5703 916 5741 n.
954 5691 1007 5741 3.

1022 5356 1068 5409 is
1076 5361 1124 5409 te

1121 3536 1254 3590 Cod.
1290 3535 1689 3594 Gloriosissimi
1717 3557 1864 3595 mar-

1050 3608 1188 3672 tyris
1243 3608 1521 3675 Cypriani
1550 3615 1860 3666 sacratissi-

1047 3692 1186 3730 mam
1216 3682 1528 3744 passionem
1569 3683 1626 3734 in
1664 3698 1858 3737 memo-

1044 3749 1131 3798 ria
1154 3748 1309 3801 nobis
1344 3755 1557 3802 revocat
1595 3752 1860 3807 hodierna

1041 3817 1370 3891 solemnitas.
1406 3821 1657 3891 Natalem
1695 3826 1858 3891 quip-

1038 3901 1108 3954 pe
1162 3887 1280 3955 ejus
1327 3889 1484 3942 hodie
1508 3887 1852 3948 celebramus.

1113 4095 1188 4150 Id.
1219 4097 1285 4150 Id
1312 4104 1409 4164 est,
1441 4104 1501 4152 ut
1534 4102 1774 4157 Natales.

1781 291 1912 352 5E8
1955 295 2360 352 VAIIIANTES.

1147 401 1279 456 Cod.
1307 421 1394 457 xv.
1439 401 1879 464 ObaudistiToci
1918 418 1955 468 A

1930 2167 1937 2173 ’
1978 2176 2285 2234 lucermam.
2366 2184 2417 2231 et

3572 323 3702 373 Illi“

2070 420 2131 471 Ν.
2158 422 2210 474 ti.
2248 422 2326 474 Et
2375 423 2448 475 ad
2477 426 2584 477 alia
2634 426 2765 479 loca.

2070 489 2206 543 Ibid.
2259 494 2552 547 Lectionis:
2597 495 2805 550 alacres

1997 560 2313 616 celebremus
2363 565 2501 616 hunc
2543 566 2705 629 diem,
2755 573 2806 621 et

1997 629 2078 704 ita
2107 647 2256 684 omne
2304 639 2635 687 unanimiter
2673 653 2801 704 sup-

1992 701 2266 765 plicemus,
2328 710 2390 755 ut
2454 707 2512 757 in
2543 701 2805 760 'Ecclesia

1996 771 2202 843 majore
2243 788 2565 827 communem
2593 782 2802 843 patrem

1996 841 2208 920 audire_
2249 847 2301 920 et
2360 841 2804 920 videre‘merea-
2939 841 2957 845 ⁷
3345 914 3351 920 _

1995 924 2157 992 mur;
2188 913 2431 997 habituri
2458 921 2509 996 et
2539 915 2603 968 de
2640 931 2876 997 sermone
2917 920 3032 987 ejus
3082 914 3367 997 gaudium,
3398 933 3448 980 et
3477 928 3542 981 de
3564 945 3690 997 pas-

1995 981 2160 1058 sionis
2211 984 2332 1058 ejus
2366 985 2542 1050 gloria
2582 991 2904 1057 profectum,
2932 981 3047 1058 vper
3082 981 3392 1049 'Dominum
3437 981 3678 1054 nostrum

1996 1052 2173 1104 Jesum
2202 1053 2494 1108 Christum.
2531 1052 2727 1110 Amen.

2955 431 3030 483 Id.
3077 433 3167 484 Ad
3193 435 3308 486 alia
3340 439 3472 490 loca.

2954 501 3033 553 Id.
3107 503 3392 559 Lectionis.
3471 510 3696 564 Alacres

2879 583 3002 648 ergo
3031 573 3346 648 celebremus
3369 579 3506 631 hunc
3528 579 3692 648 diem,

2878 643 2928 690 et
2958 642 3113 707 cujus
3146 647 3479 714 triumphum
3530 642 3690 704 honoi

2877 723 3060 764 ramus
3116 716 3172 765 in
3213 719 3379 781 terra,
3437 724 3689 774 meritum

2877 794 3254 845 cognoscamus
3286 789 3343 840 in
3365 791 3510 843 ca’to.

2563 1159 2790 1213 SEBMO
2830 1164 3116 1220 CCCXVII.

2070 1245 2299 1314 Legitur
2319 1247 2407 1330 “in
2448 1248 2568 1330 eqd.
2617 1249 2766 1303 Cass.
2811 1267 2887 1316 x1,
2938 1253 3036 1306 fol.
3079 1258 3204 1322 2I2,
3239 1259 3292 1310 et
3318 1260 3438 1312 cod.
3473 1262 3686 1330 pariter

1995 1314 2147 1370 Cass.
2185 1333 2280 1379 XII,
2316 1316 2411 1370 fol.
2451 1321 2568 1370 127.

2069 1405 2207 1458 Edit.
2258 1407 2323 1458 Ν.
2367 1410 2412 1459 l.
2473 1409 2801 1475 Coronatus;

2949 1412 3119 1486 Codd.
3159 1416 3481 1486 Coronatus,
3506 1423 3686 1486 factus

1992 1476 2134 1530 illas
2151 1479 2342 1542 terras,
2376 1482 2480 1532 etc.

2875 1485 3034 1558 estin
3064 1489 3330 1554 martyrio
3344 1485 3572 1555 primus,
3590 1497 3686 1558 qui

2874 1552 3162 1607 videbatur
3217 1552 3272 1608 in
3333 1552 3683 1615 ecclesiastico

2871 1622 3061 1694 ordine
3103 1640 3213 1677 esse
3238 1635 3556 1694 postremus.
3611 1633 3681 1684 Il-

2871 1692 2951 1745 las
2974 1697 3166 1759 terras,
3199 1692 3302 1749 etc.

2940 1762 3113 1817 Codd.
3172 1781 3267 1820 xu.
3328 1767 3466 1821 Caeci
3501 1771 3680 1822 cruci-

2861 1833 3118 1906 ﬁgebant,
3183 1843 3231 1887 et
3283 1843 3474 1904 postea
3518 1855 3680 1906 quam

2863 1905 3268 1973 cruci/inerunt,
3297 1906 3362 1959 de
3409 1905 3673 1974 sanguine

2862 1986 2956 2045 suo
2978 1974 3238 2045 Christus
3291 1978 3576 2045 collyrium
3616 1982 3675 2033 il-

2863 2043 2927 2094 lis
2955 2043 3105 2107 fecit.

2932 2114 3102 2167 Codd.
3136 2115 3222 2169 Sic
3273 2117 3447 2170 luceat
3499 2119 3673 2173 lumen

2859 2186 3094 2236 vestrum
3124 2200 3303 2238 coram
3343 2189 3666 2243 hominibus.

2871 2254 2992 2326 Ecce
3029 2255 3187 2326 lucet,
3221 2257 3398 2310 lumen
3445 2259 3674 2326 Stepha-

2862 2324 2940 2396 ni,
2991 2328 3050 2396 ut
3094 2325 3314 2380 videant
3358 2324 3550 2381 omnes
3582 2332 3680 2396 qui

2862 2393 2921 2445 in
2985 2393 3139 2448 domo
3223 2402 3369 2452 sunt.
3455 2393 3674 2464 Domus,

2862 2464 3095 2517 mundus
3122 2469 3218 2518 est.

2933 2534 3008 2586 Id.
3039 2538 3109 2588 Et
3163 2551 3256 2602 ego
3297 2538 3514 2590 mundo.
3550 2539 3667 2592 Cai-

2860 2607 2982 2655 tera
3004 2604 3295 2669 differunt,
3321 2607 3416 2658 sed
3453 2608 3670 2661 incuria

2859 2675 3291 2727 amanuensium
3366 2693 3479 2729 non
3547 2678 3671 2732 fue-

2859 2750 2993 2796 runt
3022 2746 3380 2814 transcripta.

2927 2813 3066 2867 Cod.
3109 2829 3184 2867 xu
3231 2813 3355 2883 post
3403 2817 3523 2870 haec
3552 2833 3668 2870 ver-

2858 2880 2948 2946 ba,
2997 2886 3217 2937 Domi-no
3240 2880 3667 2947 commendarit.

2858 2952 3017 3006 addit
3118 2971 3244 3024 quae
3317 2965 3664 3026 sequuntur:

1981 3053 2007 3080 «
2040 3031 2240 3085 Dilexit
2271 3049 2406 3102 ergo
2440 3034 2763 3113 Stephanus.
2792 3037 3050 3090 inimicos
3082 3056 3230 3113 suos.
3258 3041 3395 3113 Nam
3437 3042 3537 3111 qui
3566 3061 3667 3113 pro

1975 3118 2032 3155 se
2068 3119 2278 3182 rogans
2325 3105 2499 3182 stetit,
2543 3121 2644 3182 pro
2688 3107 2819 3182 illis
2852 3110 3181 3182 genualixit
3207 3109 3248 3164 ί.
3277 3105 3481 3180 Utique
3512 3105 3664 3182 quod

1975 3172 2250 3241 scriptum
2280 3180 2383 3238 est,
2432 3172 2555 3227 hod
2593 3172 3043 3245 implevit‘verus
3073 3180 3329 3233 imitator
3359 3172 3658 3237 dominica:

2015 3243 2296 3322 assionish
2321 3251 2378 3297 et
2424 3243 2709 3322 perfecws
2749 3255 2846 3322 est
2875 3249 3427 3322 Christi_discipulus
3457 3269 3663 3322 appro-

2015 3259 2271 3305 assioms,
2321 3258 2378 3297 et
2424 3258 2709 3313 permotus
2749 3258 2834 3301 est
2875 3258 3082 3301 Christi
3115 3258 3427 3319 discipulus
3457 3269 3660 3322 appro‘

1974 3258 2158 3378 Batus,
2203 3313 2337 3383 quia
2385 3316 2540 3392 quod
2572 3332 2654 3392 _ex
2701 3318 2978 3392 magistro
2997 3319 3276 3387 audierat,
3309 3321 3369 3374 in
3400 3338 3500 3376 sua
3531 3339 3660 3392 pas-

2057 1755 2122 1808 N.
2155 1756 2205 1807 2.
2259 1756 2479 1811 Caecitas
2521 1761 2794 1827 cruciﬁge-

1984 1824 2112 1878 bat:
2159 1830 2208 1877 et
2261 1829 2551 1894 cruci/imus
2607 1824 2682 1883 eis
2727 1830 2790 1882 de

1980 1897 2247 2018 sanbgiéine
2275 1911 2369 1950 suo
2390 1900 2671 1966 collyrium
2698 1903 2790 1966 fa-

1980 1980 2059 2018 cie
2099 1981 2132 2017 a
2164 2008 2174 2018 .

2053 2107 2118 2158 Ν.
2195 2107 2247 2159 4.
2322 2108 2488 2162 Nemo
2546 2110 2790 2164 accendit

2468 2185 2625 2246 ponit
2673 2196 2789 2233 eam

1977 2247 2074 2317 sub
2099 2247 2294 2317 modio,
2328 2249 2421 2300 sed
2468 2264 2630 2317 super
2656 2267 2788 2303 can-

1978 2316 2281 2378 delabrum,
2316 2323 2377 2370 ut
2408 2316 2582 2373 luceat
2611 2324 2790 2373 omni-

1977 2385 2073 2438 bus
2105 2388 2201 2453 qui
2229 2389 2286 2439 in
2314 2387 2466 2441 domo
2491 2396 2639 2444 sunt.
2671 2393 2788 2445 [Jo—

1975 2471 2112 2522 mus,
2145 2456 2378 2510 mundus
2407 2465 2502 2512 est.

2048 2527 2183 2580 Ibid.
2227 2529 2290 2580 Et
2318 2543 2411 2593 ego
2435 2530 2653 2584 mundo.

2047 2806 2108 2859 Ν.
2146 2810 2198 2859 5.
2223 2807 2287 2860 ad
2339 2811 2568 2863 calcem.
2607 2812 2780 2862 Domi-

1972 2890 2040 2929 no
2071 2877 2478 2931 commendavit.

1973 3383 2131 3436 sione
2177 3383 2518 3461 complebat.
2557 3383 2846 3461 Dominiis
2893 3391 3045 3442 enim
3105 3406 3232 3444 cum
3262 3383 3558 3461 penderet
3600 3395 3659 3447 in

1971 3468 2156 3518 cruce,
2190 3454 2300 3508 ait:
2333 3457 2509 3521 Pater,
2546 3457 2756 3526 ignosce
2781 3461 2912 3525 illis,
2945 3462 3076 3528 quia
3106 3454 3352 3515 nescia-nt
3391 3463 3525 3529 quid
3563 3465 3654 3529 fa-

1970 3526 2120 3601 ciunt
2180 3526 2324 3601 (Luc.
2382 3532 2550 3601 _x_x_1u‘,
2606 3529 2718 3601 3_4).
2771 3530 2835 3581 Et
2890 3526 3089 3583 beatus
3132 3526 3472 3601 Stephanus,
3524 3526 3653 3587 cum

1964 3593 2084 3662 jam
2117 3610 2260 3662 pene
2282 3595 2565 3670 lapidibus
2597 3593 2956 3670 obrueretur,
2991 3601 3070 3652 sic
3100 3602 3202 3654 ait:
3229 3593 3468 3655 'Domine
3497 3604 3652 3670 Jcsu,

1967 3679 2033 3741 ne
2061 3670 2271 3741 statuas
2291 3667 2402 3719 illis
2425 3669 2521 3741 hoc
2535 3673 2823 3741 peccatum
2869 3669 3013 3741 (Act.
3078 3686 3172 3736 vu,
3207 3671 3312 3739 59).
3363 3673 3404 3741 Ο
3435 3667 3656 3741 aposto-

1968 3735 2140 3787 licum
2193 3736 2399 3798 virum,
2437 3738 2556 3804 jam
2605 3754 2667 3789 ex
2691 3735 2972 3810 discipulo
3015 3735 3389 3808 magistrum!
3420 3735 3654 3810 oporte-

1965 3803 2062 3857 bat
2091 3805 2244 3857 enim
2272 3803 2520 3875 primum
2553 3803 2859 3881 martyrem
2910 3803 3139 3862 Christi"
3155 3803 3654 3881 doctrinam-sequi

1969 3875 2476 3948 magistri_._Rogat
2525 3891 2626 3945 pro
2654 3875 2889 3948 Aiinpiis,
2941 3884 3106 3947 rogat
3148 3896 3250 3947 pro
3283 3875 3649 3948 blasphemis,

1963 3959 2079 4020 pro_
2123 3944 2536 4020 lapidatoribus
2580 3945 2716 4011 suis,
2753 3944 3077 4020 Quiaergo
3120 3944 3349 4020 difﬁcile
3390 3944 3513 4004 erat
3545 3944 3651 4020 pro

1962 4013 2169 4066 talibus
2219 4015 2494 4081 exaudiri,
2560 4017 2790 4070 accessit
2840 4013 3162 4084 infirmitas,
3215 4024 3276 4073 ut
3323 4013 3653 4075 ﬁrmare-tur

1961 4083 2223 4136 Charitas.
2279 4085 2473 4138 Genua
2537 4085 2648 4138 fixa
2713 4088 2963 4140 extorsit.
3026 4089 3240 4142 Putatis
3301 4089 3461 4143 illum
3534 4109 3647 4146 non

1961 4154 2305 4225 exauditum,
2342 4155 2568 4224 quando
2603 4155 2714 4209 ait:
2753 4158 2994 4225 Domine,
3041 4174 3108 4212 ne
3152 4165 3362 4213 statuas
3405 4163 3516 4215 illis
3558 4163 3652 4216 hoc

1111 4235 1191 4288 ω.
1252 4207 1358 4291 HO“,
1387 4253 1574 4294 nomen
1593 4243 1846 4310 Γνεᾳυθη,
1883 4232 1923 4284 ι)
1960 4207 2780 4310 ξθσραιωηῖἘὲειᾳρὶῐιξεθέῐξ

1039 4306 1138 4370 tat,
1173 4312 1249 4367 ut,
1279 4313 1381 4361 etc.
1524 4346 1527 4347 ν

1105 4375 1189 4430 Id.
1239 4377 1343 4432 Sed
1397 4381 1615 4447 quando
1685 4387 1848 4437 natus

1034 4447 1125 4506 sit,
1164 4449 1381 4502 etiamsi
1424 4454 1702 4517 sciremus,
1742 4470 1846 4507 non

1033 4517 1379 4572 celebramus.
1444 4522 1511 4574 In
1556 4523 1649 4576 illo
1704 4527 1846 4578 enim

1032 4585 1141 4651 die,
1163 4593 1269 4640 etc.

1103 4656 1181 4709 Id.
1216 4659 1321 4711 Isto
1351 4658 1439 4713 die
1480 4663 1660 4727 ﬁnivit
1695 4679 1844 4717 omne

1027 4732 1322 4793 peccatum.

1102 4796 1184 4849 Id.
1231 4800 1318 4851 Ea:
1377 4790 1732 4857 occultissimo
1779 4819 1842 4857 ac

1026 4868 1464 4933 profundissimo
1484 4873 1626 4925 sinu.

1097 4936 1211 5011 Id,
1249 4940 1351 5011 in,
1407 4941 1655 4996 honorem
1734 4945 1838 5011 Cy-

1020 5008 1212 5075 priani
1240 5008 1395 5062 bibit.

1095 5077 1175 5148 Id.
1212 5080 1279 5131 Et
1319 5083 1468 5133 tanto
1502 5082 1824 5148 jucundius.

1095 5146 1174 5200 Id.
1201 5150 1466 5216 Cingatur
1502 5146 1536 5205 a
1573 5169 1835 5209 veneran-

1023 5217 1182 5270 tibus.

1098 5287 1177 5341 Id.
1251 5289 1353 5342 Ubi
1415 5293 1515 5345 illa
1570 5297 1830 5360 surrexit,

1149 5365 1458 5425 prostratus
1484 5368 1580 5416 est.

1091 5427 1168 5478 Id.
1205 5429 1428 5492 Quando
1478 5433 1600 5498 (aut
1627 5432 1830 5486 melius

1019 5498 1296 5566 quomodo)
1366 5515 1460 5553 nos
1537 5503 1831 5557 celebrare-

1015 5581 1150 5618 mus.

1934 5628 2059 5680 Deo.
2088 5633 2393 5695 martyrum
2424 5645 2564 5683 voce.

1962 4294 2071 4347 Sed
2100 4310 2213 4347 non
2246 4311 2342 4348 vos
2374 4296 2540 4348 mitto
2577 4297 2771 4369 longe.
2802 4297 3003 4369 Saulus
3042 4294 3136 4352 ille
3169 4300 3266 4369 qui
3297 4302 3355 4353 in
3387 4303 3647 4356 omnium

1959 4365 2224 4437 manibus
2250 4366 2557 4437 lapidabat,
2613 4365 2712 4436 qui
2761 4367 3136 4437 lapidantium
3170 4365 3501 4425 iestimenta
3543 4390 3652 4426 ser-

1957 4435 2142 4508 vabat,
2175 4435 2474 4488 exaunitus
2523 4440 2605 4508 est
2625 4435 2746 4508 pro
2776 4435 2873 4491 illo
2923 4438 3264 4508 Stephanus.
3316 4444 3514 4495 Postea
3547 4460 3646 4496 sm-

1956 4504 2144 4581 v_iebat
2173 4508 2411 4581 acceptis
2442 4504 2686 4581 scriptis
2712 4508 2768 4560 in
2815 4504 3182 4581 Christianos,
3237 4513 3509 4581 pergebat
3540 4530 3644 4568 ste-

1953 4573 2130 4641 viens,
2157 4573 2513 4648 sanguinem_
2543 4573 2807 4648 sitiebat;
2843 4579 3024 4631 credes
3062 4573 3408 4648 anhelabat;
3443 4589 3499 4636 et
3537 4585 3645 4637 Do-

1952 4644 2175 4719 minus,
2211 4644 2318 4719 qui
2351 4663 2453 4714 pro
2502 4646 2600 4719 illo
2646 4648 2984 4701 exaudiebat
3029 4644 3420 4719 Stephanum}
3461 4654 3641 4718 Saule,

1951 4715 2131 4804 Saule,
2159 4715 2365 4804 inquit,
2399 4717 2535 4804 quid
2563 4732 2643 4770 me
2671 4721 3005 4804 persequeris
3037 4715 3180 4804 (Aet.
3228 4739 3300 4804 Ix,
3334 4725 3384 4792 4)
3407 4715 3643 4804 [Quem

1951 4786 2220 4850 occidisti,
2273 4788 2489 4859 rogavit
2528 4802 2632 4856 pro
2672 4794 2745 4853 te,
2783 4795 2850 4859 et
2896 4786 3052 4859 eligo
3101 4796 3175 4856 te,
3212 4786 3294 4845 uti
3319 4786 3641 4846 conﬁtearis

1949 4870 2060 4920 me,
2093 4862 2150 4909 et
2177 4856 2436 4930 moriaris
2467 4873 2568 4926 pro
2603 4874 2733 4930 me._
2773 4858 2960 4912 Sancti
2979 4856 3127 4930 ergo
3159 4862 3429 4930 Stephani
3477 4864 3641 4917 Nata-

1949 4927 2057 4978 lem
2086 4943 2216 4979 cum
2246 4927 2435 4980 debita
2488 4928 2850 4982 veneratione
2890 4927 3160 4984 colam'us.
3214 4927 3637 4988 Celebravimus

1946 4996 2202 5050 Natalem
2235 4997 2852 5072 Domini,celebremus
2875 5002 3114 5066 etservi;
3149 5002 3636 5072 frequentavimus

1946 5066 2319 5151 Nativitatem‘
2373 5068 2698 5148 salvatoris,
2779 5071 3206 5151 frequentemus
3247 5066 3314 5151 et
3373 5072 3634 5129 Natalem

1945 5138 2207 5205 martyris
2233 5139 2588 5214 ;.Don_iinum
2607 5141 2760 5214 enim
2783 5138 3039 5214 nostrum
3055 5141 3287 5214 peperit
3303 5142 3634 5214 incorrupta

1946 5206 2136 5270 Maria,
2163 5213 2219 5260 et
2263 5206 2615 5284 Stephanum
2657 5210 2973 5284 gloriosum
3003 5206 3082 5264 ad
3116 5206 3336 5281 palmas
3371 5206 3627 5284 martyrii

1942 5285 2138 5330 sancta
2168 5283 2351 5331 mater
2383 5280 2641 5347 provexit
2681 5280 2940 5333 Ecclesia.
2967 5299 2995 5330 »

2469 5383 2700 5436 SERMO
2757 5384 2968 5438 CCCXX
2980 5385 3089 5438 VII.

2013 5468 2240 5537 Legitur
2269 5468 2327 5522 in
2359 5469 2483 5523 cod.
2519 5472 2668 5524 Cass.
2702 5485 2798 5536 xu,
2827 5469 3028 5526 {01.34.

2009 5557 2152 5610 Edit.
2191 5558 2253 5610 N.
2307 5561 2352 5611 I.
2399 5559 2747 5614 Cantavimus
2893 5559 3028 5612 Cod.
3088 5561 3286 5616 Natale
3333 5561 3631 5620 beatissimi

2823 5631 3084 5696 martyris
3133 5631 3404 5700 Stephani
3441 5642 3629 5688 canta-

2821 5703 2996 5754 vimus
3022 5703 3125 5755 Deo
3147 5717 3268 5755 voce
3303 5709 3628 5771 martyrum.
