4068 6192
339 272 462 322 1191

405 387 549 444 Ibid.
596 391 774 443 Victus
804 394 879 443 est
907 392 1142 457 promit-

334 466 445 512 tens
471 459 722 513 mundus.
1218 464 1330 512 tens
1367 461 1600 514 mundus
1655 459 1853 530 magna
1901 478 2023 516 mu-

1216 545 1366 583 inero.

404 599 550 653 Ibid.
585 602 658 653 De
682 604 834 666 gente
873 615 978 653 non
1023 614 1146 654 san-
1287 601 1367 653 Id.
1405 603 1475 654 De
1502 606 1654 666 gente
1678 617 1781 655 non
1811 609 2019 657 sancta.

335 676 442 736 cta,
498 672 788 736 latronum,
847 670 1143 724 homicida-
1217 672 1532 735 Latronum,
1608 673 2022 739 homicidarum,

335 757 476 804 rum,
508 742 864 795 scelestorum.
904 743 1143 794 omnium
1213 743 1550 794 scelestarum
1605 746 1838 796 omnium
1897 759 2024 811 gens

340 813 465 864 Pati
494 812 646 872 talia,
677 815 784 864 etc.
1217 816 1295 864 est
1337 827 1443 864 non
1489 816 1696 866 sancta.
1770 816 1895 867 Pati
1949 820 2027 868 ta-

1217 882 1314 944 lia,
1339 887 1444 935 etc.

411 950 474 1005 N.
509 953 561 1003 2.
607 951 874 1018 Discipuli
901 953 1004 1004 mei
1052 951 1143 1004 di—
1290 953 1367 1006 Id.
1423 953 1689 1020 Discipuli
1730 955 1835 1006 mei
1863 954 2022 1008 dimi-

331 1023 594 1092 miserunt
624 1037 722 1085 me,
757 1021 1017 1089 discipuli
1034 1023 1140 1074 mei
1211 1026 1396 1076 serunt
1446 1038 1543 1084 me,
1606 1023 1873 1092 discipuli
1923 1027 2028 1078 mei

335 1091 753 1158 desperaverunt
784 1092 849 1144 de
877 1107 975 1145 me.
1223 1092 1580 1159 despexerunt
1608 1109 1707 1146 me.

409 1161 554 1214 Ibid.
603 1161 687 1214 Ad
737 1163 970 1215 calcem.
1018 1162 1149 1218 Cum
1294 1163 1380 1215 Id.
1463 1165 1593 1217 Cum
1665 1164 1803 1216 bona
1865 1178 2029 1217 causa

340 1231 476 1284 bona
506 1246 670 1286 causa
701 1234 825 1285 hinc
870 1248 1142 1287 exeamus.
1223 1231 1350 1285 hinc
1370 1247 1640 1285 exeamus.
1673 1233 1902 1287 Sanctus
1928 1234 2028 1286 ad-

1219 1302 1490 1355 mirabilis
1545 1308 1757 1370 martyr
1796 1304 2028 1371 Stepha-

332 1385 456 1440 nus,
506 1372 661 1439 cujus
701 1371 858 1424 hodie
901 1373 1285 1425 solemnitatem
1326 1373 1671 1438 celebramus,
1731 1389 1892 1440 quam
1943 1374 2024 1427 bo-

336 1457 462 1494 nam
492 1443 651 1509 ﬁdem
697 1442 925 1494 habuit!
970 1444 1220 1496 Israelita
1269 1445 1497 1495 mutavit
1535 1458 1772 1504 causam,
1822 1443 2031 1497 dimisit

332 1527 665 1578 synagogam
717 1514 950 1578 Satanx,
1000 1515 1058 1565 in
1105 1513 1318 1567 Christo
1358 1513 1608 1577 credidit,
1651 1514 1926 1566 catholicae
1948 1529 2030 1567 or-

333 1582 557 1635 dinatus
586 1588 663 1634 est
688 1583 947 1635 Ecclesia
967 1582 1248 1645 diaconus,
1292 1598 1482 1635 manus
1519 1585 1689 1650 capiti
1720 1585 1896 1650 ipsius
1921 1586 2028 1636 im-

334 1657 627 1720 posuerunt
667 1653 924 1720 apostoli:
976 1668 1223 1705 coronam
1271 1654 1327 1705 in
1374 1656 1550 1720 capite
1578 1669 1612 1706 a
1647 1655 1858 1708 Christo
1880 1656 2028 1707 acci—
2059 1669 2097 1721 Β

331 1737 459 1790 pere
486 1725 702 1790 meruit,
735 1724 824 1776 cui
852 1727 929 1776 est
954 1723 1120 1776 honor
1151 1728 1202 1776 et
1247 1725 1425 1788 gloria
1473 1726 1530 1776 in
1588 1725 1782 1778 saecula
1815 1725 2028 1778 saeculo-

338 1807 489 1846 τηιηῖ.

903 1895 1135 1950 SERMO
1167 1895 1422 1950 CCCXXX
1438 1939 1450 1952 .

407 1983 636 2055 Legitur
669 1984 728 2038 iu
755 1983 879 2038 cod.
908 1984 1059 2038 Cass.
1096 2001 1230 2051 xvu,
1271 1983 1370 2037 fol.
1409 1987 1530 2038 315.

409 2081 561 2135 Edit.
616 2081 658 2134 N
713 2083 760 2134 I.
818 2080 923 2146 Qui
954 2080 1149 2134 tribuit
1292 2079 1425 2134 Cod.
1467 2081 1576 2144 Qui
1623 2080 1817 2133 tribuit
1844 2081 2028 2134 volun-

334 2152 683 2204 voluntatem.
745 2153 804 2205 In
864 2153 980 2216 hoc,
1039 2156 1144 2204 etc.
1223 2154 1406 2214 tatem,
1431 2156 1482 2203 et
1525 2165 1725 2216 augens
1766 2153 1823 2203 in
1849 2151 2027 2203 cordi-

337 2221 572 2289 Legitur
604 2221 665 2274 in
710 2225 864 2286 nota,
909 2237 972 2274 ex
1013 2222 1145 2274 edit.
1224 2220 1319 2274 bus
1394 2223 1592 2274 nostris
1674 2236 1893 2274 causam
1946 2235 2032 2272 no-

341 2292 516 2344 Maur.
547 2307 559 2344 :
621 2291 785 2344 Forte
821 2291 1013 2360 aliqua
1062 2291 1152 2344 hic
1224 2295 1416 2355 stram,
1449 2293 1688 2358 gratiam
1708 2306 1863 2344 suam
1884 2292 2027 2342 inse-

335 2361 742 2431 prmtermissa,
786 2376 955 2432 rquae
1021 2377 1151 2431 sup-
1222 2362 1410 2423 minet,
1472 2360 1702 2425 nutriat,
1767 2361 2032 2414 constabi-

339 2432 569 2502 pleutur
599 2447 664 2484 ex
693 2431 818 2485 cod.
852 2431 859 2432 “
1225 2432 1324 2502 liat
1353 2432 1692 2502 charitatem.
1716 2433 2026 2495 Inhoc,etc.

1227 2501 1410 2562 Forte,
1432 2501 1739 2569 legendum
1754 2504 2028 2566 virtutem,

336 2573 434 2624 aut
463 2569 679 2640 aliquid
708 2570 893 2626 simile
925 2587 1027 2641 pro
1059 2585 1298 2635 causam,
1332 2577 1388 2624 et
1414 2572 1536 2623 loco
1567 2572 1780 2624 horum
1829 2571 2031 2624 verbo-

335 2644 749 2764 rttlng,ltlttttl‘illt,
772 2643 1140 2708 consmbiliat,
1164 2641 1496 2712 ponendum
1520 2641 1617 2708 sic,
1636 2643 1956 2709 nutriatque
1975 2645 2026 2695 et

341 2727 366 2764 ε
393 2729 425 2764 α
463 2729 482 2764 ι
509 2728 564 2764 ια
595 2755 606 2764 .

341 2715 606 2766 stabiliat.

411 2800 472 2853 N.
511 2802 560 2853 3.
608 2801 820 2868 Populo
859 2800 998 2866 dico,
1038 2815 1145 2854 non
1288 2800 1369 2854 Id.
1440 2799 1642 2866 Populo
1711 2799 1851 2863 dico,
1927 2815 2032 2852 non

339 2873 437 2924 uni
464 2870 701 2934 homini;
731 2873 832 2924 etsi
861 2886 1036 2925 omnes
1064 2885 1146 2924 me
1217 2872 1315 2923 uni
1343 2871 1548 2923 homini
1570 2888 1585 2932 ;
1632 2885 1737 2922 non
1766 2869 1885 2923 dico
1914 2871 2028 2934 uni,

1359 269 1740 327 snauonuu
1783 271 2236 327 GENUINORUM
2263 229 2361 328 si
2392 273 2786 328 AUGUSTINI.
2808 291 2830 308 -

1359 277 1739 327 SERMONUM
1783 277 2236 327 GENUINORUM
2299 277 2310 288 ’

1289 389 1367 442 Id.
1435 391 1619 444 Victus
1674 395 1753 444 est
1796 394 2093 460 promit-A

3691 281 3826 329 H92

2257 393 2358 446 Π».
2388 394 2506 448 Νοη
2528 394 2736 447 invenit
2766 408 2945 462 quem-
3089 393 3167 446 Id.
3192 395 3281 446 An
3319 396 3556 449 inveniet
3581 398 3727 463 quod
3756 398 3832 450 ad

2131 463 2423 586 admodum
2504 464 2579 517 ad
2657 465 2943 518 Christum
3017 463 3289 519 Christum
3308 467 3611 533 pertineat:

2129 549 2228 602 per
2255 549 2375 587 inea
2405 573 2420 588 .

2205 604 2346 658 Ibid.
2387 602 2480 657 Ad
2499 604 2654 658 illum
2671 603 2945 676 pertinuit
3088 603 3169 658 Id.
3218 604 3307 676 Ad
3372 605 3527 659 illum
3558 610 3834 676 pertinuit

2130 678 2354 741 prOpter
2378 689 2476 728 nos
2529 677 2701 743 nasci,
2745 675 2820 728 ad
2849 689 2942 728 nos
3012 689 3114 743 pro
3159 675 3312 729 nobis
3367 675 3660 742 nasci,’de
3727 694 3834 746 quo

2129 748 2418 812 pertineat,
2445 749 2549 798 etc.
3018 747 3248 798 Joannes
3266 747 3323 798 in
3351 748 3644 812 Evangelio
3659 749 3832 812 dixit,

3017 817 3119 869 Hic
3148 819 3225 868 est
3268 831 3442 882 agnus
3475 818 3598 878 Dei,
3640 819 3723 872 hic
3753 824 3834 872 est

2137 905 2233 970 qui
2286 903 2423 956 tollit
2460 907 2683 971 peccata
2736 902 2951 967 mundi,
3009 905 3108 971 qui
3165 919 3284 956 cum
3335 905 3495 956 Patre
3541 910 3591 957 et
3617 904 3833 974 Spiritu

2139 992 2333 1045 Sancto
2389 993 2524 1045 vivit
2575 995 2626 1045 et
2673 995 2866 1058 regnat
2929 992 3068 1044 Deus
3116 992 3172 1044 in
3237 993 3433 1045 saecula
3494 993 3829 1047 saeculorum.

2139 1084 2326 1136 Amen.

2701 1167 2930 1222 SERMO
2964 1166 3264 1222 CCCLXXI.

2213 1253 2438 1324 Legitur
2487 1254 2549 1308 in
2601 1255 2728 1309 cod.
2791 1254 3002 1308 Cassin.
3065 1269 3190 1320 cvu,
3242 1253 3340 1308 fol.
3385 1257 3452 1309 23
3481 1271 3514 1308 a
3552 1259 3736 1326 tergo,
3770 1261 3826 1310 et

2140 1357 2281 1404 XCIX,
2305 1341 2403 1394 fol.
2427 1343 2513 1396 34.

2214 1428 2357 1482 Edit.
2413 1430 2479 1482 N.
2542 1433 2592 1484 1.
2652 1429 2824 1484 Hodie
2852 1431 2950 1484 lux

2140 1500 2524 1553 incrementum
2563 1503 2763 1568 accipit
2783 1521 2797 1564 ;
2829 1516 2949 1554 cum

2141 1569 2374 1622 humano
2405 1573 2587 1636 generi
2633 1573 2691 1623 in
2722 1571 2815 1624 hoc
2845 1573 2950 1624 uti-

2143 1655 2244 1706 que
2281 1641 2369 1692 die
2407 1656 2536 1693 vera
2579 1642 2675 1693 lux
2702 1641 2944 1694 venerit:

2135 1715 2196 1762 ut
2246 1715 2383 1763 recte
2430 1710 2542 1764 dies
2573 1714 2951 1778 tramitemque

2133 1780 2261 1833 satis
2343 1785 2557 1848 augeat,
2641 1796 2745 1850 quo
2797 1781 2950 1834 nobis

2136 1851 2294 1913 hunc,
2310 1854 2417 1904 etc.

2210 1921 2274 1973 N.
2332 1922 2383 1974 3.
2443 1919 2712 1984 Quomodo
2765 1923 2951 1974 anima

2136 1991 2386 2044 miscetur
2414 1993 2646 2060 corpori,
2689 1995 2750 2044 ut
2796 1993 2949 2044 homo

2137 2063 2252 2126 ﬁat.

2209 2130 2272 2184 Ν.
2306 2130 2358 2184 4.
2417 2133 2592 2185 Possit
2644 2129 2945 2185 ascendere.

3093 1429 3228 1485 Cod.
3296 1445 3425 1484 cvu.
3495 1431 3661 1484 Hodie
3737 1433 3837 1485 lux

3019 1501 3402 1554 incrementum
3445 1501 3680 1569 accepit;
3729 1517 3839 1570 quo

3021 1571 3174 1623 nobis
3233 1572 3313 1623 sol
3387 1586 3545 1624 verus
3619 1573 3836 1637 illuxit,

3020 1645 3157 1693 recte
3215 1641 3460 1694 tenebras
3521 1645 3691 1694 noctis
3733 1644 3837 1695 im-

3020 1712 3238 1777 minuit,
3294 1714 3392 1778 qui
3439 1712 3594 1765 nobis
3671 1712 3836 1777 hunc,

3021 1785 3126 1833 etc.

3093 1921 3177 1974 Id.
3277 1921 3549 1986 Quomodo
3635 1924 3836 1975 anime

3022 2005 3234 2060 corpus,
3291 1996 3342 2044 et
3399 1994 3587 2044 anima
3625 1995 3840 2060 corpori

3021 2065 3294 2128 miscetur,
3327 2065 3386 2113 ut
3416 2063 3569 2115 homo
3607 2064 3728 2129 fiat.

3094 2131 3226 2186 Cod.
3258 2147 3306 2184 x-
3336 2147 3411 2184 ιχ.
3439 2133 3617 2186 Possit
3646 2147 3837 2185 ascen-

3021 2201 3167 2269 dere,
3211 2217 3313 2270 per
3375 2204 3659 2255 Dominum
3717 2217 3842 2255 nos-

2139 2292 2283 2343 trum
2310 2291 2489 2342 Jesum
2514 2289 2817 2355 Christum,
2851 2293 2948 2358 qui
2996 2306 3064 2344 ex
3125 2290 3395 2355 virginali
3437 2294 3584 2344 utero
3623 2305 3842 2343 carnem

2137 2374 2349 2430 sumens
2397 2359 2552 2412 hodie
2584 2359 2782 2412 mundo
2807 2364 3092 2430 apparuit,
3126 2362 3215 2413 cui
3235 2362 3311 2413 sit
3336 2361 3480 2423 laus,
3505 2361 3694 2423 honor,
3727 2365 3840 2413 vir-

2141 2435 2245 2553 trs,
2279 2429 2439 2484 decus
2464 2433 2514 2484 et
2554 2432 2840 2498 imperium
2878 2429 2981 2501 per
3026 2432 3246 2498 inﬁnita
3271 2431 3474 2485 saecula
3501 2431 3838 2485 seculorum.

2195 2515 2332 2553 men.

2195 2515 2332 2553 nmen.

2678 2587 2905 2644 SERMO
2953 2589 3265 2644 CCCLXXII
3281 2629 3292 2642 .

2214 2675 2444 2745 Legitur
2471 2675 2532 2729 in
2555 2675 2678 2730 cod.
2715 2675 2929 2730 Cassin.
2954 2693 3058 2736 ενι,
3085 2677 3184 2731 fol.
3222 2679 3339 2738 117,
3363 2675 3461 2729 ubi
3484 2675 3842 2745 redintegra-

2142 2767 2235 2816 tur
2257 2763 2554 2818 dimidiata
2582 2763 2801 2833 phrasis
2831 2766 2982 2835 apud
3016 2764 3410 2819 Benedictinos
3431 2764 3667 2831 omissa,
3696 2780 3758 2817 n.
3791 2768 3840 2828 I,

2139 2851 2240 2904 ubi
2264 2856 2393 2922 post
2421 2851 2593 2906 verba
2620 2853 2972 2909 mortalitatis
3002 2855 3270 2918 humanae,
3300 2852 3510 2921 legitur
3538 2854 3595 2905 in
3619 2853 3722 2906 hac
3751 2867 3847 2904 au-

339 2941 533 2994 audire
573 2943 809 3010 possint,
859 2957 966 2996 non
1027 2941 1147 2994 dico
1220 2944 1313 2994 sed
1386 2941 1617 2992 humano
1662 2941 1874 3005 generi;
1928 2943 2029 2993 etsi
2066 2943 2103 2996 C
2137 2945 2258 3006 tem,
2291 2944 2398 2994 etc.
2433 2941 2599 2994 Deest
2626 2940 2737 2994 hoc
2767 2941 3148 2995 necessarium
3183 2939 3632 3010 comparationis
3662 2955 3845 2993 mem-

337 3013 453 3076 uni,
514 3010 608 3064 sed
661 3012 894 3066 humano
947 3015 1149 3080 generi.

337 3081 471 3137 Redi
490 3096 634 3149 ergo,
658 3087 764 3136 etc.

416 3223 475 3275 F.
549 3223 600 3275 4.
685 3221 958 3288 Audistis,
1018 3221 1154 3291 quid

347 3293 530 3345 beatus
562 3293 747 3346 Petrus
793 3291 1149 3361 responderit.

1227 3026 1308 3063 me
1339 3025 1515 3064 omnes
1561 3010 1755 3063 audire
1799 3017 2032 3078 possent,

1227 3082 1471 3204 omnibus
1502 3081 1641 3135 dico.
1700 3081 1837 3136 Redi
1887 3096 2031 3148 ergo,

1233 3167 1262 3204 e
1295 3169 1341 3203 c.

1233 3167 1341 3204 OIC.

1299 3221 1379 3274 Id.
1430 3221 1706 3285 Audistis,
1751 3225 1818 3285 et,
1865 3235 2035 3288 quan-

1228 3295 1340 3344 tum
1380 3291 1649 3353 existimo,
1691 3293 2032 3354 meministis,

1227 3361 1370 3483 guidt
1384 3361 1568 3416 beatus
1601 3364 1788 3416 Petrus
1812 3377 2031 3430 respon-

1267 3447 1345 3483 θη
1374 3472 1385 3483 .

1267 3447 1385 3484 ργῑι.

969 3528 1196 3583 SERMO
1229 3528 1466 3582 CCCLII.

413 3617 642 3688 Legitur
673 3616 729 3670 in
762 3617 883 3671 cod.
915 3617 1135 3672 Cassia.
1166 3632 1240 3683 x1,
1273 3615 1368 3669 fol.
1412 3618 1509 3670 106
1536 3620 1593 3670 et
1624 3632 1784 3687 seqq.

415 3715 555 3768 Edit.
638 3715 702 3769 Ν.
780 3717 831 3768 5.
917 3716 1156 3767 Miratur
1302 3712 1432 3766 Cod.
1480 3713 1730 3766 Miratur
1777 3715 1917 3767 enim
1959 3715 2040 3767 in-

343 3788 481 3840 cnim
506 3787 836 3852 interrogari
863 3799 918 3838 se
958 3801 992 3837 a
1019 3800 1154 3852 prae-

342 3859 472 3919 scio,
513 3855 608 3910 sed
663 3859 824 3910 etiam
875 3858 1032 3909 toties
1065 3858 1150 3908 in-

345 3928 628 3994 terrogari.

413 3998 478 4052 N.
512 4000 562 4050 6.
597 3996 954 4050 Mittentibus.
989 3997 1154 4050 Plane

343 4069 539 4122 hostem
570 4072 672 4122 etc.

1229 3785 1500 3850 terrogari
1575 3799 1632 3837 se
1710 3786 1886 3848 tertio,
1945 3785 2038 3838 sed

1227 3855 1392 3908 etiam
1424 3855 1681 3907 tristatur
1701 3857 1855 3908 toties
1871 3856 2032 3908 inter-

1227 3925 1434 3989 rogari.

1302 3995 1380 4048 Id.
1441 3993 1799 4048 Mittentibus.
1857 3996 2035 4062 Popu-

1227 4066 1310 4119 lus
1327 4065 1418 4118 ille
1440 4065 1630 4118 habuit
1643 4065 1842 4118 hostem
1874 4067 2036 4119 Ama-

1226 4136 1357 4189 lech.
1387 4136 1549 4189 Plane
1571 4136 1789 4202 hostem,
1823 4140 1930 4189 etc.

2143 3029 2338 3082 brum:
2369 3030 2427 3082 in
2454 3030 2552 3082 illa
2583 3045 2802 3083 manens
2831 3031 3097 3096 Christus,
3152 3031 3292 3084 sicut
3339 3029 3405 3082 de
3457 3029 3548 3082 illo
3575 3031 3845 3098 scriptum

2142 3122 2238 3184 est,
2286 3117 2401 3185 ipse
2437 3119 2517 3170 est
2559 3132 2715 3171 verus
2762 3119 2916 3181 Deus,
2967 3121 3018 3171 et
3061 3119 3179 3170 vita
3217 3121 3450 3182 aeterna;
3492 3119 3551 3169 in
3592 3117 3696 3170 hac
3743 3132 3845 3169 au-

2143 3208 2265 3270 tem,
2311 3207 2415 3257 etc.
2468 3203 2676 3266 Quanti
2723 3204 3003 3258 momenti
3044 3205 3116 3259 sit
3144 3205 3241 3258 illa
3268 3203 3545 3259 correctio
3581 3204 3840 3258 attendat

2144 3291 2338 3346 doctus
2367 3292 2566 3347 lector.

2709 3380 2939 3436 SERMO
2970 3379 3294 3435 CCCLXXX.

2215 3466 2445 3538 Legitur
2470 3467 2529 3520 in
2570 3466 2713 3522 Bibl.
2752 3469 3000 3522 Florent.
3043 3470 3188 3539 plut.
3241 3485 3362 3532 xm,
3416 3468 3548 3522 cod.
3598 3484 3717 3533 vm,
3756 3485 3843 3522 se-

2143 3556 2330 3610 cunda
2357 3559 2541 3626 parte,
2575 3556 2672 3612 fol.
2712 3559 2809 3611 187
2842 3557 2892 3624 b,
2931 3561 2987 3610 et
3017 3555 3302 3611 indicatur
3348 3556 3564 3628 pariter
3608 3557 3670 3610 in
3701 3555 3839 3611 Bibl.

2144 3645 2370 3710 Venet.,
2417 3644 2540 3698 cod.
2571 3660 2717 3711 LXIX,
2756 3645 2994 3714 catalog.
3029 3644 3128 3698 fol.
3163 3644 3249 3699 50.

2217 3729 2364 3783 Edit.
2422 3731 2487 3783 N.
2551 3733 2599 3783 1.
2655 3731 2860 3796 Quietis
2907 3735 2956 3784 et
3101 3730 3239 3784 Cod.
3291 3729 3536 3784 Florent.
3584 3729 3848 3784 Omnibus

2141 3816 2319 3870 parva
2347 3815 2451 3855 vox
2480 3803 2704 3870 sufﬁcit.
3030 3815 3222 3854 sanum
3298 3801 3635 3867 sapientibus
3678 3802 3848 3868 liquet

3030 3871 3175 3938 quod
3201 3873 3395 3938 quietis
3442 3876 3490 3922 et
3531 3885 3713 3938 parva
3740 3887 3849 3924 vox

3030 3943 3278 4008 sufﬁcere
3296 3946 3488 4008 potest.

3109 4012 3198 4064 Id.
3256 4011 3524 4065 Hodierno
3576 4009 3665 4063 die
3704 4009 3853 4064 beati

3036 4083 3264 4135 Joannis
3297 4081 3568 4149 Baptistae
3597 4081 3853 4134 solemni-

3038 4157 3200 4206 tatem
3259 4153 3507 4204 illuxisse
3560 4151 3734 4204 tradit
3803 4157 3852 4204 et

2216 4009 2358 4065 Ibid.
2428 4011 2756 4066 Hodiernum
2824 4012 2963 4066 diem

2149 4082 2291 4135 beati
2327 4083 2550 4136 Joannis
2598 4085 2857 4153 Baptistae
2885 4097 2965 4136 so-

2151 4154 2423 4207 lemnitate
2452 4154 2701 4207 illuxisse
2725 4153 2897 4208 tradit
2916 4158 2967 4206 et

939 4222 1164 4277 SERMO
1197 4223 1472 4277 CCCLXX.

421 4312 656 4383 Legitur
684 4311 746 4365 in
774 4311 898 4366 cod.
933 4311 1150 4366 Cassin.
1189 4327 1291 4375 ενι,
1323 4311 1423 4364 fol.
1456 4313 1575 4377 151,
1630 4313 1686 4365 et
1729 4310 1788 4364 in
1835 4310 1957 4366 cod.
1994 4327 2044 4380 c,

2072 4219 2114 4272 Ι)
2153 4222 2325 4277 credit
2363 4224 2624 4278 Ecclesia.

2224 4291 2368 4345 Ibid.
2439 4294 2637 4348 Octavo
2719 4292 2968 4347 calenda-

2152 4379 2274 4418 rum
2294 4363 2682 4431 januariarum
2718 4364 2823 4427 die,
2857 4368 2962 4416 etc.

3038 4222 3208 4277 credit
3235 4223 3489 4275 Ecclesia.

3111 4293 3190 4346 Id.
3227 4292 3429 4347 Octavo
3471 4289 3728 4344 kalendas
3756 4292 3851 4359 ja-

3037 4364 3224 4417 nuarii
3241 4377 3372 4422 esse,
3390 4367 3496 4414 etc.

344 4402 440 4455 fol.
473 4403 541 4456 48
575 4417 608 4454 a
631 4405 812 4470 tergo,
845 4400 946 4454 ubi
991 4398 1423 4453 Prmsentationi
1476 4398 1700 4452 Domini
1731 4415 2047 4453 accommo-

350 4489 539 4556 datur,
570 4504 699 4557 quaa
732 4486 1064 4541 discrimina
1101 4485 1424 4540 annotauda
1455 4485 1546 4539 hic
1565 4485 1726 4555 parvi
1757 4485 2043 4540 duximus.

420 4576 564 4630 Edit.
601 4576 662 4628 N.
697 4578 750 4629 2.
783 4577 988 4630 Mansit
1008 4576 1161 4642 virgo

348 4652 469 4716 post
531 4652 780 4715 partum.
865 4647 1163 4700 Exsultent

347 4718 544 4772 vidux.

423 4787 566 4842 Ibid.
633 4789 702 4841 Et
767 4789 826 4840 in
906 4789 1168 4838 senectute

355 4875 455 4913 sua
485 4857 830 4925 exspectabat
873 4858 1167 4922 infantiam

348 4931 669 4987 Saluatoris.

424 5001 464 5054 N
477 5043 488 5054 .
578 5000 853 5064 Quantum
953 4995 1163 5050 deside-

353 5073 499 5125 rium
591 5069 859 5122 habebant
949 5067 1169 5134 antiqui

354 5142 548 5197 Sancti.

424 5211 563 5265 Ibid.
622 5211 790 5264 Putas
855 5208 937 5260 hic
972 5222 1056 5261 me
1085 5209 1168 5260 in-

353 5281 568 5334 veniet?
627 5285 795 5348 putas
851 5279 948 5330 isti
1005 5279 1163 5344 oculi,

352 5356 456 5404 etc.

423 5419 563 5473 Ibid.
619 5419 869 5474 Salutare
915 5419 1012 5471 Dei
1061 5420 1165 5472 Do-

355 5493 533 5544 minus
557 5491 720 5543 Jesus
757 5491 1024 5545 Christus.
1055 5491 1168 5542 An-

353 5562 622 5628 nuntiate,
648 5563 753 5614 etc.

1306 4573 1419 4627 Cod
1484 4576 1684 4628 Mansit
1727 4576 1882 4639 virgo
1927 4579 2048 4641 post

1234 4649 1480 4714 partum,
1543 4649 1592 4697 et
1658 4645 1872 4697 illibata
1927 4649 2048 4714 post

1239 4717 1432 4783 ﬁlium.
1456 4715 1717 4768 Exultent
1740 4714 1938 4768 viduae.

1314 4785 1394 4838 Id.
1480 4785 1764 4849 Octoginta
1818 4799 2051 4852 namque

1242 4869 1429 4922 gerens
1485 4869 1654 4908 annos
1703 4856 2052 4922 exspectabat

1238 4927 1536 4990 infantiam
1560 4926 1880 4980 Saluatoris.

1312 4996 1446 5048 Cod.
1498 5011 1542 5048 c.
1599 4997 1877 5059 Quantum
1905 4995 2050 5048 desi-

1240 5065 1451 5119 derium
1467 5065 2052 5135 habebantantiquitus

1242 5138 1436 5190 sancti.

1314 5205 1488 5260 Codd.
1507 5209 1673 5259 Putas
1694 5207 1778 5258 hic
1801 5221 1882 5258 me
1902 5207 2050 5258 inve-

1240 5278 1352 5330 niet
1390 5279 1498 5330 ista
1544 5279 1810 5330 nativitas
1830 5278 1858 5330 ?
1888 5281 2053 5344 putas

1240 5349 1338 5401 isti
1367 5347 1526 5410 oculi,
1560 5351 1668 5400 etc.

1312 5416 1391 5471 Id.
1426 5417 1678 5470 Salutare
1722 5418 1842 5481 Dei,
1877 5418 2052 5470 Domi-

1238 5502 1340 5542 nus
1387 5489 1537 5540 Jesus
1595 5487 1861 5540 Christus.
1929 5486 2052 5540 Ideo

1238 5559 1479 5612 salutare
1508 5559 1606 5610 Dei
1633 5572 1688 5610 se
1706 5557 1908 5610 vidisse
1934 5572 2053 5623 gra.

1240 5627 1464 5682 tutando
1492 5643 1597 5681 non
1619 5630 1807 5681 tacuit.
1833 5628 2053 5681 Annun-

1241 5701 1389 5763 tiate,
1424 5704 1525 5750 etc.

2228 4434 2291 4486 N.
2345 4437 2396 4486 2.
2459 4436 2525 4487 Ut
2587 4439 2791 4488 crearet
2849 4438 2968 4486 tem-

2153 4504 2392 4572 poralem
2409 4519 2422 4565 ;
2444 4509 2504 4557 ut
2513 4510 2800 4573 praestaret
2811 4509 2965 4558 aeter-

2154 4589 2300 4627 rumne.

2230 4643 2372 4697 Ibid.
2469 4644 2574 4698 Sed
2643 4651 2837 4699 tumor.
2902 4645 2968 4698 Ut

2156 4729 2280 4779 ergo
2300 4717 2510 4780 generis
2549 4716 2774 4770 humani
2803 4717 2968 4768 istum

2159 4789 2416 4838 tumorem
2436 4790 2677 4851 sanaret,
2705 4790 2812 4840 etc.

2230 4994 2375 5050 Ibid.
2424 4996 2493 5050 Et
2552 4994 2789 5049 nondum
2818 5000 2973 5050 erant

2161 5067 2395 5120 homines
2421 5068 2516 5132 qui
2536 5069 2702 5121 Deum
2729 5066 2972 5120 viderent

2159 5139 2218 5190 in
2276 5137 2502 5200 homine,
2565 5152 2656 5190 nec
2721 5140 2975 5205 poterant

2160 5207 2344 5260 videre
2389 5209 2500 5260 nisi
2547 5207 2841 5271 hominem;
2878 5221 2971 5259 nee

2161 5281 2339 5330 tamen
2385 5291 2532 5344 spem
2580 5293 2736 5331 suam
2775 5291 2971 5345 ponere

2161 5347 2350 5400 debent
2410 5350 2467 5400 in
2529 5348 2756 5402 homine.
2829 5346 2973 5413 Quid

2161 5432 2285 5483 ergo
2321 5419 2470 5480 ﬁeret
2483 5418 2512 5470 ?

2232 5487 2376 5540 Ibid.
2427 5489 2618 5542 Factus
2673 5490 2752 5540 est
2794 5487 2964 5542 homo.

2159 5557 2202 5612 Ο
2229 5558 2403 5617 homo,
2435 5563 2542 5612 etc.

2230 5627 2368 5680 Ibid.
2405 5628 2636 5696 Vermis,
2666 5642 2772 5682 non
2797 5629 2964 5683 homo.

3110 4433 3192 4487 Id.
3254 4435 3322 4487 Ut
3375 4436 3578 4485 crearet
3657 4436 3858 4500 tempo-

3036 4505 3269 4567 rales...,
3301 4507 3361 4556 ut
3386 4506 3674 4571 prxstaret
3695 4510 3858 4557 eter-

3038 4589 3158 4628 nas.
3197 4573 3336 4626 Vide
3367 4589 3490 4626 var.
3529 4573 3706 4624 Maur.

3111 4645 3192 4698 Id.
3268 4642 3374 4698 Sed
3446 4647 3637 4696 tumor.
3698 4642 3862 4706 Quod

3040 4720 3224 4768 autem
3257 4718 3442 4775 tumet,
3482 4712 3702 4766 videtur
3739 4729 3862 4766 ma-

3040 4801 3223 4852 gnum,
3263 4783 3358 4838 sed
3396 4798 3502 4835 non
3531 4788 3609 4834 est
3639 4797 3856 4835 sanum.

3047 4857 3112 4910 Ut
3133 4869 3256 4921 ergo
3275 4857 3440 4907 istum
3472 4859 3732 4906 tumorem
3754 4855 3859 4906 hu-

3042 4929 3193 4979 mani
3224 4925 3432 4992 generis
3471 4929 3713 4987 sanaret,
3748 4929 3858 4986 etc,

3116 4995 3196 5048 Id.
3254 4996 3393 5060 Quia
3449 5008 3573 5059 ergo
3619 4993 3861 5046 nondum

3045 5071 3198 5120 erant
3255 5066 3492 5118 homines
3546 5066 3645 5131 qui
3702 5065 3862 5116 Deum

3045 5136 3291 5189 viderent
3346 5137 3404 5186 in
3474 5135 3705 5196 homine,
3766 5149 3859 5186 nec

3041 5210 3292 5274 poterant
3335 5202 3519 5256 videre
3554 5205 3664 5256 nisi
3693 5204 3861 5255 hami.

3042 5291 3180 5342 nem,
3215 5290 3308 5328 nec
3339 5280 3514 5328 tamen
3536 5288 3684 5340 spem
3703 5287 3860 5326 suam

3040 5360 3238 5415 ponere
3266 5344 3527 5397 debebant
3577 5345 3636 5397 in
3687 5345 3860 5396 homi-

3044 5431 3128 5483 ne,
3161 5415 3297 5484 quid
3324 5415 3510 5482 ﬁeret?

3116 5482 3198 5539 Id.
3268 5487 3464 5539 Factus
3534 5488 3612 5536 est
3684 5482 3857 5537 homo.

3044 5558 3220 5624 Igitur
3251 5559 3328 5620 tu,
3360 5571 3390 5608 ο
3410 5556 3578 5612 homo,
3607 5556 3714 5606 etc.

3123 5625 3201 5680 Id.
3251 5626 3480 5692 Vermis,
3533 5628 3584 5677 et
3621 5640 3728 5678 non
3775 5624 3864 5676 ho-

3047 5711 3148 5750 rno.
