4004 6182
207 212 336 261 11113

264 332 406 387 Ibid.
473 335 703 388 Vcritati
761 349 865 389 non
899 350 1011 389 cre-

191 401 369 457 dimus
381 404 446 458 de
471 407 672 458 Joanne
691 403 720 458 ‘t

203 546 231 554 77
265 474 326 529 N.
361 477 412 529 3.
468 475 576 541 Qui
621 479 806 544 posset
835 475 1010 530 dicere

189 548 293 598 ita.

262 615 326 668 N.
387 617 440 669 4.
495 617 573 671 Ne
625 631 784 672 sonus
822 619 1003 671 inani-

187 689 400 809 τίη-Μὰ.
433 758 564 811 Ecce
591 772 684 824 ego
713 758 870 826 prius
903 758 1003 812 tibi

183 825 340 879 edidi
361 831 583 880 ter-ram.

257 895 398 952 Ibid.
504 899 826 952 Subsecutus
882 900 992 952 ait:

182 969 349 1022 Facta
379 973 496 1023 erat
517 969 753 1038 quidem,
784 973 889 1022 etc.

253 1178 397 1233 Ibid.
450 1179 600 1233 Nunc
646 1193 768 1233 vero
797 1179 990 1235 auiis:

183 1250 241 1302 In
268 1251 547 1316 principio
582 1253 700 1301 erat
743 1251 990 1307 Verbum.

181 1319 331 1384 Quid
347 1322 566 1387 quaeris.
600 1324 706 1373 etc.

253 1389 393 1444 Ibid.
445 1391 656 1453 Vellem,
699 1391 750 1443 si
786 1391 851 1444 de
889 1393 993 1446 imo

177 1461 498 1528 loquereris.
543 1465 605 1514 ut
643 1475 860 1516 sursum
906 1479 984 1516 cu

177 1531 445 1585 tenderes.

247 1670 394 1731 Ibid.
448 1671 594 1736 Quid
641 1671 706 1725 de
753 1674 990 1727 humana

169 1744 464 1796 nativitate
518 1742 654 1796 dicit
703 1744 930 1798 Joannes
963 1744 989 1797 ?

169 1814 240 1866 Et
302 1813 532 1867 Verbum
603 1828 728 1866 caro
776 1815 987 1880 factum

169 1886 267 1936 est.
295 1885 450 1936 Dicat
481 1887 530 1936 et
573 1882 796 1938 Paulus.

245 1953 310 2006 N.
345 1957 397 2006 5.
436 1953 498 2008 Si
527 1957 732 2021 potero,
767 1955 984 2010 dicam:

165 2025 218 2077 si
243 2023 419 2078 dicere
442 2039 550 2078 non
576 2029 777 2091 potero,
799 2031 903 2079 etc.

238 2093 383 2148 Ibid.
433 2094 576 2161 Quid
621 2099 699 2148 est
742 2096 852 2157 hoc,
885 2099 982 2164 qui
1019 2147 1024 2156 .

163 2167 290 2233 post
318 2180 400 2218 me
442 2169 578 2231 erat,
629 2169 753 2219 ante
780 2181 861 2220 me
888 2170 980 2234 fa-

166 2239 287 2289 ctus
316 2235 439 2290 est?

241 2305 383 2359 Ibid.
416 2307 533 2361 Non
560 2307 838 2374 intelligis,
869 2309 981 2362 nisi

159 2377 465 2440 formatum
543 2391 653 2431 esse
717 2380 814 2446 qui
874 2394 980 2432 non

158 2450 303 2499 erat.

239 2516 376 2570 Ibid.
407 2517 620 2582 Quoties
657 2518 838 2582 factus
862 2517 890 2573 7
913 2521 979 2573 Et

155 2589 281 2656 ipse
316 2591 446 2653 fecit
474 2591 675 2641 omnia.

237 2659 384 2714 Ibid.
442 2660 582 2712 Ante
635 2674 716 2712 me
772 2661 972 2727 factus,

160 2729 463 2784 secundum
495 2729 555 2782 id
583 2729 729 2797 quod
748 2731 978 2798 Aposto-

159 2801 246 2852 lus
275 2801 374 2853 ait.

237 2870 300 2923 N.
380 2871 431 2923 6.
496 2869 774 2938 Sequitur,
844 2873 977 2940 quia

155 2941 312 3009 prior
345 2955 426 2992 me
451 2946 588 2993 erat.

233 3009 375 3063 Ibid.
419 3010 566 3074 Quid
610 3012 749 3064 enim
795 3013 846 3066 si
884 3011 974 3065 di-

156 3085 297 3134 ceret
327 3082 552 3147 dignum
567 3081 596 3135 ‘l

230 3149 369 3204 Ibid.
428 3152 533 3206 Sed
594 3153 822 3206 Joannes
887 3152 976 3204 ho-

154 3236 264 3286 mo,
299 3222 553 3275 Christus
597 3223 744 3276 Deus
791 3227 840 3275 et
882 3223 972 3276 ho-

155 3307 260 3345 me“
330 3291 543 3345 Deinde
573 3291 972 3346 inveniebatur

154 3361 526 3425 transpositio
553 3363 807 3432 plurium
839 3378 966 3415 ver-

154 3448 349 3497 suum,
365 3432 775 3503 quosinlocum
799 3449 964 3486 suum

154 3503 482 3557 retulerunt
525 3503 891 3558 Benedictini.

233 3573 372 3628 Ibid.
424 3575 623 3629 Crescit
678 3577 818 3628 enim
865 3576 965 3628 ali-

156 3645 295 3713 quid
322 3649 382 3699 ut
400 3643 677 3714 proﬁciat.

230 3715 367 3768 Ibid.
409 3716 733 3780 Re/‘eramus
759 3715 963 3781 fortas-

150 3787 230 3840 sis
282 3785 355 3838 ad
400 3787 651 3853 gloriam,
682 3788 731 3838 et
765 3786 962 3838 intelli-

153 3871 368 3923 gamus.

227 3926 292 3979 N.
343 3930 394 3979 7.
460 3927 564 3980 Vos
618 3927 745 3980 estis
790 3925 966 3979 lumen

146 3995 362 4051 mundi.

227 4065 364 4120 Ibid.
430 4068 811 4121 Testimonium
874 4081 936 4118 ve
949 4096 964 4106 -

146 4138 337 4192 ritatis
401 4137 466 4190 de
551 4139 771 4190 Domino
848 4152 965 4202 suo,

144 4207 297 4277 quod
361 4207 591 4262 habebat
648 4223 683 4260 a
741 4210 967 4262 Domino

142 4294 268 4334 suo.

226 4347 365 4402 Ibid.
391 4349 587 4402 Tamen
613 4349 836 4404 lucerna
861 4363 966 4402 non

143 4423 280 4476 sunt
331 4418 469 4472 dicti
509 4419 786 4487 discipuli.
859 4422 965 4473 Αι-

146 4489 323 4552 tende,
359 4491 504 4556 forte
534 4490 686 4544 dicti.

228 4559 370 4614 Ibid.
462 4564 747 4630 Tanquam
811 4559 966 4627 cujus

139 4645 276 4695 vom,
307 4631 391 4683 vel
437 4645 662 4698 quorum
694 4645 799 4684 vos:
825 4645 965 4700 prae-

139 4705 398 4758 cesserat.

225 4771 359 4824 Ibid.
419 4771 568 4835 Quas
621 4770 862 4825 tenebras
908 4772 965 4823 in

143 4842 460 4911 apostolis?
501 4844 750 4911 Fuimus
774 4845 824 4895 et
868 4855 964 4894 nos

141 4913 470 4980 aliquando,
497 4917 627 4978 etc.,
659 4910 759 4965 ubi
795 4911 966 4981 plura

148 4983 346 5038 deesse
402 4982 655 5038 fatentur
722 4981 962 5036 Benedi-

145 5053 309 5108 ctini.

1551 219 1928 274 LECTIONES
1970 223 2369 280 VARIANTES.

1338 339 1568 394 Veritati
1632 341 1896 397 credimus
1929 346 1972 398 Α
2003 345 2147 424 redit
2175 346 2245 398 ad
2273 363 2456 424 serui.
2481 363 2737 417 ccccxxx,
2771 365 2826 402 η.
2870 353 2922 418 8,
2955 356 3277 420 praeceptum
3309 368 3541 422 namque
3573 355 3693 424 jam

1159 337 1239 391 Id.
1338 339 1394 393 Vt

1084 405 1149 460 de
1174 410 1394 462 Joanne.

1154 479 1235 532 Id.
1297 481 1437 533 Cum
1491 486 1672 548 posset
1719 481 1891 536 dicere

1078 549 1178 602 ita.

1149 619 1229 672 Id.
1280 620 1400 676 Non
1435 635 1594 676 sonus
1627 625 1864 677 inaniter

1147 759 1226 832 I_d.
1283 762 1412 814 Ecce
1457 776 1550 828 ego
1588 765 1746 832 prius
1787 766 1889 818 tibi

1072 828 1201 882 dedi
1231 834 1457 884 terram.

1142 900 1220 953 Id.
1324 901 1650 956 Subsecutus
1764 909 1842 959 ait
1867 922 1880 960 :

1077 971 1244 1024 Terra
1306 976 1425 1024 erat
1481 973 1799 1028 invisibilis
1834 981 1885 1030 et

1071 1042 1446 1110 incomposita.
1525 1045 1685 1097 Facta
1767 1051 1884 1100 erat

1072 1112 1310 1178 quidem,
1343 1117 1448 1166 etc.

1143 1182 1223 1236 Id.
1277 1185 1428 1238 Nunc
1475 1198 1600 1250 ergo
1642 1199 1756 1238 cum
1786 1201 1882 1240 au-

1069 1252 1155 1305 dis
1180 1267 1192 1305 :
1229 1254 1289 1306 In
1319 1254 1591 1322 principio
1611 1260 1728 1308 erat
1756 1258 1880 1310 Ver-

1068 1323 1210 1388 bum,
1243 1339 1339 1376 cur
1376 1327 1594 1392 quwris,
1627 1330 1733 1378 etc.

1140 1393 1221 1465 Id.
1304 1395 1539 1465 AVellem,
1567 1464 1574 1465 7
1606 1396 1879 1465 quidquid

1065 1463 1141 1515 sic
1199 1461 1343 1530 (cod.
1401 1466 1495 1603 sit?
1541 1461 1769 1520 de'imo'
1799 1467 1876 1521 lo-

1065 1535 1326 1601 quereris,
1357 1540 1416 1587 ut
1489 1535 1615 1590 cod.
1643 1537 1720 1603 et)
1751 1552 1874 1592 sur-

1064 1535 1326 1601 quereris,
1357 1540 1440 1606 ut7
1467 1535 1615 1603 (cod.
1643 1537 1720 1606 et)
1751 1552 1874 1592 sur-

1063 1617 1182 1662 sum
1204 1618 1293 1658 cor
1316 1605 1576 1661 tendcres.

1135 1673 1212 1726 Id.
1289 1675 1439 1740 Quod
1502 1676 1567 1730 de
1637 1677 1874 1732 humana

1059 1745 1350 1798 nativitate
1428 1746 1564 1799 dicit
1617 1750 1869 1815 Joannes,

1060 1819 1110 1867 et
1173 1815 1404 1870 Verbum
1459 1833 1582 1870 caro
1661 1820 1870 1884 factum

1060 1888 1157 1948 est,
1184 1885 1330 1940 dicat
1359 1891 1408 1941 et
1431 1889 1652 1942 Paulus.

1131 1955 1210 2008 Id.
1271 1957 1333 2011 Si
1379 1962 1602 2025 potuero
1659 1958 1866 2014 dicam:

1059 2027 1110 2079 si
1140 2025 1315 2080 dicere
1337 2041 1442 2081 non
1471 2034 1711 2096 potuero,
1761 2034 1867 2085 etc.

1123 2096 1202 2150 Id.
1260 2097 1402 2162 Quid
1457 2105 1534 2152 est
1591 2099 1705 2165 hoc,
1769 2104 1867 2169 qui

1049 2170 1171 2233 post
1229 2183 1310 2222 me
1339 2171 1506 2236 venit,
1557 2175 1606 2224 et
1629 2175 1753 2225 ante
1789 2187 1870 2226 me

1050 2239 1232 2303 factus
1249 2243 1324 2292 est
1348 2239 1376 2294 ‘i

1127 2307 1204 2361 Id.
1257 2311 1374 2364 Non
1424 2309 1700 2379 intelligis,
1759 2314 1871 2366 nisi

1049 2378 1347 2443 formatum
1404 2395 1516 2434 esse
1574 2378 1719 2450 quod
1761 2399 1868 2437 non

1051 2453 1189 2503 erat.

1124 2519 1203 2572 Id.
1269 2523 1446 2576 Toties
1507 2527 1585 2576 est
1660 2525 1862 2589 factus,

1051 2591 1168 2657 ipse
1193 2593 1290 2659 qui
1312 2593 1444 2657 fecit
1464 2595 1644 2646 omnia
1661 2598 1688 2648 ?

1125 2660 1208 2713 Id.
1261 2663 1404 2715 Ante
1453 2679 1533 2716 me
1577 2665 1759 2729 factus
1788 2667 1866 2717 est

1050 2729 1342 2802 secundum
1365 2733 1506 2786 illud
1535 2734 1680 2802 quod
1709 2736 1861 2802 Apo-

1052 2801 1220 2854 stolus
1251 2804 1350 2854 ait.

1235 2871 1493 2958 Sequitur
1515 2889 1702 2941 quare,
1726 2875 1860 2942 quia
1890 2903 1929 2958 ο

1045 2942 1206 3011 prior
1228 2957 1309 2994 me
1329 2947 1462 2996 erat.

1119 3010 1378 3075 Ianuid
1399 3014 1538 3066 enim
1585 3015 1636 3068 si
1678 3028 1733 3068 se
1763 3014 1855 3068 di—

1044 3095 1209 3148 gnum
1238 3081 1483 3137 diceret?

1117 3151 1256 3206 Ibid.
1313 3153 1613 3223 Reperitur
1652 3153 1852 3208 eadem

1044 3220 1415 3294 interruptio:
1463 3240 1591 3294 quae
1667 3225 1854 3279 verbis

1043 3293 1499 3361 prmcedentibus
1542 3295 1692 3348 male
1727 3295 1850 3348 alli-

1084 3363 1284 3416 abatur
1316 3364 1421 3418 hac
1470 3365 1807 3419 sententiola
1834 3383 1846 3420 :

1060 3433 1129 3486 iic
1173 3433 1327 3488 modo
1375 3437 1692 3490 imminutus
1749 3442 1846 3502 est,

1039 3508 1090 3558 et
1117 3507 1284 3559 crevit
1303 3507 1411 3559 ille.

1109 3573 1186 3628 Id.
1226 3577 1426 3631 Crescit
1454 3578 1596 3631 enim
1635 3577 1850 3646 aliquid

1038 3648 1098 3697 ut
1126 3647 1463 3714 perﬁciatur.

1110 3715 1191 3768 Id.
1252 3718 1548 3771 Redeamus
1595 3719 1847 3783 fortassis

1038 3785 1113 3838 ad
1154 3787 1405 3853 gloriam,
1455 3793 1515 3842 ut
1571 3790 1846 3857 intelliga-

1037 3870 1176 3910 mus.

1109 3926 1188 3981 Id.
1222 3929 1326 3982 Vos
1351 3929 1476 3982 estis
1500 3929 1597 3983 lum
1623 3930 1840 3986 mundi.

1111 4067 1191 4120 Id.
1228 4069 1609 4123 Testimonium
1648 4073 1847 4124 verita-

1040 4139 1118 4209 tis
1157 4139 1386 4192 Domino
1437 4155 1532 4194 suo
1578 4141 1722 4209 quod
1752 4143 1848 4196 ha-

1041 4207 1195 4262 bebat
1224 4209 1290 4262 de
1321 4211 1542 4264 Domino
1571 4207 1684 4265 suo.

1111 4349 1188 4404 Id.
1245 4351 1443 4404 Tamen
1490 4351 1707 4404 lucerna
1743 4367 1848 4406 non

1039 4430 1165 4474 sunt
1195 4419 1330 4474 dicti
1369 4424 1616 4489 apostoli.
1650 4423 1848 4477 Atten-

1042 4491 1108 4545 de
1133 4491 1275 4556 forte
1294 4490 1421 4545 dici.

1114 4561 1197 4614 Id.
1239 4562 1520 4629 Tanquam
1562 4563 1716 4632 cujus
1743 4578 1850 4618 vom

1033 4637 1400 4700 praecesserat.

1111 4771 1192 4825 Id.
1225 4771 1368 4837 Quas
1399 4772 1641 4826 tenebras
1665 4771 1846 4842 (Cod.,

1038 4843 1186 4896 male
1255 4843 1522 4912 tenebitis)
1593 4844 1848 4897 Christus

1036 4913 1366 4967 illuminavit
1386 4915 1444 4967 in
1491 4914 1766 4982 apostolis,
1799 4918 1850 4967 et

1035 4997 1132 5050 per
1160 4985 1426 5052 apostolos
1442 4985 1499 5037 in
1514 4983 1684 5037 nobis.
1721 4985 1846 5037 Fui-

1035 5067 1154 5106 mus
1180 5056 1318 5106 enim
1345 5059 1394 5108 et
1420 5068 1515 5108 nos
1547 5053 1848 5121 aliquando

1035 5123 1095 5176 in
1149 5123 1368 5177 obscuro
1417 5125 1545 5177 loco.
1598 5125 1846 5192 Quapro-

144 5197 272 5265 pter
301 5195 666 5248 necessarium
698 5192 916 5265 videtur
940 5192 1252 5265 et_justum,
1284 5199 1345 5247 ut
1381 5193 1674 5247 secundum
1715 5209 1847 5264 apo-

147 5261 275 5320 stoli
305 5267 452 5319 Petri
507 5265 736 5330 dictum,
806 5261 1170 5333 Attendamus
1228 5265 1541 5333 prophetico
1618 5261 1851 5318 sermoni

148 5338 315 5405 quasi
343 5337 569 5390 lucernae
600 5335 800 5389 lucenti
843 5336 900 5388 in
945 5332 1189 5405 7obscuro,
1231 5332 1410 5405 donec
1436 5335 1551 5388 dies
1590 5336 1850 5405 elucescat

147 5404 202 5461 et
230 5407 421 5472 lucifer
449 5409 662 5459 oriatur
691 5407 748 5458 in
778 5404 1029 5475 cordibus
1058 5407 1278 5460 nostris.
1317 5404 1532 5459 Deinde
1565 5404 1844 5475 sequitur,

148 5480 217 5530 ut
244 5477 304 5530 in
335 5475 497 5530 codd.
533 5474 934 5546 Benedictinis,
965 5476 1320 5546 etleguntur
1360 5475 1586 5530 numeri
1615 5474 1662 5529 2’
1679 5480 1736 5546 et
1765 5491 1848 5527 se-

151 5550 394 5618 quentes
407 5563 589 5618 usque
603 5546 674 5601 ad
687 5545 876 5616 quinti
888 5545 1137 5600 mediam
1151 5551 1392 5617 partem,
1413 5561 1618 5616 nempe
1633 5545 1705 5599 ad
1726 5546 1847 5600 haec

151 5617 327 5673 verba
381 5621 779 5686 contempturus
827 5630 945 5670 eras
980 5619 1120 5682 forte
1149 5620 1246 5686 qui
1277 5622 1607 5673 nasceretur.
1645 5618 1847 5670 Postea

509 5690 787 5755 PATROL.
840 5688 1084 5754 XLVII.

1913 1625 1954 1680 Β
1987 1613 2086 1666 tris
2111 1613 2186 1667 ad
2212 1615 2412 1680 fratris
2441 1630 2648 1669 nomen.

3561 236 3695 288 1194

1999 417 2204 481 fuerat,
2233 421 2335 471 etc.

2072 486 2214 558 Ibid.
2292 488 2807 558 7Transpositionis

1997 557 2165 633 verba
2215 557 2403 633 prinis
2451 557 2584 612 sunt
2646 560 2802 633 hinc:
2875 563 3078 630 probus
3175 569 3226 618 et
3317 557 3688 633 blasphemus,

1996 627 2465 703 Quom_odo_illius
2515 631 2806 703 reprobiet
2876 627 3011 699 quia
3053 635 3193 688 sicut
3236 637 3350 703 ipse
3390 627 3504 689 ait:
3535 627 3692 691 Prius

1995 697 2314 773 blasphemi,
2369 703 2466 767 qui
2512 697 2668 768 prius
2717 701 2807 767 iui
2875 697 2966 768 fui
2997 697 3356 773 blasphemus,
3393 710 3495 760 etc.

1994 767 2360 838 blasphemus,
2377 776 2482 823 etc.

2063 838 2202 892 Ibid.
2257 841 2376 894 ch
2435 841 2571 894 duo:
2614 841 2801 896 Domi-

1988 923 2092 962 nus
2121 914 2172 962 et
2211 911 2466 965 Joannes.

2063 979 2204 1033 Ibid.
2242 983 2306 1035 Ut
2345 997 2450 1035 non
2495 981 2635 1036 obsit
2671 983 2798 1036 sibi.

2062 1051 2124 1102 N.
2163 1052 2215 1104 8.
2281 1053 2550 1106 Joannem
2577 1067 2799 1121 passum

1987 1122 2336 1192 martyrium.
2872 1130 3185 1192 martyrem.

2055 1189 2199 1266 Ibid.
2274 1193 2620 1266 Praeceptum
2676 1194 2797 1260 jam
2883 1265 2887 1266 7
2945 1189 3037 1249 Id:
3087 1199 3411 1266 Praeceptum
3452 1214 3684 1266 namque

1983 1260 2184 1334 fuerat,
2219 1265 2281 1313 ut
2323 1263 2373 1314 si
2418 1265 2541 1330 quis
2571 1265 2685 1316 sine
2714 1279 2795 1317 se-
2859 1265 2984 1331 jam
3037 1260 3352 1330 fuerat-ut
3388 1271 3565 1334 frater
3593 1260 3686 1322 Eleo

1984 1331 2470 1406 mine7moreretur,
2500 1335 2597 1402 qui
2625 1337 2800 1399 magis
2872 1338 3054 1401 functi
3078 1343 3361 1406 acciperet,
3388 1331 3500 1393 etc.

1982 1402 2323 1470 propinquus
2376 1409 2528 1469 esset,
2590 1406 2798 1473 accipe-

1983 1476 2084 1536 ret,
2119 1476 2225 1527 etc.

2052 1541 2191 1597 Ibid.
2244 1543 2630 1599 Suscitandum
2673 1545 2796 1610 fra-

2954 491 3041 545 Id.
3084 494 3282 548 Paulus
3309 494 3579 562 quondam
3607 512 3695 550 re-

2953 844 3034 897 Id.
3098 845 3238 898 Ecce
3298 846 3439 901 duo:
3503 850 3686 902 Domi-

2878 928 2978 968 nus
3019 921 3066 968 et
3103 917 3362 970 Joannes.

2948 984 3026 1038 Id.
3083 988 3149 1039 Ut
3203 1002 3310 1039 non
3338 987 3682 1042 cbessetsibi.

2946 1055 3028 1108 Id.
3107 1058 3376 1111 Joannem
3463 1073 3684 1127 passum

2943 1545 3024 1600 Id.
3079 1549 3464 1604 Suscitandum
3503 1552 3680 1618 fratri

2868 1616 2944 1670 ad
2969 1618 3167 1682 fratris
3187 1635 3392 1674 nomen.

2520 1703 2752 1758 SERMO
2801 1704 3144 1760 CCCLXXXI.

2056 1789 2284 1860 Legitur
2315 1789 2370 1844 in
2403 1791 2526 1845 cod.
2578 1791 2794 1846 Cassin.
2845 1808 2948 1857 cxx,
2997 1792 3095 1846 fol.
3129 1795 3218 1861 30,
3247 1794 3362 1859 ubi,
3389 1811 3445 1849 n.
3483 1796 3672 1862 unico,

1981 1877 2100 1930 loco
2133 1894 2334 1932 eorum
2361 1894 2488 1949 qua:
2516 1878 2669 1933 edita
2699 1883 2832 1934 sunt
2861 1880 2932 1934 ab
2964 1879 3049 1933 his
3079 1881 3289 1949 verbis,
3307 1884 3424 1938 Non
3441 1897 3672 1937 sanare-

1979 1969 2070 2019 tur
2095 1968 2305 2034 inflatio
2335 1966 2703 2035 superborum,
2759 1982 2936 2038 usque
2982 1968 3050 2021 ad
3097 1968 3256 2023 haec:
3303 1985 3419 2023 cum
3468 1975 3675 2038 quanta

1977 2055 2162 2121 itaque
2192 2055 2404 2118 latitia,
2438 2060 2569 2121 etc.,
2603 2055 2887 2109 habentur
2934 2056 3264 2126 sequentia:
3311 2059 3482 2124 Quam
3509 2059 3675 2124 facile

1979 2143 2178 2210 quippe
2202 2157 2263 2195 ac
2280 2143 2515 2211 proclivi
2535 2143 2715 2196 morbo
2735 2143 2904 2209 dives,
2938 2146 2989 2197 si
3012 2146 3169 2212 prius
3195 2159 3229 2197 a
3262 2145 3472 2200 Christo
3510 2161 3668 2199 voca-

1975 2233 2146 2299 retur,
2176 2234 2395 2299 putaret
2417 2246 2479 2285 ac
2495 2231 2691 2284 diceret
2715 2233 2773 2284 in
2793 2245 2848 2284 se
2859 2232 3078 2286 electam
3097 2233 3448 2300 opulentiam,
3473 2233 3670 2287 nobilis

1977 2321 2404 2385 generositatem,
2472 2324 2687 2373 senator
2733 2319 3078 2387 dignitatem,
3147 2336 3246 2373 rea:
3314 2324 3667 2389 potestatem!

1980 2407 2189 2472 Quanto
2219 2421 2342 2472 ergo
2370 2422 2510 2460 nunc
2539 2407 2751 2474 melius,
2778 2411 2926 2461 tanto
2949 2407 3271 2462 ordinatius.
3309 2409 3478 2464 Prius
3499 2413 3670 2464 erexit

1976 2494 2042 2548 de
2073 2499 2218 2551 terra
2241 2496 2471 2562 inopem,
2504 2497 2553 2548 et
2599 2493 2664 2547 de
2712 2498 2942 2548 stercore
2990 2511 3285 2564 pauperem
3331 2498 3666 2566 sublimauit,

1975 2587 2036 2637 ut
2065 2584 2342 2636 collocaret
2365 2598 2483 2636 eum
2514 2597 2632 2636 cum
2663 2583 3008 2650 principibus
3039 2586 3230 2652 populi
3248 2585 3355 2651 sui,
3385 2589 3445 2638 ut
3473 2600 3666 2638 munus

1974 2671 2345 2738 intelligentiae
2373 2674 2424 2723 et
2450 2668 2708 2723 doctrinm
2733 2684 2840 2723 non
2867 2670 3038 2724 solum
3081 2672 3175 2724 Dei
3222 2686 3351 2732 esse,
3389 2672 3484 2727 sed
3502 2675 3665 2726 etiam

1971 2774 2040 2813 ea:
2071 2761 2170 2814 Deo
2199 2772 2308 2814 esse
2337 2761 2642 2827 appareret.
2828 2763 2836 2771 ‘

2500 2881 2728 2937 SERMO
2757 2881 3127 2937 CCCLXXXII.

2034 2989 2265 3060 Legitur
2289 2989 2350 3043 in
2389 2989 2510 3043 cod.
2565 2987 2775 3043 Cassin.
2827 3004 2904 3052 x1,
2955 2987 3051 3042 fol.
3097 2989 3220 3054 214,
3255 2988 3354 3042 ubi
3388 3005 3446 3046 n.
3481 2990 3659 3056 3,110-

1962 3095 2092 3134 rum
2123 3078 2427 3132 verborum
2453 3078 2597 3143 loco,
2620 3077 2825 3131 Didicit
2851 3075 3089 3142 legendo,
3104 3078 3333 3144 perfecit
3360 3079 3648 3146 implendo.

1963 3169 2232 3234 Quicum,
2265 3169 2392 3233 etc.,
2412 3164 2716 3230 habentur,
2735 3163 2953 3217 didicit.
2990 3162 3230 3232 legendo,
3260 3165 3504 3232 implevit
3527 3165 3655 3220 dili-

1959 3256 2153 3325 gendo,
2191 3256 2324 3324 quia
2353 3269 2490 3322 cum,
2519 3256 2624 3306 etc.

2495 3366 2723 3423 SERMO
2758 3365 3152 3420 CCCLXXXIX.

2031 3459 2258 3532 Legitur
2304 3458 2365 3512 in
2414 3457 2544 3512 cod.
2603 3454 2813 3511 Cassin.
2873 3469 3096 3521 CLxxul,
3126 3453 3225 3508 fol.
3253 3455 3344 3521 74,
3374 3454 3473 3509 ubi
3507 3470 3565 3509 η.
3604 3459 3649 3510 1.

1957 3544 2161 3615 norum
2194 3547 2499 3602 verborum
2531 3545 2674 3610 loco,
2705 3546 2847 3611 Ergo
2876 3544 3018 3598 solus
3048 3544 3207 3612 panis
3228 3558 3332 3597 non
3366 3547 3480 3611 eget
3506 3558 3654 3612 pane

1956 3638 2162 3692 melius
2186 3635 2474 3702 habetur.,
2519 3635 2662 3688 Deus
2688 3646 2810 3698 ergo
2845 3633 3010 3698 solus,
3045 3633 3141 3699 qui
3168 3636 3246 3685 est
3267 3633 3422 3686 vivus
3450 3634 3644 3700 panis,

1955 3743 2062 3782 non
2081 3730 2195 3794 eget
2218 3739 2377 3794 pane.

2556 3824 2786 3883 SERMO
2821 3823 3077 3879 CCCXCI.

2031 3937 2263 4008 Legitur
2289 3937 2348 3991 in
2378 3936 2501 3990 cod.
2537 3932 2749 3988 Cassin.
2784 3947 2860 3998 XI,
2893 3929 2992 3984 fol.
3031 3931 3149 3982 I72.

2029 4027 2170 4082 Edit.
2209 4027 2273 4080 N.
2302 4029 2348 4079 1.
2377 4027 2502 4079 Mea:
2531 4025 2671 4076 enim
2709 4025 2771 4074 ut
2918 4017 3054 4073 Cod.
3079 4017 3217 4071 Mea:
3261 4018 3421 4084 enim,
3466 4021 3526 4070 ut
3556 4018 3648 4072 ho-

1959 4100 2110 4154 homo
2141 4099 2333 4153 saeculo
2358 4097 2621 4150 nascitur.
2841 4104 2926 4143 mo
2957 4087 3249 4143 secundum
3281 4087 3463 4142 Adam
3482 4091 3652 4142 nasci-

2031 4239 2174 4294 Ibid.
2279 4240 2544 4292 Venenoso
2615 4234 2770 4289 dente
2842 4163 2995 4283 tmId.
3025 4231 3234 4286 Veneno
3265 4226 3520 4282 suadenti
3536 4243 3648 4282 ser-

1955 4311 2237 4379 serpentis.

2837 4302 3034 4370 pentis,
3060 4299 3246 4353 minus
3271 4299 3433 4353 bene.

2034 4369 2098 4433 N.
2141 4383 2190 4433 5.
2236 4379 2403 4433 Nulla
2449 4379 2644 4446 species
2675 4389 2768 4429 vos
2841 4369 2860 4446 ξ
2914 4369 3000 4446 Id.
3038 4370 3425 4446 Nullaspecies
3453 4369 3536 4424 vel
3553 4384 3650 4423 cce-

1957 4451 2246 4505 terrestris.

2031 4521 2174 4575 Ibid.
2233 4519 2426 4576 Nullus
2474 4516 2771 4586 quarumli-

1962 4593 2044 4648 bet
2083 4590 2429 4646 chordarum.

2279 4240 2544 4292 Venenoso
2615 4234 2770 4289 dente

2842 4442 2989 4496 testis
3004 4441 3258 4508 corporis.

2913 4511 2992 4565 Id.
3041 4511 3231 4565 Nullus
3287 4509 3650 4584 quarumlibet
3735 4575 3739 4584 7

2840 4583 3105 4647 faucium,
3123 4582 3484 4650 quarumlibet
3500 4583 3649 4635 chor-

2840 4651 3056 4705 durum.

2913 4721 2992 4776 Id.
3027 4723 3318 4790 Voluptas,
3366 4719 3508 4774 nulli
3541 4735 3651 4773 am-

2835 4794 3050 4864 plenus.

2912 4863 2993 4918 Id.
3064 4860 3407 4918 Conversatio
3475 4858 3648 4916 illius.

2837 4950 2931 4990 nec
2990 4933 3208 4988 taedium
3268 4930 3537 4984 convictus
3586 4929 3650 4980 il-

2839 5007 2963 5060 lius.
2990 5005 3051 5060 Si
3079 5005 3365 5057 amatores.

2029 4731 2170 4786 Ibid.
2202 4731 2476 4787 Suavitas.
2502 4727 2641 4782 nulli
2651 4741 2766 4780 am-

1953 4805 2168 4872 plemus.

2028 4873 2168 4927 Ibid.
2214 4869 2566 4926 Conversatio
2592 4867 2760 4922 illius.

1956 4944 2017 4999 Si
2045 4946 2327 4998 amatores.

2522 5133 2751 5189 SERMO
2779 5127 3083 5187 CCCXCVI.

2030 5260 2263 5329 Legitur
2291 5259 2352 5312 in
2381 5257 2506 5312 cod.
2539 5255 2756 5312 Cassin.
2789 5269 2923 5318 xvu,
2972 5249 3073 5304 fol.
3103 5249 3230 5312 203,
3263 5260 3397 5300 cum
3430 5243 3535 5297 hoc
3575 5241 3652 5295 ti—

1958 5351 2080 5406 tulo
2111 5348 2210 5421 qui
2232 5348 2390 5402 deest
2418 5346 2477 5400 in
2507 5344 2694 5412 editis,
2733 5343 2812 5396 De
2840 5338 3197 5395 consolatione
3225 5331 3506 5403 cujusdam
3533 5333 3653 5421 epi-

1960 5440 2109 5508 scopi
2139 5420 2227 5491 iad
2259 5435 2465 5506 plebem
2518 5433 2653 5502 ejus,
2703 5431 2921 5485 habitus
2966 5442 3034 5480 xv
3082 5422 3339 5478 calendas
3378 5421 3564 5508 maias
3599 5420 3656 5472 in

1959 5506 2188 5582 basilica
2224 5525 2496 5579 Florentia
2556 5520 2705 5591 apud
2733 5521 3033 5588 Hipponem
3065 5514 3413 5583 Diarrytum.
3449 5508 3527 5561 De
3553 5506 3658 5560 hac

1960 5619 2150 5670 autem
2181 5613 2322 5668 urbe
2353 5612 2498 5668 etde
2522 5609 2763 5664 basilica
2789 5603 3076 5662 Florentia
3103 5600 3231 5656 vide
3257 5612 3425 5652 serm.
3455 5608 3656 5658 cccmx,

3263 5675 3344 5735 38
