4068 6192
316 290 447 340 11115

310 495 653 567 marginem.

382 583 530 637 Edit.
564 584 629 637 N.
666 586 714 638 l.
749 584 853 649 Qui
867 584 997 649 fecit
1024 599 1113 637 re-

307 656 441 723 ﬁcit,
474 659 524 708 et
546 658 750 707 recreat
773 656 871 722 qui
894 656 1113 708 creavit.

383 724 526 779 Ibid.
585 724 870 780 Nobiscum
938 726 1116 779 vivere

306 796 571 859 volumus,
603 799 654 848 el
700 796 760 848 in
806 795 905 849 hac
935 810 1115 864 asper-

306 866 449 919 rima
476 866 593 918 vita
621 880 656 918 a
701 865 981 920 comitibus
1022 866 1114 919 de-

308 938 420 990 seri
454 936 735 1002 nolumus;
777 936 871 990 sed
908 951 1112 1005 praeve-

304 1008 509 1060 nientes
534 1020 652 1071 nos,
686 1010 791 1059 etc.

376 1076 517 1130 Ibid.
543 1078 846 1131 Hortantur
874 1077 1113 1146 exemplo

302 1160 420 1201 SUO.

376 1216 517 1272 Ibid.
550 1217 715 1271 Recte
741 1219 883 1272 enim
911 1218 990 1271 ibi
1007 1232 1113 1271 non

297 1302 497 1356 parum
555 1290 781 1354 vivitur,
848 1287 941 1342 ubi
995 1304 1112 1341 cum

300 1359 528 1412 multum
591 1358 801 1412 dicitur
837 1374 943 1413 non
981 1358 1110 1428 ﬁni-

302 1433 410 1482 tur.
439 1429 577 1484 Nam
606 1429 691 1483 hic
724 1434 773 1482 et
804 1428 967 1496 quod,
1001 1433 1106 1483 etc.

304 1567 520 1691 “Ibid.
548 1569 653 1624 Pro
680 1570 851 1623 nihilo
887 1568 1113 1638 deputa-

338 1655 356 1691 ι
383 1655 471 1691 ur.

338 1639 471 1693 itur.

372 1708 514 1763 Ibid.
550 1710 752 1774 Quanti
780 1710 882 1763 alii
904 1710 1109 1775 fortas-

298 1794 353 1834 se
377 1778 521 1846 quod
558 1795 657 1847 per
709 1780 902 1834 multos
941 1794 1111 1836 annos

295 1864 404 1904 non
426 1849 809 1904 dimidiarunt.

368 1921 431 1973 N.
478 1922 533 1976 2.
581 1921 643 1975 In
693 1920 789 1976 hoc
830 1923 972 1976 enim
1011 1922 1108 1976 ha-

298 1990 494 2043 bemus.

368 2059 515 2114 Ibid.
571 2060 678 2116 Sed
722 2062 982 2130 quomodo
1017 2078 1108 2116 au-

296 2130 529 2185 divimus
551 2131 821 2187 lectionem
840 2132 1106 2187 divinam.

367 2200 511 2255 Ibid.
583 2204 845 2271 Tempora
922 2203 1103 2270 longa.

294 2273 439 2337 Ergo
474 2271 589 2325 illic
623 2276 865 2342 tempora
899 2288 1110 2341 compu-

294 2345 487 2464 gemus,
553 2342 695 2397 sicut
765 2348 1109 2413 computatur

336 2425 431 2464 res.

336 2425 431 2465 188.

365 2480 508 2536 Ibid.
567 2481 656 2537 Ad
701 2482 1039 2538 laudandum
1059 2488 1108 2539 et

293 2551 597 2607 colendum.

364 2621 506 2677 Ibid.
535 2624 794 2678 Memoria
823 2626 1007 2693 ipsius
1024 2640 1107 2679 or-

291 2694 583 2747 natissima
597 2707 689 2748 vos
714 2696 890 2748 eritis.

366 2762 511 2819 Ibid.
576 2765 739 2819 Vivat
775 2765 1014 2833 sepultus
1044 2766 1102 2818 in

291 2834 433 2888 vivis
470 2836 751 2902 sepulcris.
808 2836 1101 2904 Sepultura

292 2905 453 2970 enim,
486 2909 591 2958 etc.

1321 285 1681 339 VARIORUM
1725 283 2235 340 OPUSCUIDRUM
2279 285 2333 336 ὃ.
2376 282 2765 337 AUGUSTINI.

309 424 366 462 n.
401 411 452 462 9.
486 412 543 463 et
599 411 796 461 notam
839 406 1339 461 Benedictinorum
1380 407 1449 460 ad
1481 408 1744 462 intimum
1769 408 1996 479 pagina:
2034 410 2074 462 A
2188 406 2327 460 Ibid.
2377 408 2485 461 Via:
2531 407 2679 474 loqui
2718 406 2924 459 sinere-

1262 583 1397 638 Cod.
1458 581 1563 649 Qui
1607 584 1759 650 fecit,
1802 588 1853 638 et
1883 585 2001 652 reﬁ-

1188 656 1284 719 cit,
1318 658 1368 708 et
1395 653 1677 708 recreabit.

1262 725 1339 778 Id.
1370 724 1658 780 Nobiscum
1692 724 1868 777 vivere
1900 724 2002 776 vel-

1189 796 1375 860 lemus,
1400 799 1458 847 at
1478 797 1537 847 in
1568 796 1665 847 hac
1696 796 2002 863 asperrima

1186 868 1281 920 via
1303 881 1337 919 a
1368 865 1653 920 comitibus
1676 864 1853 918 deseri
1879 865 1999 918 nol-

1189 937 1393 1001 lemus;
1424 936 1519 989 sed
1546 936 1644 1004 qui
1671 949 1766 990 nos
1781 949 2000 1006 praeve-

1186 1009 1414 1069 nientes,
1431 1009 1536 1059 etc.

1259 1077 1343 1130 Id.
1373 1076 1691 1130 Hortantur
1733 1079 1783 1130 et
1828 1090 2002 1130 exem-

1182 1148 1274 1216 plo
1305 1160 1421 1201 suo.

1258 1217 1344 1271 Id.
1409 1219 1517 1271 Ivit
1574 1219 1717 1272 enim
1769 1218 1868 1271 ubi
1894 1232 2000 1272 non

1179 1303 1380 1357 parum
1397 1290 1624 1342 vivitur.
1648 1288 1746 1341 ubi
1761 1288 1905 1356 quod
1925 1289 2002 1340 di-

1185 1361 1328 1413 citur
1376 1360 1625 1423 multum,
1685 1373 1797 1411 non
1844 1359 2001 1412 habet

1184 1431 1360 1497 ﬁnem.
1378 1431 1515 1485 Nam
1534 1431 1620 1483 hic
1641 1430 1807 1483 etiam
1833 1429 1998 1498 quod,

1184 1507 1289 1553 etc.

1259 1569 1339 1623 Id.
1406 1571 1511 1625 Pro
1560 1569 1733 1623 nihilo
1781 1583 1998 1638 compu-

1187 1640 1414 1695 tabitur.

1256 1711 1338 1765 Id.
1368 1711 1639 1776 Quantum
1668 1711 1771 1764 alii
1797 1711 1996 1776 fortas-

1183 1795 1238 1835 se
1282 1796 1380 1850 per
1432 1782 1625 1836 multos
1683 1787 1872 1835 annos
1891 1796 1997 1835 non

1182 1851 1501 1905 mediarent.

1254 1922 1334 1976 Id.
1369 1924 1475 1979 Nos
1537 1937 1660 1991 ergo
1720 1921 1992 1977 habemus.

1253 2062 1337 2118 Id.
1369 2062 1475 2117 Sed
1522 2063 1656 2132 quid
1685 2064 1995 2119 audivimus

1183 2132 1248 2186 de
1286 2134 1504 2187 lectione
1533 2133 1738 2188 divina.

1254 2203 1334 2257 Id.
1358 2206 1618 2272 Tempora
1634 2206 1819 2273 longa.
1851 2206 1994 2258 Lon-

1179 2288 1251 2339 ga
1281 2289 1405 2341 ergo
1466 2275 1551 2327 illi
1591 2279 1832 2344 tempora
1860 2291 1995 2328 com-

1176 2348 1443 2411 putemus,
1506 2346 1645 2399 sicut
1718 2348 1995 2414 computat

1183 2416 1344 2469 Deus.

1252 2484 1333 2537 Id.
1379 2484 1473 2538 Ad
1525 2484 1886 2553 laudandum,
1919 2485 1993 2540 ad

1177 2554 1513 2621 faciendum.

1252 2624 1331 2680 Id.
1393 2626 1662 2679 Memoria
1704 2626 1879 2698 ipsius
1900 2640 1987 2680 or-

1179 2699 1313 2748 nata
1343 2710 1436 2749 vos
1465 2699 1646 2750 estote.

1252 2766 1334 2819 Id.
1394 2768 1541 2820 Vivit
1612 2768 1877 2836 sepultus,
1941 2768 1993 2820 si

1173 2836 1311 2889 vivit
1352 2838 1653 2905 sepultura.
1697 2838 1990 2907 Sepultum

1173 2908 1334 2973 enim,
1365 2910 1470 2961 etc.

3686 286 3700 335 1
3726 286 3822 333 Im;

3071 403 3149 456 Id.
3192 405 3298 459 Via:
3341 404 3490 473 loqui
3528 406 3813 473 permitte-

2115 493 2255 531 mur.
2997 490 3197 530 remur.

2182 546 2322 601 Ibid.
2432 547 2669 601 Donavit
2768 545 2922 601 nobis
3072 545 3149 599 Id.
3188 547 3415 600 Donavit
3448 545 3601 599 nobis
3631 547 3809 599 Domi-

2364 690 2432 741 Ut
2468 689 2640 755 funus
2680 686 2795 756 ejus
2832 686 2922 740 de-
2997 630 3146 740 nulsd.
3182 687 3249 740 Ut
3279 688 3447 753 funus
3493 686 3610 755 ejus
3644 689 3807 741 comic

2106 758 2436 812 duceremus.
2994 760 3252 811 taremur.

2178 829 2326 883 Ibid.
2374 831 2445 882 Et
2488 832 2668 882 noster
2704 829 2919 882 animus
3065 827 3141 881 Id.
3185 827 3259 881 Et
3297 831 3465 881 vester
3503 829 3719 880 animus
3747 829 3804 880 in

2107 900 2166 953 in
2201 899 2572 953 recordatione
2613 900 2755 952 tanti
2784 900 2915 963 viri,
2989 898 3355 951 recordatione
3385 899 3527 951 tanti
3563 900 3672 951 viri
3707 899 3806 950 ha-

2106 972 2208 1024 etsi
2255 970 2413 1023 habet
2456 969 2748 1023 humanum
2794 984 2913 1022 maz-
2991 969 3112 1023 beat
3156 969 3450 1021 humanum
3494 983 3798 1032 maerorem,

2105 1055 2298 1107 rorem,
2327 1055 2434 1094 non
2454 1040 2613 1093 habet
2645 1040 2913 1109 infidelem
2988 1040 3084 1093 sed
3126 1054 3230 1092 non
3287 1038 3483 1092 habeat
3532 1040 3801 1107 inﬁdelem

2107 1111 2551 1181 desperationem.
2986 1109 3427 1179 desperationem.

2323 1234 2793 1290 FRAGMENTUM
2854 1234 2938 1287 DE
2990 1232 3243 1287 NATALI
3291 1231 3582 1287 CHRISTI.

2182 1356 2554 1427 Legiturcum
2568 1355 2805 1410 nomine
2822 1355 3001 1427 sancti
3023 1354 3330 1426 Augustini
3352 1354 3412 1409 in
3435 1355 3561 1409 cod.
3585 1370 3683 1422 xu,
3699 1356 3799 1410 fol.

2111 1431 2169 1483 3|
2200 1443 2215 1493 ;
2252 1426 2490 1499 Quaesivi
2521 1427 2666 1480 illud
2706 1426 2857 1497 apud
2876 1427 3106 1481 beatum
3134 1427 3428 1481 doctorem
3463 1426 3798 1481 necinveni.

2181 1499 2199 1533 ¹
2245 1499 2455 1551 Omnes
2496 1496 2822 1551 Scrinturae.
2868 1512 3009 1551 uuas
3053 1512 3204 1550 nunc
3252 1496 3593 1551 audivimus.
3622 1497 3798 1550 caris-

2181 1499 2199 1533 ¹
2245 1497 2455 1553 Omnes
2496 1497 2822 1567 Scripturm,
2868 1512 3009 1567 quas
3053 1512 3204 1550 nunc
3252 1497 3593 1562 audivimus,
3622 1497 3800 1550 caris-

2111 1567 2260 1648 simi,
2292 1567 2577 1648 iustitiam
2622 1567 2807 1648 nobis
2834 1567 3142 1648 publicam,
3188 1572 3805 1648 .ethcommune‘gau-

2112 1638 2273 1692 dium
2292 1637 2657 1692 nuntiarunt.
2688 1637 2982 1692 Psalmista
3004 1638 3157 1692 enim
3172 1637 3310 1691 dicit
3336 1653 3350 1692 :
3381 1638 3669 1692 Emsultate
3688 1638 3803 1692 Deo

2108 1709 2555 1778 adjutorinostro
2590 1709 2817 1777 (Psalm.
2890 1724 3048 1769 Lux.
3117 1708 3193 1778 2).
3260 1709 3564 1778 Apostolus
3625 1724 3800 1764 vero:

2109 1779 2348 1837 Gaudete
2393 1782 2453 1833 in
2491 1782 2711 1833 Domino
2756 1793 2965 1848 semper
3013 1778 3176 1847 (Phil.
3220 1794 3293 1844 iv,
3330 1779 3400 1848 4).
3444 1780 3801 1847 Evangelista

2106 1855 2302 1904 autem
2330 1849 2408 1904 ait
2433 1866 2445 1903 :
2482 1850 2817 1917 Evangelizo
2837 1850 2986 1903 vobis
3012 1849 3275 1917 gaudium
3294 1864 3552 1917 magnum
3565 1850 3713 1917 (Luc.
3740 1867 3799 1916 ιι,

2111 1922 2217 1990 10).
2260 1921 2303 1975 Ο
2335 1920 2558 1974 beatam
2590 1920 2740 1974 diem
2771 1920 2920 1973 hanc
2946 1920 3007 1973 in
3037 1934 3152 1989 qua
3199 1920 3360 1989 juxta
3400 1921 3801 1975 auctoritatem

2108 1991 2519 2062 scripturarum
2573 1991 2897 2062 gaudentes
2929 1995 2985 2043 et
3026 1991 3341 2043 exultantes
3388 1991 3631 2062 natalem
3693 1992 3802 2062 Do-

2107 2060 2251 2116 mini
2295 2061 2475 2115 nostri
2527 2060 2658 2115 Iesu
2692 2060 2903 2114 Christi
2936 2066 2992 2114 et
3026 2076 3155 2113 cum
3198 2061 3473 2131 apostolis
3506 2130 3511 2131 ί
3546 2061 3798 2131 prophe-

2106 2132 2293 2203 tisque
2324 2131 2698 2203 celebramus.
2732 2131 2998 2203 Magnum
3043 2130 3249 2201 utique
3289 2130 3462 2185 hodie
3487 2130 3798 2186 Christiani

2106 2200 2303 2283 populi
2329 2202 2604 2283 esultatiq
2629 2218 2758 2283 qua:
2781 2200 3189 2283 scripturarum
3214 2217 3503 2283 sacrarum
3530 2203 3798 2283 exemplo

2107 2271 2315 2343 agitur,
2347 2277 2403 2326 et
2422 2272 2559 2343 ideo
2590 2271 2819 2326 beatum
2851 2272 3063 2325 esthoc
3086 2271 3177 2325 die
3206 2271 3479 2343 gaudium
3509 2277 3796 2337 nostrum,

2106 2342 2254 2422 quia
2271 2343 2378 2397 hoc
2408 2342 2542 2422 fecit
2565 2343 2820 2422 gaudetis
2843 2343 3124 2422 populus,
3156 2342 3305 2422 quod
3331 2343 3589 2422 jubetur.
3612 2344 3796 2422 Quam

2105 2413 2299 2468 sancta
2344 2418 2491 2467 esset
2527 2413 2688 2483 plebs
2738 2413 2998 2467 Ecclesiae
3028 2413 3212 2480 istius,
3246 2413 3294 2466 si
3321 2429 3547 2483 semper
3574 2414 3687 2467 hoc
3714 2414 3798 2468 fa-

2103 2488 2255 2539 ceret
2310 2484 2463 2554 quod
2509 2483 2881 2554 imperatura
2919 2483 3161 2537 Christo.
3210 2484 3372 2554 Unde
3413 2483 3646 2537 obsecro
3675 2501 3794 2549 vos,

2101 2552 2412 2625 fratres,_ut
2441 2552 2669 2625 semper
2710 2553 3030 2625 jussionem
3058 2552 3285 2625 Domini
3306 2553 3540 2625 faciatis,
3571 2560 3637 2608 ut
3664 2572 3794 2625 pos-

2102 2626 2225 2679 sitis
2255 2624 2317 2678 in
2345 2623 2725 2694 omnibusin
2774 2623 3091 2678 aeternitate
3139 2624 3410 2694 gaudere.
3452 2624 3608 2679 Sicut
3635 2623 3795 2679 enim

2102 2695 2271 2776 hodie
2294 2694 2363 2776 .in
2394 2695 2497 2776 hac
2519 2693 2824 2776 festivitate
2850 2694 3068 2775 natalis.
3095 2693 3370 2776 daeminici
3412 2695 3529 2776 laeti
3570 2711 3792 2776 sumus,

2102 2766 2181 2819 sic
2210 2765 2310 2836 qui
2339 2766 2690 2819 voluntatem
2721 2765 2947 2819 Domini
2987 2765 3073 2818 sui
3117 2765 3316 2819 fecerit
3343 2766 3403 2819 in
3431 2766 3536 2819 hoc
3560 2768 3795 2831 saeculo,

2099 2836 2337 2907 Semper
2371 2836 2735 2891 festivitatem
2777 2834 3006 2890 Domini
3052 2850 3183 2889 cum
3229 2835 3449 2907 angelis
3484 2837 3798 2892 celebravit

2099 2906 2159 2961 in
2177 2906 2336 2961 cmlo.

812 3072 2138 3199 ENARRATIONES
2218 3075 2392 3198 IN
2474 3048 3267 3201 PSALMOS.

553 3295 954 3351 ENARRATIO
986 3296 1034 3349 II
1076 3295 1150 3349 1M
1183 3294 1505 3349 PSALMUM
1544 3296 1743 3350 XXXII.

939 3414 1116 3453 SERHO
1158 3414 1371 3452 PRIMUS.

373 3486 602 3556 Legitur
632 3502 665 3539 a
691 3502 748 3540 n.
784 3487 845 3539 10
876 3485 945 3539 ad
977 3501 1036 3538 ιι.
1072 3488 1135 3540 12
1166 3500 1360 3540 versus
1387 3485 1582 3553 ﬁnem,
1612 3486 1671 3540 in
1700 3485 1840 3541 Bibl.
1866 3486 1989 3541 Mu-

2023 3297 2063 3350 C
2101 3296 2246 3364 quod
2268 3295 2458 3351 dixero
2498 3295 2789 3365 praescribo
2817 3297 2903 3350 al-

2977 3295 3189 3361 dixero,
3213 3299 3508 3365 praescribo
3527 3299 3692 3353 alteri
3722 3301 3797 3353 ad

2978 3368 3246 3422 meliorem
3300 3370 3643 3437 intellectum,
3697 3387 3794 3424 nec

2977 3438 3066 3491 ille
3090 3439 3245 3510 mihi,
3277 3444 3374 3493 aut
3394 3444 3685 3510 utrumque
3704 3458 3792 3495 ac-

2977 3508 3302 3581 cipiendum,
3365 3512 3415 3564 si
3464 3508 3792 3581 utrumque

2100 3368 2202 3421 teri
2248 3367 2321 3421 ad
2375 3368 2645 3421 meliorem
2704 3368 2906 3421 intelle-

2098 3442 2259 3504 ctum,
2309 3453 2401 3492 nec
2477 3438 2569 3490 ille
2639 3437 2777 3490 mihi
2831 3436 2906 3489 ad

2097 3513 2383 3576 utrumque
2432 3507 2824 3576 accipiendum,
2856 3509 2906 3561 si

297 3573 505 3643 gellan.
547 3573 671 3628 cod.
705 3590 815 3640 xvr,
850 3572 944 3628 fol.
980 3574 1046 3628 83
1078 3574 1128 3627 b.

368 3661 513 3715 Edit.
540 3661 605 3715 N.
660 3677 735 3715 xi.
786 3663 863 3718 Ne
897 3664 1101 3731 putetis
1247 3661 1384 3716 Cod.
1437 3663 1512 3717 Ne
1551 3664 1758 3730 putetis
1788 3666 1985 3729 autem,

295 3736 491 3798 autem,
523 3734 749 3802 fratres,
770 3734 903 3801 quia
931 3735 1038 3787 ista
1067 3748 1102 3786 a
1172 3733 1398 3801 fratres,
1426 3735 1559 3803 quia
1578 3734 1688 3787 ista
1716 3748 1750 3786 a
1778 3747 1835 3787 se
1865 3748 1988 3803 pos-

292 3816 349 3855 se
374 3806 626 3871 possunt,
649 3807 761 3856 etc.
1174 3805 1305 3867 sint,
1329 3808 1435 3857 etc.

364 3872 505 3927 Ibid.
555 3874 861 3928 Misericors
904 3878 980 3928 est
1022 3876 1102 3928 in-
1249 3873 1334 3928 Id.
1368 3875 1679 3928 Misericors
1730 3876 1808 3927 est
1833 3877 1883 3927 et
1897 3874 1987 3942 ju-

286 3943 496 4011 justis?
545 3945 825 4012 Numquid
869 3948 919 3998 et
943 3945 1100 4013 judi-
1176 3948 1312 3999 stus.
1372 3944 1654 4012 Numquid
1723 3947 1820 3997 aut
1832 3944 1987 4012 judi-

290 4016 453 4078 cium,
486 4017 591 4067 etc.
1172 4017 1335 4082 cium,
1371 4019 1476 4068 etc.
1502 4014 1638 4068 Vide
1656 4029 1773 4068 var.
1805 4015 1980 4067 Maur.

364 4084 716 4154 lbid.fBerti,
767 4086 969 4154 inquit,
1000 4086 1100 4138 mi-
1246 4084 1323 4138 Id.
1356 4085 1530 4151 Beati,
1562 4086 1984 4153 inquit,miseri-

291 4153 603 4221 sericordes,
656 4157 912 4223 quoniam
959 4157 1100 4223 ipso-
1173 4155 1377 4222 cordes,
1425 4156 1681 4224 quoniam
1742 4157 1983 4224 ipsorum

291 4239 416 4279 rum
443 4225 804 4279 miserebitur.
1173 4226 1517 4280 miserebitur
1549 4229 1706 4280 Deus.

573 4336 974 4392 ENARRATIO
1006 4337 1078 4391 IN
1120 4337 1447 4393 PSALMUM
1474 4338 1695 4393 XXXVI.

928 4467 1103 4507 SERMO
1126 4467 1340 4507 PRIMUS.

365 4536 635 4611 Legitura
656 4554 716 4611 n._
742 4543 761 4594 1
790 4555 983 4593 versus
1003 4540 1201 4608 tinem,
1225 4555 1403 4611 usque
1422 4540 1491 4595 ad
1509 4540 1761 4594 medium
1793 4554 1849 4593 n.
1868 4543 1897 4595 3
1912 4540 1970 4594 in

293 4606 431 4660 Bibl.
465 4607 628 4661 Laur.
663 4608 807 4678 plut.
842 4626 959 4675 xui,
988 4611 1110 4665 cod.
1144 4606 1259 4678 vm,
1294 4606 1351 4666 et
1381 4611 1440 4665 in
1469 4611 1591 4667 cod.
1614 4612 1805 4666 Venet.
1822 4626 1968 4677 LXIX,

288 4678 383 4731 fol.
415 4678 515 4731 154
536 4677 587 4742 b,
619 4680 781 4733 catal.
811 4680 910 4734 fol.
932 4681 1018 4734 47.

361 4766 500 4823 Edit.
528 4768 592 4820 N.
636 4769 691 4821 2.
744 4770 831 4823 Ea:
870 4769 963 4823 hoc
989 4784 1093 4837 ap-

279 4842 459 4907 paret,
511 4840 643 4906 quia
671 4838 737 4893 de
766 4839 1091 4908 quibusdam

284 4909 557 4963 hominum
617 4909 915 4975 generibus,
976 4925 1094 4978 qua:

278 4995 379 5047 per
400 4978 788 5034 similitudines
816 4982 875 5035 in
904 4982 1093 5035 Evan-

280 5050 419 5115 gelio
443 5050 599 5104 modo
625 5053 906 5119 proposita
926 5051 1088 5105 audi-

278 5122 475 5187 vimus,
558 5122 637 5175 sic
708 5122 1086 5177 concluditur:

285 5192 449 5255 Unus,
483 5195 587 5244 etc.

349 5259 493 5313 Ibid.
562 5263 950 5327 Pro/essionem
996 5265 1085 5316 vi-

279 5328 407 5452 ἶῗιηι
473 5331 727 5396 homines,
786 5348 876 5387 cor
938 5336 1087 5387 novit

391 5413 435 5452 s.

391 5413 435 5452 8.

350 5468 492 5522 Ibid.
524 5470 633 5524 Sed
679 5486 877 5539 genera
912 5473 1085 5527 homi-

274 5553 403 5593 num
424 5539 530 5593 duo
558 5540 716 5596 dicit.
751 5543 911 5609 Etsi,
977 5548 1083 5600 etc.

346 5608 486 5680 Ibid.
522 5610 611 5665 Sic
641 5613 697 5665 in
732 5608 905 5680 lecto,
926 5616 1003 5668 sic
1032 5617 1086 5668 in

273 5678 596 5733 molendino.

342 5749 483 5803 Ibid.
527 5749 634 5803 Sed
680 5765 849 5819 neque
888 5767 981 5817 ego
1021 5769 1079 5807 eo

1236 4770 1372 4827 Cod.
1432 4772 1696 4825 Laurent.
1746 4771 1831 4824 Ea:
1880 4769 1973 4823 hoc

1165 4846 1418 4964 ¢tipparet,
1460 4844 1592 4910 quia
1627 4841 1692 4895 de
1740 4841 1970 4908 quibus-

1205 4927 1293 4964 am
1366 4913 1638 4964 hominum
1692 4911 1970 4964 aeneribus

1205 4927 1293 4966 am
1366 4913 1638 4966 hominum
1692 4911 1973 4978 generibus

1167 4983 1577 5037 similitudinem
1606 4984 1663 5035 in
1682 4983 1972 5047 Evangelia

1164 5053 1319 5107 modo
1361 5057 1696 5121 propositam
1747 5053 1970 5105 audivi-

1163 5137 1301 5191 mus,
1318 5138 1435 5191 quae
1453 5123 1723 5177 concludit
1751 5138 1764 5175 :
1802 5125 1968 5188 Unus,

1160 5197 1262 5247 etc.

1229 5262 1311 5317 Id.
1354 5265 1745 5331 Professionem
1778 5261 1973 5318 vident

1159 5333 1414 5402 homines,
1445 5350 1535 5389 cor
1561 5349 1667 5388 non
1694 5332 1896 5387 vident.

1232 5474 1316 5529 Id.
1346 5474 1457 5528 Sed
1475 5490 1671 5542 genera
1691 5475 1966 5528 hominum

1161 5545 1286 5600 duo.
1319 5547 1391 5600 Et
1416 5548 1485 5613 si,
1522 5550 1628 5600 etc.

1234 5616 1316 5670 Id.
1345 5616 1435 5671 Sic
1498 5616 1565 5671 de
1620 5618 1770 5684 lecto,
1800 5616 1876 5670 sic
1903 5614 1970 5670 de

1160 5686 1485 5740 molendino.

1230 5755 1309 5808 Id.
1367 5756 1479 5809 Sed
1515 5772 1607 5810 nec
1672 5772 1766 5824 ego
1820 5755 1967 5825 quod

2096 3583 2383 3647 utrumque
2438 3593 2558 3632 cum
2634 3578 2741 3647 ﬁde
2785 3593 2904 3632 con-

2095 3649 2301 3703 cordat.

2167 3719 2307 3773 Ibid.
2362 3719 2558 3782 Credo,
2610 3718 2757 3788 quod
2796 3718 2903 3774 hac

2092 3792 2272 3858 ﬁgura
2303 3790 2376 3843 ad
2403 3791 2578 3858 plebes
2590 3791 2895 3859 pertineat:

2095 3862 2226 3928 quia
2250 3862 2533 3929 praepositi
2559 3864 2775 3927 regunt,
2797 3862 2902 3929 ple

2095 3931 2180 3984 bes
2220 3935 2483 3998 reguntur
2519 3930 2601 3984 Et
2638 3930 2899 3985 molendi-

2090 4016 2221 4055 num
2247 4006 2382 4069 puta
2393 4001 2598 4054 dictum
2616 4001 2894 4055 mundum.

2164 4071 2302 4126 Ibid.
2362 4072 2499 4126 Sunt
2551 4086 2674 4138 ergo
2719 4072 2899 4139 quide

2090 4142 2409 4207 actionibus,
2442 4145 2546 4196 etc.

2162 4212 2303 4266 Ibid.
2366 4212 2571 4277 Quibus
2653 4210 2853 4265 dicitur
2877 4227 2889 4267 :

2091 4283 2392 4337 Esurivi...
2451 4282 2646 4351 quibus
2696 4281 2898 4337 dicitur

2096 4354 2175 4406 ibi
2195 4370 2212 4407 :
2247 4355 2485 4408 Esurivi.

2162 4424 2227 4477 N.
2252 4426 2299 4478 3.
2333 4426 2454 4493 Ipse
2493 4423 2595 4477 tibi
2631 4424 2789 4491 hanc,
2830 4423 2895 4477 de

2090 4509 2193 4563 quo
2249 4496 2357 4548 ista
2388 4508 2717 4559 murmuras,
2771 4497 2895 4548 tem-

2087 4567 2303 4633 peravit
2341 4569 2606 4634 potionem
2626 4580 2639 4618 :
2681 4569 2892 4619 tantum

2079 4652 2145 4690 ne
2170 4650 2397 4699 recuses,
2430 4640 2533 4689 etc.

2154 4706 2297 4762 Ibid.
2324 4705 2449 4762 Noli
2478 4706 2743 4759 zmulari.

2153 4776 2295 4831 Ibid.
2350 4778 2631 4844 Tanquam
2684 4777 2890 4842 fanum

2083 4848 2185 4902 cito
2203 4850 2460 4902 arescent.

2978 3593 3095 3632 cum
3114 3578 3221 3647 ﬁde
3249 3580 3557 3635 concordat.

3049 3719 3131 3773 Id.
3177 3720 3355 3792 Credo
3389 3721 3535 3790 quod
3573 3722 3684 3777 haec
3704 3723 3789 3792 ﬁ-

2976 3804 3116 3857 gura
3170 3790 3245 3845 ad
3296 3792 3472 3860 plebes
3492 3790 3786 3861 pertineat,

2976 3876 3093 3928 quae
3143 3876 3179 3915 a
3227 3865 3539 3931 praepositis
3592 3880 3789 3931 regun-

2976 3936 3085 4004 tur.
3118 3934 3189 3986 Et
3236 3934 3599 4004 molendinum
3652 3941 3788 4004 puto

2973 4002 3084 4056 dici
3107 4002 3391 4073 mundum,
3426 4009 3531 4058 etc.

3045 4073 3125 4127 Id.
3158 4074 3295 4129 Sunt
3323 4090 3448 4141 ergo
3493 4076 3553 4129 in
3581 4076 3789 4130 molen-

2971 4141 3116 4208 dino,
3140 4146 3237 4211 qui
3256 4145 3657 4211 deactionibus,
3671 4152 3783 4203 etc.

3038 4213 3119 4268 Id.
3144 4215 3349 4280 Quibus
3369 4216 3611 4270 dicetur:
3635 4218 3787 4270 Esu-

2969 4284 3168 4338 rivi....
3251 4286 3453 4350 Quibus
3535 4287 3782 4342 dicetur:

2968 4355 3210 4408 Esurivi.
3244 4356 3380 4410 Vide
3432 4373 3553 4412 var.
3598 4359 3782 4412 Maur.

3040 4425 3119 4479 Id.
3152 4426 3269 4493 Ipse
3297 4427 3401 4480 tibi
3421 4428 3535 4494 hoc,
3566 4427 3635 4481 de
3674 4444 3787 4497 quo

2966 4509 3299 4563 murmuras,
3333 4500 3674 4567 temperavit,
3700 4504 3785 4552 ta-

2965 4580 3161 4620 menne
3187 4582 3418 4635 recuses,
3452 4571 3555 4622 etc.

3033 4706 3095 4761 Id
3107 4748 3120 4761 .
3155 4708 3274 4763 Noli
3300 4709 3667 4764 subaemulari.

3032 4776 3113 4831 Id.
3152 4779 3433 4846 Tanquam
3452 4781 3659 4846 {uanum
3684 4797 3781 4836 ve-

2966 4846 3145 4902 lociter
3172 4854 3432 4905 arescent.

2409 4942 2836 4997 ‘ENAHRATIO
2876 4944 2947 4999 IN
2988 4943 3312 5001 PSALMUM
3356 4947 3414 5001 L.

2153 5030 2382 5101 Legitur
2412 5030 2472 5084 in
2503 5029 2646 5101 Bibl.
2683 5029 2906 5101 Mugell.
2936 5031 3059 5085 cod.
3093 5048 3167 5100 ιι,
3200 5031 3299 5086 fol.
3334 5033 3423 5096 40,
3444 5036 3502 5088 et
3531 5032 3591 5088 in
3629 5034 3774 5090 Bibl.

2085 5099 2263 5156 Fesul'.
2297 5101 2417 5155 cod.
2452 5116 2525 5166 ιι,
2558 5099 2656 5154 fol.
2686 5100 2811 5155 240.

2154 5188 2296 5244 Edit.
2341 5189 2405 5243 N.
2474 5191 2520 5241 1.
2575 5187 2885 5243 Multitudi-

2080 5262 2185 5325 nis,
2217 5264 2350 5326 etc.,
2380 5273 2561 5329 usque
2588 5258 2885 5329 adﬁnem,

2081 5333 2181 5384 iste
2205 5330 2449 5400 psalmus
2480 5328 2744 5383 Ostendit.

3035 5189 3205 5262 _(_‘.odd.
3311 5190 3478 5245 ambo
3536 5209 3778 5262 prorsus

2962 5258 3249 5325 differunt,
3312 5266 3372 5315 et
3416 5262 3527 5315 tale
3540 5258 3778 5320 'habent

2962 5330 3278 5402 exordium,
3314 5332 3469 5402 quod
3539 5333 3599 5387 in
3648 5336 3776 5402 qui-

2960 5398 3203 5454 busdam
3231 5398 3504 5456 accedunt
3523 5404 3593 5458 ad
3616 5398 3776 5459 edita

2080 5475 2138 5525 et
2165 5470 2225 5525 in
2252 5468 2513 5543 pluribus
2528 5468 2598 5543 ab
2624 5468 2825 5525 iisdem
2848 5469 3157 5543 recedunt:
3182 5471 3627 5543 Quotiescunque,
3655 5477 3775 5541 fra-

2079 5547 2185 5597 tres
2216 5538 2489 5595 carissimi
2517 5538 2732 5608 aliquos
2751 5557 2817 5594 ea:
2845 5542 2979 5609 ﬁliis
3008 5544 3202 5596 vestris
3238 5541 3315 5597 ad
3352 5538 3665 5611 spectdcula
3690 5548 3776 5601 vel

2077 5614 2311 5685 furiosa,
2342 5612 2424 5666 vel
2466 5616 2704 5675 cruenta,
2734 5612 2817 5665 vel
2845 5610 3050 5685 turpia,
3084 5615 3247 5681 quasi
3274 5610 3603 5685 aduliquod
3634 5632 3775 5685 opus

2080 5683 2273 5737 bonum
2301 5696 2516 5736 currere
2548 5696 2692 5735 vana
2732 5683 3080 5750 persuasione
3125 5687 3177 5735 et
3197 5684 3459 5751 pesti/(ro
3488 5683 3777 5742 amore—co-

2075 5754 2352 5820 gnoscitis,
2399 5767 2491 5807 vos
2535 5754 2634 5821 qui
2668 5752 2791 5821 jam
2840 5754 2942 5807 Deo
2981 5755 3225 5822 propitio
3268 5756 3380 5808 ista
3450 5771 3558 5810 non
3593 5759 3774 5814 solum
