4004 6182
237 235 361 283 H97

1571 228 1950 283 LEC'I‘IONES
1988 227 2398 280 VARIANTES.

3582 233 3718 284 H98

225 353 510 406 luxuriosa
557 352 650 406 sed
696 353 857 404 etiam
887 351 1128 404 crudelia
1179 349 1563 405 oblectamenta
1609 351 1908 420 despicitis,
1950 354 1994 406 A
2026 353 2149 404 tio-r.
2185 352 2247 405 Si
2275 353 2414 404 enim
2447 352 2566 404 illos
2595 355 2704 404 tam
2733 357 2944 405 sanctos
2957 356 3100 407 viros
3118 358 3336 408 incauta
3356 358 3718 421 familiaritas

225 424 495 489 castigare
517 438 599 475 eos
628 426 678 475 et
708 421 1078 474 abundantius
1123 437 1222 489 pro
1255 424 1330 476 eis
1365 424 1582 476 Domino
1612 423 1917 490 supplicare

223 493 444 558 debetis,
476 495 608 561 quia
637 494 757 546 illos
791 493 1105 558 cognoscitis
1130 494 1209 544 ire
1240 494 1298 544 in
1329 495 1627 545 vanitatem
1673 499 1722 546 et
1758 495 1912 545 insa-

222 565 345 616 nias
393 563 691 629 mendaces,
739 568 787 615 et
823 564 1094 629 negligere
1137 562 1281 629 quod
1318 567 1495 616 vocati
1537 568 1680 616 sunt.
1739 564 1847 627 Qui
1866 565 1916 615 si

222 637 364 699 forte
386 636 442 686 in
471 635 587 702 ipso
618 636 756 687 circo
782 633 978 700 aliqua
1022 647 1090 684 ea:
1121 648 1286 686 causa
1317 637 1696 701 carpavescant,
1720 639 1770 685 et
1791 649 1916 686 con-

225 707 374 757 tinuo
403 719 457 757 se
485 707 727 770 signant,
783 709 832 757 et
861 706 1007 756 stant
1037 704 1148 756 illic
1177 707 1453 770 portantes
1481 706 1538 756 in
1565 706 1744 769 fronte
1773 703 1914 756 unde

222 774 585 834 abscederent,
617 775 665 827 si
697 776 790 828 hoc
826 777 879 826 in
911 773 1066 826 corde
1089 778 1384 840 portarent.
1419 775 1606 828 Omnis
1636 775 1776 826 enim
1816 777 1912 841 qui

222 845 296 897 ad
323 845 550 914 aliquod
571 845 774 897 malum
802 859 932 913 opus
962 846 1150 908 currit,
1204 847 1254 896 si
1303 846 1444 908 forte
1469 844 1657 912 pedem
1687 847 1910 913 impege-

221 917 319 981 rit,
351 919 534 981 signat
566 929 621 968 os
652 930 827 978 suum,
861 920 910 968 et
941 916 1106 967 nescit
1137 914 1280 983 quod
1317 915 1548 968 includit
1591 916 1770 982 potius
1811 915 1913 968 dae-

220 1000 445 1048 monem,
471 1002 632 1053 quam
662 985 918 1038 excludit.
957 987 1099 1037 Tunc
1130 987 1271 1037 enim
1302 985 1426 1038 bene
1471 1000 1524 1039 se
1575 988 1834 1052 signaret,
1862 990 1913 1038 et

221 1056 498 1109 diabolum
527 1056 591 1108 de
617 1056 773 1109 corde
804 1071 898 1108 suo
931 1055 1222 1122 repelleret,
1255 1057 1306 1107 si
1335 1070 1390 1108 se
1414 1056 1480 1108 ab
1512 1057 1602 1109 illo
1645 1071 1800 1124 opere
1825 1071 1912 1108 ne-

217 1129 367 1191 fario
413 1133 703 1179 revocaret.
765 1125 911 1179 Unde
956 1127 1152 1179 iterum
1200 1130 1361 1194 atque
1407 1128 1601 1178 iterum
1640 1141 1766 1192 rogo
1796 1141 1908 1192 vos,

219 1201 424 1261 fratres
462 1199 756 1262 carissimi,
787 1202 846 1249 ut
880 1211 980 1264 pro
1031 1197 1106 1248 eis
1158 1197 1278 1248 totis
1326 1197 1535 1250 viribus
1573 1198 1907 1264 supplicetis,

219 1273 486 1334 quatenus
527 1267 599 1320 ad
650 1270 758 1320 ista
797 1266 1112 1319 damnanda
1155 1267 1478 1319 intellectum
1522 1269 1762 1334 accipere
1799 1282 1908 1319 me-

218 1343 464 1404 reantur,
491 1344 539 1391 et
566 1338 816 1404 affectum
853 1337 927 1390 ad
973 1336 1259 1404 fugienda,
1292 1342 1341 1389 et
1388 1337 1816 1390 misericordiam
1836 1337 1910 1390 ad

217 1408 543 1474 ignoscenda
575 1409 713 1476 (cod.
748 1407 896 1461 male
928 1407 1001 1460 ad
1047 1407 1483 1474 agnoscendum).
1529 1408 1908 1476 Opportunum

216 1482 322 1532 erit
354 1479 454 1546 (sic
504 1478 626 1532 cod.
683 1478 900 1544 Fesul.;
943 1477 1063 1532 cod.
1099 1478 1299 1547 Mugel.
1335 1479 1474 1545 erat)
1506 1483 1725 1547 propter
1761 1481 1906 1532 assi-

217 1550 383 1602 duam
415 1551 868 1616 compunctionem
896 1550 1220 1616 panitentiae
1253 1550 1525 1616 psalmum
1575 1550 1908 1616 quinquage-

215 1623 414 1673 simum
439 1620 590 1673 nobis
622 1619 762 1686 (cod.
800 1620 981 1672 Fesul.
1015 1619 1185 1687 vobis)
1226 1622 1370 1672 omni
1415 1618 1502 1672 die
1548 1623 1787 1672 cantare.
1813 1621 1906 1673 Lo-
1949 1633 1987 1686 Β

216 1706 452 1757 quamur
483 1694 658 1742 tamen
689 1695 738 1743 et
767 1689 840 1742 ad
869 1691 988 1743 illos
1020 1703 1150 1756 quos
1177 1692 1484 1756 frequenter
1532 1690 1599 1742 ab
1655 1690 1905 1743 Ecclesia

214 1765 477 1814 conventu
535 1761 839 1828 spectacula
875 1761 1193 1827 voluptuosa
1252 1760 1574 1813 subducunt.
1624 1761 1766 1826 Rogo
1789 1774 1901 1824 vos,

218 1836 416 1893 tamen,
450 1833 739 1896 carissimi,
773 1836 831 1882 ut
861 1833 1291 1898 quotiescumque
1329 1846 1410 1882 eos
1439 1831 1543 1883 tale
1572 1830 1786 1896 aliquid
1809 1833 1904 1895 fa-

215 1917 331 1954 cere
350 1902 602 1954 videritis
635 1902 709 1954 ad
744 1903 912 1954 vicem
959 1906 1200 1953 nostram
1239 1903 1568 1954 severissime
1605 1903 1897 1966 castigetis.

215 1973 303 2026 Sit
332 1972 405 2024 ad
456 1986 540 2024 eos
575 1987 682 2025 vos:
725 1975 911 2024 nostra
947 1973 1202 2023 memoria
1246 1976 1444 2023 vestra.
1498 1973 1763 2035 Corrigite
1810 1987 1901 2022 ar-

215 2043 427 2110 guendo
477 2042 620 2110 (cod.
673 2042 860 2095 Fesul.
908 2042 1220 2107 corrigendo
1250 2043 1506 2110 arguite),
1556 2043 1907 2095 consolamini

215 2113 558 2181 alloquendo,
591 2113 889 2180 eatemplum
916 2113 1147 2180 przebete
1171 2111 1295 2165 bene
1327 2112 1429 2176 (sic
1458 2111 1618 2178 edit.,
1666 2128 1764 2164 vox
1797 2111 1905 2164 ista

213 2183 372 2236 deest
400 2183 458 2236 in
491 2183 612 2236 cod.
646 2182 896 2238 vivendo.
939 2182 1137 2235 Aderit
1159 2183 1231 2236 eis
1255 2184 1351 2248 qui
1393 2183 1757 2247 adfuitvobis.
1789 2184 1904 2236 Non

219 2255 360 2307 enim
387 2255 535 2308 vobis
564 2256 671 2306 ista
690 2254 930 2322 pericula
954 2255 1348 2320 praetergressis
1376 2255 1499 2319 fons
1522 2252 1905 2306 misericordia?

213 2326 313 2377 Dei
337 2326 596 2392 praecisus
626 2329 722 2376 est.
758 2325 878 2388 Qua
909 2324 1147 2380 venistis.
1181 2325 1426 2388 venient;
1461 2338 1570 2390 qua
1604 2324 1902 2390 transistis,

219 2396 552 2448 transibunt.
617 2395 894 2448 Molestum
943 2398 1017 2446 est
1047 2392 1266 2460 quidem
1299 2399 1348 2447 et
1382 2395 1608 2447 nimium
1637 2394 1901 2462 periculo-

215 2479 356 2529 sum,
389 2471 438 2519 et
461 2480 560 2533 pro
609 2470 747 2518 certo
788 2465 1084 2530 emitiabile,
1127 2463 1270 2530 quod
1325 2480 1359 2516 a
1396 2465 1546 2517 nobis
1595 2466 1905 2532 frequenter

219 2537 508 2602 admoniti,
546 2551 652 2588 non
694 2538 1024 2602 ignorantes,
1074 2534 1167 2588 sed
1194 2536 1415 2587 scientes
1453 2539 1691 2602 peccant.
1728 2535 1905 2588 Aliter

212 2611 392 2659 autem
426 2607 514 2659 ille
557 2608 653 2673 qui
689 2621 794 2658 non
843 2608 990 2657 novit
1039 2605 1183 2671 quod
1217 2606 1419 2670 fugiat.
1453 2605 1557 2659 Sed
1581 2620 1674 2658 nec
1702 2605 1903 2658 talibus

213 2677 495 2744 desperari
515 2676 700 2744 (codd.
738 2675 1044 2743 desperare)
1066 2674 1258 2728 debere
1286 2675 1556 2728 evidenter
1575 2676 1805 2728 ostendit
1824 2675 1902 2727 di-

209 2750 352 2799 vina:
392 2746 772 2800 misericordia
826 2745 1161 2812 magnitudo,
1213 2760 1329 2812 qua:
1378 2760 1484 2798 non
1523 2747 1639 2798 vult
1682 2749 1902 2798 mortem

207 2820 525 2885 peccatoris,
549 2817 642 2870 sed
661 2819 1075 2870 utconvertatur
1095 2819 1141 2868 et
1160 2817 1328 2868 vivat.
1355 2816 1600 2882 Denique
1648 2816 1704 2867 in
1753 2815 1902 2868 beato

2025 423 2703 494 mulierumAetperniciosa
2736 421 3103 476 blandimenta
3125 428 3388 490 vicerunt,
3423 429 3560 494 quid
3580 430 3645 482 de
3665 445 3719 482 se

2025 495 2262 557 cogitant
2291 492 2377 544 illi
2390 494 2486 558 qui
2508 507 2625 545 cum
2646 496 2919 545 etetraneis
2942 496 3257 550 mulieribus
3280 512 3383 548 non
3404 492 3572 551 selum
3600 515 3719 552 con-

2023 565 2250 627 versari,
2284 563 2377 615 sed
2415 564 2574 614 etiam
2604 565 2659 615 in
2682 578 2790 615 una
2822 564 2973 616 domo
3005 581 3239 631 manere,
3272 570 3510 621 convivio
3533 585 3715 623 earum

2024 635 2479 704 autfrequenter,
2514 637 2610 704 aut
2637 647 2872 704 semper
2921 637 3169 690 interesse
3183 653 3273 690 nec
3309 643 3572 704 metuunt,
3625 656 3715 692 nec

2023 703 2369 777 erubescunt.
2405 706 2479 755 De
2515 703 2730 777 talibus
2759 707 2808 777 et
2853 710 3023 777 potest
3051 712 3101 759 et
3129 706 3278 760 debet
3304 708 3432 769 dici,
3467 703 3611 777 quOd
3649 711 3716 762 de

2021 774 2192 848 vidua
2211 773 2465 826 deliciosa
2494 772 2638 848 discit
2672 772 2831 848 [Cod
2861 775 3038 828 Fesul.
3075 777 3226 845 dicit]
3248 772 3561 848 Apostolus,
3583 783 3715 848 quia

2020 846 2207 898 vivens
2237 848 2451 897 mortua
2477 847 2570 897 est.
2604 844 2891 912 Admonet,
2935 851 3040 897 etc.

2093 915 2160 967 N.
2192 916 2243 968 4.
2275 913 2401 967 Hoc
2427 920 2703 982 peccatum
2727 930 2831 969 non

2019 985 2148 1049 fecit
2180 984 2377 1052 David,
2411 987 2522 1038 etc.

2091 1124 2233 1178 Ibid.
2309 1127 2478 1178 Tanto
2543 1127 2600 1177 in
2667 1127 2830 1178 Deum

2018 1197 2294 1258 intentior,
2343 1201 2543 1263 quanto
2582 1197 2828 1248 miserior

2018 1267 2323 1318 videbatur.
2383 1267 2518 1319 Utile
2564 1267 2826 1331 quiddam

2018 1341 2095 1389 est
2127 1337 2407 1389 tribulatio
2435 1356 2448 1402 ;
2479 1337 2611 1389 utile
2637 1337 2830 1390 medici

2016 1408 2427 1473 ferramentum,
2495 1422 2657 1474 quam
2707 1407 2827 1460 dia-

2019 1477 2125 1530 boli
2174 1480 2575 1530 tentamentum.
2630 1479 2826 1532 Factus

2017 1551 2112 1610 est,
2147 1551 2251 1600 etc.
2289 1547 2421 1600 Vide
2465 1563 2582 1600 var.
2644 1547 2820 1603 Maur.

2089 1617 2226 1671 Ibid.
2261 1619 2535 1671 Pressura
2592 1620 2787 1672 caruit.

2087 1687 2224 1758 Ibid.
2323 1689 2476 1742 Valet
2555 1688 2648 1742 hoc
2706 1705 2829 1758 ergo

2011 1757 2333 1827 ememplum.

2084 1829 2146 1881 Ν.
2202 1833 2250 1882 5.
2296 1829 2406 1882 Sed
2445 1831 2653 1895 factum
2713 1833 2820 1882 est:

2012 1898 2247 1952 dixerim
2287 1900 2392 1953 haec
2449 1902 2522 1952 eis
2571 1901 2667 1966 qui
2718 1915 2824 1952 non

2011 1972 2402 2023 commiserunt.

2083 2039 2226 2094 Ibid.
2263 2042 2324 2094 Si
2339 2055 2460 2093 vero
2482 2041 2684 2109 aliquis
2700 2041 2821 2108 jam

2011 2110 2196 2177 lapsus
2243 2111 2348 2164 haec
2393 2110 2571 2174 audii,
2622 2117 2670 2164 ct
2713 2112 2817 2164 ali-

2011 2180 2144 2247 quid
2193 2183 2251 2233 in
2299 2183 2623 2235 conscientia
2685 2183 2820 2234 mali

2011 2255 2189 2320 tenens
2214 2267 2229 2317 ;
2262 2251 2424 2305 verba
2439 2253 2641 2320 psalmi
2658 2253 2820 2318 hujus

2011 2319 2292 2374 advertat:
2329 2319 2576 2376 attendat
2597 2323 2816 2390 quidem

2009 2391 2264 2456 vulneris,
2303 2398 2389 2445 etc
2403 2433 2415 2446 .

2084 2461 2224 2515 Ibid.
2262 2465 2379 2517 Non
2425 2463 2666 2531 desperet
2700 2479 2815 2517 me-

2011 2531 2122 2585 dici
2141 2533 2501 2600 majestatem.

2083 2601 2224 2656 Ibid.
2277 2605 2440 2659 Nemo
2486 2618 2609 2670 ergo
2649 2603 2818 2670 dicat,

2009 2671 2071 2726 Si
2099 2673 2226 2740 jam
2271 2673 2482 2741 aliquid
2534 2675 2668 2726 mali
2717 2677 2824 2740 feci

2011 2741 2353 2796 damnandus
2388 2757 2530 2797 sum.

2082 2812 2224 2866 Ibid.
2266 2815 2444 2867 Fruar
2495 2814 2588 2867 hoc
2635 2815 2823 2868 saeculo

209 2883 390 2965 David
439 2889 563 2965 hoc“
583 2888 1025 2965 manifestissime
1073 2887 1350 2965 impletum
1388 2901 1497 2965 esse
1541 2888 1901 2964 cognoscimus
1941 2909 1981 2963 ρ
2114 2883 2407 2965 voluptate,
2469 2886 2527 2965 in
2571 2886 2818 2965 lascivia,

213 2957 317 3022 (sic
357 2958 477 3011 cod.
527 2957 706 3011 Fesul.
761 2957 882 3010 cod.
936 2958 1084 3021 Μῦς.
1119 2957 1475 3022 cognovimus)
1525 2957 1680 3024 cujus
1700 2971 1898 3024 pecca-

210 3033 325 3081 tum
354 3044 474 3082 cum
523 3028 703 3081 dolore
749 3027 963 3094 quidem
1007 3027 1234 3079 dicimus
1281 3031 1330 3079 et
1362 3031 1602 3090 tremore,
1636 3031 1740 3080 etc.
1778 3028 1896 3079 Cic-

209 3105 332 3152 tera
370 3103 687 3168 sequuntur
714 3104 779 3151 ut
809 3098 1016 3165 legitur
1045 3097 1104 3149 in
1137 3096 1266 3168 edit.
1300 3097 1464 3148 initio
1515 3111 1674 3149 num.
1708 3099 1756 3149 2.

284 3171 346 3222 N.
416 3165 468 3223 2:
540 3169 713 3236 Hujus
776 3170 1018 3222 mulieris
1165 3167 1490 3220 Iid.Beatus
1535 3169 1674 3220 enim
1721 3165 1899 3220 David

204 3241 396 3293 umoris
419 3241 605 3293 alienae
616 3238 1020 3308 pulchritudine

207 3315 422 3382 captus,
455 3314 552 3363 etc.
672 3376 678 3382 _

283 3381 423 3448 Ibid.
451 3383 647 3434 Missus
672 3378 771 3434 'est
800 3378 873 3432 ad
903 3393 1020 3432 eum

206 3453 430 3508 Nat/ian
451 3452 736 3520 propheta,
769 3453 964 3504 missus
986 3465 1018 3503 a

208 3523 448 3576 Domino.

282 3594 346 3646 N.
380 3596 429 3646 3.
464 3593 582 3648 Non
634 3606 756 3657 ergo
788 3590 1018 3646 cadendi

206 3664 526 3732 exemplum.

278 3803 422 3858 Ibid.
457 3804 517 3859 Si
555 3802 756 3870 David,
790 3819 886 3856 cur
914 3817 1019 3856 non

205 3879 254 3928 et
275 3889 368 3942 ego
392 3877 429 3928 ?'

283 4013 422 4067 Ibid.
459 4015 575 4069 Non
615 4015 854 4067 imitaris
902 4014 1018 4081 ejus

204 4087 564 4149 sanctitatem,
640 4085 732 4138 sed
779 4086 1015 4139 imitaris

207 4159 445 4209 ruinam.

277 4226 417 4279 Ibid.
451 4226 569 4279 Alii
588 4241 711 4279 vero
740 4226 1020 4279 audientes

207 4297 522 4364 salubriter,
583 4299 639 4349 in
685 4312 812 4350 casu
855 4299 1018 4362 fortis

208 4370 507 4420 metiuntur
651 4369 1022 4435 inﬁrmitatem

205 4452 390 4503 suam;
414 4443 462 4490 et
483 4438 626 4506 quod
645 4438 887 4505 damnat,
912 4442 1016 4493 etc.

216 4507 352 4560 Vide
383 4524 496 4561 var.
535 4510 710 4562 Maur.

281 4647 424 4702 Ibid.
450 4648 708 4701 Devitare
729 4651 1018 4716 cupientes,

209 4718 277 4772 ab
298 4724 516 4786 aspectu
536 4734 720 4773 securo
751 4720 1020 4773 abstinent

209 4791 411 4844 oculos:
471 4805 577 4842 non
642 4804 725 4842 eos
782 4789 1020 4857 deﬁgunt

210 4863 267 4913 in
297 4860 726 4927 pulchritudine,
770 4865 876 4912 etc.

283 4931 422 4983 Ibid.
462 4933 525 4984 Ut
551 4933 715 4999 parvi
739 4931 912 4984 nolint
942 4934 1018 4984 vi-

212 5002 334 5052 dere
378 5001 520 5054 unde
561 5003 769 5068 possint
808 5001 1014 5054 cadere.

211 5075 530 5140 Reprimunt
559 5075 720 5136 enim,
745 5076 850 5126 etc.

284 5211 424 5266 Ibid.
467 5215 584 5269 Non
629 5214 806 5265 levant
850 5215 1023 5269 oculos

212 5286 420 5348 faciles.

287 5425 424 5478 Ibid.
490 5425 721 5478 Attende
784 5441 1018 5481 securus.

285 5496 425 5549 Ibid.
479 5496 756 5559 Nmnpu'rl
806 5502 862 5551 tu
897 5500 1017 5563 for-

216 5571 320 5620 tior
349 5583 511 5634 quam
543 5568 760 5619 David?
809 5569 1015 5623 Admo-

218 5647 322 5694 net.
361 5650 467 5690 He.

1092 3239 1279 3290 umoris
1296 3238 1483 3291 alime
1495 3237 1902 3306 pulchritudine

1093 3314 1304 3376 captus,
1337 3314 1442 3361 etc.

1163 3378 1266 3432 Iid.
1308 3381 1506 3432 Missus
1564 3381 1641 3432 est
1689 3377 1762 3430 ad
1785 3392 1903 3430 eum

1093 3449 1315 3504 Nathan
1344 3450 1613 3518 propheta
1660 3463 1694 3501 a
1714 3449 1901 3501 Domi-

1086 3535 1174 3574 ηο.

1161 3590 1262 3646 Iid.
1308 3592 1424 3646 Non
1472 3593 1613 3644 enim
1673 3587 1906 3643 cadendi

1091 3663 1412 3730 ememplum.
1442 3660 1578 3714 Cod.
1623 3660 1807 3713 Fesul.
1839 3663 1904 3712 ut

1092 3731 1250 3796 edit.,
1284 3734 1403 3787 Non
1431 3745 1574 3799 ergo.

1165 3802 1268 3856 Iid.
1293 3803 1353 3857 Si
1384 3808 1562 3855 autem
1601 3799 1774 3855 David
1801 3799 1900 3853 ad-

1092 3874 1347 3927 ulterium
1431 3873 1713 3936 commisit,
1807 3885 1903 3924 cur

1091 3958 1195 3997 non
1215 3948 1264 3997 et
1302 3958 1394 4009 ego
1415 3942 1443 3996 ?

1163 4014 1265 4067 Iid.
1322 4016 1437 4069 Non
1483 4013 1718 4066 imitaris
1785 4012 1900 4079 ejus

1089 4087 1448 4149 sanctitatem,
1479 4083 1572 4138 sed
1625 4083 1860 4135 ruinam.

2012 2955 2073 3006 in
2096 2953 2396 3022 cupiditate
2425 2956 2663 3019 nefaria.

2082 3023 2226 3078 Ibid.
2259 3025 2376 3078 Iste
2405 3040 2528 3092 ergo
2554 3026 2817 3094 psalmus,

2009 3095 2148 3148 sicut
2177 3100 2363 3148 cautos
2395 3095 2552 3161 facit,
2575 3100 2676 3148 etc.

2081 3162 2224 3218 Ibid.
2255 3165 2414 3218 Audi
2437 3168 2644 3232 ﬂentem
2664 3170 2713 3220 et
2739 3167 2817 3219 la-

2009 3249 2220 3302 crymas
2243 3236 2450 3303 junge;
2482 3236 2618 3290 audi
2645 3252 2818 3291 corre-

2011 3310 2151 3358 ctum
2182 3312 2230 3359 et
2264 3305 2639 3360 condelectare.

2083 3374 2224 3429 Ibid.
2287 3379 2483 3430 Missus
2559 3383 2635 3431 est
2682 3379 2820 3430 enim

2011 3444 2084 3498 ad
2139 3447 2301 3499 istum
2351 3450 2530 3500 virum
2600 3450 2821 3503 Nathan

2005 3517 2272 3585 propheta
2297 3533 2310 3571 :
2400 3518 2613 3572 attende
2677 3521 2819 3585 regis

2012 3587 2386 3642 humilitatem.
2443 3591 2562 3645 Non
2615 3591 2821 3657 respuit

2009 3657 2174 3710 verba
2251 3660 2640 3726 praecipientis,
2716 3675 2822 3712 non

2011 3727 2198 3782 dixit:
2249 3730 2434 3783 Audes
2489 3731 2627 3783 mihi
2674 3730 2822 3797 loqui

2009 3800 2167 3873 regi?
2226 3801 2364 3873 Rev
2402 3800 2651 3873 sublimis
2692 3802 2821 3873 Dro-

2003 3869 2224 3936 phetam
2253 3870 2496 3935 audivit;
2528 3870 2678 3937 plebs
2705 3869 2821 3937 ejus

2012 3938 2233 3992 humilis
2276 3941 2555 3995 Christum
2604 3940 2816 3997 audiat.

2008 4080 2124 4133 Rea:
2189 4081 2439 4134 sublimis
2503 4082 2821 4151 prophetam

2011 4151 2281 4204 Christum
2314 4153 2530 4206 audiat.

1164 4225 1266 4279 Iid.
1308 4224 1412 4280 Sed
1456 4225 1578 4277 boni
1608 4225 1740 4286 viri,
1789 4223 1900 4276 Ec-
1941 4195 1983 4249 Ι)
2615 4225 2739 4287 haec,
2771 4228 2821 4278 et

1095 4297 1264 4350 etesiae
1321 4297 1444 4364 ﬁlii,
1495 4299 1544 4348 et
1599 4297 1655 4347 in
1694 4294 1906 4348 Christi

1096 4383 1276 4421 amore
1324 4367 1570 4434 perfecti,
1625 4364 1904 4417 audientes

1097 4443 1205 4492 tam
1275 4437 1450 4491 sancti
1501 4437 1613 4488 viri
1660 4437 1899 4497 ruinam,

1091 4507 1709 4574 metuuntinﬁrmitatem
1725 4520 1900 4570 suam,

1093 4583 1142 4632 et
1168 4579 1312 4645 quod
1341 4578 1584 4642 damnat,
1618 4581 1722 4629 etc.

1165 4649 1267 4702 Iid.
1324 4650 1569 4702 Devitare
1611 4648 1898 4714 cupientes,

1093 4721 1365 4773 abstinent
1424 4719 1618 4782 oculos,
1671 4732 1777 4770 non
1819 4729 1902 4769 eos

1093 4791 1335 4859 deﬁgunt
1409 4791 1466 4842 in
1539 4786 1904 4857 pulchritudi-

1090 4877 1228 4925 nem,
1267 4865 1368 4914 etc.

1164 4931 1266 4984 Iid.
1338 4933 1401 4984 Ut
1457 4931 1620 4999 parvi
1665 4943 1769 4982 non
1805 4943 1902 4999 ica-

1092 5001 1246 5066 dant,
1301 5004 1407 5054 imo
1459 5002 1677 5054 timeant
1722 4998 1903 5053 videre

1091 5073 1232 5125 unde
1269 5074 1481 5141 possint
1545 5070 1752 5125 cadere.
1810 5072 1904 5124 Re-

1091 5146 1336 5211 primunt
1364 5157 1510 5209 ergo,
1547 5147 1652 5195 etc.

1169 5215 1306 5269 Cod.
1363 5213 1516 5281 Mug.
1569 5214 1687 5267 Non
1727 5211 1904 5264 leva-nt

1097 5287 1270 5339 oculos
1335 5285 1517 5350 facile,
1598 5281 1778 5334 Fesul.
1839 5285 1903 5332 ut

1098 5355 1234 5408 edit.
1264 5356 1469 5421 faciles.
1876 5378 1892 5398 ι

1168 5426 1339 5479 Codd.
1383 5423 1635 5479 Attendis
1667 5435 1900 5476 securus.

1163 5496 1271 5550 Iid.
1304 5494 1579 5562 Numquid
1615 5499 1672 5547 tu.
1701 5495 1898 5562 fortior

1095 5567 1325 5620 David?
1371 5561 1521 5619 Dirit
1560 5567 1697 5618 enim
1760 5561 1904 5630 quod

1095 5655 1186 5690 nec
1225 5637 1397 5690 David
1423 5639 1640 5700 fortior,
1675 5651 1763 5687 nec
1797 5637 1902 5687 Sa—

1100 5711 1302 5761 lomone
1349 5715 1495 5775 potes
1546 5723 1653 5760 esse
1682 5707 1903 5773 sapien-

2011 4287 2098 4344 dic
2128 4306 2244 4345 cum
2273 4294 2384 4347 illo.

2082 4499 2231 4556 Ibid.
2272 4505 2508 4558 Subveni
2536 4508 2695 4572 gravi
2710 4506 2819 4558 vut-

2010 4573 2129 4632 ne-ri
2213 4576 2502 4628 secundum
2567 4591 2820 4644 magnam

2009 4644 2333 4702 medicinam
2365 4651 2530 4699 tuam.

2084 4715 2225 4771 Ibid.
2286 4718 2389 4769 Iste
2461 4716 2638 4770 David
2713 4731 2820 4770 non

2005 4790 2201 4859 posset
2221 4786 2420 4840 dicere.

2083 4857 2226 4912 lbid.
2299 4862 2353 4909 et
2408 4861 2459 4909 '7.
2542 4858 2648 4910 Sed
2701 4873 2818 4911 ma-

2010 4946 2174 4999 gnam
2210 4927 2652 4982 misericordiam.
2695 4931 2818 4982 Ma-

2009 5005 2092 5067 gis
2131 5001 2432 5067 magisque,
2486 5004 2589 5050 etc.
2640 5015 2820 5069 usque

2011 5073 2082 5125 ad
2113 5072 2236 5124 haec
2288 5069 2457 5122 verba
2505 5069 2634 5124 Vide
2681 5073 2822 5124 enim

2013 5157 2166 5212 quem
2199 5143 2428 5195 invoces.

2083 5353 2232 5406 Ibid.
2298 5353 2648 5420 Responderit
2713 5355 2818 5404 Da-

2008 5424 2123 5488 vid,
2204 5423 2577 5491 responderint
2653 5424 2816 5490 lapsi,

2008 5494 2379 5563 responderint
2421 5511 2538 5546 cum
2626 5494 2815 5559 David,

2010 5570 2068 5619 ut
2105 5565 2531 5618 misericordiam
2579 5580 2820 5618 merean—

2013 5643 2118 5690 tur.

2981 917 3081 969 Iid.
3163 916 3508 972 Adulterium
3572 924 3711 975 enim

2906 987 3068 1040 simul
3105 992 3153 1038 et
3211 989 3558 1044 homicidium
3607 1007 3711 1045 non

2905 1059 3034 1120 fecit
3065 1057 3262 1122 David,
3284 1063 3387 1110 etc.

2977 1127 3076 1179 Iid.
3135 1130 3303 1181 Tanto
3359 1131 3416 1181 in
3499 1133 3716 1185 Domini

2904 1199 3330 1252 misericordiam
3432 1202 3707 1266 intentior,

2904 1273 3104 1334 quanto
3125 1271 3375 1322 miserior
3406 1271 3708 1326 videbatur.

2904 1339 2980 1390 At
3011 1339 3103 1390 ubi
3130 1340 3314 1403 factus
3341 1345 3437 1401 est,
3462 1345 3566 1395 etc.

2979 1619 3068 1672 Id.
3101 1622 3374 1675 Pressuris
3406 1624 3602 1676 caruit.

2975 1689 3077 1743 Iid.
3165 1691 3354 1746 Valeat
3419 1693 3513 1747 hoc
3586 1708 3710 1760 ergo

2900 1763 3220 1828 exemplum.

2975 1831 3074 1884 Iid.
3123 1830 3375 1885 Audiant
3450 1832 3556 1886 haec
3613 1837 3710 1900 qui

2898 1900 2992 1955 hoc
3045 1904 3248 1956 malum
3289 1917 3394 1956 non
3439 1907 3708 1958 commise-

2894 1977 3040 2024 runt

2965 2043 3065 2096 Iid.
3099 2043 3160 2097 Si
3187 2057 3309 2096 vero
3343 2044 3544 2110 aliquis
3583 2045 3704 2112 jam

2893 2112 3079 2180 lapsus
3111 2114 3217 2167 haec
3255 2114 3486 2179 audivit,
3520 2118 3570 2168 et
3610 2116 3702 2168 ni-

2890 2185 2995 2236 mio
3052 2184 3262 2237 sceleris
3318 2185 3549 2251 pondere
3608 2201 3704 2252 0p-

2888 2268 3108 2321 pressus
3139 2254 3424 2322 desperare
3455 2255 3576 2322 jam
3603 2271 3701 2308 ca:-

2885 2327 2995 2392 pit,
3030 2324 3278 2378 attendat
3301 2325 3557 2392 vulneris,
3595 2334 3701 2379 etc.

2963 2464 3064 2517 Iid.
3119 2468 3235 2520 Non
3299 2465 3540 2533 desperet
3590 2481 3704 2518 me-

2897 2535 3006 2588 dici
3029 2539 3360 2602 potestatem.

2968 2605 3069 2657 Iid.
3102 2607 3261 2661 Nemo
3301 2606 3468 2669 dicat,
3519 2606 3633 2672 Ego
3653 2608 3703 2658 si

2889 2675 3009 2742 jam
3096 2674 3318 2741 aliquid
3390 2675 3525 2728 mali
3575 2678 3701 2742 feci,

2895 2745 3184 2799 damnatus
3211 2760 3349 2798 sum.

2968 2814 3070 2868 Iid.
3103 2817 3281 2868 Fruar
3309 2816 3498 2870 szeculo
3527 2817 3584 2868 in
3607 2831 3701 2868 vo-

2898 2886 3104 2953 luptate
3135 2887 3357 2951 lasciva,
3390 2889 3450 2939 in
3479 2885 3705 2954 cupidi-

2898 2961 3007 3009 tate
3033 2957 3274 3022 nefaria.

2965 3025 3070 3081 Iid.
3129 3029 3268 3080 Deus
3327 3029 3466 3080 enim
3503 3030 3702 3092 noster,

2901 3098 3041 3150 sicut
3071 3102 3255 3151 cautos
3275 3099 3432 3162 facit,
3455 3100 3558 3149 etc.

2966 3166 3069 3220 Iid.
3136 3168 3296 3220 Audi
3357 3171 3586 3234 ﬂentem,
3655 3171 3704 3220 ct

2893 3239 3278 3305 collacrymare
3306 3254 3319 3302 ;
3363 3237 3498 3292 audi
3527 3251 3702 3292 corre-

2893 3313 3034 3361 ctum
3059 3313 3108 3361 et
3135 3310 3416 3362 collatare.

2963 3379 3066 3432 Iid.
3117 3380 3315 3432 Missus
3352 3384 3430 3432 est
3464 3380 3609 3432 enim
3631 3378 3704 3431 ad

2896 3451 3071 3504 David
3117 3463 3293 3518 regem
3329 3452 3551 3504 Nat/ian
3579 3465 3703 3517 pro-

2889 3521 3072 3589 pheta.
3109 3520 3203 3573 Itle
3233 3525 3410 3574 autem
3447 3535 3552 3573 non
3577 3535 3699 3573 con-

2893 3591 3156 3644 sideravit
3181 3593 3334 3656 regni
3357 3592 3445 3643 sui
3461 3591 3706 3644 sublimi-

2896 3667 3077 3722 tatem,
3106 3661 3199 3715 sed
3232 3662 3452 3714 humilis
3485 3665 3533 3713 et
3553 3663 3702 3713 mitis

2893 3747 3016 3785 non.
3049 3733 3257 3800 respuit
3297 3731 3460 3783 verba
3509 3733 3704 3800 praeci-

2891 3804 3113 3870 pientis.
3146 3803 3262 3856 Non
3291 3801 3433 3854 dixit
3472 3799 3545 3852 ad
3573 3815 3698 3868 pro-

2892 3873 3147 3940 phetam:
3179 3874 3254 3925 Tu
3301 3887 3419 3924 cum
3449 3873 3522 3924 sis
3563 3887 3702 3939 pau-

2889 3959 2989 4011 per
3037 3948 3086 3996 et
3137 3943 3378 4005 humilis,
3443 3941 3702 4008 quomodo

2895 4028 3058 4067 ausus
3102 4028 3154 4066 es
3192 4015 3338 4080 loqui
3380 4013 3516 4065 mihi
3536 4012 3702 4075 regi?

2893 4084 3140 4149 audivit;
3192 4083 3428 4152 plebeius
3483 4082 3701 4136 humilis

2967 4223 3067 4278 Iid.
3091 4223 3246 4278 Audi
3272 4238 3396 4290 ergo
3427 4223 3553 4287 haec,
3575 4225 3700 4290 qui-

2895 4310 3117 4362 cumque
3190 4293 3414 4362 aliquod
3503 4297 3702 4346 crimen

2895 4365 3127 4433 capitale
3155 4365 3354 4430 fecisti,
3383 4367 3433 4417 et
3459 4363 3544 4417 dic
3583 4379 3699 4418 cum

2893 4437 3006 4489 illo.

2966 4505 3064 4558 Iid.
3113 4505 3346 4560 Subveni
3387 4507 3544 4571 gravi
3580 4503 3698 4556 vul-

2893 4578 3010 4629 neri
3065 4576 3353 4629 secundum
3445 4590 3699 4641 magnam

2893 4647 3319 4700 misericordiam
3350 4649 3518 4699 tuam.

2964 4717 3066 4770 Iid.
3099 4720 3206 4771 Hoc
3249 4717 3423 4771 David
3450 4729 3553 4768 non
3581 4729 3700 4782 pos-

2892 4793 2970 4842 set
2999 4789 3190 4841 dicere.

2967 4858 3069 4911 Iid.
3113 4857 3217 4913 Sed
3261 4870 3513 4922 magnam
3541 4855 3697 4907 inise-

2896 4928 3207 4982 ricordiam.
3250 4929 3345 4980 Dic
3398 4940 3540 4992 ergo,
3591 4926 3698 4978 Mi-

2893 5015 3064 5054 serere
3109 4999 3231 5063 mei,
3290 4997 3454 5063 Deus,
3513 5009 3698 5049 secun-

2895 5071 3024 5123 dum
3095 5082 3348 5134 magnam
3403 5067 3700 5120 misericor-

2896 5141 3046 5193 diam
3141 5143 3305 5192 tuam.
3402 5135 3507 5192 Sed
3579 5136 3700 5188 vide

2894 5225 3048 5279 quem
3079 5211 3305 5263 invoces.
3332 5207 3565 5272 Caetera,
3600 5207 3696 5259 de-

2895 5285 3046 5334 sunt.

2967 5350 3069 5403 Iid.
3129 5347 3464 5416 Respondeat
3508 5347 3698 5410 David,

2892 5421 3248 5489 respondeant
3281 5421 3442 5487 lapsi,
3482 5434 3698 5486 respon—

2893 5493 3054 5546 deant
3103 5507 3220 5544 cum
3281 5490 3474 5554 David,
3518 5495 3578 5542 ut
3606 5491 3704 5542 mi-

2894 5562 3244 5616 sericordiam
3285 5566 3702 5628 consequantur.

2897 5636 2984 5686 Sic
3015 5633 3137 5686 cod.
3179 5633 3358 5684 l’csul.
3386 5656 3398 5697 ;
3434 5630 3554 5683 cod.
3582 5631 3705 5683 Mu-

2901 5705 3009 5772 gcl.
3042 5710 3101 5757 ut
3124 5703 3178 5756 iu
3212 5703 3348 5756 edit.
