4068 6192
310 321 445 372 H99

376 438 440 491 N.
497 439 551 491 8.
611 434 836 502 Quando
888 432 963 486 ad
1032 446 1115 485 me

305 510 502 562 missus
532 510 609 561 est
629 500 920 574 propheta,
973 501 1118 555 etde
1190 517 1282 556 sus
1351 506 1430 556 est
1465 502 1733 571 propheta
1797 502 1895 570 qui
1942 500 2007 554 de

306 594 400 634 ove
424 578 705 646 pauperis,
740 580 847 628 etc.
880 645 887 646 ί
1017 644 1024 646 _
1192 575 1588 646 ooepauperis,
1614 577 1719 646 etc2

382 642 741 702 Ibid—Atille
756 645 972 713 profert
1003 644 1121 696 ira-
1268 642 1371 695 lid.
1419 644 1641 708 Profert
1681 643 1773 697 ille
1827 643 2008 705 iratus

308 724 394 774 tus
419 719 757 772 sententiam.
1196 715 1535 768 sententiam.

386 788 488 843 Iid.
564 790 635 842 Et
695 800 842 839 ovem
895 783 1127 837 redden-
1270 783 1372 837 Iid.
1407 785 1477 837 Et
1503 798 1650 836 ovem
1677 781 2011 837 reddendam

310 859 436 913 dam
476 859 534 911 in
589 855 975 925 quadruplum.
1029 854 1124 909 Se-
1196 855 1255 907 in
1318 850 1704 925 quadruplum.
1776 853 2008 925 Severis-

310 924 1119 994 verissime’atquejustissime.
1195 926 1328 979 sime
1381 929 1544 993 atque
1586 924 1889 994 justissime
1920 924 2009 991 ju-

308 1000 415 1056 Sed
437 993 737 1068 peccatum,
758 993 866 1051 etc.
1197 994 1423 1048 dicavit.
1526 993 1636 1047 Sed
1703 997 2004 1062 peccatum,

1197 1070 1302 1118 etc.

1270 1134 1374 1188 Iid.
1425 1133 1835 1187 Ferramentum
1881 1133 2012 1197 fecit

1200 1208 1338 1259 Deus
1385 1203 1450 1257 de
1484 1206 1671 1269 lingua
1717 1205 1854 1272 ejus.
1893 1204 2012 1257 Cie-

1201 1280 1458 1329 terorum
1506 1275 1654 1339 loco,
1680 1289 1827 1344 quae
1856 1273 2012 1344 desi-

826 1362 843 1401 .·
1197 1346 1472 1399 derantur
1499 1346 1558 1398 in
1589 1343 1783 1397 codice
1797 1343 2012 1397 baben-

311 1424 408 1474 tur
442 1417 777 1490 sequentia:
829 1420 900 1472 Et
946 1430 1043 1470 nos
1093 1429 1238 1483 ergo,
1291 1417 1495 1482 fratres
1536 1416 1823 1477 carissimi,
1849 1428 2012 1480 agno-

313 1495 512 1545 scentes
538 1490 856 1557 iniquitates
887 1492 1120 1551 nostras,
1169 1490 1433 1554 quantum
1470 1499 1776 1554 possumus,
1825 1490 2014 1538 contra

310 1561 483 1615 malas
530 1556 987 1627 concupiscentias
1032 1570 1432 1625 repugnemus:
1462 1556 1731 1624 ,jejuniis,
1773 1556 2010 1622 vigiliis,

315 1630 651 1686 orationibus
706 1633 757 1682 et
799 1627 1132 1696 largioribus
1170 1628 1511 1694 eleemosynis
1560 1627 1707 1680 mala
1734 1640 1851 1694 quae
1873 1627 2009 1691 feci-

383 1138 525 1195 Ibid.
586 1139 992 1193 Ferramentum
1049 1136 1126 1199 fe-

310 1212 386 1265 cit
430 1209 506 1264 de
572 1210 760 1276 lingua
825 1207 961 1276 ejus.
1017 1207 1127 1260 Hoc

242 1310 247 1317 τ
308 1282 460 1348 fecit,
500 1284 606 1334 etc.

1339 308 1694 364 VABIORUII
1736 307 2242 364 OI’L‘SCULORUM
2286 310 2341 361 S.
2389 304 2785 360 AUGUS'I'INI.

1260 429 1401 485 Ibid.
1435 430 1664 496 Quando
1681 429 1756 484 ad
1769 445 1851 484 me
1879 431 2004 484 mis-
2040 432 2083 486 A
2186 428 2330 484 Ibid.
2366 430 2647 497 Tanquam
2692 429 2928 495 purgato

2118 501 2266 555 oculo
2287 514 2391 568 quo
2418 501 2567 553 cerni
2588 499 2793 568 possit.

2191 641 2260 695 N.
2292 642 2374 695 l2.
2394 638 2619 694 Milibus
2640 637 2929 692 hereditas

2119 710 2253 766 data
2282 716 2380 766 est.

2189 782 2330 835 Ibid.
2389 779 2545 845 Quod
2575 778 2928 833 inoalidiori-

2118 852 2216 907 bus
2234 850 2503 906 exhibent.
2540 919 2548 920 ί
2652 914 2660 920 ⁸

2191 922 2334 987 Ibid,
2386 919 2635 990 Paciﬁcis
2715 921 2807 973 Dei
2859 920 2932 972 si-

2119 992 2372 1047 militudo
2413 997 2674 1060 tanquam
2701 991 2932 1057 perfecte

2121 1063 2459 1132 sapientibus
2550 1062 2931 1129 formatisque,

2120 1138 2224 1188 ctc.

2194 1205 2259 1258 N.
2299 1204 2381 1257 14.
2412 1203 2544 1259 Cum
2591 1199 2928 1266 maledicere,

2121 1275 2217 1330 hoc
2246 1275 2319 1329 sit
2346 1274 2552 1328 malum
2591 1271 2786 1326 dicere.

3672 300 3807 349 1200

3076 423 3142 503 Id
3148 465 3168 503 ._
3234 426 3517 503 Tanquam
3573 427 3823 503 purgato.

3001 496 3193 549 mentis
3253 496 3402 549 oculo
3491 509 3595 562 quo
3670 496 3822 546 cerni

2998 567 3194 636 possit.

3074 636 3156 691 Id.
3216 635 3441 689 Mitibus
3524 633 3819 689 hereditas

3001 707 3271 762 competit.

3072 773 3152 831 Id.
3189 775 3343 840 Quod
3371 777 3483 844 ipsi
3515 773 3815 831 invalidio-

3003 847 3157 902 ribus
3185 846 3456 900 emhibent.

3077 917 3159 972 Id.
3183 918 3402 984 Paciﬁci
3448 916 3708 970 dicuntur
3742 918 3815 983 ﬁ-

3006 990 3071 1043 lii
3099 989 3221 1051 Dei,
3265 987 3340 1041 ad
3375 986 3815 1051 similitudinem,

3007 1063 3268 1128 tanquam
3317 1059 3552 1127 perfecti
3595 1060 3819 1126 sapien-

3007 1135 3102 1194 tes,
3132 1130 3382 1195 formati,
3410 1133 3516 1182 etc.

3078 1199 3158 1254 Id.
3200 1199 3330 1254 Cum
3375 1198 3694 1253 maledicere
3721 1198 3817 1251 hoc

3008 1272 3082 1325 sit
3107 1269 3250 1339 quod
3276 1271 3482 1324 malum
3510 1268 3706 1325 dicere.

2798 1373 2928 1412 IDEI
2962 1373 3141 1413 LIBER.

2192 1451 2327 1503 Pars
2382 1448 2506 1519 ejus
2560 1448 2772 1501 iterum
2826 1445 3037 1517 legitur
3102 1462 3133 1499 ει
3181 1444 3295 1500 ﬁne
3325 1459 3382 1499 n.
3416 1447 3506 1513 2|,
3543 1442 3614 1498 ad
3640 1442 3821 1498 ﬁnem

2120 1552 2178 1591 n.
2212 1538 2281 1591 28
2303 1535 2365 1589 in
2396 1534 2538 1591 Bibl.
2576 1535 2866 1600 Laurent,
2903 1532 3041 1603 plut.
3069 1548 3201 1599 xvu,
3232 1530 3329 1585 fol.
3363 1533 3487 1585 220.

2193 1624 2338 1678 Edit.
2384 1623 2448 1678 N.
2498 1625 2589 1677 22.
2641 1625 2712 1676 Et
2740 1622 2858 1676 ideo
2887 1621 2937 1674 si

3079 1619 3210 1675 Cod.
3266 1618 3399 1673 Ideo
3454 1619 3593 1673 sicut
3648 1618 3822 1673 levius

312 1716 431 1756 mus
464 1700 814 1764 redimamus,
849 1688 909 1752 et
938 1713 1058 1752 cum
1099 1699 1196 1751 Dei
1233 1688 1509 1766 adjutbrio
1546 1698 1628 1750 ita
1655 1688 1806 1750 bonis
1839 1688 2009 1764 operi-
2043 1711 2083 1765 Β
2122 1696 2290 1751 levius
2320 1699 2397 1748 est
2422 1709 2569 1748 reum
2596 1708 2706 1747 esse
2720 1691 2937 1766 judicio
3007 1695 3085 1745 est
3114 1705 3264 1744 reum
3295 1704 3405 1744 esse
3420 1688 3825 1766 judicioquam

316 1773 412 1825 bus
440 1770 750 1825 studeamus
773 1760 1041 1834 insistere,
1078 1772 1139 1821 ut
1167 1782 1264 1822 nos
1295 1760 1369 1821 [id
1390 1771 1614 1835 peccata
1632 1760 1887 1836 pristina;
1900 1780 2008 1820 non
2043 1760 2079 1765 ⁷
2122 1781 2287 1833 quam
2322 1780 2471 1819 reum
2517 1777 2628 1819 esse
2671 1764 2934 1829 concilio;
3006 1776 3157 1836 reum
3180 1775 3291 1814 esse
3345 1760 3598 1827 concilio,
3628 1762 3712 1814 ita
3741 1761 3822 1813 le-

309 1845 520 1910 possint
563 1840 1004 1910 coucupiscentiz
1044 1841 1243 1892 nostrae
1290 1838 1605 1910 retrahere;
1652 1837 1746 1891 sed
1763 1850 2009 1906 perseve-

314 1908 497 1966 rantes
526 1912 586 1964 in
610 1911 757 1964 omni
783 1924 940 1978 opere
987 1909 1139 1973 bono,
1189 1924 1310 1962 cum
1334 1908 1603 1976 propheta
1633 1910 1855 1961 Domino
1884 1922 2010 1978 gra-

2117 1839 2246 1890 item
2265 1837 2456 1901 levius,
2471 1838 2578 1888 etc.

2190 1908 2254 1961 N.
2303 1909 2391 1960 26.
2468 1908 2539 1959 Et
2585 1904 2742 1968 vade,
2778 1905 2937 1972 prius

312 1984 419 2035 tias
483 1983 773 2047 referentes
812 1976 1117 2033 dicamus:
1168 1980 1450 2048 Dirupisti
1466 1979 1684 2032 vincula
1712 1992 1873 2044 mea;
1905 1976 2009 2031 tibi
2114 1978 2464 2032 reconciliare
2478 1977 2652 2042 fratri
2671 1980 2778 2029 tuo.

313 2051 629 2121 sacriﬁcabo
653 2051 885 2104 hostiam
915 2049 1117 2104 laudis.

563 2171 966 2229 ENARRATIO
1011 2173 1082 2227 IN
1119 2172 1441 2227 PSALMUM
1494 2171 1761 2226 LXXXIII.

391 2295 622 2367 Legitur
673 2295 797 2366 ejus
842 2311 975 2366 pars
1017 2294 1233 2365 aliqua,
1269 2309 1477 2364 nempe
1506 2292 1734 2347 numeri
1770 2295 1854 2357 lO,
1889 2294 2019 2363 post

312 2384 608 2439 exordium
657 2400 726 2437 ex
763 2398 1028 2437 sermone
1074 2398 1333 2436 CCLXXVIII
1397 2381 1688 2447 eductum,
1753 2380 1816 2435 in
1866 2380 2009 2434 Bibl.

315 2473 484 2544 Mugl.
545 2471 671 2526 cod.
726 2487 814 2539 xv,
854 2469 949 2524 fol.
1009 2472 1097 2538 22,
1141 2469 1238 2524 ubi
1289 2470 1399 2523 hoc
1429 2468 1790 2522 solummodo
1821 2484 2014 2522 anno-

320 2561 558 2615 tandum
591 2558 853 2625 occurrit,
887 2558 1039 2629 quod
1070 2558 1279 2611 horum
1332 2560 1491 2612 loco:
1544 2558 1684 2612 Ecce
1714 2558 1873 2612 habes
1906 2558 2016 2611 mi-

319 2649 689 2703 sericordiam.
741 2648 927 2703 Noluit
963 2654 1086 2701 tunc
1136 2650 1296 2713 Deus,
1353 2649 1454 2698 etc.
1535 2644 1776 2699 habetur
1816 2649 2012 2698 utrum

323 2737 541 2803 melius,
566 2735 843 2806 judicabit
873 2735 1083 2789 lector:
1140 2737 1269 2789 Ecce
1315 2734 1514 2789 habens
1565 2733 2015 2799 miscricordiam,
2064 2764 2072 2771 -

322 2826 496 2879 noluit
525 2828 651 2879 tunc
677 2825 834 2890 Deus,
867 2826 973 2876 etc.

627 2945 1032 3001 ENARRATIO
1083 2945 1153 2999 IN
1182 2944 1533 2999 PSALMUM.
1570 2945 1715 3000 CXV.

398 3068 630 3140 Legitur
678 3068 743 3123 in
788 3067 915 3122 cod.
969 3066 1180 3121 Cassin.
1238 3082 1488 3134 chxvui,
1534 3067 1633 3122 fol.
1674 3083 1733 3122 n.
1786 3069 1839 3133 3,
1871 3065 2025 3137 Ipost

320 3157 471 3213 haec:
496 3157 730 3212 Proinde
760 3158 1037 3211 verissime
1066 3155 1272 3209 dictum
1310 3160 1424 3211 est:
1475 3156 1660 3212 Omnis
1693 3157 1845 3210 homo
1877 3172 2021 3209 men-

321 3247 458 3309 dam,
480 3243 738 3300 additur:
788 3248 851 3300 In
882 3249 1095 3298 tantum
1133 3245 1275 3296 enim
1305 3260 1410 3297 non
1435 3249 1592 3298 erunt
1623 3244 1923 3312 mendaces,
1962 3246 2024 3297 in

330 3338 600 3403 quantum
627 3346 734 3386 non
762 3337 918 3386 erunt
950 3332 1223 3399 homines;
1279 3333 1535 3398 quoniam
1568 3331 1652 3384 dii
1685 3335 1845 3386 erunt
1874 3336 1924 3385 et
1953 3334 2023 3400 ﬁ-

332 3422 396 3476 lii
423 3420 716 3474 Altissimi.

618 3540 705 3594 DE
732 3538 1056 3597 SERMONE
1098 3537 1344 3593 DOMINI
1377 3540 1448 3594 ΙΝ
1482 3540 1736 3595 ΜΟΝΤΕ.

967 3676 1122 3716 LIBER
1172 3677 1386 3716 PRIMUS.

403 3753 538 3807 Pars
595 3751 717 3822 ejus
769 3750 1005 3822 legitur,
1045 3765 1252 3820 nempe
1299 3766 1332 3803 a
1361 3766 1418 3804 n.
1453 3753 1487 3804 2
1518 3752 1583 3805 ad
1615 3767 1667 3804 η.
1710 3755 1796 3819 l5,
1829 3767 2026 3807 versus

333 3839 611 3896 medium.
642 3839 703 3894 in
736 3838 878 3893 Bibl.
923 3837 1181 3909 Mugcl|.,
1231 3838 1358 3892 cod.
1407 3855 1497 3905 xv,
1530 3837 1626 3893 fol.
1658 3840 1762 3894 248
1811 3843 1868 3893 et
1898 3841 2021 3895 249.

352 3976 362 3987 .
405 3928 551 3983 Edit.
584 3928 650 3982 N.
683 3930 735 3982 2.
780 3927 886 3980 Per
909 3926 1141 3995 prophe-
1287 3925 1423 3981 Cod.
1509 3930 1654 3982 Dicit
1733 3929 2023 3998 Propheta,

334 4004 446 4055 tam
480 3998 707 4066 dicitur,
753 3999 1005 4061 Iustitia,
1033 4000 1139 4050 ctc.
1213 3999 1455 4064 Justitia,
1490 4005 1598 4052 etc.

408 4070 471 4125 N.
503 4073 559 4123 7.
610 4068 877 4134 Quoniam
903 4069 1143 4137 ipsorum
1290 4067 1365 4121 ld.
1417 4070 1555 4135 Quia
1599 4070 1842 4137 ipsorum
1877 4071 2027 4123 mise-

333 4139 693 4195 miserebitur.
1214 4137 1422 4191 rebitur
1477 4141 1632 4193 Deus.
1701 4138 1841 4192 Vide
1903 4155 2020 4195 var.

1219 4209 1392 4331 Matii;
1461 4213 1518 4263 et
1573 4210 1652 4263 sic
1735 4209 2020 4279 deinceps,

1219 4295 1255 4331 ιι
1385 4321 1397 4331 .

1216 4295 1255 4331 n
1316 4282 1397 4332 I2.

1288 4349 1369 4421 Id.
1427 4349 1630 4421 Quibus
1675 4350 1832 4404 nodis
1873 4348 2024 4421 [cod.

1220 4419 1368 4471 male
1393 4416 1591 4489 modis]
1624 4436 1720 4487 per
1756 4416 2028 4476 carnalem

1216 4489 1667 4555 consuetudinem,
1717 4506 1778 4544 ac
1824 4495 2029 4559 peccati

1217 4561 1422 4630 laqueis
1444 4564 1705 4614 teneatur.

1288 4630 1369 4685 Id.
1409 4631 1570 4686 Seccto
1622 4635 1801 4685 autem
1847 4631 2027 4700 gradu

1216 4706 1294 4756 est
1333 4700 1508 4755 cordis
1538 4701 1830 4756 munditia.

1291 4773 1373 4826 Id.
1433 4773 1703 4827 Postrema
1754 4777 1831 4828 est
1858 4775 2028 4843 septi-

1218 4859 1308 4898 ma
1337 4845 1459 4913 ipsa
1487 4844 1774 4912 sapientia.

1291 4914 1368 4969 Id.
1404 4913 1604 4971 Octava
1622 4928 1746 4967 vero
1762 4930 1871 4984 qua
1887 4914 2027 4969 dici-

1221 4988 1330 5046 tur,
1381 4986 1534 5040 Beati
1579 4985 1677 5052 qui
1712 4988 2029 5053 persecutio-

1217 5069 1343 5112 nem
1373 5057 1668 5125 patiuntur
1692 5061 1916 5126 propter
1929 5057 2026 5124 ju-

332 5128 564 5252 zgtiam,
589 5128 853 5252 tquqlniam
868 5124 1110 5196 ipsorum
1120 5128 1201 5181 est
1221 5124 1446 5195 regnum
1465 5127 1736 5192 caelorum,
1766 5124 2029 5195 tanquam

444 5213 584 5252 ca-nu
623 5214 680 5252 re
722 5215 743 5252 ι
774 5240 786 5251 .

444 5204 608 5253 caput
623 5200 786 5252 redit.

407 5266 549 5338 Ibid.
605 5270 796 5337 Itaque
848 5268 909 5320 in
962 5268 1148 5336 prima
1292 5266 1376 5322 Id.
1423 5269 1614 5337 Itaque
1659 5268 1718 5320 in
1762 5268 1950 5335 prima
1976 5270 2027 5320 et

336 5341 387 5389 et
427 5340 485 5391 in
514 5343 729 5401 ,octava
810 5339 1145 5394 nominatum
1217 5340 1278 5392 in
1308 5342 1496 5393 octava
1548 5339 1818 5392 sententia
1845 5338 2024 5391 nomi-

337 5409 449 5486 est_._
477 5475 488 5486 .
517 5479 527 5486 _
605 5477 639 5486 ᾖ
781 5478 792 5486 _
939 5478 978 5486 __
1018 5481 1048 5486 __
1214 5414 1404 5486 natum
1433 5412 1529 5486 est.

408 5474 554 5531 Ibid.
595 5477 731 5533 Cum
760 5478 885 5546 jam
917 5478 1139 5547 dicitur,
1288 5480 1370 5534 Id.
1424 5479 1563 5533 Cum
1586 5479 1708 5547 jam
1737 5479 2023 5547 quaeritur,

339 5546 475 5625 Quis
501 5550 882 5625 ηοβεερρναδέι
903 5550 986 5625 τη
1128 5546 1132 5547 ⁷
1214 5550 1344 5625 Quis
1370 5565 1475 5625 ηρξ
1496 5546 1812 5625 seseab“?

408 5616 475 5672 N.
523 5619 608 5671 Η.
667 5619 733 5673 Ut
807 5620 1144 5675 dimittamus
1234 5616 1241 5617 ⁷
1287 5621 1367 5675 Id.
1412 5622 1478 5675 Ut
1518 5616 1859 5675 dimittamus
1898 5620 2024 5674 aliis

338 5690 476 5743 sicut
529 5688 683 5743 nobis
731 5688 939 5742 dimitti
990 5693 1140 5745 volu-
1214 5693 1354 5746 sicut
1407 5691 1560 5746 nobis
1615 5691 1824 5746 dimitti
1879 5692 2025 5745 volu-

339 5772 473 5814 mus.
1213 5775 1331 5816 mus
1338 5802 1350 5815 .
1457 5771 1467 5789 ⁸

406 4351 471 4405 Ν.
509 4352 592 4405 I0.
628 4349 836 4416 Quibus
868 4349 1027 4402 nodis
1048 4363 1146 4416 per

334 4422 604 4476 carnalem
711 4419 1145 4474 consuetudinem

334 4508 397 4545 ac
430 4495 654 4560 peccata
681 4495 943 4545 teneatur.

404 4628 547 4684 Ibid.
613 4631 774 4686 Secuto
833 4631 1014 4699 gradu
1066 4633 1145 4685 est

334 4700 515 4757 cordis
531 4700 820 4754 munditia.

407 4770 548 4826 lbld.
599 4772 868 4825 Postremo
912 4774 992 4825 est
1063 4786 1145 4826 se-

334 4845 520 4915 ptima
547 4843 671 4915 ipsa
700 4843 989 4909 sapientia.

406 4912 547 4969 Ibid.
611 4912 815 4968 Octava
885 4916 1148 4982 tanquam

334 4984 411 5041 ad
437 4987 603 5056 caput
626 4983 788 5040 redit.

3006 1834 3150 1892 vius,
3183 1836 3289 1885 etc.

3082 1902 3162 1956 Id.
3228 1901 3366 1955 vade
3424 1902 3582 1970 prius
3631 1915 3819 1954 recon-

3001 1973 3187 2027 ciliari
3208 1974 3384 2038 fratri
3424 1978 3534 2026 tuo.

2864 2076 3018 2114 LIBER
3050 2076 3109 2114 II.

2193 2150 2423 2222 Legitur
2446 2148 2711 2221 quaedam
2759 2149 2883 2220 ejus
2920 2164 3073 2220 pars,
3115 2163 3323 2218 nempe
3364 2164 3398 2202 a
3428 2163 3485 2201 n.
3514 2148 3582 2202 46
3615 2162 3819 2201 versus

2120 2238 2299 2294 tinem
2354 2253 2540 2310 usque
2589 2237 2658 2292 ad
2682 2237 3063 2308 penultimam
3111 2236 3453 2291 sententiam
3492 2251 3551 2291 η.
3613 2236 3707 2305 38,
3764 2234 3827 2289 in

2124 2328 2264 2382 Bibl.
2296 2327 2556 2382 Laurent.
2592 2326 2736 2395 plut.
2773 2343 2905 2392 xvn,
2938 2325 3059 2380 cod.
3094 2341 3281 2392 xxxv,
3314 2324 3413 2380 fol.
3444 2326 3571 2378 235.

2196 2415 2337 2469 Edit.
2363 2416 2427 2469 N.
2456 2417 2544 2469 49.
2578 2416 2697 2470 Non
2738 2414 2935 2468 habere

2122 2486 2541 2541 sollicitudinem
2600 2488 2795 2539 animae
2838 2500 2932 2540 ve-

2122 2561 2264 2612 strz.

2197 2626 2336 2693 lbjd.
2368 2628 2438 2681 Et
2467 2626 2541 2680 ad
2568 2629 2692 2695 ipsa
2720 2627 2938 2695 conqui-

2124 2697 2295 2751 renda
2324 2703 2513 2751 nostra
2554 2696 2937 2765 deiorqueatur

2125 2770 2367 2822 intentio.

2200 2840 2264 2893 N.
2312 2841 2398 2892 52.
2450 2839 2557 2894 Nec
2602 2837 2851 2893 Salomon
2880 2838 2941 2891 in

2126 2911 2273 2963 omni
2292 2910 2468 2977 gloria
2493 2923 2592 2963 sua
2609 2909 2687 2962 sic
2712 2910 2939 2962 vestitus

2060 2989 2101 3045 c
2132 2985 2228 3034 est.

2205 3050 2267 3104 N.
2328 3052 2414 3105 56.
2485 3049 2662 3105 Nolite
2711 3050 2948 3117 cogitare

2132 3120 2198 3174 de
2228 3125 2481 3174 crastino.

2205 3192 2262 3245 Ε.
2327 3194 2413 3244 57.
2477 3191 2541 3244 In
2591 3189 2700 3243 illis
2763 3191 2947 3243 autem

2131 3261 2318 3315 diebus
2347 3259 2734 3316 descenderunt
2759 3258 2828 3313 ab
2856 3261 2942 3314 Je-

2130 3333 2437 3401 rosolymis.

2200 3402 2342 3454 Ibid.
2411 3403 2627 3456 Famem
2689 3414 2945 3467 magnam

2130 3473 2378 3538 futuram
2416 3474 2476 3526 in
2495 3472 2745 3525 universo
2776 3486 2942 3524 mun—

2133 3542 2223 3611 do,
2276 3557 2394 3610 quae
2448 3550 2497 3595 et
2542 3543 2697 3607 facta
2733 3545 2810 3594 est
2842 3542 2942 3595 sub

2133 3612 2371 3667 Claudio
2448 3611 2672 3668 Caesare.
2738 3613 2948 3666 Discen-

2134 3686 2267 3737 tium
2286 3686 2463 3737 autem
2473 3687 2533 3736 ut
2546 3684 2772 3751 quisque
2785 3682 2948 3736 abun-

2133 3753 2321 3817 dabat,
2353 3757 2661 3807 statuerunt
2691 3755 2948 3820 unusqui-

2132 3838 2264 3892 sque
2287 3838 2468 3878 eorum
2498 3826 2554 3877 in
2579 3825 2943 3877 ministerium

2132 3897 2342 3949 mittere
2351 3894 2687 3963 presbyteros
2700 3893 2945 3947 habitan-

2135 3964 2277 4019 tibus
2319 3966 2378 4019 in
2429 3965 2602 4019 Judea
2647 3964 2937 4031 fratribus,

2133 4037 2229 4104 qui
2257 4039 2308 4090 et
2324 4036 2586 4089 miserunt
2602 4049 2699 4102 per
2717 4050 2940 4089 manum

2132 4105 2397 4160 Barnabz
2413 4111 2461 4159 et
2483 4106 2656 4161 Sauli.

2206 4175 2348 4229 Ibid.
2410 4178 2477 4230 Ut
2542 4175 2737 4229 habent
2803 4174 2946 4230 unde

2138 4245 2371 4300 tribuere
2396 4248 2485 4301 cui
2508 4261 2640 4315 Opus
2668 4251 2764 4301 est.

2214 4386 2352 4510 ibid.
2385 4389 2652 4457 Respicite
2696 4388 2947 4443 volatilia

2232 4474 2271 4510 ῑ.

2138 4473 2271 4511 οωιῑ.

3080 2412 3216 2467 Cod.
3276 2416 3396 2468 Non
3446 2412 3645 2467 habere
3672 2412 3825 2464 solli-

3007 2483 3303 2539 citudinem
3350 2488 3404 2539 in
3459 2485 3707 2537 animam
3736 2499 3822 2534 vv-

3006 2560 3195 2610 stram.

3078 2626 3160 2679 Id.
3187 2627 3256 2680 Et
3285 2623 3359 2677 ad
3387 2624 3495 2677 ista
3510 2628 3828 2693 conquiren-

3008 2696 3082 2750 da
3121 2696 3505 2764 detorquentur
3534 2696 3786 2747 intentio.

3087 2835 3170 2890 Id.
3214 2838 3318 2891 Nec
3346 2836 3597 2891 Salomon
3626 2837 3688 2887 in
3717 2849 3831 2887 om-

3010 2909 3073 2960 ni
3099 2907 3277 2974 gloria
3305 2921 3406 2960 sua
3428 2908 3506 2960 sic
3543 2909 3834 2974 coopertus

3013 2983 3109 3032 est.

3090 3047 3173 3102 Id.
3204 3046 3377 3103 Nolite
3425 3061 3551 3115 ergo
3605 3047 3838 3101 solliciti

3019 3134 3129 3174 esse
3158 3118 3222 3172 de
3251 3120 3507 3171 crastino.

3091 3188 3170 3243 Id.
3196 3191 3259 3244 In
3290 3189 3401 3242 illis
3426 3192 3606 3242 autem
3640 3186 3836 3240 diebus

3017 3264 3435 3329 supervenerunt
3464 3258 3533 3311 ab
3557 3258 3835 3325 Jerosoly-

3008 3346 3117 3385 ma.

3092 3400 3181 3455 Id.
3212 3403 3427 3455 Famem
3460 3413 3722 3465 magnam
3739 3400 3840 3465 fu-

3020 3474 3203 3526 turam
3261 3473 3320 3524 in
3365 3472 3624 3525 universo
3682 3470 3831 3534 orbe,

3019 3557 3137 3611 quae
3156 3547 3205 3595 et
3232 3542 3387 3607 facta
3426 3545 3505 3594 est
3531 3539 3633 3593 sub
3665 3540 3832 3596 Clau-

3019 3613 3128 3666 dio.
3145 3612 3412 3681 Discipuli
3439 3613 3638 3674 autem,
3664 3614 3836 3680 prout

3018 3685 3247 3752 quisque
3258 3682 3507 3743 habebat,
3520 3685 3836 3734 statuerunt

3016 3755 3076 3807 in
3104 3754 3466 3807 ministerium
3491 3755 3705 3805 mittere
3726 3753 3835 3805 ha-

3016 3823 3316 3878 bitantibus
3339 3826 3397 3875 in
3411 3822 3604 3876 Iudaea
3626 3823 3833 3888 fratri-

3016 3894 3133 3959 bus,
3183 3894 3328 3963 quod
3369 3897 3420 3946 et
3439 3894 3684 3958 fecerunt
3708 3895 3838 3945 mit-

3017 3968 3182 4019 tentes
3202 3981 3304 4034 per
3331 3977 3524 4018 manus
3562 3963 3837 4018 Barnabas

3017 4040 3065 4090 et
3084 4035 3259 4090 Sauli.

3015 4040 3065 4090 et
3084 4036 3259 4091 Sauli.

3088 4176 3172 4230 Id.
3236 4177 3304 4229 Ut
3343 4174 3538 4228 habeat
3562 4173 3705 4227 unde
3733 4176 3841 4226 tri-

3019 4247 3156 4305 buat,
3173 4248 3262 4301 cui
3279 4260 3411 4315 opus
3440 4250 3537 4299 est.
3562 4243 3684 4299 Vid.
3712 4259 3840 4298 var.

3018 4318 3196 4372 Maur.

3091 4387 3169 4442 ld'.
3200 4387 3485 4456 Respicite,
3522 4387 3728 4456 inquit,
3752 4400 3845 4439 vo-

3021 4459 3202 4513 latilia
3236 4458 3374 4512 cceli.

2544 4562 2613 4617 ΙΝ
2643 4562 2934 4618 JOANNIS
2955 4562 3419 4618 EVANGELIUM.

2713 4667 3009 4707 TRACTATUS
3035 4667 3249 4706 PRIMUS.

2209 4737 2441 4809 Legitur
2489 4737 2550 4791 in
2594 4737 2735 4792 Bibl.
2788 4739 2978 4804 Laur.,

3019 4739 3165 4809 plut.
3205 4755 3309 4793 xxx
3360 4737 3571 4805 siuist.,
3600 4736 3697 4790 fol.
3719 4736 3841 4790 60b

2139 4843 2170 4880 a
2200 4842 2256 4879 n.
2293 4829 2311 4879 l
2350 4841 2544 4879 versus
2576 4825 2806 4880 initium
2839 4842 3020 4897 usque
3053 4827 3125 4880 ad
3153 4843 3214 4883 n.
3248 4830 3302 4881 Il
3334 4841 3527 4880 versus
3546 4825 3834 4879 medium.

2212 4913 2355 4968 Edit.
2390 4914 2454 4968 N.
2484 4916 2537 4968 2.
2588 4918 2716 4984 Quae
2748 4919 2827 4970 est
2849 4915 2946 4982 ju-

2136 4987 2295 5040 stitia
2348 4999 2511 5053 quam
2566 4986 2721 5040 colles
2797 4988 2945 5039 exci-

2134 5055 2338 5125 piunt?
2412 5123 2417 5125 Α
2450 5124 2453 5125 ν
2714 5066 2729 5085 ’

2195 5124 2350 5178 Ibid.
2382 5123 2470 5179 Ab
2500 5127 2625 5194 ipsa
2677 5127 2947 5195 sapientia

2137 5196 2566 5250 illustrarentur.

2210 5267 2270 5320 D.
2334 5269 2384 5320 3.
2421 5267 2537 5331 Quo
2586 5267 2815 5336 quisque
2852 5284 2947 5322 na-

2134 5338 2247 5390 vim
2278 5352 2398 5391 cum
2437 5339 2735 5405 impulerit,
2788 5341 2948 5393 solvi-

2138 5412 2246 5461 tur.

2209 5478 2273 5531 N.
2342 5478 2393 5531 4.
2464 5479 2582 5533 Non
2644 5477 2945 5534 valentibus

2130 5550 2408 5617 perciqere
2437 5564 2555 5616 qua:
2594 5555 2721 5604 sunt
2756 5550 2876 5604 Dei.

2206 5690 2272 5743 Ν.
2324 5693 2378 5743 7.
2424 5689 2529 5744 Sed
2578 5690 2722 5755 forte
2751 5690 2845 5747 hoc
2867 5690 2949 5746 di-

2133 5762 2278 5815 cotis.

3095 4915 3234 4970 Cod.
3272 4917 3402 4981 Qum
3432 4924 3510 4969 est
3538 4916 3648 4968 ista
3670 4916 3841 4981 justi-

3021 4988 3105 5041 tia
3127 5001 3291 5055 quam
3317 4985 3474 5041 colles
3504 4986 3791 5054 excipiunt
3813 4987 3842 5037 Ρ

3090 5126 3172 5181 Id.
3187 5128 3240 5180 Α
3249 5126 3279 5180 b
3291 5128 3415 5195 ipsa
3430 5128 3704 5196 sapientia
3714 5126 3842 5179 illu-

3023 5201 3386 5253 minarentur.

3091 5268 3172 5323 Id.
3226 5268 3340 5334 Quo
3389 5269 3619 5337 quisque
3654 5272 3842 5321 navim

3018 5354 3139 5393 cum
3167 5341 3465 5408 impulerit,
3507 5338 3765 5392 solvetur.

3090 5479 3176 5534 Id.
3222 5482 3342 5537 Non
3388 5478 3695 5534 valentibus
3722 5495 3843 5547 per-

3023 5552 3198 5634 cipere
3239 5566 3358 5620 quae
3417 5555 3543 5605 sunt
3596 5551 3842 5620 Spiritus

3021 5624 3177 5818 :ia.
3236 5692 3342 5748 Sed
3388 5694 3532 5760 forte
3578 5692 3674 5747 hoc
3702 5691 3840 5745 dici-
