4004 6182
194 316 311 364 1201

253 431 392 485 Ibid.
453 433 624 497 Quale
681 448 770 486 cor
833 437 982 500 levet,

181 503 400 567 videat;
442 505 575 571 quia
605 503 679 557 ad
705 506 986 559 Dominum

182 575 344 627 levat.

254 645 316 697 N.
355 646 407 698 8.
435 646 590 710 Ergo
629 649 678 698 et
719 645 820 698 Dei
856 647 984 700 Ver-

179 714 303 768 bum
357 717 536 769 sonuit
594 719 644 768 et
708 721 988 784 peractum

178 786 304 839 est?
329 785 597 850 Quomodo
637 789 834 852 omnia,
879 791 982 841 etc.

251 855 392 909 Ibid.
426 859 628 923 Manet,
664 858 759 910 hoc
801 862 987 911 trans—

175 926 425 980 euntibus
453 929 620 981 sonis.

252 998 321 1050 N.
387 999 438 1052 9.
498 998 707 1052 Videtis
747 1013 865 1066 qua
895 1004 986 1054 ta-

174 1083 341 1134 ceam,
365 1083 430 1122 ne
451 1068 570 1138 diu,
594 1073 698 1123 etc.

1530 313 1908 369 LECTIONES
1946 313 2350 368 VAIIIAN'I‘ES.

3529 317 3664 367 I202

1132 435 1211 487 Id.
1276 435 1465 511 Quale_
1491 450 1580 490 cor
1627 437 1758 511 levet
1787 437 1874 511 vi—_
1913 439 1956 493 Α
1987 441 2110 490 cata
2140 437 2412 504 gemendo,
2468 437 2790 506 jejunando.
2868 438 3142 511 gemendo,
3207 439 3535 507 patuitcndo,
3600 440 3678 511 jef

1059 505 1202 570 deat,
1236 510 1285 558 et
1313 521 1415 573 quo
1448 507 1614 574 levet;
1640 509 1773 575 quia
1801 507 1875 560 ad

1060 577 1358 629 Dominum
1390 578 1547 630 levat.

1130 647 1386 713 Id.Ergo
1438 649 1486 700 si
1534 651 1588 700 et
1640 648 1873 701 Verbum

1058 719 1156 771 Dei
1222 718 1420 780 sonuit,
1481 722 1531 770 et
1597 724 1873 785 peractum

1060 793 1156 853 est,
1187 787 1447 857 quo-modo
1493 791 1693 854 omnia,
1763 794 1869 841 etc.

1132 859 1213 911 Id.
1263 861 1481 913 Manent
1529 860 1635 912 haec
1685 865 1873 914 trans—

1060 929 1307 982 euntibus
1323 931 1486 982 sonis.

1133 999 1212 1053 Id.
1239 1000 1546 1068 Jubetisque
1569 1003 1628 1054 ut
1646 1003 1870 1066 taceam,

1058 1085 1124 1124 ne
1153 1069 1272 1138 diu,
1306 1076 1409 1124 etc.

825 1192 1118 1232 TRACTATUS
1147 1193 1216 1231 IV.

248 1261 476 1331 Legitur
508 1262 566 1316 in
600 1261 742 1316 Bibl.
799 1265 991 1332 Laur.,
1036 1265 1179 1336 plut.
1222 1280 1348 1331 xxx,
1401 1263 1608 1327 sinist.,
1660 1263 1784 1318 cod.
1822 1268 1871 1334 1,

2859 509 3128 577 junando.

2938 580 3018 632 Id.
3069 581 3132 632 In
3178 579 3333 634 rebus
3376 583 3671 650 prosperis,

2859 665 2926 704 ne
2967 654 3012 704 te
3041 651 3282 704 emtollat.

2054 578 2170 632 Ibd.
2231 580 2292 632 In
2337 578 2494 632 rebus
2515 582 2826 648 prosperis,

1983 664 2046 702 ne
2074 649 2315 704 extollat.

2619 786 2918 825 TRACTATUS
2944 787 3052 825 XVI.

2055 873 2288 942 Legitur
2315 873 2375 926 in
2408 873 2550 928 Bibl.
2588 875 2752 928 Laur.
2793 877 2935 946 plut.
2970 893 3099 944 xvn,
3129 877 3252 931 cod.
3302 893 3386 943 XL,
3418 877 3515 931 fol.
3551 881 3672 946 I2l,

1981 965 2039 1014 et
2080 962 2226 1030 plut.
2278 978 2429 1027 xvui,
2475 962 2600 1016 cod.
2662 979 2806 1027 xxrv,
2856 965 2953 1017 fol.
3003 967 3098 1020 139
3131 966 3180 1031 b,
3237 981 3270 1018 a
3319 981 3376 1018 n.
3419 967 3448 1018 3
3479 981 3672 1018 versus

1983 1050 2234 1104 medium
2292 1067 2474 1122 usque
2526 1051 2594 1104 ad
2644 1052 2818 1106 tinem
2860 1054 3047 1124 quoad
3076 1055 3199 1108 cod.
3234 1071 3334 1120 XL;
3368 1054 3490 1107 cod.
3519 1053 3672 1108 enim

1981 1155 2104 1192 xxw
2154 1140 2440 1194 concludit
2489 1145 2618 1194 ante
2667 1141 2788 1195 haec
2817 1143 2988 1196 verba
3008 1158 3167 1196 num.
3211 1147 3262 1212 7,
3317 1146 3380 1197 In
3407 1144 3506 1197 illa
3532 1146 3671 1197 enim

1980 1227 2228 1283 conditus
2260 1233 2355 1295 est,
2391 1233 2497 1283 etc.

172 1349 273 1405 fol.
304 1353 391 1416 97,
425 1366 456 1402 a
485 1366 542 1403 n.
583 1353 647 1405 10
679 1367 859 1422 usque
891 1353 959 1407 ad
991 1352 1186 1408 ﬁnem.

245 1437 389 1493 Edit.
455 1439 519 1492 N.
568 1442 648 1493 10.
711 1443 985 1496 Peccatum
1131 1441 1272 1496 Cod.
1371 1443 1594 1496 Peccata
1657 1441 1869 1498 mundi.

171 1509 382 1563 mundi.
404 1511 525 1564 Jam
545 1511 834 1568 intendite.
1061 1513 1208 1567 Unde
1246 1513 1366 1580 jam
1416 1513 1696 1567 intendite.
1746 1512 1868 1567 Vid.

1057 1599 1174 1636 var.
1223 1584 1397 1637 Maur.
1449 1584 1635 1636 Codex
1681 1587 1873 1637 noster

171 1650 345 1775 hgbtet
373 1665 600 1721 semper
632 1657 857 1722 peccata
886 1669 991 1724 pro
1021 1659 1319 1723 peccatum,
1353 1654 1504 1725 quod
1537 1653 1778 1708 habetur
1806 1654 1865 1708 in

173 1737 201 1775 e
253 1739 264 1774 ι
301 1761 311 1774 .

173 1723 311 1776 edit.

246 1808 386 1863 Ibid.
417 1809 522 1865 Sed
542 1812 663 1878 quis
695 1812 982 1866 innocens?

171 1885 436 1948 quantum
457 1883 704 1935 innocens
720 1882 747 1936 ἓ)

245 1950 383 2006 Ibid.
420 1951 608 2007 Omnes
638 1967 704 2006 ese
743 1953 840 2007 illa
862 1957 978 2006 tra-

171 2020 326 2075 duce.

245 2091 384 2146 Ibid.

170 2165 426 2230 sumpsit.

247 2233 315 2286 N.
379 2237 458 2286 11.
511 2232 647 2286 Cum
700 2237 773 2288 sit
833 2233 984 2288 homo

171 2305 288 2372 ipse
309 2303 517 2372 plenus
532 2308 766 2371 peccato.

247 2375 310 2427 N.
367 2377 449 2427 l2.
511 2374 765 2428 Intendat
810 2375 982 2429 modi-

170 2459 291 2497 cum
330 2446 571 2499 charitas
605 2450 803 2499 vestra.

245 2515 313 2568 N.
358 2517 440 2568 14.
499 2517 564 2570 Ut
603 2518 735 2584 quia
771 2515 858 2570 ille
886 2530 980 2570 su-

168 2587 341 2652 scepit
369 2601 403 2639 a
423 2601 592 2640 servo.

245 2656 382 2708 Ibid.
429 2658 561 2722 Quis
598 2660 841 2710 nostrum
877 2672 982 2724 po-

167 2730 270 2779 test
299 2742 365 2780 em
393 2728 582 2795 aliqua
595 2731 752 2796 parte
770 2743 982 2796 compa-

165 2797 287 2849 rari
316 2799 537 2850 Christo
556 2797 583 2851 ?

242 2867 378 2920 Ibid.
431 2869 503 2922 Ne
548 2868 738 2921 melior
777 2867 983 2937 baptis-

162 2952 284 2990 mus
312 2940 539 2992 Joannis
573 2939 809 2992 videtur.

240 3008 302 3060 N.
341 3011 424 3062 16.
461 3011 522 3064 Si
560 3011 702 3062 enim
744 3024 849 3062 non
880 3024 982 3063 no—

162 3083 318 3150 uerat
371 3095 489 3132 eum
548 3096 582 3133 a
638 3094 741 3148 quo
769 3081 976 3135 volebat
1049 3096 1170 3134 eum
1227 3096 1262 3134 a
1325 3095 1428 3150 quo
1483 3082 1656 3136 voluit
1689 3081 1863 3150 bapti-

1126 1812 1205 1880 Iﬁd.
1259 1813 1364 1866 Sed
1425 1815 1547 1880 quis
1597 1815 1864 1878 innocens,

1055 1879 1153 1936 aut
1178 1879 1450 1950 quantum
1466 1885 1714 1938 innocens
1735 1883 1763 1937 ‘l

1128 1953 1211 2007 Id.
1275 1954 1464 2010 Omnes
1514 1970 1582 2008 ea:
1624 1956 1724 2009 illa
1780 1971 1867 2009 ra-

1057 2024 1190 2078 dice.

1099 2039 1190 2078 268.

1127 2094 1210 2149 Id.
1269 2095 1492 2150 Carnem
1540 2099 1750 2151 tantum
1779 2111 1867 2151 as-

1055 2166 1308 2234 sumpsit.

1129 2235 1208 2290 Id.
1269 2235 1398 2291 Cum
1448 2237 1519 2289 sit
1569 2237 1659 2290 ille

1051 2307 1244 2376 ple-nus
1269 2309 1505 2372 peccato.

1127 2376 1208 2430 Id.
1243 2377 1493 2430 lntendat
1532 2376 1686 2430 modo
1735 2378 1866 2430 cha-

1055 2448 1196 2501 ritas
1226 2451 1406 2500 vestra
1421 2487 1433 2500 .

1126 2517 1206 2571 1d.
1237 2519 1301 2572 Ut
1332 2517 1476 2587 quod
1509 2517 1600 2572 ille
1633 2519 1867 2588 suscepit

1057 2603 1091 2640 a
1114 2602 1283 2642 897⁸120.

1129 2659 1209 2710 Id.
1248 2659 1378 2722 Quis
1431 2662 1668 2712 vestrum
1694 2662 1869 2727 potest

1056 2729 1316 2788 erraltari,
1329 2732 1422 2781 aut
1435 2744 1502 2781 ea:
1514 2731 1700 2797 aliqua
1707 2735 1869 2798 parte

1057 2800 1364 2865 comparari
1390 2799 1612 2852 Christo
1630 2800 1656 2851 ?

1129 2869 1208 2921 Id.
1273 2871 1346 2923 Ne
1421 2870 1602 2936 major
1665 2869 1866 2938 baptis-

1056 2955 1174 2992 mus
1205 2939 1428 2992 Joannis
1447 2939 1741 2994 videretur.

489 2092 712 2149 Carnem
777 2098 986 2148 tantum

164 3148 462 3218 baptizari.
1049 3153 1188 3204 zari.

239 3220 376 3273 Ibid.
413 3221 476 3276 Si
488 3219 608 3289 jam
638 3220 978 3289 baptizatum
1124 3222 1204 3275 Id.
1261 3222 1322 3275 Si
1346 3220 1469 3288 jam
1521 3221 1863 3289 baptizatum

159 3293 427 3357 cognovit.
1054 3293 1348 3346 Domi-num
1377 3293 1646 3358 cognovit.

801 3411 1100 3451 TRACTATL'S
1129 3413 1226 3450 XII.

239 3482 468 3553 Legitur
507 3482 564 3536 in
617 3483 759 3538 Bibl.
809 3485 1012 3554 Mugel.
1064 3483 1186 3540 cod.
1214 3499 1325 3548 xw,
1377 3483 1472 3537 fol.
1529 3487 1614 3549 57',
1645 3499 1677 3536 a
1705 3499 1760 3537 η.
1800 3488 1853 3538 11

162 3586 356 3624 versus
388 3571 560 3624 linem
591 3587 769 3640 usque
801 3571 866 3625 ad
894 3573 1171 3626 sermonis
1201 3571 1538 3624 terminum.

236 3659 379 3712 Edit.
415 3659 476 3712 N.
531 3661 640 3729 11.,
679 3659 977 3713 Eccaltavit
1123 3659 1257 3714 Cod.
1302 3660 1598 3713 Ewaltavit
1643 3673 1860 3729 serpen-

161 3735 457 3798 serpentem
531 3731 590 3782 in
643 3745 834 3797 eremo,
895 3733 974 3784 ita
1052 3736 1155 3784 tem
1185 3732 1241 3782 in
1264 3730 1484 3790 deserto,
1507 3731 1583 3783 sic
1612 3734 1716 3783 etc.

164 3804 272 3852 etc.

234 3868 371 3924 Ibid.
430 3870 546 3924 Hic
594 3875 772 3924 autem
812 3872 894 3925 ait
918 3875 975 3925 ut

161 3941 582 4005 habeantvitam
592 3945 866 3995 aeternam.

236 4012 401 4066 N.l2.
427 4013 976 4079 Sanarevenittegro—
1117 4011 1198 4065 Id.
1259 4011 1465 4065 Sonare
1518 4013 1662 4064 venit
1697 4026 1862 4078 aegro-

159 4087 294 4136 tum.
327 4085 445 4150 Ipse
483 4097 550 4144 se,
583 4086 686 4134 etc.
1050 4085 1182 4136 tum.
1215 4081 1321 4136 Sed
1362 4084 1478 4150 ipse
1506 4096 1582 4145 se,
1610 4086 1715 4135 etc.

234 4152 377 4206 Ibid.
405 4153 547 4218 Quid
567 4153 840 4206 dicturum
854 4168 974 4221 spe-
1119 4153 1200 4207 Id.
1238 4151 1380 4218 Quid
1437 4151 1712 4206 dicturum
1743 4167 1860 4219 spe-

158 4238 253 4276 ras
283 4225 413 4290 nisi,
439 4223 773 4291 judicatur?
810 4224 968 4287 Jam,
1044 4239 1157 4284 ras,
1191 4225 1315 4289 nisi,
1343 4222 1662 4290 judicetur‘l
1684 4223 1860 4277 Addi-

157 4296 357 4362 inquit,
380 4293 665 4363 judicatus
694 4299 790 4348 est.
1047 4299 1200 4348 turus
1253 4298 1405 4357 erat;
1466 4294 1607 4362 jam,
1652 4297 1852 4363 inquit,

1037 4364 1324 4434 judicatus
1353 4367 1450 4417 est.

233 4433 375 4488 Ibid.
423 4436 582 4489 Novit
618 4437 760 4488 enim
787 4437 969 4488 Domi-
1041 4433 1044 4434 ⁷
1117 4435 1197 4488 Id.
1257 4436 1418 4489 Novit
1465 4435 1606 4487 enim
1678 4434 1858 4488 Domi-

156 4519 260 4559 nus
290 4507 386 4574 qui
421 4510 548 4559 sunt
601 4507 746 4574 ejus;
797 4508 964 4573 novit,
1041 4520 1142 4558 nus
1166 4508 1263 4573 qui
1285 4509 1411 4558 sunt
1449 4505 1585 4570 ejus,
1620 4520 1751 4573 quos
1782 4505 1857 4558 ad

159 4579 275 4630 etc.
1041 4577 1213 4629 vitam
1261 4574 1653 4644 praeordinavit
1698 4581 1853 4629 aeter-

1040 4661 1169 4700 nam
1193 4662 1206 4712 ;
1244 4649 1412 4713 novit,
1446 4653 1552 4699 etc.

1111 4716 1191 4770 Id.
1223 4716 1403 4780 Quare
1427 4716 1710 4784 judicatus
1739 4719 1856 4771 est?

1042 4787 1183 4852 Quia
1212 4803 1318 4840 non
1346 4786 1543 4841 credit.
1577 4787 1701 4842 Vid.
1733 4803 1850 4842 var.

1123 3870 1205 3924 Id.
1233 3871 1309 3923 Hi
1333 3873 1512 3923 autem
1547 3873 1608 3924 ut
1630 3870 1862 3925 habeant

1046 3943 1218 3994 vitam
1237 3944 1512 3994 aeternam.

232 4715 370 4769 Ibid.
421 4717 598 4782 Quare
639 4715 968 4783 judicatus?

160 4786 292 4856 quia
320 4801 426 4841 non
455 4787 705 4840 credidit.

1717 2237 1868 2293 homo
1911 2263 1919 2271 ·

2054 1316 2195 1370 Edit.
2253 1317 2317 1370 N.
2364 1319 2421 1388 3.
2489 1318 2600 1372 Cor
2632 1317 2790 1388 difﬁ-

1981 1387 2156 1440 dentis
2190 1402 2296 1440 non
2322 1387 2586 1443 videmus.

2052 1457 2191 1510 Ibid.
2220 1458 2301 1512 Et
2331 1461 2534 1513 invenit
2563 1474 2622 1513 ea
2655 1459 2788 1514 hora

1979 1533 2250 1582 sanatum.

2051 1598 2194 1652 Ibid.
2223 1600 2293 1652 Et
2324 1598 2510 1653 domus
2533 1601 2668 1668 ejus.
2702 1601 2794 1655 Ad

1980 1671 2152 1724 solum
2191 1684 2504 1737 sermonem,
2539 1678 2646 1726 etc.

2050 1810 2193 1864 Ibid.
2281 1815 2331 1865 Α
2334 1813 2635 1880 ppellatum
2711 1817 2789 1868 est

1979 1883 2142 1951 quasi
2167 1884 2556 1952 porrodicium.

2050 2022 2171 2078 Ibid
2184 2066 2196 2078 .
2311 2025 2429 2078 Nisi
2499 2025 2790 2080 secundum

1977 2110 2191 2148 carnem
2247 2110 2409 2164 quam
2465 2098 2668 2165 accepit
2730 2099 2789 2151 in

1981 2171 2148 2219 terra.

2049 2235 2188 2288 Ibid.
2223 2235 2459 2302 Denique
2490 2236 2576 2288 illi
2603 2237 2790 2290 ambu-

1979 2306 2177 2359 lantem
2252 2307 2546 2359 Dominum
2608 2311 2790 2361 Jesum

1975 2378 2033 2428 in
2067 2379 2212 2429 terra
2267 2378 2659 2444 facientemque
2693 2380 2790 2431 mi-

1976 2447 2183 2501 racula.
2200 2488 2212 2500 .
2314 2447 2588 2514 viderunt,
2611 2449 2788 2514 civim,

1978 2523 2086 2570 etc.

2048 2587 2190 2641 Ibid.
2247 2589 2375 2641 Tam
2429 2588 2588 2641 multi
2617 2588 2786 2642 credi-

1977 2657 2174 2724 dimus,
2206 2673 2323 2725 quae
2342 2659 2500 2723 signa
2529 2659 2785 2712 vidimus.

2937 1318 3072 1373 Cod.
3087 1325 3181 1372 XL.
3220 1317 3320 1375 Cor
3369 1319 3673 1388 difﬁdentis

2860 1405 2967 1444 non
2987 1390 3243 1444 vidimus.

2933 1460 3007 1514 Id.
3070 1464 3140 1514 Et
3197 1463 3404 1514 invenit
3455 1475 3572 1514 eum
3611 1477 3675 1514 ea

2859 1531 2991 1584 hora
3012 1535 3284 1584 sanatum.

2937 1602 3018 1655 Id.
3046 1605 3115 1656 Et
3160 1603 3345 1656 domus
3388 1601 3503 1670 ejus
3541 1605 3672 1656 tota.

2864 1672 2955 1726 Ad
2981 1673 3150 1726 solum
3197 1673 3313 1741 ejus
3361 1687 3674 1742 sermonem,

2865 1748 2972 1796 etc.

2937 1812 3015 1867 Id.
3106 1812 3446 1877 Prodicium;

2862 1901 2992 1937 xxxv
3062 1884 3451 1952 porrodigium.

2864 1971 2980 2007 var.
3010 1955 3182 2008 Maur.

3547 1813 3670 1866 cod.

3542 1883 3665 1938 Vid.

2933 2025 3065 2079 Cod.
3112 2042 3199 2078 XL.
3231 2025 3354 2078 Nisi
3381 2025 3671 2078 secundum

2861 2111 3074 2150 carnem
3104 2111 3266 2164 quam
3300 2097 3506 2164 accepit
3531 2111 3673 2149 ano-

2862 2166 2963 2220 bis.

2936 2237 3066 2291 Cod.
3145 2236 3332 2289 ambo.
3428 2236 3675 2303 Denique

2861 2308 2950 2360 illi
3000 2305 3254 2360 viderunt
3310 2306 3673 2360 ambulantem

2865 2379 3148 2431 Dominum
3199 2377 3392 2430 Jesum
3463 2377 3673 2442 facien-

2865 2452 3072 2517 temque
3110 2449 3481 2514 miraeula...;
3531 2447 3678 2501 vide-

2862 2525 2991 2572 runt
3019 2522 3069 2572 et
3096 2520 3209 2583 vim,
3261 2523 3367 2570 etc.

2933 2588 3069 2642 Cod.
3131 2604 3284 2640 xxrv.
3345 2588 3479 2640 Jam
3517 2589 3677 2640 multi

2860 2658 3208 2719 credidimus,
3241 2659 3306 2710 de
3352 2660 3524 2722 signis
3567 2674 3674 2710 non

2859 2731 3199 2794 satagimus;
3257 2729 3322 2781 de
3371 2730 3542 2795 signis
3574 2745 3678 2781 non

1977 2799 2384 2866 conquerimur;
2415 2802 2510 2850 aut
2537 2813 2654 2866 quae
2691 2801 2852 2865 signa
2892 2798 3173 2853 vidimus?
3221 2798 3287 2851 Et
3330 2798 3540 2852 deinde
3573 2815 3674 2852 su-

1977 2869 2122 2939 bito,
2150 2868 2366 2921 caeteris
2399 2868 2643 2934 omissis,
2671 2871 2968 2939 Evangelio
3006 2868 3356 2934 credidimus,
3387 2873 3491 2921 etc.

2049 2938 2188 2993 Ibid.
2230 2940 2395 2994 Nulla
2439 2941 2596 3005 signa
2647 2940 2786 2993 vidi-

1128 3010 1208 3064 Id.
1241 3011 1302 3064 Si
1335 3011 1477 3063 enim
1506 3025 1613 3063 non
1640 3014 1861 3063 noverat
1903 3000 1942 3055 C
1972 3024 2109 3075 mus,
2135 3010 2287 3063 nulla
2317 3000 2606 3078 erigimus.

2044 3150 2108 3203 N.
2154 3151 2202 3203 4.
2259 3152 2332 3204 De
2384 3154 2536 3218 gente
2580 3151 2782 3205 scilicet

1975 3223 2208 3274 Domini.

2043 3291 2183 3344 Ibid.
2232 3293 2300 3344 Et
2349 3291 2492 3358 quod
2530 3293 2785 3346 Dominus

1970 3367 2094 3415 ante
2144 3362 2408 3426 laudavit,
2451 3365 2501 3415 et
2535 3363 2591 3414 in
2633 3362 2785 3416 nobis

1969 3434 2190 3500 implere
2220 3433 2478 3498 dignatus
2519 3439 2614 3486 est.

2046 3505 2109 3556 N.
2146 3506 2197 3555 5.
2243 3506 2356 3570 Ego
2402 3505 2554 3557 venio
2601 3508 2650 3557 et
2690 3519 2780 3556 cu-

1969 3573 2102 3628 rabo
2132 3589 2269 3628 eum.

2040 3713 2183 3768 Ibid.
2236 3713 2388 3779 Quod
2442 3714 2592 3767 dixit
2655 3714 2782 3769 huic

1968 3785 2151 3852 regulo
2177 3801 2189 3838 :
2230 3784 2398 3847 Vade,
2432 3789 2562 3838 etc..

2040 3855 2182 3908 Ibid.
2247 3858 2310 3909 Et
2367 3856 2464 3909 ubi
2513 3855 2666 3910 isti?
2723 3857 2784 3909 In

1969 3928 2173 3992 requie.

2040 3995 2181 4050 Ibid.
2233 3997 2300 4051 Ut
2350 3997 2410 4049 in
2447 3996 2690 4051 Abrahae
2718 3999 2784 4050 si-

1968 4082 2097 4120 num
2118 4066 2346 4136 adjutus
2378 4067 2486 4136 ille,
2509 4073 2612 4122 etc.

2042 4208 2106 4261 N.
2163 4210 2214 4262 6.
2283 4207 2426 4272 Quia
2486 4209 2645 4262 multi
2701 4209 2782 4276 {ab

1898 4276 1940 4330 D
1970 4281 2171 4333 oriente
2202 4282 2251 4333 et
2279 4278 2564 4334 occidente.

2036 4418 2185 4473 Ibid.
2239 4422 2370 4474 Doce
2415 4422 2547 4490 quia
2585 4422 2776 4489 praeci-

1964 4489 2176 4543 dentur.

2038 4561 2102 4613 N.
2173 4566 2223 4614 7.
2303 4560 2540 4626 Quidam
2602 4561 2772 4626 homo,

1961 4631 2226 4686 mediator
2269 4634 2364 4686 Dei
2401 4635 2450 4684 et
2505 4633 2778 4685 hominum

1966 4703 2136 4768 homo,
2206 4708 2377 4756 mater
2433 4702 2562 4756 Sion
2618 4701 2772 4757 dicit.

1963 4771 2159 4838 Quare,
2195 4777 2301 4827 etc.

2932 2940 3104 2994 Codd.
3155 2940 3344 2994 ambo.
3383 2939 3547 2994 Nulla
3593 2943 3671 2992 vi-

2859 3010 3036 3064 dimus
3075 3012 3255 3077 signa,
3306 3011 3459 3064 nulla
3487 3011 3670 3077 euigi-

2856 3096 2973 3134 mus
3001 3082 3286 3134 miracula.

2925 3151 3063 3205 Cod.
3097 3166 3184 3204 XL.
3223 3153 3297 3206 De
3325 3166 3514 3218 genere
3557 3152 3669 3205 sci-

2861 3223 2981 3276 licet
3011 3223 3244 3275 Domini.

2931 3291 3107 3346 Codd.
3158 3291 3343 3346 ambo.
3415 3295 3486 3347 Et

2857 3365 3114 3416 Dominus
3141 3367 3264 3416 ante
3303 3363 3574 3428 laudavit,
3610 3367 3670 3415 in

2857 3435 3007 3487 nobis
3039 3435 3259 3502 implere
3284 3435 3542 3502 dignatus
3573 3433 3670 3487 est.

2929 3504 3104 3559 Codd.
3165 3505 3353 3559 ambo.
3417 3507 3530 3574 Ego
3582 3520 3671 3556 ve-

2859 3578 3010 3629 niam
3051 3581 3104 3631 et
3131 3577 3329 3630 curabo
3358 3591 3496 3631 eum.
3551 3575 3670 3628 Vid.

2858 3661 2974 3699 var.
3010 3647 3186 3701 Maur.

2929 3716 3070 3770 Cod.
3120 3732 3271 3769 xvxv.
3321 3716 3478 3782 Quod
3514 3715 3673 3768 dime-

2855 3792 2944 3839 rat
2974 3788 3097 3840 huic
3125 3788 3336 3855 regulo:
3363 3787 3530 3851 Vade,
3562 3790 3667 3838 etc.

2927 3857 3100 3911 Codd.
3136 3857 3409 3912 ambo.Et
3427 3857 3524 3910 ubi
3545 3861 3670 3910 sunt

2855 3929 2951 3982 isti
2982 3929 3009 3980 ?
3037 3929 3100 3982 In
3128 3931 3331 3996 requie.

2908 3998 3067 4052 .Cod.
3099 4015 3191 4052 χι..
3237 4000 3300 4053 Ut
3328 4001 3386 4052 in
3427 3997 3665 4052 Abrahae

2857 4071 3036 4122 sinum
3055 4069 3239 4136 justus
3261 4070 3366 4133 ille,
3402 4073 3507 4122 etc.
3540 4067 3665 4120 Vid.

2857 4155 2975 4192 var.
3012 4141 3189 4193 Maur.

2927 4210 3102 4264 Codd.
3133 4210 3320 4264 ambo.
3345 4209 3484 4275 Quia
3515 4209 3673 4262 multi

2854 4280 2921 4333 ab
2966 4283 3168 4334 oriente
3204 4285 3254 4334 et
3287 4279 3552 4334 occidente
3580 4296 3670 4333 ve-

2851 4353 3020 4405 nient.

2924 4421 3032 4476 Iid.
3098 4421 3269 4476 Doceo
3308 4426 3375 4488 te,
3409 4423 3506 4490 qui
3531 4436 3667 4490 prte-

2850 4492 3115 4546 cidentu-r.

2922 4563 3058 4617 Cod.
3113 4578 3198 4615 XL.
3267 4562 3410 4628 Quid
3469 4562 3668 4616 homo?

2850 4633 3114 4687 mediator
3154 4636 3248 4687 Dei
3285 4639 3334 4687 et
3365 4635 3658 4696 hominum,

2851 4706 3040 4769 Homo,
3079 4710 3250 4758 mater
3299 4705 3424 4760 Sion
3473 4705 3608 4758 dicit
3639 4705 3666 4758 ‘t

2851 4775 3044 4842 Quare,
3075 4781 3182 4830 etc.

3527 3291 3672 3361 quod

234 4929 297 4981 Ν.
366 4930 448 4982 13.
511 4928 779 4997 Quomodo
845 4930 970 4998 qui-

156 4998 286 5052 dam
317 5013 448 5066 opus
477 4999 669 5052 bonum
705 5000 970 5065 fecerunt,

155 5075 218 5123 ut
243 5071 506 5122 venirent.

229 5139 375 5193 Ibid.
399 5142 502 5194 Eos
518 5144 678 5193 sanat
701 5142 798 5208 qui
807 5142 974 5194 morsi

153 5213 398 5277 fuerant.

229 5280 369 5333 Ibid.
424 5281 485 5335 Si
520 5284 570 5334 et
620 5284 680 5333 tu
723 5296 964 5347 accusas,

151 5351 277 5416 conj
282 5353 495 5416 ungeris
526 5353 646 5404 Deo.

228 5421 370 5475 Ibid.
401 5423 520 5478 Non
541 5425 588 5474 te
607 5421 818 5476 adulas.

231 5635 296 5687 N.
365 5635 442 5688 14.
517 5635 794 5689 Paulatim
869 5650 968 5704 per

154 5707 428 5759 sentinam
453 5707 642 5759 intrat.

233 5776 374 5831 Ibid.
426 5778 503 5832 Ne
557 5777 787 5830 obruant
841 5790 964 5844 pec~

1047 4860 1219 4912 Maur.

1115 4929 1194 4981 Id.
1285 4927 1555 4998 Quomodo
1632 4928 1855 4995 quidam

1046 4998 1239 5052 bonum
1267 5013 1398 5067 opus
1427 5001 1667 5064 fecerunt
1697 5004 1746 5053 et
1773 5016 1856 5054 ve-

1043 5073 1260 5122 nerunt.

1118 5140 1196 5193 Id.
1229 5141 1420 5205 Egros
1484 5139 1718 5193 sanabat
1761 5144 1857 5209 qui

1041 5212 1208 5264 morsi
1235 5213 1474 5276 fuerant.

1115 5281 1194 5334 Id.
1265 5281 1328 5336 Si
1386 5287 1435 5334 et
1498 5285 1558 5334 tu
1621 5297 1853 5347 accuses,

1047 5353 1384 5420 conjungeris
1412 5353 1533 5405 Deo.

1113 5423 1195 5476 Id.
1227 5425 1342 5476 Non
1373 5422 1476 5475 tibi
1507 5421 1776 5476 adularis.

1040 5493 1130 5548 Sic
1160 5498 1216 5545 et
1262 5497 1477 5546 veteres
1528 5493 1684 5546 editi.
1731 5495 1852 5549 Vid.

1041 5580 1158 5617 var.
1181 5565 1357 5617 Maur.

1115 5635 1194 5688 Id.
1225 5635 1498 5689 Paulatim
1536 5636 1729 5701 ﬂuctus
1758 5651 1854 5704 per

1041 5707 1310 5760 sentinam
1331 5708 1525 5759 intrat.

1114 5775 1197 5831 Id.
1241 5777 1320 5833 Ne
1360 5775 1592 5832 obruant
1627 5783 1848 5848 peccata

2380 4893 2676 4932 TRACTATUS
2707 4895 2832 4944 XVII,
2867 4897 2996 4933 XVIII
3031 4897 3094 4934 ΕΤ
3124 4897 3236 4934 XIX.

2036 4982 2267 5053 Legitur
2305 4999 2504 5038 eorum
2536 5000 2667 5054 pars
2708 4985 2765 5038 in
2819 4987 2960 5041 Bibl.
3013 4988 3301 5048 Laurent,
3348 4986 3492 5056 plut.
3530 5002 3662 5055 xm,

1963 5071 2089 5125 cod.
2139 5088 2226 5140 XL,
2289 5072 2384 5127 fol.
2442 5074 2568 5142 209,
2610 5078 2665 5127 et
2695 5075 2754 5128 in
2810 5074 2951 5128 Bibi.
2998 5074 3186 5141 .‘Edil.,
3228 5074 3352 5128 cod.
3387 5091 3504 5139 CXL,
3547 5075 3655 5132 fol.

1969 5163 2064 5214 185
2100 5160 2149 5213 b.
2184 5159 2472 5230 Incipiunt
2513 5178 2707 5216 versus
2763 5162 2993 5216 initium
3026 5179 3083 5215 n.
3122 5167 3204 5216 15.
3241 5167 3402 5219 tract.
3446 5180 3574 5230 xvn,
3607 5170 3663 5218 et

1966 5247 2308 5318 quibusdam
2340 5251 2647 5319 assumptis
2683 5267 2747 5304 ex
2782 5267 2837 5304 n.
2870 5254 2923 5319 3,
2956 5253 3134 5305 Tract.
3180 5254 3665 5317 xvul,transeunt

1965 5336 2032 5390 ad
2061 5352 2117 5390 n.
2151 5339 2204 5401 8,
2231 5343 2589 5408 perguntque
2620 5355 2801 5408 usque
2835 5339 2906 5393 ad
2939 5339 3133 5394 ﬁnem.
3188 5339 3418 5410 Legitur
3447 5341 3660 5411 pariter

1964 5422 2023 5477 in
2054 5425 2308 5495 quinque
2360 5425 2484 5478 aliis
2529 5427 2719 5490 codd.,
2761 5443 2968 5497 nempe
3011 5428 3149 5481 Bibl.
3188 5429 3473 5492 l.aurent,.
3510 5430 3655 5498 plut.

1963 5529 2114 5581 xvm,
2162 5515 2286 5569 cod.
2327 5531 2434 5579 XLI,
2487 5515 2580 5569 fol.
2637 5519 2770 5581 IUI;
2819 5517 2965 5586 plut.
3016 5532 3129 5580 xxr,
3181 5516 3307 5570 cod.
3346 5533 3399 5582 χ,
3439 5517 3533 5571 fol.
3574 5522 3664 5570 167

1964 5602 2027 5668 b;
2059 5603 2208 5672 plut.
2259 5619 2366 5656 xxx
2411 5603 2617 5666 sinist.,
2671 5603 2792 5658 cod.
2847 5608 2895 5671 l,
2945 5605 3043 5658 fol.
3097 5608 3229 5673 930;
3285 5605 3424 5659 Bibl.
3473 5605 3611 5659 zEdil
3647 5645 3662 5670 ,

1960 5691 2084 5744 coll.
2128 5708 2385 5758 cxxxvm,
2444 5692 2537 5746 fol.
2592 5695 2687 5746 ‘lll
2742 5694 2803 5760 b;
2849 5699 2905 5747 et
2952 5693 3115 5758 ibid.,
3175 5695 3298 5748 eod.
3348 5711 3504 5759 chn,
3559 5695 3653 5747 fol.

1965 5783 2060 5835 155
2095 5781 2159 5846 b;
2211 5781 2306 5835 sed
2355 5778 2541 5836 itaut
2589 5783 2684 5837 alii
2714 5783 3002 5854 longiores
3052 5785 3182 5850 sint,
3229 5784 3323 5840 alii
3372 5784 3656 5838 breviores
