4068 6192
351 229 487 279 I203

344 345 521 401 Codd.
566 364 675 410 xu,
723 352 781 402 et
817 364 1048 400 cxxxvui
1099 345 1444 416 principium
1477 351 1711 400 sumunt
1748 362 1940 400 versus
1980 345 2041 400 Ii-
2070 351 2111 403 A

1382 225 1741 278 VARIORUM
1786 226 2295 281 OI’USCULOIIUM
2338 228 2392 281 S.
2434 226 2821 282 AUGUSTINI.

319 450 478 495 ,nem
517 451 577 489 n.
616 438 701 503 I3,
721 439 795 500 et,
824 434 1033 489 omisso
1061 438 1216 487 tract.
1249 436 1727 502 xv111,§transeunt
1751 435 1818 490 ad
1840 440 2046 488 tracta-

344 526 468 577 tum
500 540 613 591 x111,
647 523 799 578 unde
835 539 955 576 sese
992 520 1305 575 extendunt
1334 537 1514 592 usque
1552 522 1622 576 ad
1659 538 1714 575 η.
1752 525 1837 577 19.
1872 523 2043 587 Quaa-

350 612 483 667 dam
516 611 687 665 etiam
716 610 924 681 passim
960 609 1243 663 habentur
1264 608 1323 664 in
1349 610 1480 666 cod.
1518 626 1699 679 χχχιι,
1732 611 1874 681 plut.
1914 628 2047 678 xvu,

348 700 448 755 fol.
486 702 605 753 116.
643 699 781 753 Bibl.
818 700 1065 753 Floreat.

423 787 569 841 Edit.
642 787 825 840 Tract.
901 802 1029 852 xxv,
1110 801 1165 839 11.

360 861 440 913 13.
479 857 584 912 Sed
613 859 711 927 qui
734 857 917 911 turbat

422 927 565 982 Ibid.
641 930 837 982 Tamen
890 926 1169 983 sanandus

351 1004 434 1054 est
464 999 686 1054 turbata
715 1015 881 1068 aqua.

430 1209 502 1263 N.
554 1209 636 1262 11.
685 1210 881 1263 Verum
912 1211 989 1261 est
1029 1205 1174 1276 quod

357 1280 622 1361 requievit
650 1282 787 1334 Deus
816 1279 884 1332 ab
925 1278 1172 1348 operibus

355 1365 490 1405 suis.

427 1421 494 1474 N.
550 1423 634 1473 15.
705 1420 1000 1473 Dominum
1056 1418 1167 1473 sal-

354 1496 603 1546 vatorem
631 1495 897 1544 nostrum.

427 1560 570 1616 Ibid.
611 1561 843 1614 Sabbati
882 1559 994 1613 dies
1026 1558 1173 1612 vobis

358 1632 432 1686 ad
461 1633 904 1699 signiﬁcationem
928 1644 1173 1699 praecep-

358 1707 443 1757 tus
472 1707 569 1757 est.

431 1774 501 1828 N.
556 1775 636 1826 16.
686 1773 753 1826 Et
798 1771 923 1825 inde
956 1771 1171 1825 haeresis

357 1847 435 1898 est
450 1842 619 1913 pulsa
648 1842 714 1895 de
742 1843 996 1897 Ecclesia.

428 2053 575 2109 Ibid.
619 2054 725 2121 Qui
765 2055 979 2109 Patrem
1032 2052 1174 2106 indi-

358 2126 514 2179 cabat
552 2125 746 2179 Deum.

429 2264 573 2320 Ibid.
629 2265 690 2320 Si
731 2279 785 2319 se
831 2266 946 2334 ipse
983 2278 1174 2334 taqua-

362 2336 463 2391 lem
488 2338 692 2402 faceret
729 2327 869 2390 Deo:
1036 2327 1056 2333 ’
1120 2327 1141 2353 ⁸

430 2406 572 2461 Ibid.
624 2409 752 2461 Esse
778 2405 1003 2474 aequatis
1035 2406 1161 2458 Deo.

430 2547 570 2601 Ibid.
612 2546 718 2601 Sed
753 2549 870 2600 erat
899 2546 957 2598 in
988 2545 1086 2599 illa
1115 2546 1174 2598 in

357 2634 469 2686 qua
508 2622 669 2671 natus
736 2620 869 2671 erat.
921 2617 990 2670 Et
1054 2629 1170 2679 nos,

359 2694 465 2743 etc.

429 2760 611 2812 Tract.
653 2773 807 2825 xvxu,
849 2772 909 2811 11.
962 2759 1044 2810 I0.
1075 2757 1173 2810 Re-

358 2829 541 2883 dimus
570 2832 712 2893 forte
741 2828 815 2881 ad
841 2841 956 2882 nos.

432 2899 576 2954 Ibid.
605 2899 751 2965 Quid
780 2900 874 2953 itis
911 2896 1173 2953 solitudi-

357 2972 443 3025 nis
468 2972 587 3024 vias
607 2971 633 3024 ‘2
662 2972 858 3024 erratis
886 2967 1160 3035 vagando.

431 3040 574 3094 Ibid.
625 3041 853 3094 Dimitte
885 3045 935 3093 et
972 3052 1171 3106 corpus

362 3115 531 3178 tuum,
560 3111 682 3165 redi
710 3111 784 3165 ad
812 3125 900 3164 cor
928 3116 1093 3163 tuum.

433 3183 496 3236 N.
576 3185 674 3236 11.
734 3181 1120 3249 Propinquusti
1153 3218 1168 3245 ,

358 3252 659 3309 intendisti.
682 3253 992 3321 palpitasti.

430 3322 572 3377 Ibib.
624 3320 697 3379 Si
722 3324 908 3376 curari
953 3320 1173 3374 destite-

362 3407 461 3447 τις.

428 3463 612 3517 Tract.
663 3476 773 3526 x1x,
819 3475 879 3513 n.
938 3461 988 3512 I.
1032 3456 1174 3524 Quid

358 3533 718 3587 demonstrari
757 3530 945 3585 Verbo.
981 3528 1174 3583 Omnia

357 3606 563 3673 quippe
594 3602 739 3656 dicta
756 3605 884 3656 sunt
904 3601 1027 3666 hic;
1056 3614 1174 3669 quae

358 3678 409 3730 si
445 3674 841 3740 intelligantur,
883 3674 971 3724 etc
983 3711 995 3724 .

362 3815 511 3870 male
543 3814 626 3868 hic
644 3815 764 3883 quis
793 3809 1175 3880 intelligatur),

435 3885 580 3939 Ibid.
607 3886 685 3939 De
709 3884 1013 3954 pectoribus
1032 3884 1178 3936 chri-

364 3958 580 4013 stianis.

436 4099 503 4153 N.
549 4098 599 4151 3.
642 4096 953 4164 Antequam
982 4096 1179 4162 faciat,

365 4169 695 4222 demonstrat
730 4167 880 4219 Filio.

436 4238 501 4292 N.
559 4242 609 4292 5.
672 4237 913 4290 Multum
975 4239 1174 4301 movet;

366 4310 561 4363 intenti
589 4312 767 4362 estote.

436 4380 501 4433 N.
534 4381 585 4432 6.
649 4379 757 4443 Qui
819 4380 959 4432 enim
1023 4376 1180 4430 aliud

368 4450 469 4504 tibi
496 4449 711 4503 videtur
740 4451 821 4503 ita
834 4449 1104 4504 sentienti.

440 4589 484 4642 N
516 4629 529 4641 .
589 4590 623 4644 9
657 4629 669 4641 .
730 4591 799 4642 Et
870 4590 1071 4643 mortui
1121 4590 1179 4642 in

367 4661 576 4717 Christo
604 4666 881 4726 resurgent
908 4662 1103 4728 primo.

439 4731 504 4784 N.
541 4732 624 4784 10.
667 4732 807 4784 Nam
849 4733 955 4784 ista
1001 4744 1178 4783 resur-

366 4803 615 4870 rectione,
668 4802 716 4855 si
756 4805 895 4855 recte
941 4800 1179 4854 credidi-

368 4887 506 4927 mus.

441 4942 587 4997 Ibid.
637 4944 777 5009 Non,
817 4943 1019 5011 inquit,
1052 4943 1186 5011 quia

370 5016 582 5081 vivunt,
616 5014 870 5070 audiunt.

440 5084 584 5139 Ibid.
634 5088 771 5148 Non,
839 5098 1015 5139 omnes
1091 5084 1187 5150 qui

370 5155 616 5221 audient,
655 5159 851 5210 vivent.

442 5227 507 5280 N.
566 5230 648 5280 II.
723 5229 876 5283 Nunc
946 5226 1185 5294 percipit

372 5296 515 5362 quod
550 5299 827 5352 amiserat.

442 5366 583 5421 Ibid.
624 5371 900 5423 Ilemolum
952 5367 1020 5421 ab
1059 5368 1180 5434 igne

375 5441 684 5503 torpescere.

444 5507 587 5561 Ibid.
643 5508 748 5564 Sed
801 5509 860 5562 in
908 5509 1057 5575 luna,
1125 5510 1185 5562 in

373 5578 627 5632 lucernis.

444 5649 509 5702 N.
559 5651 641 5703 I2.
719 5649 940 5702 Pascua
993 5650 1185 5703 mentis

373 5724 516 5773 sunt.

1311 786 1445 842 Cod.
1500 801 1553 840 x.
1618 785 1723 842 Sed
1758 784 1902 854 quod
1937 789 2053 840 tur-

1243 857 1353 911 bat.

1313 927 1446 982 Cod.
1476 942 1589 981 111.1.
1655 929 1851 981 Tamen
1888 940 2053 981 sanus

1243 1003 1320 1053 est
1372 997 1593 1051 turbata
1640 1013 1825 1067 aqua;
1879 997 2000 1051 cod.
2037 1014 2054 1049 1

1244 1073 1468 1123 sanatus
1506 1072 1622 1135 est;
1688 1068 1813 1122 cod.
1873 1084 1924 1133 x,
1991 1072 2056 1122 ut

1245 1139 1379 1194 edit.

1318 1208 1447 1264 Cod.
1525 1225 1634 1262 xm.
1714 1210 1915 1264 Verum
1978 1212 2057 1262 est

1246 1279 1389 1349 quod
1441 1280 1711 1348 requievit
1775 1281 1921 1333 Deus
1988 1280 2055 1332 ab

1245 1351 1490 1406 omnibus
1520 1350 1768 1419 operibus
1795 1353 1930 1404 suis.

1316 1421 1489 1475 Codd.
1520 1437 1537 1474 1
1574 1424 1624 1474 et
1667 1437 1722 1474 x.
1767 1422 2057 1475 Dominum

1245 1496 1296 1546 et
1323 1492 1643 1546 salvatorem
1686 1496 1948 1546 nostrum.

1318 1562 1453 1617 Cod.
1488 1579 1524 1615 1.
1574 1561 1808 1615 Sabbati
1849 1562 1938 1614 die
1966 1576 2059 1614 va-

1245 1648 1366 1687 care
1398 1632 1544 1686 vobis
1588 1632 1661 1685 ad
1701 1634 2056 1700 signiﬁcatio-

1243 1719 1362 1757 nem
1400 1706 1694 1771 praeceptus
1721 1709 1817 1756 est.

1316 1774 1485 1828 Codd.
1542 1788 1758 1835 omnes,
1825 1778 2057 1841 excepto

1245 1860 1502 1910 cxxxvm,
1545 1846 1614 1897 Et
1654 1843 1779 1897 inde
1844 1845 2058 1898 haeresis

1240 1916 1427 1983 pulsat
1522 1914 1832 1968 Ecclesiam.
1922 1913 2056 1967 Vid.

1246 2001 1363 2038 var.
1396 1985 1570 2039 Maur.
1974 2036 1981 2039 ,

1317 2056 1450 2109 Cod.
1510 2071 1596 2108 XL.
1648 2053 1788 2120 Quia
1844 2056 2059 2109 Putrem

1246 2125 1528 2181 indicabat
1561 2128 1752 2191 Deum;
1787 2125 1908 2178 cod.
1942 2141 1959 2178 1
2004 2129 2062 2177 et

1246 2212 1278 2250 x
1309 2196 1519 2250 dicebat
1552 2197 1747 2250 Deum.

1321 2266 1456 2320 Cod.
1506 2281 1577 2319 XL
1617 2270 1674 2318 et
1720 2280 1827 2320 xu.
1874 2266 1934 2320 Si
1963 2265 2062 2319 sei-

1241 2352 1402 2407 psum
1419 2337 1676 2404 aqualem
1692 2338 1895 2400 faceret
1926 2337 2054 2396 Deo,

1320 2406 1457 2461 Cod.
1488 2422 1596 2459 χιι.
1636 2408 1767 2460 Esse
1793 2420 1848 2460 se
1874 2421 2059 2475 arqua-

1248 2479 1347 2532 lem
1370 2481 1490 2531 Deo.
1954 2494 1963 2505 ·

1319 2548 1400 2602 Id.
1453 2546 1562 2603 Sed
1602 2549 1719 2600 erat
1760 2548 1819 2599 in
1863 2545 1961 2599 illa
2004 2546 2061 2598 in

1247 2634 1357 2687 qua
1417 2621 1579 2671 natus
1655 2620 1773 2671 erat
1834 2616 2060 2684 aequalis

1246 2693 1370 2745 Deo.
1403 2691 1471 2743 Et
1503 2702 1619 2754 nos,
1652 2692 1757 2741 etc.

1320 2759 1429 2813 Cod
1461 2799 1473 2812 .
1577 2774 1663 2811 IL.

1244 2832 1388 2897 forte
1415 2830 1490 2883 ad
1525 2843 1640 2882 nos.

1762 2757 2059 2812 Redeamus

1310 2900 1400 2967 Id.
1434 2901 1537 2966 Qui
1560 2899 1725 2953 aditis
1748 2897 2057 2970 solitudinis
2088 2915 2125 2970 ε

1244 2973 1380 3033 vias,
1416 2974 1613 3024 erratis
1643 2968 1892 3035 vagando
1911 2970 1938 3023 ‘P

1317 3042 1374 3095 Id
1429 3042 1653 3095 Dimitte
1672 3054 1863 3108 corpus
1885 3044 2055 3104 tuum,

1243 3112 1428 3166 rediet
1454 3112 1527 3165 ad
1555 3126 1644 3165 cor
1673 3116 1841 3164 tuum.

1319 3182 1399 3235 Id.
1495 3182 1904 3250 Propinquasti,
1978 3182 2056 3232 in-

1247 3253 1486 3314 tendisti,
1523 3253 1787 3322 palpasti.

1316 3323 1397 3378 Id.
1430 3324 1493 3380 Si
1525 3324 1711 3378 curari
1752 3322 2049 3376 rest-lteris.

1319 3463 1451 3518 Cod.
1509 3478 1603 3517 χιι
1649 3497 1662 3516 .
1691 3462 2061 3517 Demonstrari

2224 348 2363 403 Ibid.
2399 350 2503 417 Qui
2535 352 2612 403 est
2641 349 2729 402 illi
2754 350 2971 418 sapien-

2158 422 2255 477 tia.
2270 420 2513 488 justitia,
2544 420 2789 474 claritas.

2229 491 2293 544 N.
2366 492 2448 543 14.
2512 490 2735 544 Amicus
2784 491 2973 559 sponsi

2156 566 2285 629 stat,
2318 564 2368 614 et
2383 561 2582 629 gaudio
2609 560 2832 628 gaudet.

2228 700 2370 756 Ibid.
2429 701 2617 755 Fidem
2683 700 2749 755 de
2787 717 2969 756 resur-

2158 774 2388 827 rectione
2412 773 2613 827 carnis.

2232 912 2375 967 Ibid.
2441 914 2608 979 Quem
2647 927 2970 981 opponemus

2160 983 2685 1039 contradictoribus?

2233 1054 2373 1108 Ibid.
2446 1056 2574 1119 Quae
2633 1067 2688 1108 se
2732 1054 2976 1122 aliquam

2161 1126 2472 1192 religionem
2502 1124 2805 1179 hominibus
2841 1127 2975 1179 inse-

2161 1211 2277 1250 rere
2298 1201 2777 1265 praesumpserunt.

2236 1337 2301 1390 N.
2378 1339 2461 1390 I5.
2532 1338 2669 1391 Nam
2715 1338 2822 1391 scio
2866 1350 2978 1391 esse

2164 1422 2391 1475 corpora
2421 1409 2479 1461 in
2499 1409 2853 1461 monumentis
2876 1407 2974 1476 ja-

2165 1480 2360 1533 centia.

2236 1550 2306 1605 N.
2342 1552 2423 1602 I7.
2456 1549 2673 1604 Anima
2718 1562 2822 1601 non
2854 1550 2980 1601 sunt

2099 1632 2139 1685 Β
2167 1620 2225 1672 in
2272 1622 2643 1685 monumentis,
2677 1634 2769 1672 nec
2793 1619 2980 1687 justo-

2166 1705 2305 1753 rum,
2322 1706 2413 1745 nec
2428 1693 2763 1759 iniquorum.

2215 1760 2358 1844 “Ibid
2371 1801 2383 1814 .
2450 1758 2707 1829 Superius
2764 1758 2980 1829 quando

2166 1838 2378 1955 mtibid.
2400 1900 2509 1954 Sed
2539 1916 2643 1954 non
2675 1914 2852 1954 omnes
2889 1899 2980 1953 ob-

2167 1972 2399 2026 audiunt
2438 1971 2762 2039 Evangelia.

2239 2113 2304 2166 N.
2346 2114 2427 2167 I8.
2446 2114 2518 2166 Et
2537 2115 2640 2166 erit
2670 2111 2977 2180 diremptio.

2241 2183 2380 2238 Ibid.
2428 2185 2543 2238 Non
2587 2184 2842 2251 rapinam
2882 2198 2981 2235 ar-

2168 2254 2406 2309 bitratus
2478 2258 2700 2309 estesse
2752 2253 2980 2321 aequalis

2169 2328 2291 2379 Deo.

2240 2396 2305 2449 Ν.
2352 2397 2436 2449 19.
2495 2395 2611 2450 Νοη
2658 2409 2829 2448 meam
2861 2407 2980 2460 qua:

2165 2468 2385 2520 resistat
2416 2467 2527 2519 Deo
2541 2506 2555 2521 .

2238 2536 2378 2590 Ibid.
2438 2538 2557 2592 Non
2610 2536 2827 2602 faciunt
2885 2548 2977 2587 vo-

2171 2607 2431 2660 luntatem
2486 2620 2661 2671 suam,
2730 2606 2978 2675 quamvis

2171 2678 2314 2747 quod
2329 2678 2513 2732 volunt
2527 2678 2759 2743 faciant.

3726 228 3865 281 1204

3119 348 3222 402 Iid.
3258 349 3363 413 Qui
3401 354 3480 403 est
3520 351 3604 404 illi
3641 353 3866 419 sapien-

3048 421 3147 484 tia,
3165 419 3414 487 justitia,
3437 422 3705 474 charitas.

3117 488 3253 543 Cod.
3282 505 3388 543 111.1.
3422 491 3649 545 Amicus
3676 494 3872 560 sponsi

3045 562 3141 627 qui
3168 564 3368 615 stat....
3401 561 3604 627 gaudio
3634 563 3865 630 gaudet,

3044 631 3165 683 sine
3196 635 3264 684 et.

3114 700 3291 755 Codd.
3347 704 3423 755 De
3472 701 3579 769 ﬁde
3616 716 3866 756 resurre-

3043 773 3269 896 cniionem
3334 774 3538 826 carnis.
3594 772 3697 826 Vid
3740 789 3862 826 var.

3104 858 3226 895 aur.

3104 858 3226 895 301⁸.

3118 912 3221 966 Iid.
3263 981 3273 983 Α
3322 912 3448 977 Qua
3540 916 3867 983 opponimus

3048 981 3537 1038 contradictoribus
3556 984 3586 1037 ?

3121 1053 3222 1107 Iid.
3274 1054 3404 1118 Quae
3449 1068 3505 1107 se
3545 1054 3739 1123 aliqua
3778 1070 3865 1108 re-

3049 1124 3245 1190 ligione
3283 1125 3585 1179 hominibus
3633 1128 3868 1178 inserere

3044 1200 3524 1264 prwsumpserimt.
3579 1195 3698 1249 Vid.
3742 1211 3863 1250 var.

3052 1267 3224 1318 Maur.

3122 1335 3228 1389 Iid.
3277 1336 3415 1391 Nam
3454 1337 3560 1388 scio
3608 1337 3726 1389 sine
3752 1339 3872 1389 vita

3050 1420 3355 1474 corporum,
3396 1421 3621 1474 corpora
3664 1410 3724 1460 in
3753 1423 3872 1461 mo—

3050 1479 3322 1531 numentis
3346 1476 3607 1544 jacentia.

3124 1546 3260 1601 Cod.
3311 1563 3418 1600 xu.
3472 1548 3688 1601 Animae
3739 1552 3872 1601 sunt

3055 1619 3113 1671 in
3158 1620 3533 1683 monumentis,
3564 1634 3660 1671 nec
3677 1619 3869 1687 justo-

3052 1704 3194 1753 rum,
3229 1703 3323 1741 nec
3352 1689 3683 1755 iniquorum.

3126 1758 3300 1813 Codd.
3388 1760 3648 1827 Superius
3733 1775 3867 1828 quo-

3050 1829 3204 1882 modo
3229 1831 3328 1882 ait.

3122 1898 3258 1954 Cod.
3302 1914 3411 1953 xu.
3455 1899 3562 1953 Sed
3602 1915 3709 1954 non
3755 1915 3867 1953 om-

3050 1985 3141 2024 nes
3168 1968 3422 2023 obediunt
3451 1972 3769 2037 Evangelia.
3808 1972 3872 2024 Et

3053 2040 3132 2094 sic
3158 2040 3445 2107 deinceps,
3479 2040 3646 2093 bene.

3126 2110 3295 2165 Codd.
3340 2113 3410 2164 Et
3439 2112 3542 2165 erit
3589 2109 3866 2165 discretio.

3126 2181 3227 2235 Iid.
3297 2183 3413 2236 Non
3467 2183 3726 2250 rapinam
3774 2198 3868 2234 ar-

3056 2251 3290 2306 bitratus
3345 2266 3454 2306 esse
3513 2266 3569 2306 se
3604 2254 3870 2321 aequalem

3053 2326 3180 2377 Deo.

3124 2392 3256 2447 Cod.
3300 2409 3337 2445 1.
3381 2394 3497 2449 Non
3542 2407 3740 2459 meam,
3764 2407 3871 2446 non

3052 2478 3170 2532 quae
3197 2465 3417 2517 resistat
3450 2466 3567 2516 Deo.

3124 2533 3207 2588 Id.
3267 2535 3385 2589 Non
3420 2535 3637 2601 faciunt
3677 2534 3870 2587 volun-

3052 2605 3214 2658 tatem
3250 2619 3425 2669 suam,
3473 2606 3725 2672 quamvis
3775 2619 3871 2658 oo-

3051 2676 3214 2728 lentes
3242 2676 3471 2742 faciant.

2807 2814 2904 2852 ΤΚΛ
2913 2812 3077 2852 CTATL‘
3086 2813 3112 2850 S
3141 2813 3208 2850 IX
3218 2841 3229 2851 .

2238 2925 2467 2997 Legitur
2517 2924 2575 2978 in
2615 2922 2801 2979 tribus
2835 2920 2999 2976 codd.

3055 2919 3418 2987 Florentinis,
3468 2936 3682 2992 nempe
3711 2924 3865 2978 Bibl.

2166 3018 2429 3071 Laurent.
2480 3012 2626 3083 plut.
2677 3028 2806 3076 xvu,
2853 3010 2978 3065 cod.
3017 3025 3107 3079 IL,
3160 3009 3257 3063 ἴοι·
3294 3012 3399 3064 169
3441 3010 3469 3062 b
3494 3029 3510 3072 ;
3540 3010 3679 3065 ibid.
3710 3013 3863 3082 pIut.

2163 3121 2273 3159 xxx
2301 3101 2507 3168 siuist.,
2540 3099 2663 3154 cod.
2711 3117 2751 3165 1,
2794 3098 2893 3153 fol.
2942 3100 3086 3165 206;
3120 3101 3177 3152 et
3205 3097 3348 3153 Bibl.
3384 3098 3549 3153 Aidil.
3582 3100 3707 3154 cod.
3746 3118 3869 3165 CXL,

2164 3194 2263 3249 fol.
2302 3193 2400 3246 150
2421 3190 2484 3258 b;
2517 3188 2611 3243 sed
2645 3188 2740 3242 alii
2770 3186 3079 3257 longiores,
3114 3185 3213 3240 aIii
3241 3186 3547 3242 breviores.
3581 3187 3863 3252 Quaedam

2165 3281 2338 3337 etiam
2380 3277 2595 3350 passim
2638 3274 3006 3347 reperiuntur
3051 3272 3114 3327 in
3159 3273 3282 3329 cod.
3336 3290 3504 3341 χχχιι,
3539 3276 3686 3345 plut.
3720 3293 3861 3343 xvu,

2163 3371 2261 3426 fol.
2290 3372 2409 3424 116.

2238 3456 2382 3512 Edit.
2419 3456 2484 3510 N.
2521 3457 2569 3509 I.
2604 3452 2755 3519 Quod
2785 3468 2974 3506 aman-

3122 3450 3256 3506 Cod.
3328 3467 3345 3503 1
3433 3455 3491 3504 et
3553 3465 3640 3503 XL.
3715 3451 3871 3516 Quod

1246 3548 1329 3588 res
1369 3532 1538 3589 Verbo
1567 3548 1673 3587 non
1697 3537 1902 3601 potest;
1942 3547 2060 3586 om-
2166 3528 2233 3584 do
2264 3528 2492 3588 biberat,
2560 3522 2976 3590 euangelizando
3051 3521 3284 3601 amando
3318 3520 3543 3601 biberat,
3584 3522 3868 3588 evangeli-

1244 3607 1340 3658 nia
1384 3605 1604 3672 quippe,
1639 3608 1699 3657 ut
1728 3603 1931 3657 dictum
1961 3606 2057 3668 est,

1242 3690 1341 3745 per
1364 3677 1542 3743 ipsum
1570 3676 1724 3740 facta
1749 3678 1893 3728 sunt.
1938 3675 2059 3745 Haec

1248 3742 1298 3801 si
1352 3742 1475 3813 quis
1554 3745 1826 3811 intelligat
1887 3742 2056 3811 (cod.

1251 3821 1356 3871 etc.

1495 3901 1600 3939 ιιι.
1652 3886 1720 3941 In
1769 3884 2060 3949 cordibus;

1251 3957 1376 4011 cod.
1431 3972 1666 4022 cxxxm,
1705 3956 1771 4010 de
1808 3955 2060 4010 cordibus

1252 4029 1586 4082 Christianis.

1327 4097 1500 4152 Codd.
1534 4096 1723 4150 ambo.
1754 4096 2062 4164 Antequam

1248 4170 1442 4237 faciat,
1474 4167 1805 4222 demonstrat
1832 4169 1899 4221 ei.

1322 4238 1426 4292 Iid.
1478 4239 1708 4291 Mnltum
1744 4253 1826 4292 me
1870 4241 2058 4304 movet,

1249 4310 1444 4364 intenti
1472 4313 1649 4362 estote.

1325 4380 1429 4434 lid.
1487 4379 1629 4444 Quid
1706 4381 1849 4433 enim
1910 4376 2066 4432 aliud

1255 4451 1356 4505 tibi
1396 4450 1613 4504 videtur
1636 4452 1744 4505 ista
1780 4451 2062 4504 sententia.

1252 4522 1339 4577 Sic
1368 4524 1418 4575 et
1444 4536 1626 4574 xxxvx.

1324 4590 1425 4645 Iid.
1457 4594 1528 4645 Et
1543 4593 1743 4646 mortui
1763 4593 1823 4645 in
1854 4590 2066 4647 Christo

1251 4667 1530 4730 resurgent
1554 4663 1746 4730 primi.

1324 4733 1423 4787 Iid.
1452 4734 1594 4788 Nam
1622 4734 1670 4787 si
1703 4735 1867 4787 istam
1886 4747 2066 4785 resur-

1252 4805 1536 4859 rectionem
1584 4807 1724 4858 recte
1777 4803 2063 4857 credimus.

1328 4943 1430 4999 Iid.
1489 4945 1626 5011 Non,
1685 4945 1883 5013 inquit,
1938 4944 2070 5012 quia

1256 5017 1466 5082 vivunt,
1498 5015 1739 5069 audient.

1329 5084 1427 5139 Iid.
1461 5087 1576 5140 Non
1621 5100 1796 5139 omnes
1838 5087 1934 5153 qui
1969 5100 2069 5138 au-

1258 5155 1438 5221 diunt,
1468 5158 1673 5210 vivunt.

1329 5226 1433 5280 Iid.
1480 5228 1636 5284 Nunc
1682 5227 1878 5296 recipit
1928 5226 2072 5294 quod

1260 5299 1537 5351 amiserat.

1327 5368 1464 5423 Con.
1533 5383 1640 5421 ιιι.
1694 5370 1969 5423 Remotum
2000 5367 2067 5419 ab

1255 5440 1380 5506 igne
1412 5442 1689 5507 tepescere.

1328 5508 1503 5563 Codd.
1562 5508 1667 5564 Sed

1257 5581 1317 5633 in
1347 5581 1597 5633 lucernis.

1331 5650 1434 5704 Iid.
1482 5653 1689 5704 Pascua
1754 5651 1943 5704 mentis
1985 5665 2074 5704 su-

1260 5721 1470 5774 mimus.

1739 5509 1797 5562 in
1848 5508 2066 5575 lumine,

2165 3602 2425 3653 ructaret.

2237 3668 2378 3723 Ibid.
2411 3669 2501 3723 Ita
2550 3669 2752 3720 secreta
2782 3668 2909 3719 sunt
2929 3667 2979 3718 et

2166 3739 2447 3810 profunda
2480 3737 2869 3804 intelligentiae.

2241 3879 2383 3935 Ibid.
2438 3876 2595 3944 Quod
2645 3892 2764 3931 eum
2817 3876 2980 3930 audi-

2168 3954 2270 4007 stis
2296 3950 2450 4005 modo
2481 3949 2674 4003 dicere.

2241 4023 2285 4076 N
2295 4063 2306 4076 .
2395 4024 2448 4074 2.
2526 4016 2984 4075 Commemorandi

2169 4096 2316 4148 estis.

2244 4162 2380 4216 Ibid.
2438 4164 2561 4216 Post
2608 4158 2841 4213 laborem
2889 4159 2980 4223 fa-

2175 4234 2372 4288 bricati
2394 4231 2601 4287 mundi.

2246 4304 2389 4359 Ibid.
2433 4304 2573 4359 Nisi
2611 4316 2729 4355 cum
2757 4299 2984 4354 redieris

2175 4374 2248 4429 ad
2288 4373 2700 4429 similitudinem
2759 4373 2818 4425 in
2876 4384 2985 4439 qua

2174 4448 2353 4513 factus
2379 4449 2471 4499 est.

2248 4515 2389 4589 Ibid.
2423 4516 2527 4582 Qui
2564 4514 2713 4569 dixit
2751 4516 2802 4567 et
2831 4514 2984 4579 facta

2176 4591 2323 4640 sunt.

2249 4656 2389 4712 Ibid.
2444 4657 2556 4711 Cui
2602 4657 2893 4711 attestatur
2937 4655 2987 4706 et

2172 4729 2441 4798 psalmus.

2248 4799 2390 4853 Ibid.
2449 4798 2553 4864 Qui
2614 4798 2673 4850 in
2754 4793 2991 4864 jubendo

2175 4884 2454 4938 nunquam
2483 4868 2841 4922 laboraverat.

2186 4943 2195 4949 ”
2252 4941 2317 4994 Ν.
2346 4941 2399 4994 li.
2440 4941 2510 4994 Et
2546 4938 2707 5006 quasi
2734 4950 2984 4990 coruscae

2177 5013 2319 5066 tione
2366 5025 2575 5077 magna:
2633 5010 2767 5062 lucis
2857 5008 2987 5060 hor-

2177 5097 2261 5136 res
2266 5096 2386 5135 cens
2393 5125 2403 5134 .

2251 5153 2295 5206 N
2304 5196 2315 5206 .
2341 5154 2391 5206 6.
2418 5150 2529 5205 Sed
2572 5165 2671 5219 per
2704 5149 2991 5204 maceriam

2178 5223 2438 5278 cecidisti.

2251 5295 2314 5348 Ν.
2372 5298 2424 5347 7.
2484 5290 2789 5348 Secundum
2837 5290 2990 5343 intel-

2179 5366 2456 5431 ligentiam
2502 5368 2652 5418 tuam
2702 5361 2917 5415 tardam
2940 5363 2990 5413 et

2177 5450 2439 5503 grossam.

2251 5507 2313 5560 N.
2355 5508 2407 5559 9.
2452 5506 2520 5559 Et
2559 5505 2821 5559 averteret
2852 5516 2992 5555 men-

2189 5581 2309 5630 tem.

2255 5647 2390 5701 Ibid.
2441 5649 2511 5707 Et
2567 5647 2678 5700 alia
2706 5645 2874 5699 Filius
2922 5644 2995 5696 si-

2185 5720 2356 5773 milia.

3052 3592 3226 3647 zando
3255 3596 3539 3647 eructaret.

3124 3662 3300 3717 Codd.
3340 3664 3433 3716 lla
3482 3666 3689 3716 secreta
3741 3668 3871 3715 sunt

3052 3737 3103 3786 et
3149 3732 3438 3802 profundae
3477 3733 3867 3800 intelligentia.

3056 3802 3178 3857 Vid.
3203 3820 3318 3857 var.
3345 3804 3517 3857 Maur.

3125 3874 3262 3928 Cod.
3295 3890 3381 3928 XL.
3417 3873 3574 3939 Quod
3617 3888 3739 3928 eum
3769 3890 3870 3928 au—

3054 3945 3189 3999 ditis
3228 3944 3419 3999 dicere.

3125 4015 3203 4070 Id.
3338 4015 3872 4072 Commemorandum

3054 4090 3154 4141 est.
3410 4110 3417 4115 -

3127 4155 3261 4211 Cod.
3314 4172 3496 4210 xxxvx.
3544 4157 3671 4211 Post
3716 4157 3872 4211 labo-

3055 4242 3165 4282 rem
3193 4226 3420 4293 fabricae
3446 4227 3653 4281 mundi.

3128 4296 3315 4363 Codd.
3354 4297 3478 4354 Nisi
3527 4312 3648 4351 cum
3693 4297 3876 4351 redie-

3056 4370 3137 4423 ris
3188 4368 3263 4422 ad
3309 4367 3731 4423 similitudinem
3775 4371 3876 4422 Dei

3056 4442 3115 4493 in
3145 4454 3256 4508 qua
3300 4440 3481 4504 factus
3517 4442 3610 4492 est.

3129 4509 3263 4564 Cod.
3304 4525 3469 4563 mm
3512 4514 3569 4562 et
3620 4524 3703 4563 xc.
3768 4511 3883 4576 Qui

3053 4581 3291 4651 jussitet
3329 4582 3481 4646 facta
3509 4584 3656 4633 sunt.

3134 4650 3266 4705 Cod.
3328 4667 3362 4704 1.
3405 4651 3507 4707 Cui
3541 4652 3623 4704 rei
3646 4655 3881 4706 attesta-

3064 4727 3154 4777 tur
3180 4726 3231 4775 et
3248 4722 3512 4776 Psalmus.

3136 4792 3218 4847 Id.
3277 4792 3384 4857 Qui
3440 4791 3682 4861 jubendo
3740 4808 3872 4847 nun

3061 4878 3224 4934 quam
3253 4862 3614 4917 laboraverat.

3132 4934 3209 4988 Id.
3240 4935 3309 4988 Et
3348 4934 3509 5001 quasi
3543 4938 3875 4988 coruscatio-

3061 5021 3182 5060 nem
3223 5020 3434 5071 magna:
3499 5003 3635 5059 lucis
3687 5007 3880 5059 horre-

3062 5090 3231 5131 $68118.

3136 5147 3216 5201 Id.
3268 5144 3373 5200 Sed

3063 5216 3387 5272 descendisti
3399 5257 3412 5270 .

3138 5287 3215 5342 Id.
3293 5285 3595 5343 Secundum
3679 5290 3885 5341 intelli-

3064 5361 3301 5425 gentiam
3359 5361 3509 5412 tuam
3569 5358 3787 5412 tardum
3839 5365 3887 5411 et

3066 5444 3328 5484 crassam.

3138 5500 3215 5553 Id.
3271 5501 3340 5553 Et
3405 5502 3662 5553 everteret
3732 5516 3885 5553 ineri-

3067 5575 3185 5625 tem.

3141 5640 3217 5694 Id.
3284 5642 3454 5694 Filius
3510 5641 3725 5695 similia
3837 5650 3886 5696 et

3067 5713 3195 5766 alia.

3426 5160 3525 5214 per
3575 5150 3870 5201 maceriam
