4004 6182
145 267 266 314 1120:;

203 388 266 440 N.
332 391 414 441 10,
486 391 739 443 Percusso
825 406 946 443 aere

135 460 373 512 transiit.

201 529 344 582 Ibid.
378 530 438 584 Si
464 532 597 596 fecit
651 532 786 586 Deus
838 547 944 586 ca:-

135 600 263 663 lum,
288 601 432 669 quod
460 606 656 654 manet.

209 670 347 724 Ibid.
406 674 566 725 Pater
617 674 758 726 enim
811 675 943 739 fecit

133 755 230 809 per
258 743 476 796 Filium.

207 811 272 864 N.
331 815 410 865 12.
452 813 681 867 Attende
709 818 759 868 et
786 814 940 882 ipsa;

135 882 440 948 volvuntur,
472 889 579 937 etc.

207 952 349 1006 Ibid.
431 955 713 1022 Compara
765 955 945 1022 ipsum

135 1025 377 1076 animum
405 1026 601 1092 primo.

207 1094 345 1147 Ibid.
403 1097 518 1149 Cito
542 1097 772 1163 potuisti
798 1098 942 1162 cogi-

134 1167 250 1217 tare
278 1165 422 1232 quod
439 1168 687 1230 facturus
733 1171 810 1222 est
841 1168 937 1220 sol.

132 1237 217 1288 Ab
250 1239 470 1303 oriente,
502 1243 606 1290 etc.

202 1375 267 1429 N.
307 1379 389 1431 13.
423 1378 557 1445 Ipsa
586 1378 796 1432 ratione
825 1379 936 1432 ani-

125 1449 205 1499 mi
229 1448 334 1500 sui.

200 1517 343 1572 Ibid.
369 1518 517 1583 Quid
544 1519 939 1586 separationem

128 1590 328 1655 quaeris
357 1591 416 1643 in
443 1590 636 1658 opere?

1465 273 1838 330 LECTIONES
1878 278 2009 332 VAR
2023 280 2288 333 lANTES.

1095 391 1220 473 ld.__
1231 395 1504 473 Percussit
1561 412 1736 450 aerem
1775 403 1824 452 et
1856 401 1893 452 Α
1936 404 2171 469 corporis
2203 403 2259 454 in
2292 401 2390 455 hac
2436 403 2550 456 vita
2585 409 2747 473 atque

1018 465 1260 516 transiit.

1090 533 1224 586 Cod.
1312 551 1495 590 xxxw.
1571 537 1632 592 Si

1016 603 1176 656 Pater
1205 606 1390 659 emtum
1439 607 1583 674 quod
1629 615 1827 663 manet.

1089 674 1170 728 Id.
1231 677 1388 730 Pater
1431 679 1570 731 enim
1620 680 1754 744 fecit
1783 685 1833 734 et

1015 745 1207 798 Filius.

1088 815 1172 868 Id.
1210 815 1442 870 Attende
1480 822 1530 872 et
1570 820 1712 887 ipsa,
1741 836 1828 873 ve-

1017 885 1097 939 lut
1133 887 1361 954 fulgura
1387 885 1694 955 volvuntur,
1723 894 1826 944 etc.

1091 956 1174 1010 Id.
1261 959 1527 1026 Compara
1621 975 1682 1014 co.

1014 1028 1195 1098 ipsum
1223 1031 1464 1083 animum
1487 1032 1682 1098 primo.

1088 1097 1169 1150 Id.
1195 1099 1320 1153 Cito
1352 1097 1517 1169 (forte
1538 1102 1722 1169 citius)
1738 1117 1830 1169 po-

1019 1169 1174 1220 tuisti
1201 1171 1440 1234 cogitare
1469 1171 1613 1237 quod
1640 1174 1828 1237 factu-

1014 1252 1109 1292 rus
1149 1244 1227 1292 est
1277 1242 1375 1305 sol,
1431 1256 1595 1310 quam
1623 1245 1714 1296 itte
1740 1246 1827 1308 fa-

1013 1313 1197 1380 cturus
1223 1314 1318 1364 est.
1346 1311 1431 1364 Ab
1462 1314 1684 1380 oriente,
1717 1318 1818 1366 etc.

1085 1379 1163 1433 Id.
1282 1382 1463 1450 Ipsam
1563 1379 1825 1437 rationem

1013 1451 1186 1503 animi
1215 1454 1320 1504 sui.
1355 1451 1478 1505 Vid.
1504 1469 1620 1508 var.
1645 1454 1821 1508 Maur.

1086 1520 1167 1573 Id.
1237 1521 1379 1586 Quid
1459 1527 1820 1592 separationis

1008 1593 1206 1659 quaeris
1237 1596 1298 1646 in
1327 1597 1530 1662 opere?

632 1727 925 1765 TRACTATUS
955 1729 1066 1766 xxn
1090 1717 1144 1767 et
1171 1730 1324 1769 xxIII.

202 1836 493 1907 Leguntur
543 1834 734 1906 aliqua
779 1851 842 1888 ex
895 1839 1057 1906 parte
1109 1837 1167 1891 in
1201 1838 1456 1910 quinque
1488 1841 1653 1896 codd.
1689 1843 1816 1897 Flo-

122 1925 386 1991 rentinis,
421 1939 627 1994 nempe
662 1924 798 1978 Bibl.
837 1924 1100 1980 Laurent.
1131 1927 1271 1996 plut.
1307 1945 1438 1996 xvu,
1469 1930 1594 1983 cod.
1633 1947 1818 1999 XXXVI,

123 2014 225 2068 fol.
251 2015 317 2067 90
349 2013 424 2078 ὁ;
465 2011 602 2066 ibid.
659 2010 758 2065 fol.
811 2014 930 2077 116,
984 2029 1156 2083 quem
1197 2015 1512 2070 indicamus
1553 2034 1715 2074 xxxw
1749 2021 1818 2086 b;

129 2102 270 2156 Bibl.
300 2100 460 2154 rEdil.
509 2099 632 2154 cod.
677 2116 834 2160 CXLII,
885 2099 988 2153 fol.
1055 2104 1147 2155 101
1204 2103 1272 2168 b;
1307 2103 1444 2160 ibid.
1481 2105 1576 2160 fol.
1614 2109 1734 2177 105,
1767 2114 1822 2163 et

123 2189 326 2243 eadem
358 2187 499 2241 Bibl.
532 2186 656 2240 cod.
691 2201 950 2254 cxxxvnI,
983 2185 1080 2241 fol.
1117 2191 1215 2244 179
1249 2189 1299 2244 b.

202 2277 344 2331 Edit.
383 2278 562 2330 Tract.
614 2291 746 2340 XXII,
785 2275 848 2328 N.
885 2277 936 2328 3.

122 2351 266 2403 Moto
346 2347 522 2413 corde,
615 2361 723 2399 non
799 2350 940 2399 moto

121 2434 361 2488 corpore,
383 2423 520 2472 moto
540 2418 599 2470 in
619 2417 828 2470 melius.

201 2560 321 2614 Ibid
336 2601 349 2615 .
372 2556 849 2628 Apprehendenda
861 2559 939 2610 est

120 2633 299 2686 vera?
367 2628 713 2696 migrandum
764 2641 840 2682 ρει
904 2642 940 2680 a

114 2703 289 2768 falsa.
327 2703 406 2756 Et
445 2716 553 2770 qua
593 2698 938 2767 migrandum

160 2774 276 2826 uo?

120 2791 276 2841 qua?

198 2845 262 2896 N.
311 2845 362 2896 6.
419 2843 523 2898 Nec
591 2844 764 2909 potest
815 2855 934 2894 eva-

119 2916 280 2968 cuari
308 2915 499 2967 divina
527 2913 811 2966 sententia.

197 2984 338 3038 Ibid.
398 2983 556 3038 Modo
591 2985 810 3036 interim
837 2982 931 3047 fac

117 3059 409 3110 transitum
421 3057 546 3108 vitae
557 3092 570 3108 .

197 3127 260 3180 Ν.
289 3131 341 3180 7.
379 3128 496 3180 Una
543 3125 644 3178 erit
702 3123 834 3176 hora
867 3122 932 3176 de

116 3191 400 3251 duodecim
431 3197 575 3250 horis
603 3195 762 3247 unius
799 3192 928 3246 diei.

195 3269 259 3323 N.
321 3271 370 3321 0.
436 3268 715 3333 Partieeps
751 3267 931 3330 factus

119 3341 263 3402 vitae,
314 3353 418 3392 non
461 3351 580 3390 eras
617 3335 760 3403 quod
789 3349 932 3388 acce-

139 3410 276 3462 )isti.

120 3426 376 3532 ,mlfli'IO.
423 3476 662 3531 Proinde
709 3475 845 3545 quia
875 3478 931 3529 in

123 3555 172 3605 te
196 3549 418 3602 tenebrae
444 3552 618 3613 erant,
651 3563 768 3602 cum
796 3548 930 3600 illu-

121 3621 433 3674 minaberis.

201 3692 262 3745 N.
327 3693 410 3744 I3.
460 3692 532 3742 De
576 3689 928 3742 monumentis

121 3766 317 3827 autem,
377 3760 601 3814 audient
666 3774 840 3812 vocem
882 3770 930 3812 et

119 3832 408 3900 precedent
462 3831 558 3899 qui
614 3830 740 3885 bene
789 3831 929 3895 fece-

119 3907 275 3971 runt,
306 3908 412 3956 etc.

196 3970 267 4026 Ν.
296 3977 378 4026 14.
426 3970 582 4037 Quod
623 3971 804 4036 audis,
837 3971 930 4024 hoc

119 4044 282 4098 dicis.

193 4115 332 4168 Ibid.
436 4115 580 4179 Ergo
657 4111 929 4182 judicium

116 4201 294 4239 meum
313 4185 526 4254 justum
557 4187 652 4238 est.

189 4325 328 4379 Ibid.
381 4325 486 4390 Qui
527 4327 605 4378 est
647 4324 712 4378 de
746 4327 925 4391 Patre,

111 4412 221 4450 non
267 4399 343 4450 est
397 4397 462 4449 de
506 4411 578 4450 se.
631 4397 691 4451 Si
738 4396 803 4450 de
874 4411 928 4450 se

113 4469 286 4522 Filius
316 4471 466 4534 esset,
503 4471 605 4520 etc.

193 4608 256 4662 N.
295 4611 376 4662 15.
421 4609 758 4664 Voluntatem
774 4609 922 4663 Filii.

187 4821 370 4874 Tract.
420 4837 569 4874 XXIII.
624 4821 687 4874 N.
721 4822 774 4874 2.
810 4822 925 4875 Non

108 4889 187 4945 ad
216 4891 495 4945 satiandos
517 4893 734 4945 amicos.

188 4962 328 5015 Ibid.
393 4963 476 5014 Ibi
526 4965 712 5029 utique
788 4964 922 5016 Deus

99 5033 388 5103 perhibuit
417 5035 794 5086 testimonium.

187 5104 249 5156 N.
284 5107 336 5156 3.
394 5103 578 5158 Omnis
629 5118 752 5168 ergo
789 5118 920 5172 pro-

101 5175 296 5242 phetia
353 5180 478 5228 ante
545 5175 766 5228 Domini
820 5175 963 5228 ad-~

101 5248 342 5299 ventum.

184 5315 325 5368 Ibid.
379 5317 493 5372 Non
528 5319 702 5384 potest
727 5317 919 5370 civitas

104 5385 368 5439 abscondi
432 5401 603 5455 supra
693 5391 919 5440 montem

103 5458 420 5510 constituta.

185 5527 250 5580 N.
298 5530 349 5580 5.
399 5527 628 5584 Verbum
671 5530 769 5583 Dei
792 5529 916 5582 uni-

102 5612 199 5652 cus
222 5599 394 5652 Patri.

181 5667 321 5722 Ibid.
425 5670 650 5738 Propter
713 5684 919 5723 consor-

96 5739 246 5793 tium
307 5740 580 5807 quoddam
646 5743 842 5794 animae
869 5744 918 5793 et

1085 2275 1218 2331 Cod.
1289 2294 1453 2332 xxxv1
1521 2281 1569 2334 b.
1675 2284 1822 2338 Motu

1012 2346 1209 2412 cordis,
1241 2365 1346 2403 non
1374 2355 1520 2405 motu
1540 2356 1779 2421 corporis
1805 2371 1817 2420 ;

1010 2421 1242 2473 motuin
1272 2422 1482 2476 melius.
1540 2422 1661 2478 Vid.
1701 2440 1816 2478 var.

1011 2486 1188 2542 Maur.

1085 2559 1162 2612 Id.
1193 2558 1260 2614 Si
1315 2566 1491 2616 autem
1528 2565 1822 2632 apprehen-

1013 2627 1135 2682 dere
1199 2647 1398 2696 veram,
1476 2627 1822 2700 miqrandum

1011 2703 1088 2774 e_st
1105 2715 1138 2752 a
1155 2701 1328 2765 falsa,
1351 2707 1400 2756 et
1427 2706 1558 2771 quia
1588 2708 1822 2774 migran-

1010 2769 1139 2823 dum
1159 2776 1258 2836 est,
1282 2788 1385 2840 quo
1409 2776 1436 2826 ?

1083 2841 1161 2894 Id.
1225 2844 1331 2898 Nec
1385 2847 1534 2912 potes
1596 2846 1820 2901 evadere

1004 2915 1322 2968 sententiam
1351 2915 1616 2969 divinam.

1701 540 1832 604 fecit

1261 959 1527 1026 Compara
1621 963 1832 1030 corpori

1941 473 2239 539 complexu.

2012 542 2152 595 Ibid.
2187 543 2311 608 Quae
2339 544 2483 597 Deus
2502 548 2601 598 est.

2011 681 2130 735 Ibid
2145 723 2158 736 .

1939 753 2144 806 anima.

2014 821 2150 898 Ibid.
2185 896 2193 898 _
2226 825 2454 879 Praestat
2533 828 2749 898 aliquid

1940 893 2211 957 inferiori.

2012 963 2074 1016 Ν.
2110 967 2159 1018 6.
2218 965 2544 1036 Contemptis
2593 976 2744 1024 ceete-

1936 1034 2012 1086 ris
2051 1036 2134 1087 vel
2188 1038 2351 1091 etiam
2398 1034 2745 1095 transcensis.

2006 1105 2148 1159 Ibid.
2200 1108 2314 1162 Non
2364 1111 2617 1177 rapinam
2650 1128 2747 1164 ar-

1937 1173 2168 1229 bitratus
2198 1183 2277 1231 est
2301 1194 2410 1232 esse
2426 1173 2704 1248 ‘2qualis.

2259 684 2514 753 Superior
2607 689 2747 741 enim

3492 298 3620 348 19013

2821 422 2920 460 ma:
2947 412 2997 460 et
3025 413 3264 478 corporis
3297 414 3353 466 in
3385 415 3485 469 hac
3517 420 3636 470 vita

2821 482 2982 546 atque
2994 483 3346 549 completum.

2893 549 3068 604 Codd.
3175 555 3362 608 ambo.
3475 558 3631 622 Quod

2824 621 2956 672 Deus
2986 625 3082 675 est.

2893 690 3034 768 Cod.
3125 709 3376 768 cxxxvm.
3454 698 3628 768 Supe-

2820 761 2935 813 rior
2960 767 3038 815 est
3065 766 3204 817 enim
3243 771 3448 821 anima.

2894 831 3063 908 Codd.
3118 836 3317 908 Anima
3378 844 3437 890 ut
3478 856 3630 908 pra:-

2822 906 2930 974 stat
2960 904 3184 974 aliquod
3212 904 3484 974 inferiori;

2894 972 2994 1045 Iid.
3051 972 3374 1045 Contemptis
3423 985 3626 1036 caeteris

2820 1043 2902 1096 vel
2926 1045 3086 1098 etiam
3111 1043 3482 1112 transgressis.

2894 1113 2993 1167 Iid.
3046 1117 3160 1171 Non
3218 1123 3474 1186 rapinam
3529 1137 3627 1175 ar-

2821 1183 3054 1260 bitratus
3103 1191 3178 1241 est
3229 1183 3337 1243 esse
3362 1206 3416 1245 se
3445 1207 3630 1260 aequa-

2822 1256 2940 1308 lem.

2551 1391 2856 1432 TRACTATL'S
2888 1395 3014 1432 XXV.

2006 1491 2256 1564 Legitur,
2293 1511 2500 1567 nempe
2536 1515 2569 1552 a
2619 1515 2674 1553 η.
2731 1502 2793 1554 10
2850 1518 3028 1572 usque
3076 1505 3146 1558 ad
3177 1505 3349 1560 ﬁnem
3380 1507 3440 1563 in
3473 1511 3614 1567 Bibl.

1934 1579 2197 1635 Laurent.
2221 1584 2364 1652 plut.
2399 1601 2513 1654 xXI,
2555 1587 2677 1640 cod.
2727 1604 2780 1653 Χ,
2833 1588 2930 1644 fol.
2973 1592 3068 1644 1'22
3110 1592 3160 1656 b,
3192 1599 3247 1647 et
3278 1596 3417 1650 Bibl.
3455 1599 3618 1653 zEdil.

1856 1680 1895 1733 Β
1933 1667 2053 1722 cod.
2089 1686 2247 1736 CXLII,
2307 1671 2402 1726 fol.
2464 1676 2562 1728 I33
2623 1675 2687 1741 b;
2750 1677 2976 1731 brevior
3030 1684 3223 1735 autem
3271 1684 3513 1740 habetur
3571 1689 3629 1742 in

1932 1757 2185 1827 ejusdem
2219 1760 2368 1816 Bibl.
2431 1763 2696 1818 Laurent.
2736 1765 2880 1834 plut.
2909 1783 3040 1835 XVII,
3073 1771 3193 1824 coal.
3225 1787 3332 1839 XLI,
3361 1772 3458 1827 fol.
3502 1778 3618 1830 I75.

2003 1845 2142 1899 Edit.
2195 1848 2260 1900 Ν.
2309 1851 2392 1903 10.
2467 1851 2624 1915 Quod
2689 1854 2747 1905 in

1930 1919 2370 1985 consequentibus
2457 1922 2739 1976 illucescit.

2003 1987 2242 2060 IbidLSi
2269 1993 2431 2044 scires
2478 1995 2574 2060 qui
2603 1995 2744 2060 petit

1929 2071 1964 2110 a
1994 2061 2042 2110 te
2088 2058 2264 2113 bibere
2316 2062 2377 2114 Et
2406 2058 2732 2118 sic—postea.

2000 2127 2138 2182 Ibid.
2186 2131 2317 2185 Cum
2363 2133 2463 2186 illa
2501 2127 2736 2187 diceret:

1933 2198 2080 2252 Unde
2112 2199 2232 2254 tibi.

2003 2338 2067 2392 N.
2155 2343 2237 2394 11.
2331 2341 2561 2397 Verbum
2648 2347 2742 2398 Dei

1929 2410 2259 2465 commendat
2381 2413 2575 2468 humili
2582 2419 2739 2470 tatem

1929 2495 2110 2536 suam.

2003 2551 2142 2604 Ibid.
2173 2550 2325 2616 Quod
2358 2568 2462 2607 non
2513 2558 2740 2622 confun-

1931 2620 2096 2674 datur
2120 2637 2239 2674 cum
2268 2627 2488 2677 caeteris.

2005 2694 2068 2746 N.
2105 2696 2186 2745 13.
2238 2693 2342 2746 Sed
2393 2695 2560 2748 Pater
2587 2711 2737 2750 meus

1930 2763 2078 2817 dedit
2106 2762 2254 2816 vobis
2271 2779 2468 2831 panem
2499 2765 2564 2819 de
2594 2767 2736 2820 calo.

1937 2835 2124 2898 Verus,
2158 2836 2261 2888 etc.

1075 2954 1666 3040 iHI"'IiI"'6213"i;§ié¥im
1722 2989 1814 3054 fac
1861 2954 1898 3008 ε
2003 2973 2142 3054 Ibid.
2180 2975 2288 3054 (iui
2324 2977 2739 3045 signiﬁcabatur

1008 3055 1322 3121 transitum,
1353 3058 1491 3110 vive.

1076 3123 1157 3177 Id.
1188 3128 1304 3179 Una
1338 3131 1455 3180 erat
1493 3127 1559 3181 de
1601 3128 1814 3183 duode-

1005 3195 1108 3246 cim
1137 3195 1282 3250 horis
1312 3200 1472 3252 unius
1504 3199 1633 3254 diei.

1078 3264 1156 3318 Id.
1252 3265 1536 3336 Particeps
1633 3271 1814 3335 factus

1005 3336 1149 3403 vita,
1220 3353 1328 3391 non
1387 3355 1527 3402 eras,
1597 3341 1815 3408 quando

1005 3409 1279 3474 accepisti.

1076 3477 1155 3550 Id.
1189 3479 1422 3533 Proinde
1466 3482 1562 3550 qui
1581 3483 1639 3534 in
1671 3485 1815 3536 tene-

1007 3546 1118 3670 gris
1157 3563 1298 3615 eras,
1346 3546 1493 3605 cum'
1536 3553 1814 3606 illumina-

1040 3633 1163 3670 eris.

1040 3633 1144 3672 eris
1151 3659 1163 3672 .

1075 3689 1156 3742 Id.
1193 3692 1266 3744 De
1324 3695 1676 3747 monumentis
1717 3709 1812 3746 au-

1005 3762 1107 3832 tem
1132 3761 1354 3815 audient
1411 3767 1461 3816 et
1507 3764 1809 3832 precedent.

1005 3830 1120 3894 Quo
1139 3833 1168 3884 ‘?
1225 3835 1322 3899 qui
1370 3830 1523 3886 bene—
1549 3837 1811 3900 fecerunt,

1004 3908 1108 3954 etc.

1076 3971 1206 4043 Cod.
1278 3989 1446 4027 CXLII.
1522 3976 1586 4029 Ut
1669 3975 1814 4043 quod

1004 4042 1184 4109 audis,
1218 4043 1312 4097 hoc
1337 4043 1509 4098 dicas.

1075 4113 1155 4168 Id.
1189 4117 1245 4166 et
1296 4129 1479 4169 XXXVI.
1535 4116 1686 4182 Ergo
1711 4116 1809 4185 ju-

1001 4182 1202 4236 dicium
1256 4200 1430 4239 meum
1472 4187 1682 4254 justum
1713 4182 1808 4253 est,

1002 4268 1185 4308 verum
1215 4263 1310 4308 886.

1925 3047 2282 3099 contemnitis.

2001 3116 2070 3170 N.
2105 3118 2187 3168 15.
2221 3116 2372 3184 Ipsa.
2420 3119 2564 3183 Quid
2591 3135 2734 3186 quae-

1924 3187 2096 3240 rimus
2127 3191 2308 3241 utrum
2336 3189 2458 3256 ipsa
2479 3190 2596 3244 sit?

1999 3326 2143 3400 Ibid.
2229 3327 2402 3382 Aliud
2468 3334 2739 3400 suspicari

1926 3413 2088 3466 quam
2116 3399 2381 3467 loquitur.

1999 3469 2063 3521 N.
2100 3471 2182 3522 16.
2240 3471 2391 3524 Cura
2431 3472 2739 3540 superbiam

1925 3542 1976 3592 et
2003 3540 2158 3594 nulla
2179 3543 2280 3594 erit
2298 3542 2588 3610 iniquitas.

1996 3679 2142 3734 Ibid.
2178 3683 2309 3736 Tota
2339 3683 2617 3737 humilitas
2647 3687 2741 3738 tua

1925 3753 1985 3804 ut
2013 3766 2295 3818 cognoscas
2325 3758 2390 3808 te.

1999 3891 2062 3945 N.
2129 3896 2211 3946 17.
2260 3896 2396 3948 Fons
2442 3896 2585 3948 vitae.
2621 3898 2737 3954 Non

1923 3963 2062 4027 foris
2093 3969 2250 4018 eretra
2271 3968 2340 4032 te,
2369 3969 2478 4021 etc.

1996 4102 2137 4157 Ibid.
2193 4105 2286 4157 Ille
2335 4106 2483 4173 juste
2512 4109 2646 4162 vivit
2683 4113 2734 4163 et

1924 4173 2152 4228 laborat.

1994 4244 2135 4318 Ibid.
2183 4247 2288 4300 Iste
2331 4249 2497 4302 Deum
2551 4248 2765 4318 habet,‘

1073 4325 1152 4378 Id.
1184 4325 1340 4398 Quod
1393 4331 1471 4380 est
1517 4327 1582 4380 de
1615 4328 1807 4389 Patre,
1849 4344 1888 4398 ι)
1921 4317 2232 4398 (mireari?
2260 4323 2587 4398 ponpotest.

999 4410 1104 4449 non
1138 4401 1214 4450 est
1262 4396 1327 4450 de
1371 4413 1445 4451 se.
1481 4399 1568 4453 Sic
1598 4413 1703 4451 non
1732 4403 1809 4452 est

1000 4466 1065 4518 de
1095 4481 1148 4520 se
1205 4468 1400 4522 Filius.
1446 4469 1509 4523 Si
1550 4469 1614 4521 de
1645 4485 1699 4522 se
1728 4471 1810 4522 Fi-

1004 4538 1108 4591 lius
1139 4543 1290 4602 esset,
1311 4542 1414 4591 etc.

1072 4607 1813 4663 Iid.Cumomnibusmanu-

1001 4677 1226 4734 scriptis
1271 4679 1598 4733 voluntatem
1631 4682 1809 4734 Chri-

998 4751 1085 4804 sti.
1111 4749 1236 4803 Vid.
1267 4765 1383 4803 var.
1419 4750 1594 4804 Maur.

1071 4820 1213 4874 Cod.
1251 4836 1408 4873 CXLII.
1466 4823 1582 4876 Non
1617 4820 1691 4874 ad
1718 4837 1807 4875 sa-

1001 4891 1260 4944 turandos
1289 4893 1509 4945 amicos.

1067 4961 1150 5014 Id.
1188 4962 1287 5015 Ubi
1307 4963 1493 5030 utique
1520 4964 1656 5016 Deus
1682 4979 1807 5032 per-

995 5032 1172 5086 hibuit
1202 5033 1578 5086 testimonium.

1069 5103 1146 5157 Id.
1182 5102 1366 5157 Omnis
1397 5118 1521 5170 ergo
1537 5104 1806 5172 propheta

994 5177 1119 5226 ante
1195 5175 1408 5226 Domini
1491 5175 1802 5229 adventum.

992 5243 1079 5298 Sic
1101 5247 1158 5296 et
1185 5259 1371 5296 XXXVI.

1064 5314 1236 5368 Codd.
1288 5313 1475 5367 ambo.
1516 5316 1635 5371 Non
1699 5331 1801 5384 po-

993 5389 1093 5440 test
1121 5387 1312 5439 civitas
1351 5385 1607 5439 abscondi
1635 5401 1803 5454 supra

990 5462 1221 5510 montem
1249 5458 1450 5524 pos-ita.

1063 5527 1238 5582 Codd.
1273 5542 1504 5579 CXXXVIII
1539 5530 1594 5578 et
1634 5541 1792 5580 CXLII.

1000 5597 1253 5662 Verbum,
1273 5597 1373 5649 Dei
1385 5599 1574 5650 unicus
1593 5596 1798 5651 Patris.

1065 5667 1196 5722 Cod.
1254 5682 1510 5720 CXXXVIII.
1579 5669 1804 5736 Propter

992 5740 1319 5793 consortium
1363 5737 1635 5805 quoddam
1675 5741 1798 5791 ani-

1998 4385 2137 4439 Ibid.
2173 4387 2279 4442 Sed
2345 4385 2408 4442 si
2445 4392 2516 4443 sit
2555 4397 2729 4446 rectus

1917 4456 2092 4510 corde.

1982 4525 2128 4600 Ibid.
2165 4528 2286 4582 Ideo
2335 4530 2423 4583 ille
2468 4530 2603 4600 quid
2638 4532 2731 4586 di-

1918 4596 2068 4650 cebat
2095 4598 2122 4651 ‘i

1990 4667 2136 4754 Ibid.
2154 4741 2164 4751 .
2183 4670 2254 4722 Et
2271 4743 2281 4754 Δ
2298 4670 2486 4754 lapsus
2532 4677 2609 4754 est
2637 4689 2732 4741 per

1919 4742 2164 4816 eumqui
2187 4743 2310 4793 ante
2339 4742 2620 4796 ceciderat.

1988 4807 2126 4861 Ibid.
2167 4810 2403 4864 Auditui
2427 4828 2536 4866 meo
2566 4813 2728 4870 dabis

1869 4909 1872 4912 ‹
1916 4879 2304 4934 exultationem
2325 4885 2376 4935 et
2423 4883 2687 4938 laetitiam.

1990 5019 2054 5073 Ν.
2092 5022 2176 5075 I8.
2226 5022 2599 5080 Humilitatem
2628 5026 2718 5081 do-

1915 5104 2000 5142 σεο
2007 5129 2019 5141 .

1987 5159 2126 5234 Ibid.
2183 5163 2301 5234 Non
2345 5168 2516 5222 mittit
2569 5169 2722 5234 foras

1913 5233 2025 5283 nisi
2053 5233 2328 5300 superbia.

1986 5300 2127 5354 Ibid.
2167 5306 2433 5372 Quomodo
2481 5311 2594 5362 eicit
2635 5311 2721 5375 fo-

1912 5385 2082 5428 ras...
2119 5389 2153 5425 a
2182 5378 2407 5429 veritate
2428 5382 2456 5430 ?

1986 5443 2048 5494 Ν.
2111 5446 2192 5497 19.
2253 5447 2526 5501 Geminam
2570 5451 2722 5504 illam

1909 5516 2345 5571 resurrectionem
2363 5518 2606 5574 delineet.

2893 1855 3028 1910 Cod.
3095 1873 3145 1910 X.
3205 1860 3312 1924 Qui
3339 1862 3397 1914 in
3443 1878 3629 1918 conse-

2820 1927 3104 1992 quentibus
3135 1929 3410 1986 illucescit.

2889 1996 2982 2072 Id._
3101 2001 3264 2072 scires
3313 2005 3435 2068 quis
3491 2007 3628 2072 petit

2815 2080 2849 2118 a
2881 2070 2931 2142 t_e
2963 2066 3158 2142 bibere.
3203 2071 3266 2124 Et
3296 2066 3372 2125 sic
3404 2066 3623 2142 postea.

2888 2137 3021 2190 Cod.
3101 2155 3278 2195 CXLIII.
3345 2137 3471 2198 Cdm
3530 2147 3630 2200 illa

2814 2206 3032 2284 diceret.
3098 2211 3244 2284 Unde
3299 2213 3400 2284 tibi
3443 2230 3622 2284 aqua;

2814 2277 2938 2352 cod.
2970 2293 3077 2352 xLI,
3116 2281 3262 2335 Unde
3291 2283 3392 2336 tibi
3426 2277 3624 2352 aquas;

2886 2349 3026 2402 Cod.
3085 2366 3191 2404 XLI.
3255 2349 3494 2408 Verbum
3535 2360 3630 2411 Dei

2813 2426 3185 2475 commemorat
3271 2424 3628 2482 humilitatem

2817 2503 2987 2542 suam.
3023 2490 3111 2544 Sic
3141 2497 3197 2545 et
3220 2509 3374 2549 CXLII.

2887 2559 3022 2614 Cod.
3057 2577 3160 2614 XLI.
3222 2564 3332 2628 Quo
3366 2581 3469 2620 non
3497 2583 3623 2622 con-

2811 2629 3084 2693 fundatur
3112 2647 3230 2686 cum
3255 2639 3476 2690 caeteris.

2885 2700 3056 2754 Codd.
3098 2717 3184 2755 XLI
3240 2710 3294 2758 ct
3333 2722 3490 2760 CVLII.
3523 2708 3628 2762 Sed

2815 2770 2977 2822 Pater
3005 2785 3150 2845 meus
3176 2775 3325 2829 dedit
3358 2777 3504 2831 vobis
3519 2794 3626 2845 pa-

2812 2854 2932 2893 nem
2985 2840 3050 2894 de
3095 2845 3220 2898 caelo
3262 2862 3466 2902 verum.
3519 2840 3621 2904 Ve-

2812 2925 2926 2976 rus,
2951 2915 3054 2966 etc.

2882 2981 2965 3036 Id.
3017 2984 3168 3047 Quod
3210 2988 3626 3054 signiﬁcabatur

2811 3056 3165 3108 contemnitis.

2883 3121 3015 3178 Cod.
3061 3141 3219 3180 CXLII.
3285 3129 3466 3196 Ipsam
3506 3133 3627 3198 qui-

2811 3192 2932 3319 dfin;
2959 3199 3252 3262 quaerimus
3291 3192 3471 3254 utrum
3501 3192 3624 3269 ipsa

2811 3279 2858 3318 sz

2810 3265 2882 3318 sit

2885 3334 2962 3388 Id.
3067 3337 3241 3413 Aliud
3318 3344 3624 3413 suspicari,

2812 3408 3147 3479 quamiquod
3177 3408 3433 3479 loquitur}

2885 3477 3020 3530 Cod.
3091 3495 3121 3531 X
3183 3477 3254 3534 etC
3301 3499 3456 3536 chII.
3509 3485 3623 3537 Cu-

2810 3552 2937 3600 rata
2993 3550 3266 3617 superbia,
3319 3555 3473 3608 nulla
3519 3557 3623 3608 erit

2812 3619 3098 3684 iniquitas.

2885 3689 3014 3742 Cod.
3075 3706 3230 3745 CXLII.
3261 3695 3392 3748 Tota
3440 3696 3623 3750 humi-

2815 3759 2943 3812 litas
3013 3763 3110 3816 tua
3172 3767 3269 3825 est,
3337 3769 3397 3818 ut
3426 3781 3622 3833 cogno-

2811 3843 2930 3884 scas
2961 3833 3027 3882 te.

2881 3899 2961 3953 Id.
3007 3900 3144 3954 Fons
3185 3906 3326 3968 vitae,
3375 3911 3425 3958 et
3454 3909 3512 3960 in
3545 3909 3622 3962 lu-

2810 3973 2951 4023 mine
2981 3975 3069 4025 tuo
3098 3974 3397 4029 videbimus
3421 3978 3616 4032 lumen.

2807 4042 2927 4114 Non
2955 4043 3094 4114 [oris
3123 4049 3280 4098 extra
3305 4051 3373 4114 te,
3405 4053 3512 4100 etc.

2879 4111 3055 4166 Codd.
3089 4115 3194 4168 Iste
3226 4111 3373 4183 juste
3400 4121 3540 4174 vivit
3572 4123 3620 4173 et

2806 4181 3035 4237 laborat.

2879 4252 2978 4307 Iid.
3039 4256 3144 4308 Iste
3199 4260 3247 4310 et
3293 4273 3412 4312 eum
3437 4260 3613 4325 habet,

2805 4325 2901 4390 qui
2925 4327 3107 4391 perire
3134 4341 3239 4380 non
3269 4335 3457 4395 potest.

2876 4395 3008 4448 Cod.
3047 4412 3098 4448 x.
3160 4399 3264 4451 Sed
3317 4403 3388 4454 sit
3441 4407 3615 4458 rectus

2804 4464 2976 4519 corde.

2875 4535 3011 4590 Cod.
3059 4553 3221 4592 CXLII.
3263 4540 3385 4595 Ideo
3417 4543 3507 4598 ille
3536 4544 3618 4599 di-

2804 4605 2973 4660 cebat.

2878 4677 3050 4754 Codd.
3110 4682 3321 4750 Lapsus
3386 4687 3463 4738 est
3519 4701 3615 4754 per

2803 4762 2920 4802 eum
2952 4752 3050 4818 qui
3067 4756 3193 4805 ante
3223 4755 3503 4809 ceciderat.

2873 4820 3008 4874 Cod.
3040 4837 3095 4875 x.
3134 4824 3368 4877 Auditui
3392 4841 3502 4879 meo
3521 4826 3615 4880 da-

2801 4888 2880 4942 bis
2909 4891 3192 4960 gaudium,
3225 4896 3609 4950 exultationem

2802 4966 2851 5014 et
2883 4961 3039 5014 ια’ιὶιί
3046 4979 3152 5017 am.

2871 5032 3006 5086 Cod.
3066 5049 3223 5087 CXLII.

2801 5105 2904 5154 tem
2925 5118 3019 5168 ego
3041 5103 3216 5157 doceo.

2869 5172 3006 5225 Cod.
3058 5189 3217 5227 CXLII.
3280 5177 3394 5230 Non
3441 5181 3610 5234 mitti-

2803 5245 2895 5314 tur
2917 5243 3071 5314 foras
3089 5246 3200 5298 nisi
3225 5249 3497 5314 superbia.

2869 5313 3005 5366 Cod.
3067 5330 3116 5367 Χ.
3181 5313 3447 5380 Quomodo
3501 5335 3607 5374 non

2795 5385 2909 5436 emit
2933 5385 3151 5448 foras...
3175 5403 3208 5439 (ι
3237 5389 3502 5443 veritate?

2865 5453 3036 5507 Codd.
3108 5457 3389 5512 Geminam
3453 5461 3606 5515 illam

2789 5529 3223 5580 resurrectionem
3244 5528 3498 5586 declaret.

3310 5035 3611 5091 Humilita—

2369 5657 2667 5697 TRACTATL'S
2709 5663 2830 5700 XXVI
2857 5651 2926 5728 Et.
2941 5665 3086 5704 XXVII
3095 5691 3107 5703 .

1984 5741 2215 5810 Legitur
2255 5745 2554 5802 mutilatus
2616 5751 2731 5804 sive
2772 5752 2832 5805 in
2889 5753 3025 5809 Bibl.
3109 5756 3400 5824 Laurent,
3454 5759 3599 5828 plut.
