4068 6192
314 248 443 298 1207

306 469 419 519 xvx,
451 450 546 506 fol.
580 451 648 503 60
674 449 790 502 bet
818 462 975 517 seqq.

381 539 526 611 Edit.
559 540 742 611 Tract.
766 552 915 600 xxvn,
960 533 1023 587 N.
1072 536 1117 585 I.

311 613 422 678 Qui
481 608 650 664 esurit
714 608 853 660 hunc
902 618 1119 675 panem,

310 681 518 738 esuriat
533 679 833 749 justitiam.

383 754 449 808 N.
504 747 557 805 5.
616 751 681 804 Ut
735 749 831 817 qui
898 747 1120 813 cogitat,

313 829 424 878 etc.
1034 834 1037 835 ν

382 892 462 947 Id.
513 893 697 959 Ipsum
750 885 923 943 trahit
964 888 1122 941 Pater

313 968 363 1019 et
373 963 588 1018 Filium.

384 1033 527 1089 Ibid.
559 1034 701 1095 Non,
730 1030 931 1100 inquit,
974 1028 1122 1082 Deus

308 1118 467 1160 verus
481 1143 492 1157 .

380 1173 523 1229 Ibid.
586 1174 749 1228 Homo
810 1171 980 1226 solum
1039 1172 1120 1223 est

315 1247 582 1303 Christus.

384 1315 524 1370 Ibid.
557 1314 720 1380 Quem
744 1313 906 1366 Pater
926 1310 1120 1374 tramit,

317 1389 397 1441 Tu
420 1401 493 1444 es.
512 1385 714 1453 inquit,
732 1383 999 1453 Christus,
1015 1384 1119 1453 etc.

385 1457 449 1511 N.
485 1457 537 1510 6.
582 1449 941 1509 Manducabit
981 1449 1125 1519 quod

314 1528 504 1593 esurit,
534 1522 878 1580 saturabitur
905 1538 962 1576 eo
979 1520 1127 1591 quod

313 1601 450 1652 sitit.

389 1668 454 1722 N.
485 1670 546 1720 7.
580 1666 743 1719 Intus
764 1663 949 1729 datur,
977 1662 1125 1717 intus

319 1739 584 1792 coruscat.

389 1809 454 1862 N.
511 1809 561 1861 8.
621 1806 783 1860 Illum
838 1803 993 1858 doceo
1032 1803 1130 1871 qui

312 1878 471 1933 audit
510 1876 736 1933 verbum
784 1889 999 1939 meum;
1054 1873 1128 1927 it-

312 1950 423 2004 lum
451 1949 599 2003 docet
626 1952 677 2001 et
706 1949 880 2007 Pater,
912 1949 1019 1999 etc.

385 2158 530 2215 Ibid.
564 2159 627 2215 Si
655 2159 811 2213 illum
840 2157 989 2212 docet
1019 2154 1129 2210 Pa-

322 2236 421 2295 ter,
441 2233 555 2286 etc.

387 2302 454 2356 N.
487 2303 540 2355 9.
581 2300 687 2355 Sed
731 2313 1012 2368 nunquam
1041 2298 1127 2350 vi-

316 2371 496 2425 dimus
523 2373 755 2425 Patrem.

393 2442 459 2496 N.
496 2444 580 2495 I0.
620 2442 762 2497 Nam
818 2435 1127 2507 compendio

317 2512 494 2567 dicere
510 2514 708 2580 potuit.

387 2584 449 2647 Ν,
487 2579 565 2636 tl.
588 2579 867 2650 Numquid
892 2594 988 2634 nos
1020 2592 1128 2633 non

322 2654 625 2708 morimur?

385 2724 528 2779 Ibid.
671 2719 1130 2788 Quemadmodum

313 2810 410 2850 nos
431 2808 616 2849 sumus
640 2795 912 2847 morituri.

389 2935 531 2990 Ibid.
621 2935 894 3001 Quantum
951 2935 1132 2986 autem

311 3010 550 3078 pertinet
592 3006 667 3060 ad
693 3006 847 3060 illam
886 3009 1131 3078 mortem,

315 3076 381 3133 de
407 3093 517 3146 qua
542 3093 746 3131 'rsnner
781 3076 1049 3130 Dominus.

389 3148 531 3203 Ibid.
568 3149 805 3201 Peccata
862 3148 965 3200 etsi
1005 3146 1132 3198 sunt

316 3219 659 3288 quotidiana,
728 3217 812 3271 vel
857 3231 964 3270 non
1017 3217 1131 3288 sint

314 3285 621 3356 mortifera.
688 3289 999 3357 Antequam
1056 3285 1131 3338 ad

317 3361 515 3427 altare,
542 3363 648 3413 etc.

390 3429 532 3485 Ibid.
592 3429 857 3495 Dimittis,
883 3426 1130 3481 dimitte—

321 3504 411 3555 tur
440 3499 560 3555 tibi.

390 3640 534 3696 Ibid.

322 3717 472 3781 agat

390 3783 532 3837 Ibid.
564 3784 753 3838 Patres
785 3783 963 3836 autem
991 3780 1129 3835 isto-

316 3870 461 3925 rum,
484 3857 588 3908 etc.

616 3640 780 3697 Novit
846 3640 870 3693 i
897 3638 967 3693 lle
993 3636 1130 3708 quid

393 3995 457 4049 N.
490 3997 575 4048 I2.
612 3997 802 4051 Omnes
835 3993 894 4046 in
914 3992 1132 4060 Moysen

324 4065 596 4135 baptizati
624 4069 769 4121 sunt.

393 4206 515 4262 Ibid
609 4204 877 4273 Quomodo
955 4206 1136 4257 autem

323 4278 563 4332 eumdem
573 4282 759 4347 potum
769 4273 1137 4346 spiritualem?

324 4348 603 4416 Bibebant,
630 4352 736 4403 etc.

395 4490 440 4542 V
490 4491 574 4543 I5.
618 4489 764 4542 Fieri
789 4488 930 4541 enim
966 4486 1140 4555 potest

327 4566 390 4616 ut
407 4561 574 4614 senio.

403 4631 469 4685 N.
534 4632 617 4683 I7.
679 4627 1017 4695 Rediguntur
1073 4640 1140 4679 ea:

326 4702 533 4757 multis.
596 4701 840 4766 Namque
877 4696 1033 4751 aliud
1081 4698 1142 4749 in

327 4786 496 4826 unum
512 4785 580 4824 ea:
595 4769 783 4824 multis
807 4770 997 4835 granis
1017 4781 1141 4821 con-

328 4841 397 4913 ﬁt
416 4860 433 4909 ;
449 4840 608 4896 aliud
636 4842 695 4894 in
720 4853 886 4913 unum
912 4853 980 4892 ea:
1000 4837 1141 4891 mul-

329 4909 398 4970 tis
425 4913 597 4967 acinis
646 4909 889 4970 confluit.

403 4984 467 5037 N.
532 4984 619 5037 18.
696 4980 889 5035 Procul
981 4977 1143 5032 dubio

328 5069 424 5109 nec
469 5052 765 5108 manducet
806 5048 1143 5122 [spirituali-

332 5123 436 5196 ter]
469 5128 601 5191 etc.,
634 5120 818 5193 usque
846 5120 915 5175 ad
961 5136 1018 5174 η.
1056 5122 1141 5174 19.

401 5265 585 5320 Tract.
642 5279 810 5329 xxvu,
864 5262 928 5317 N.
977 5263 1030 5315 3.
1084 5260 1147 5316 Si

334 5338 517 5403 haeret,
544 5340 605 5390 ut
623 5349 728 5389 non
774 5333 1072 5388 deseratur.

1338 232 1704 286 VAIIIOIIUM
1744 225 2252 284 OPUSCUIDRUM
2296 224 2350 276 ὃ.
2395 218 2778 275 AUGUSTINI.

297 380 430 423 xvu,
461 361 587 415 cod.
615 376 793 424 xxxvr,
836 358 926 410 fol.
982 361 1074 410 197
1105 375 1119 420 ;
1150 355 1263 407 sive
1310 354 1366 407 in
1422 354 1563 407 Bibl.
1608 351 1835 422 Mugell.
1868 349 1989 403 cod.
2036 352 2080 404 Α
2122 418 2151 424 _
2181 345 2333 399 Edit.
2375 345 2753 424 Τίτιος-..ξηιλ
2778 353 2835 424 ρ.
2869 339 2925 420 9,.

1269 530 1406 585 Co'd.
1471 545 1584 583 xvr.
1661 528 1765 593 Qui
1837 528 2008 581 esurit

1198 602 1338 655 hunc
1357 616 1574 671 panem,
1627 601 1796 653 esurit
1824 598 2006 667 justi-

1196 675 1351 727 tiam.

1267 741 1397 797 ϐοά.
1452 757 1562 795 xvx.
1607 742 1679 795 Et
1727 742 1825 810 qui
1860 739 2005 805 cogi-

1196 818 1296 880 tat,
1322 818 1428 867 etc.

1266 879 1342 937 Id.
1370 885 1557 952 Ipsum
1571 882 1744 937 trahit
1758 882 1916 935 Pater
1934 879 2009 934 ad

1193 955 1413 1009 Filium.

1267 1024 1360 1080 Id.
1381 1026 1497 1082 Non
1523 1027 1622 1092 est,
1644 1024 1846 1093 inquit,
1870 1023 2008 1076 Deus

1192 1110 1369 1150 verus.

1266 1166 1345 1220 Id.
1441 1167 1605 1220 Homo
1695 1163 1837 1218 solus
1929 1165 2009 1216 est

1196 1237 1462 1294 Christus.

1266 1307 1348 1361 Id.
1381 1309 1543 1374 Quem
1590 1308 1750 1360 Pater
1814 1305 2005 1365 traxit,

1197 1377 1347 1432 dixit
1374 1394 1387 1432 :
1426 1380 1504 1432 Tu
1521 1391 1573 1431 es
1594 1377 1871 1442 Christus,
1896 1380 2005 1427 etc.

1270 1449 1351 1502 Id.
1382 1446 1746 1502 Manducabit
1773 1445 1835 1498 id
1857 1445 2002 1511 (cod.

1198 1520 1348 1573 male
1388 1521 1490 1587 eo),
1525 1518 1670 1586 quod
1688 1518 1899 1581 esuriit,
1923 1530 2009 1569 sa-

1200 1590 1475 1644 turabitur
1501 1603 1558 1643 eo
1597 1588 1741 1658 quod
1769 1588 1931 1641 sitiit.

1270 1660 1350 1716 Id.
1392 1662 1546 1715 Intus
1601 1658 1829 1725 dicitur,
1860 1659 2006 1712 intus

1197 1735 1459 1787 coruscat.

1272 1802 1354 1855 Id.
1396 1801 1559 1857 Illum
1595 1799 1750 1855 doceo
1781 1800 1879 1869 qui
1909 1813 2007 1852 au-

1200 1873 1284 1928 dit
1310 1872 1529 1927 verbum
1557 1886 1767 1935 meum;
1798 1872 1849 1925 si
1894 1884 2006 1937 ego,

1198 1960 1317 1999 cum
1350 1944 1499 1997 homo
1523 1945 1645 2007 sim,
1677 1942 1831 1995 illum
1853 1940 2009 1995 doceo

1201 2016 1299 2083 qui
1344 2014 1503 2068 audit
1550 2013 1770 2068 verbum
1811 2026 2005 2072 meum,
2054 2036 2058 2041 λ

1197 2086 1355 2140 illum
1383 2084 1531 2138 docet
1566 2089 1617 2139 et
1650 2086 1829 2149 Pater,
1866 2086 1970 2137 etc.

1270 2156 1349 2211 Id.
1399 2158 1469 2209 Et
1495 2158 1548 2209 si
1588 2157 1743 2210 illum
1785 2153 1935 2208 docet
1962 2155 2011 2206 et

1198 2229 1382 2293 Pater,
1408 2229 1514 2280 etc.

1276 2296 1351 2351 Id.
1380 2296 1442 2352 Si
1477 2310 1756 2366 nunquam
1766 2294 2005 2349 vidimus

1208 2369 1441 2422 Patrem.

1272 2438 1351 2492 Id.
1444 2438 1583 2493 Nam
1647 2434 2013 2506 compendiose

1202 2508 1379 2563 dicere
1403 2510 1601 2577 potuit.

1274 2575 1418 2634 ϐοά.
1494 2593 1673 2632 xxxvx.
1728 2575 2011 2645 Numquid

1201 2655 1252 2706 et
1271 2664 1365 2705 nos
1392 2664 1499 2704 non
1526 2650 1790 2703 morimur
1806 2646 1835 2703 ?

1273 2721 1354 2776 Id.
1437 2718 1896 2785 Quemadmodum
1963 2722 2013 2771 et

1202 2806 1298 2846 nos
1349 2805 1535 2845 sumus
1590 2792 1863 2845 morituri.
1922 2787 2013 2844 Sic

1205 2868 1262 2918 et
1291 2862 1415 2916 cod.
1447 2878 1558 2915 xw.

1275 2932 1410 2988 ϐοά.
1432 2948 1613 2986 xxxvr.
1635 2931 1905 2998 Quantum
1918 2944 2012 2983 au-

1207 3008 1309 3059 tem
1362 3005 1614 3072 pertinet.
1628 3045 1640 3058 .
1653 3046 1664 3057 .
1677 3042 1689 3054 .
1742 3016 2013 3055 rennsssr

1209 3075 1479 3129 Dominus.

1276 3144 1362 3199 Id.
1426 3145 1652 3199 Peccata
1699 3146 1750 3197 et
1796 3143 1846 3196 si
1885 3145 2014 3197 sunt

1203 3214 1548 3285 quotidiana,
1603 3215 1687 3268 vel
1739 3227 1846 3267 non
1888 3216 2016 3285 sunt

1202 3283 1507 3352 mortifera,
1565 3290 1857 3353 antequam
1942 3283 2016 3338 ad

1203 3359 1399 3421 altare,
1434 3360 1539 3410 etc.

1277 3426 1414 3481 Cod.
1476 3442 1588 3479 XVI.
1652 3426 1714 3481 Si
1759 3424 2013 3491 dimittis,

1203 3497 1501 3551 dimittitur
1530 3496 1648 3550 tibi.
1673 3495 1813 3550 Cod.
1853 3511 2017 3549 xxxv:

1203 3566 1758 3635 dimittitur,sednon
1771 3566 2013 3620 habetsi.

1274 3637 1408 3693 Cod.
1429 3652 1539 3691 xvx.
1575 3638 1734 3693 Novit
1765 3637 1856 3690 ille
1884 3635 2019 3704 quid

1203 3722 1360 3777 agas.

1276 3778 1405 3835 Cod.
1457 3793 1640 3832 xxxvx.
1708 3778 1892 3831 Patres
1939 3791 2019 3830 er-

1203 3865 1269 3918 go
1297 3851 1547 3915 istorum,
1593 3853 1697 3903 etc.
1732 3846 1855 3901 Vid.
1897 3862 2013 3901 var.

1204 3922 1380 3977 Maur.

1275 3991 1359 4045 Id.
1464 3989 1654 4046 Omnes
1722 3989 1782 4043 in
1843 3992 2022 4055 Moyse

1208 4061 1479 4131 baptizati
1533 4063 1677 4114 sunt.
1746 4058 1879 4114 ϐοά.
1925 4073 2020 4114 xv:

1204 4147 1305 4202 per
1333 4133 1571 4200 Moysen.

1281 4197 1440 4256 Cod.‘
1528 4216 1637 4254 xvx.
1749 4197 2022 4263 Quomodo

1208 4276 1388 4350 autem
1416 4271 1655 4350 eumdem
1691 4257 2016 4350 potum_s_pi—
2050 4293 2095 4350 ι)
2145 4349 2150 4350 γ
2334 4266 2424 4350 9.¹
2449 4262 2788 4350 NummuSAa
2828 4257 2942 4350 the-

1207 4344 1463 4397 rituatem
1515 4342 1810 4396 biberunt?
1862 4339 2016 4394 Bibe-

1212 4414 1361 4481 bant,
1395 4417 1500 4467 etc.

1283 4483 1420 4539 Cod.
1455 4497 1563 4537 xvr.
1593 4483 1741 4535 Fieri
1761 4482 1901 4535 enim
1917 4494 2024 4549 po-

1214 4559 1315 4609 test
1342 4558 1404 4609 ut
1429 4554 1512 4607 vel
1534 4554 1701 4607 senio.

1284 4624 1366 4679 Id.
1401 4623 1758 4690 Rediguntur.
1784 4624 1870 4676 Ex
1889 4621 2026 4674 mul-

1213 4698 1285 4751 tis
1304 4709 1537 4762 namque
1551 4695 1741 4760 granis
1770 4706 1909 4747 unus
1929 4706 2029 4760 pa-

1212 4768 1299 4821 nis
1319 4766 1633 4833 conﬁcitur;
1661 4768 1711 4818 et
1741 4778 1809 4818 ea:
1837 4763 2024 4833 multis

1213 4832 1441 4892 racemis
1477 4850 1644 4889 unum
1690 4834 1867 4903 (deest
1904 4832 2027 4886 haec

1212 4923 1319 4962 vox
1341 4907 1399 4961 in
1412 4905 1558 4972 cod.)
1571 4904 1763 4961 vinum
1783 4904 2023 4973 conﬂuit.

1289 4977 1367 5031 Id.
1432 4977 1561 5030 H830
1613 4975 1806 5030 omnia
1833 4974 2027 5040 habet,

1217 5047 1392 5103 etiam
1412 5061 1541 5119 quae
1562 5045 1829 5119 clausulis
1854 5043 2030 5119 inclu-

1216 5114 1451 5184 duntur;
1499 5121 1566 5172 ut
1620 5116 1681 5171 in
1744 5114 2030 5170 veteribus

1218 5188 1402 5244 editis.
1426 5186 1549 5242 Vid.
1578 5203 1695 5242 var.
1720 5188 1894 5242 Maur.

1291 5259 1372 5313 Id.
1432 5259 1495 5314 Si
1543 5260 1620 5313 sic
1673 5258 1922 5325 habetur,
1969 5259 2032 5310 ut

1215 5344 1322 5385 non
1341 5329 1638 5384 deseratur.

822 5434 1114 5475 TRACTATUS
1132 5433 1257 5471 XXXI
1279 5432 1340 5471 ET
1359 5431 1531 5470 XXXII.

406 5509 638 5580 Legitur
663 5507 794 5563 ﬁnis
842 5508 1117 5563 tractatus
1164 5519 1295 5559 xxxx
1322 5518 1355 5557 α
1388 5518 1446 5557 n.
1483 5506 1532 5563 7,
1576 5503 1632 5555 et
1680 5498 2033 5571 principium

334 5600 609 5655 tractatus
645 5610 794 5650 xxxn
831 5608 1014 5664 usque
1067 5590 1138 5646 ad
1168 5590 1365 5657 ﬁnem,
1396 5588 1456 5642 in
1492 5584 1634 5642 Bibl.
1667 5585 1854 5653 Lemn,
1885 5585 2031 5657 plut.

335 5703 472 5755 xvn,
499 5682 635 5739 ϐοά.
669 5698 817 5748 χχχι,
848 5680 946 5735 fol.
975 5680 1081 5733 230
1102 5680 1152 5733 b.

2046 1628 2086 1683 Β
2188 1613 2331 1668 Ibid.
2363 1613 2529 1667 Livor
2563 1612 2802 1680 separat,
2836 1621 2928 1662 sa-

3682 170 3819 260 I208

3076 332 3214 388 ϐοά.
3270 333 3496 400 Semper
3553 333 3697 384 enim
3742 331 3825 383 ibi

3002 410 3123 459 erat
3167 404 3438 468 Christus,
3485 417 3590 470 quo
3625 403 3821 468 fuerat

3000 475 3299 530 rediturus.

3074 545 3156 600 Id.
3191 544 3340 599 Unde
3381 557 3665 611 nunquam
3695 541 3821 596 dis-

3000 619 3163 672 cessit
3186 615 3523 683 unigenitus.

3073 687 3150 740 Id.
3202 682 3466 740 obauditu
3512 685 3665 737 auris
3703 682 3826 737 obe-

3000 757 3142 812 divit
3162 757 3315 810 mihi.
3337 754 3473 810 Cod.
3505 768 3623 807 non
3647 753 3824 808 habet

3001 831 3082 894 in,
3122 826 3219 881 sed
3242 825 3412 879 male.

3076 897 3160 952 Id.
3196 896 3302 952 Sed
3344 910 3467 951 cum
3512 896 3697 964 impiis
3722 893 3822 947 de-

2113 418 2331 485 Semper
2348 416 2491 469 enim
2509 412 2610 466 tibi
2635 409 2929 485 erth/iri-

2112 480 2251 555 stus,
2264 501 2367 555 quo
2382 480 2922 555 fuerat_redditurus.

2189 552 2252 612 Νν.
2271 552 2291 555 ”
2320 558 2404 609 10.
2470 552 2618 608 Unde
2643 564 2924 618 nunquam

2113 626 2343 683 discedit
2372 625 2704 693 unigenitus.

2188 697 2328 752 Ibid.
2362 696 2435 750 In
2483 692 2746 749 obauditu
2772 692 2927 745 auris

2113 767 2394 825 obaudivit
2422 766 2577 820 mihi.

2188 909 2251 963 N.
2298 911 2380 962 11.
2430 906 2540 960 Sed
2596 918 2715 960 cum
2742 903 2928 971 impiis

2107 979 2412 1050 judicatus.
2869 1044 2893 1050 Α
2999 973 3245 1050 putatus.

2182 1051 2366 1104 Tract.
2460 1061 2626 1106 xxxn,
2723 1060 2780 1097 η.
2867 1044 2921 1097 2.
3000 1037 3017 1039 “
3069 1039 3148 1094 Ιά.
3224 1038 3492 1103 Quoniam
3567 1037 3818 1103 Evange-

2117 1120 2342 1204 Quando
2379 1116 2730 1185 Evangelista
2757 1128 2924 1182 empo-
2998 1112 3131 1166 (ista
3146 1109 3419 1179 estposuit.

2114 1196 2326 1345 “iiiis.
2373 1260 2650 1327 Magisqae
2678 1255 2927 1311 indicant
3004 1251 3153 1345 “Id:
3181 1249 3512 1345 ‘Magisque
3547 1245 3818 1316 judicant

2115 1334 2341 1400 seipsos.
2432 1399 2437 1400 γ
2999 1334 3223 1400 seipsos.

3102 1391 3158 1445 ά.
3187 1389 3348 1445 Absit
3375 1394 3437 1443 ut
3456 1391 3565 1443 ista
3581 1386 3824 1457 perﬁdia

3003 1465 3169 1518 tentet
3197 1476 3287 1514 cor
3315 1463 3578 1514 nostrum.

3073 1532 3154 1586 Id.
3186 1532 3340 1587 Sicut
3365 1533 3481 1599 ipse
3499 1531 3628 1583 item
3657 1525 3816 1599 dicit.

3072 1602 3158 1657 Id.
3187 1603 3355 1656 Livor
3392 1598 3649 1670 separat,
3682 1598 3819 1652 cha-

3002 1677 3142 1728 ritas
3160 1672 3374 1741 jungit.

3071 1737 3177 1798 Ιά.⁷
3197 1743 3343 1808 Quia
3394 1737 3733 1810 signiﬁcavit
3762 1741 3822 1789 ut

3002 1817 3061 1870 in
3080 1814 3466 1868 resurrectione
3484 1814 3673 1865 nostra
3692 1810 3820 1862 cha—

3002 1888 3143 1940 ritas
3172 1886 3384 1952 ﬂagret,
3433 1885 3484 1935 et
3535 1881 3604 1935 ab
3636 1894 3822 1933 amore

3004 1956 3187 2011 saeculi
3243 1957 3544 2022 separetur,
3587 1954 3640 2004 et
3680 1954 3817 2012 tota,

3005 2031 3110 2082 etc.

2718 2141 3011 2182 TRACTATUS
3040 2138 3232 2177 XXXIII.

2188 2221 2483 2292 Leguntur
2507 2216 2631 2289 ejus
2660 2215 2773 2270 duo
2802 2212 2974 2286 primi
3008 2208 3235 2266 numeri
3259 2208 3319 2263 in
3364 2206 3622 2278 quinque
3651 2204 3821 2259 codd.

2121 2307 2485 2375 Florentinis,
2544 2321 2749 2378 nempe
2802 2302 2944 2359 Bibl.
3005 2302 3296 2368 Laurent,
3342 2298 3485 2369 plut.
3510 2311 3646 2362 xm,
3679 2294 3820 2348 Cod.

2116 2427 2262 2478 xxvr,
2294 2409 2395 2464 fol.
2433 2409 2530 2462 I37
2557 2422 2572 2473 ;
2604 2403 2745 2460 ibid.
2770 2402 3012 2469 Cod.XL,
3038 2399 3138 2454 fol.
3169 2399 3273 2454 228
3298 2397 3327 2451 b
3359 2414 3376 2465 ;
3427 2394 3570 2450 Bibl.
3622 2392 3819 2455 .Edil.,

2118 2497 2244 2553 cod.
2283 2510 2544 2558 cxxxvm,
2587 2492 2684 2547 fol.
2738 2493 2886 2557 237;
2934 2488 3071 2543 ibid.
3124 2486 3247 2540 cod.
3276 2500 3434 2549 cxm,
3463 2483 3569 2537 fol.
3613 2482 3713 2535 I85
3749 2480 3823 2549 b;

2119 2591 2177 2642 et
2220 2584 2467 2656 denique
2526 2580 2669 2637 Bibl.
2717 2579 2937 2635 Sanctte
2992 2574 3206 2644 Crucis,
3261 2574 3406 2644 plut.
3450 2587 3559 2626 xxx
3609 2568 3826 2634 sinist.,

2119 2675 2216 2731 fol.
2245 2675 2343 2729 138
2376 2673 2407 2727 b
2424 2691 2443 2738 ;
2476 2670 2536 2726 in
2562 2669 2633 2725 iis
2663 2671 2856 2723 autem
2886 2665 3032 2720 nihil
3061 2662 3350 2734 singulare
3373 2659 3679 2732 reperitur,
3698 2673 3818 2729 quo

2120 2762 2457 2817 emendetur
2479 2762 2665 2814 textus
2696 2773 2727 2812 θ
2748 2752 3133 2811 Benedictinis
3152 2750 3360 2816 editus,
3394 2748 3502 2803 nisi
3533 2747 3684 2819 quod
3714 2761 3773 2799 η.
3792 2748 3825 2797 2

2120 2866 2226 2922 pro
2253 2848 2344 2904 his
2373 2846 2560 2903 verbis
2590 2846 2656 2900 de
2682 2843 2959 2903 Nazareth
2989 2842 3230 2906 civitate,
3283 2838 3466 2893 multo
3493 2834 3700 2891 melius
3717 2833 3824 2889 ha-

2127 2939 2297 2995 betur
2327 2936 2388 2992 in
2413 2935 2545 2992 cod.
2588 2949 2847 2999 cxxxvm,
2870 2930 2936 2986 de
2973 2929 3251 2988 Nazareth
3306 2926 3533 2982 Galilza
3580 2925 3826 2979 civitate.

2581 3055 2878 3096 TRACTATUS
2902 3054 2987 3102 XL,
3019 3052 3109 3091 XLI
3138 3051 3202 3089 ET
3229 3050 3362 3089 XLII.

2193 3150 2429 3223 Legitur
2482 3147 2692 3204 ultima
2737 3161 2872 3216 pars
2921 3144 3195 3198 tractatus
3223 3155 3297 3194 ιι
3322 3155 3355 3193 a
3383 3154 3439 3193 η.
3474 3140 3526 3204 8,
3557 3141 3611 3191 et
3637 3136 3814 3207 plura

2121 3239 2384 3312 longiora
2406 3242 2506 3293 aut
2532 3235 2794 3293 breviora
2824 3229 3189 3304 sequentium
3228 3228 3549 3299 fragmenta
3569 3224 3631 3279 in
3667 3224 3824 3279 Bibl.

2123 3330 2415 3396 Laurent,
2466 3327 2616 3398 plut.
2662 3339 2794 3389 xvu,
2846 3320 2971 3376 cod.
3030 3335 3100 3373 x1.
3126 3317 3225 3372 fol.
3286 3317 3424 3383 I47;
3458 3314 3520 3369 in
3549 3313 3679 3368 cod.
3710 3328 3825 3367 xw

2119 3419 2376 3491 ejusdem
2398 3417 2542 3488 plut.
2575 3430 2722 3481 xvu;
2756 3412 2818 3467 in
2846 3410 3103 3481 ejusdem
3126 3408 3252 3479 plut
3308 3420 3443 3471 ινιτ,
3475 3403 3603 3457 cod.
3635 3418 3824 3468 xxxvr,

2124 3490 2221 3562 fol.
2254 3507 2321 3560 68
2353 3505 2382 3558 b
2407 3521 2421 3573 ;
2445 3503 2509 3558 in
2533 3503 2656 3575 ejus
2681 3514 2909 3573 quoque
2938 3496 3083 3552 bibl.
3110 3496 3374 3567 plut.xxx
3404 3491 3586 3548 sinist.
3619 3490 3751 3546 cod.
3787 3507 3825 3556 ι,

2124 3595 2221 3650 fol.
2251 3596 2350 3649 I96
2374 3593 2439 3660 b;
2477 3594 2534 3646 et
2578 3591 2639 3645 in
2681 3589 2827 3644 Bibl.
2874 3583 3047 3641 Ᾱζάίι.
3111 3583 3238 3639 cod.
3287 3596 3542 3647 cxxxvm,
3574 3579 3671 3634 fol.
3701 3581 3822 3645 161,

2126 3688 2182 3739 et
2205 3681 2331 3737 cod.
2366 3697 2507 3735 CXLII
2537 3678 2633 3735 fol.
2669 3680 2736 3733 59
2769 3677 2819 3731 b.

2199 3769 2345 3825 Edit.
2388 3771 2571 3824 Tract.
2635 3782 2707 3820 x1.
2765 3764 2833 3819 N.
2882 3764 2934 3817 8.
3087 3760 3222 3816 Cod.
3280 3774 3366 3813 XL.
3439 3755 3716 3824 Cognitio,
3776 3757 3829 3806 et

2130 3841 2395 3909 Cognitio,
2428 3845 2477 3895 et
2533 3837 2937 3909 immortalitas,
3011 3831 3409 3909 immortalitas,
3473 3826 3831 3909 et‘gete‘rnitas

2126 3898 2178 3967 et
2202 3898 2483 3968 ὣιενηῖιαε
2524 3924 2630 3964 non
2652 3907 2808 3962 habet
2833 3906 2938 3960 hu-
3010 3918 3116 3958 non
3146 3902 3341 3957 habent
3374 3898 3752 3954 humilitatem.

2130 3984 2434 4038 militatem.

2200 4052 2340 4107 Ibid.
2400 4047 2669 4117 Quomodo
2737 4060 2830 4101 nec
2879 4046 2940 4098 in
3021 4113 3035 4117 _
3083 4042 3166 4117 Id.
3200 4040 3591 4117 Quomodonec
3621 4038 3831 4117 inar-

2129 4123 2343 4178 arboris
2372 4112 2578 4189 rddice,
2624 4132 2731 4173 non
2758 4130 2940 4186 appa-
3017 4113 3158 4168 boris
3186 4112 3376 4169 radice
3404 4113 3650 4181 apparet.

2128 4197 2230 4249 ret.

2190 1399 2255 1459 Ν.
2283 1406 2336 1455 7.
2369 1399 2529 1455 Absit
2558 1403 2621 1453 ut
2662 1399 2772 1452 ista
2796 1409 2927 1466 per-

2114 1471 2258 1544 ﬁdia
2286 1475 2517 1544 tentetur
2538 1485 2630 1544 cor
2652 1471 2922 1544 nostrum.

2186 1543 2596 1610 N.8.Sicutipse
2608 1539 2749 1594 idem
2767 1537 2922 1591 dicit.

2116 1686 2264 1739 nitas
2283 1684 2492 1752 jungit.
2858 1720 2882 1752 _.

2192 1755 2254 1809 N.
2284 1746 2348 1807 '9.
2387 1746 2535 1819 Quid
2563 1746 2931 1820 significavit?

2121 1827 2189 1880 Ut
2215 1826 2276 1879 in
2330 1826 2717 1878 resurrectione
2743 1823 2932 1873 nostra

2117 1896 2359 1950 charitas
2402 1897 2592 1947 nostra
2636 1894 2848 1960 ﬂagret,
2881 1892 2932 1943 et

2117 1968 2186 2020 ab
2235 1979 2413 2019 amore
2463 1963 2646 2019 saeculi
2699 1964 2930 2030 separet.

2116 2041 2179 2091 ut
2208 2040 2340 2101 tota,
2368 2037 2474 2090 etc.

3086 4253 3169 4308 Id.
3198 4255 3459 4310 Nummus
3485 4265 3520 4304 a
3551 4249 3829 4303 thesauro.

2131 4349 2298 4390 sauro
2372 4332 2761 4388 aberravimus.
2836 4330 2941 4383 Er-
3016 4324 3433 4390 Oberravimus;
3473 4334 3672 4385 errare,
3719 4323 3831 4373 etc.

2129 4420 2269 4461 rore.

2201 4474 2341 4529 Ibid.
2376 4473 2537 4530 Venit
2551 4472 2649 4540 qui
2666 4470 2944 4540 reformet.

2206 4546 2269 4600 N.
2333 4546 2417 4599 10.
2479 4539 2632 4609 QuOd
2684 4539 2846 4596 audis
2896 4541 2947 4593 et

2134 4615 2348 4672 laudas.

2205 4687 2344 4741 Ibid.
2375 4683 2527 4752 Quod
2554 4682 2802 4745 intrasti,
2839 4681 2945 4735 iter

2136 4771 2276 4826 agis.

2208 4826 2348 4882 Ibid.
2406 4826 2659 4883 Germina
2712 4826 2808 4878 tua
2861 4823 2947 4875 in-

2136 4902 2280 4954 trent
2308 4899 2368 4951 in
2398 4898 2663 4951 horreum.

2211 4971 2391 5023 Tract.
2445 4983 2560 5033 xu,
2596 4966 2660 5019 N.
2723 4967 2771 5018 I.
2806 4962 2955 5018 Veri-

2137 5044 2222 5094 tas
2247 5039 2413 5109 panis
2442 5042 2541 5107 est,
2577 5039 2777 5091 mentes
2820 5035 2943 5101 reﬁ-

2137 5113 2232 5180 cit,
2264 5113 2371 5164 etc.

3086 4464 3169 4520 Id.
3187 4466 3345 4520 Venit
3370 4464 3467 4533 qui
3482 4462 3836 4533 reformaret.

3089 4535 3172 4591 Id.
3209 4535 3321 4602 Quo
3354 4531 3564 4589 (ἱειάὶεεί
3608 4535 3660 4585 et
3707 4531 3836 4583 tau-

3019 4606 3190 4662 dasti.

3061 4608 3190 4662 asti.

3090 4676 3172 4732 Id.
3240 4674 3392 4743 Quod
3426 4673 3678 4738 intrasti,
3726 4672 3842 4725 iter

3019 4750 3161 4818 agis.
3198 4746 3323 4818 Vid.
3349 4760 3478 4818 _var.
3505 4744 3694 4818 μειοῖ.

3095 4818 3175 4873 Ιά.
3200 4817 3281 4871 Ιά.
3332 4812 3591 4872 Germina
3619 4816 3721 4866 tua
3746 4813 3839 4864 in-

3024 4893 3166 4945 trent
3187 4890 3247 4942 in
3280 4887 3528 4941 horreum
3551 4887 3725 4938 tuum.

3098 4959 3228 5014 Cod.
3390 4971 3575 5011 xxxvr.
3744 4967 3841 5016 ιι,

3019 5044 3258 5085 cxxxvm
3305 5031 3364 5083 et
3398 5042 3558 5081 chu.
3621 5024 3844 5080 Veritas

3020 5102 3185 5171 panis
3233 5103 3312 5154 est
3354 5099 3591 5164 mentis;
3642 5095 3844 5162 reﬁcit,

3027 5176 3136 5226 etc.

2210 5249 2353 5305 Ibid.
2382 5247 2609 5304 Latebat
2658 5248 2719 5300 in
2752 5258 2952 5300 carne:
3101 5240 3278 5296 Codd.
3302 5242 3390 5293 Iet
3402 5251 3589 5291 xxxvx.
3613 5232 3848 5287 Latebat

2141 5320 2344 5377 latebat
2385 5323 2565 5374 autem
2614 5333 2722 5372 non
2772 5319 2833 5371 ut
2876 5329 2961 5368 ne-
3031 5315 3091 5366 in
3113 5326 3296 5375 carne,
3327 5308 3530 5363 latebat
3575 5310 3767 5359 autem
3786 5305 3849 5355 in

2142 5395 2387 5461 garetur,
2419 5394 2526 5445 etc.
2702 5459 2710 5461 _
2794 5458 2803 5461 Α
3028 5396 3209 5461 car_ne2
3221 5396 3327 5436 non
3338 5379 3720 5461 utnegaretur,
3737 5378 3847 5427 etc.

2216 5463 2282 5516 N.
2332 5447 2386 5515 2.
2444 5461 2515 5515 Et
2562 5458 2803 5528 captioni
2866 5471 2957 5510 ve-
3072 5451 3298 5530 >Cod.t.
3331 5450 3411 5505 Et
3452 5447 3724 5530 captionis
3751 5459 3849 5530 ve-

2142 5536 2271 5589 stra
2293 5545 2386 5587 vos
2404 5531 2536 5601 ipsi,
2565 5518 2673 5583 etc.
3031 5528 3159 5601 stre:
3180 5522 3368 5601 laqueo
3420 5532 3513 5601 vos
3558 5519 3694 5586 ipsi,
3735 5518 3846 5601 etc.

3033 5594 3124 5649 Sic
3190 5588 3265 5647 et'
3312 5606 3383 5645 χι.
3458 5593 3517 5643 et
3583 5601 3755 5641 xxxv:
3794 5588 3855 5636 et

3036 5677 3271 5718 cxxxvm
3299 5665 3357 5717 et
3381 5675 3542 5714 chu.
