4004 6182
155 267 274 318 12119

211 385 344 438 Ibid.
408 387 494 439 Sic
549 390 748 452 quae-rit
810 389 941 440 Deus

143 461 190 508 in
224 460 431 510 homine
453 471 630 509 suam.

210 669 270 720 Ν.
339 671 388 719 3.
454 671 711 721 Dominus
767 674 943 722 autem

139 739 268 807 quid
295 739 650 806 responderit,
691 743 796 804 etc,

213 950 350 1018 Ibid.
418 952 610 1004 Servus
686 957 782 1018 est,
840 954 945 1004 uti-

140 1014 538 1074 nani‘hominis.
559 1029 662 1074 etc.

1461 265 1838 324 LECTIONES
1877 267 2290 324 VARIANTES.

1092 387 1162 440 Id.
1200 388 1295 443 Sic
1323 392 1516 456 quaerit
1579 391 1726 444 Deus
1770 393 1824 444 in
1854 393 1894 444 A
1934 397 2152 459 perutor
2183 393 2426 444 interior.

1019 457 1224 511 homine
1304 461 1590 526 imaginem
1647 477 1824 528 suam,

1020 531 1434 600 exceptoquod
1493 531 1549 583 in
1586 533 1823 600 quibus-

1018 599 1148 651 dam
1171 599 1379 668 legitur
1393 599 1714 654 hominibus.

1097 669 1191 721 Iid.
1288 671 1548 725 Dominus
1650 677 1826 725 autem

1017 738 1152 806 quid
1201 739 1347 806 (cod.
1424 744 1588 806 male,
1659 744 1824 811 quod)

1018 812 1092 862 eis
1127 811 1480 882 responderit,
1522 819 1622 865 etc.
1677 816 1824 882 (cod.

1021 895 1058 943 I,
1082 881 1474 947 responderat.)

1096 951 1228 1003 (ἰού.
1307 953 1392 1004 XL.
1476 954 1668 1006 Serius
1729 960 1824 1018 est,

1024 1021 1118 1072 sed
1157 1023 1367 1074 utinam
1417 1022 1669 1085 hominis,
1718 1031 1825 1078 etc.

1021 1090 1154 1144 Cod.
1191 1107 1347 1144 XXXVI
1382 1108 1564 1146 servus
1595 1100 1826 1158 est;ser-

140 1178 234 1213 rus
265 1167 397 1213 essrgt
423 1165 630 1214 utinam
651 1164 899 1226 hominis,
935 1169 1041 1217 etc.

215 1232 346 1284 Ibid.
463 1231 597 1284 Cum
685 1236 950 1301 potuisset

136 1303 282 1354 diei:
329 1304 519 1355 Verum
551 1303 667 1356 dico
705 1305 871 1357 vobis.

215 1514 352 1566 Ibid.
407 1516 511 1570 Nec
561 1514 719 1568 semel
748 1519 946 1583 tamen,

135 1586 233 1638 sed
260 1585 352 1637 bis.
379 1590 483 1638 etc.

209 1655 346 1707 Ibid.
401 1658 484 1707 Ea:
541 1658 664 1723 ipsa
704 1657 946 1722 gemina-

136 1729 279 1778 tione
307 1729 618 1792 cegnosi-ite.

211 1798 273 1848 Ν.
355 1802 406 1850 4.
501 1797 642 1862 Quid
716 1796 948 1849 dicens?

133 1867 326 1930 Amen,
353 1882 505 1919 amen
531 1867 670 1931 dico,
696 1871 800 1919 etc.

215 1937 351 1990 Ibid.
406 1938 603 1991 Contra
647 1941 942 2005 peccatum,

140 2011 302 2060 Deum
386 2008 723 2061 liberatorem
778 2012 944 2060 inter-

133 2079 411 2146 pellemus.

215 2217 353 2270 Ibid.
409 2219 534 2271 Sine
602 2221 800 2287 pretio,
855 2218 947 2270 sed

141 2296 332 2352 vestro,
369 2291 499 2354 quia
530 2305 659 2342 meo.

213 2360 273 2411 Ν.
352 2361 400 2411 5.
446 2361 600 2413 Solus
680 2361 820 2412 enim
889 2359 947 2412 in

131 2431 236 2482 hac
270 2445 428 2482 carne
483 2433 625 2483 venit
663 2433 778 2484 sine
823 2444 944 2498 pec-

128 2505 270 2552 cato.

212 2639 346 2693 Ibid.
439 2643 718 2709 Tanquam
854 2655 945 2693 vos

129 2712 381 2766 Christus
447 2713 698 2765 obsecret.
757 2711 943 2776 Quid?

129 2779 528 2836 Ileconcialiari
566 2782 694 2835 Deo.

211 2921 346 2976 Ibid.
403 2924 618 2977 Necesse
674 2927 751 2976 est
805 2924 948 2976 servi

132 2996 263 3048 sint.

214 3063 348 3116 Ibid.
440 3063 708 3128 Quomodo
773 3067 950 3117 autem

133 3137 566 3200 reconciliamur,
610 3137 740 3198 nisi,
785 3139 888 3186 etc.

219 3205 355 3258 Ibid.
385 3206 481 3258 Ait
519 3208 659 3258 enim
693 3220 793 3273 per
828 3220 954 3272 pro-

137 3277 378 3345 pheta-ru.

221 3347 357 3398 Ibid.
385 3347 522 3399 Eum
541 3348 736 3414 ipsum,
752 3347 953 3415 inquit,

142 3417 416 3471 Christum
455 3419 641 3485 Deum,
669 3422 774 3470 etc.

216 3557 280 3609 N.
353 3562 400 3609 7.
473 3558 754 3610 Diabolum
777 3559 950 3624 signi-

140 3632 309 3696 ﬁcans
333 3631 618 3682 venturum
648 3631 702 3681 in
731 3628 948 3682 Judazis.

219 3767 356 3822 Ibid.
414 3769 557 3834 Quia
637 3773 687 3824 si
739 3771 950 3834 nollem,

141 3855 236 3893 nec
262 3855 455 3907 passus
485 3855 666 3894 essem.

219 3911 281 3963 Ν.
316 3913 367 3964 8.
420 3913 495 3965 Ne
524 3911 588 3965 de
630 3913 838 3980 peccati
865 3926 952 3966 so-

145 3982 346 4034 lutione
376 3980 772 4051 difﬁderemus.

223 4051 362 4104 Ibid.
392 4053 550 4104 Audi
585 4068 729 4121 spem
757 4058 908 4106 tuam
938 4068 950 4104 :

149 4125 320 4177 Fit-ius
360 4129 537 4176 manet
581 4127 639 4175 in
677 4127 948 4176 aeternum.

223 4263 364 4316 Ibid.
421 4265 551 4319 Cum
607 4265 751 4317 servi
778 4265 959 4316 essetis

146 4337 376 4416 peccati,
409 4334 563 4388 liberi
591 4335 755 4387 eratis
787 4335 960 4402 justi-

150 4410 287 4528 ΜΝ
357 4477 406 4528 9.
477 4477 636 4541 zEge-r
722 4475 960 4536 levetur;

147 4547 227 4598 sic
259 4548 408 4611 Deus,
437 4550 538 4597 etc.

227 4687 288 4738 N.
358 4687 439 4737 I0.
497 4687 704 4752 Aliqua
734 4686 968 4736 immun-

149 4755 296 4808 ditia
320 4756 726 4821 fornicationis.

235 4825 374 4879 Ibid.
449 4827 566 4881 Non
619 4827 760 4879 enim
826 4823 970 4892 quod

152 4898 274 4950 volo
331 4911 468 4962 ago:
524 4895 618 4949 sed
673 4894 817 4962 quod
879 4895 970 4947 odi

153 4966 301 5020 illud
310 4969 472 5031 facio.

232 5106 372 5160 Ibid.
443 5105 725 5173 Quidquid
777 5121 970 5173 pecca—

162 5183 276 5230 tum
307 5182 382 5230 est
413 5193 448 5230 a
472 5178 644 5229 nobis.

237 5248 380 5300 Ibid.
457 5245 732 5312 Quamdiu
799 5245 976 5298 adhuc

162 5333 352 5372 servus
395 5319 559 5383 facis,
611 5332 716 5370 non
762 5319 810 5368 te
883 5316 973 5369 de-

160 5392 342 5442 lectat.

238 5459 300 5512 Ν.
355 5462 431 5511 12.
515 5460 630 5512 Non
696 5457 806 5508 ait:

163 5532 258 5594 sit,
289 5529 417 5582 sed:
453 5530 566 5584 Non
599 5531 798 5593 regnet.

862 5457 977 5508 Non

245 5669 386 5726 Ibid.
447 5673 642 5724 Teneat
681 5684 853 5722 arcem
884 5668 981 5720 imo

1097 1231 1230 1284 Cod.
1291 1248 1325 1284 I.
1396 1234 1524 1287 Cum
1571 1238 1828 1303 potuisset

1023 1303 1374 1370 interpretari
1395 1309 1444 1356 et
1475 1304 1603 1366 dici,
1638 1308 1829 1358 Verum

1024 1371 1142 1424 dico
1200 1373 1368 1426 vobis.
1423 1375 1511 1427 Sic
1569 1381 1722 1440 etXL,
1775 1382 1830 1429 et

1023 1458 1275 1507 CXXXVIII,
1319 1449 1374 1497 et
1399 1460 1556 1498 CXLII.

1094 1511 1230 1565 Cod.
1318 1531 1402 1565 XL.
1504 1517 1604 1570 Nec
1673 1519 1829 1571 semel

1021 1583 1229 1648 saltem,
1265 1584 1357 1636 sed
1394 1584 1490 1644 bis.
1525 1594 1628 1639 etc.

1094 1654 1226 1705 Cod.
1257 1670 1412 1707 CXLII.
1466 1658 1550 1708 Ea:
1580 1660 1699 1725 ipsa
1740 1673 1827 1722 ge-

1022 1727 1318 1776 minatione
1370 1732 1721 1790 cognoscitur.

1095 1795 1172 1846 Id.
1199 1795 1343 1860 Quid
1355 1797 1454 1860 ait,
1473 1799 1662 1864 Amen,
1679 1815 1834 1852 amen

1022 1863 1164 1926 dico,
1199 1870 1302 1917 etc.

1093 1935 1227 1988 Cod.
1289 1949 1354 1987 XL
1405 1940 1458 1988 et
1498 1952 1661 1992 CXLII.
1697 1940 1830 1992 Con-

1020 2010 1106 2057 tra
1196 2007 1486 2059 Dominum
1535 2014 1830 2075 peccatum,

1026 2076 1195 2128 Deum
1247 2077 1581 2131 liberatorem
1667 2082 1835 2134 inter-

1016 2147 1290 2213 pellemus.

1094 2216 1229 2270 Cod.
1267 2234 1521 2271 CXXXVIII.
1573 2219 1683 2272 Sed
1720 2223 1834 2274 sine

1019 2292 1192 2339 vestro
1219 2291 1414 2356 pretio,
1442 2291 1572 2356 quia
1592 2305 1722 2343 meo.

1093 2357 1225 2410 (20d.
1264 2375 1297 2410 I.
1359 2358 1519 2413 Solus
1574 2363 1713 2413 enim
1771 2361 1832 2414 in

1022 2429 1159 2480 hanc
1235 2444 1448 2482 carnem
1520 2434 1667 2484 venit
1719 2434 1833 2484 sine

1019 2503 1262 2572 peccato.
1296 2500 1431 2553 Cod.
1491 2516 1626 2553 CXLII
1675 2502 1834 2572 pari-

1021 2573 1126 2626 ter,
1157 2572 1212 2621 in
1245 2571 1384 2623 hanc
1411 2586 1642 2624 carnem.

1092 2639 1225 2692 Cod.
1271 2655 1351 2692 XL.
1416 2643 1696 2710 Tanquam
1741 2659 1832 2696 vos

1023 2708 1270 2763 Christus
1328 2708 1560 2764 obsecret
1604 2728 1828 2780 prome,

1019 2782 1448 2834 reconciliamini
1504 2785 1628 2836 Deo.
1692 2785 1826 2837 Cod.

1021 2866 1177 2911 CXLII,
1212 2866 1308 2917 per
1337 2867 1434 2904 me.

1871 1675 1913 1730 Β

2010 532 2148 585 Ibid.
2237 535 2487 601 Perﬁcere
2571 537 2745 585 autem

1935 617 2040 656 non
2049 644 2059 654 .

2013 743 2152 796 Ibid.
2207 745 2331 797 Noli
2372 749 2419 797 te
2458 743 2590 796 dare
2631 759 2748 796 con-

1939 817 2301 882 cupiscmtiis.

2013 886 2081 936 Ν.
2151 886 2228 936 13.
2293 885 2515 949 Quando
2588 883 2749 936 nullae

1938 954 2259 1020 inimicitiae,
2284 955 2520 1023 quando,
2545 963 2648 1007 etc.

2011 1095 2152 1147 Ibid.
2200 1096 2474 1164 Absorpr
2504 1100 2580 1148 est
2607 1110 2745 1147 mors

1938 1168 1996 1217 in
2012 1168 2312 1218 victoriam.
2347 1166 2447 1219 Ubi
2467 1172 2562 1227 est,
2584 1181 2743 1230 mors,

1938 1239 2198 1289 contentio
2227 1241 2319 1288 tua
2343 1239 2370 1289 7

2014 1306 2149 1359 Ibid.
2185 1309 2305 1360 Jam
2344 1311 2600 1367 vivemus,
2627 1309 2748 1373 jam

1939 1391 2043 1430 non
2076 1380 2366 1430 moriemur
2397 1381 2452 1431 in
2509 1379 2599 1432 illo
2631 1379 2746 1446 qui,

1941 1452 2045 1500 etc.

2013 1516 2152 1570 Ibid.
2234 1518 2548 1572 Stabula-rio
2604 1533 2750 1571 com-

1939 1587 2231 1642 mendavit.
2276 1589 2375 1645 Cui
2411 1587 2753 1642 stabulario?

2015 1727 2195 1781 Tract.
2254 1744 2380 1782 XLII.
2415 1730 2479 1782 Ν.
2521 1733 2562 1782 1.
2594 1732 2754 1798 Quee-

1940 1800 2065 1851 ritis
2096 1815 2176 1852 me
2202 1802 2519 1882 interﬁcere.
2567 1802 2752 1867 Agno-

1942 1883 2028 1923 sco
2055 1885 2237 1924 carnis
2260 1886 2544 1934 originem.

2015 1939 2078 1992 N.
2135 1942 2185 1992 2.
2249 1943 2503 1994 Dominus
2575 1944 2754 1993 autem

1939 2015 2150 2092 patrem
2209 2013 2373 2064 Deum
2439 2013 2554 2065 vult
2601 2012 2757 2066 intel-

1943 2081 2156 2204 hgllbid.
2241 2151 2368 2216 Quis
2445 2153 2516 2204 sit
2574 2166 2753 2204 eorum

1938 2227 2114 2289 pater,
2151 2226 2274 2274 tunc
2305 2223 2680 2286 intelligemus.

2016 2292 2079 2344 N.
2150 2293 2202 2344 4.
2278 2292 2420 2344 Ante
2476 2293 2754 2344 Abraham

1940 2376 2032 2428 ego
2062 2376 2198 2414 sum.

2017 2432 2080 2484 Ν,
2129 2434 2178 2483 6.
2235 2433 2341 2485 Nos
2408 2446 2623 2494 sumus;

1936 2502 2252 2570 parentibus
2282 2505 2497 2559 nostris.
2533 2508 2634 2554 etc.

2013 2573 2076 2625 Ν.
2143 2575 2193 2625 8.
2267 2575 2557 2639 Nunquam
2612 2571 2755 2623 Deus

1939 2645 2054 2695 sine
2095 2643 2269 2696 Verbo
2298 2644 2427 2708 fuit.

2013 2713 2154 2765 Ibid.
2198 2715 2296 2764 Per
2349 2727 2505 2780 quem
2544 2713 2750 2776 factum

1940 2789 2016 2837 est
2030 2783 2213 2836 ca'lum
2231 2787 2279 2836 et
2302 2786 2468 2848 terra,
2491 2797 2594 2834 non
2609 2781 2753 2849 quod

1940 2855 2219 2921 praeteriit,
2254 2857 2356 2906 etc.
2421 2851 2668 2906 Pessime
2697 2857 2751 2904 et

2700 2434 2755 2484 in

1093 2921 1316 3006 qu:X‘I..
1378 2924 1597 2978 Necesse
1654 2929 1732 2976 est
1771 2931 1829 2977 ut
1870 2951 1909 3006 ο
1943 2928 2138 3006 contra
2157 2923 2605 3006 grammaticam.

1020 2993 1162 3045 servi
1172 2992 1298 3044 sint.

1098 3061 1178 3114 Id.
1237 3063 1504 3127 Quomodo
1537 3068 1718 3118 autem
1747 3079 1834 3118 re-

1024 3133 1376 3186 conciliantur
1413 3137 1534 3193 Deo,
1575 3135 1703 3193 nisi.
1728 3140 1832 3189 etc.

1103 3204 1184 3256 Id.
1228 3206 1326 3257 Ait
1372 3207 1512 3258 enim
1551 3207 1831 3274 propheta.

1101 3343 1176 3396 Id.
1215 3346 1348 3397 Eum
1388 3347 1582 3412 ipsum,
1634 3349 1833 3414 inquit,

1027 3414 1087 3466 id
1113 3418 1190 3466 est
1253 3415 1542 3470 Dominum
1595 3423 1837 3470 nostrum

1029 3485 1225 3538 Jesum
1259 3487 1551 3542 Christum.

1097 3555 1232 3609 Cod.
1308 3572 1486 3611 XXXVI.
1558 3558 1837 3612 Diabolum

1026 3626 1343 3696 signiﬁcans
1371 3630 1620 3693 futurum
1650 3631 1707 3681 in
1735 3631 1837 3682 Ju-

1029 3696 1179 3750 dacis.

1098 3767 1228 3822 Cod.
1285 3784 1352 3821 XL
1400 3771 1453 3820 et
1484 3784 1661 3822 XXXVI.
1698 3772 1839 3839 Quia

1027 3841 1076 3892 si
1112 3839 1324 3898 nollem.
1346 3854 1438 3891 nec
1459 3845 1692 3905 paterer.

1099 3909 1232 3963 Cod.
1268 3925 1351 3962 XL.
1410 3911 1483 3962 Ne
1531 3908 1596 3961 de
1627 3912 1840 3978 prccati

1028 3981 1355 4034 absolutione
1375 3979 1764 4047 difﬁderemus.

1099 4051 1233 4104 Cod.
1282 4065 1443 4102 XXXVI
1494 4054 1548 4101 et
1578 4066 1641 4102 XI.
1692 4050 1842 4104 Audi

1031 4136 1178 4188 spem
1220 4125 1405 4174 tuam:
1457 4121 1626 4173 Filius
1660 4125 1841 4174 manet

1032 4193 1090 4244 in
1121 4191 1272 4244 domo
1305 4195 1360 4243 in
1389 4195 1661 4245 teter-num.

1105 4261 1183 4314 Id.
1257 4264 1385 4320 Cum
1442 4264 1584 4313 servi
1656 4264 1838 4314 essetis

1031 4333 1257 4400 peccati,
1319 4332 1474 4384 liberi
1526 4334 1715 4396 fuistis
1747 4333 1842 4399 ju-

1034 4404 1214 4455 stitize.

1113 4470 1244 4524 Cod.
1333 4485 1491 4522 XXXVI
1565 4476 1620 4524 et
1685 4489 1843 4526 CXLII.

1040 4543 1200 4608 zEger
1324 4541 1583 4594 relevetur
1616 4558 1628 4595 :
1774 4547 1849 4597 sic

1046 4615 1200 4677 Deus,
1237 4616 1340 4665 etc.

1113 4681 1247 4736 Cod.
1308 4697 1559 4735 CXXXVIII.
1641 4684 1851 4751 Aliqua

1042 4752 1408 4818 immunditiis,
1447 4755 1848 4817 fornicationes.

1086 4822 1250 4875 .Cod.
1311 4838 1487 4875 XXXVI.
1539 4825 1653 4877 Non
1711 4829 1853 4877 enim

1043 4892 1186 4960 quod
1227 4894 1362 4957 volo,
1416 4894 1509 4945 hoc
1551 4908 1668 4959 ago.
1725 4895 1852 4948 Cod.

1043 4978 1200 5028 CXLII,
1221 4963 1314 5015 sed
1343 4964 1485 5030 quod
1510 4964 1600 5016 odi
1632 4967 1851 5030 malum,

1044 5033 1183 5086 illud
1212 5035 1373 5097 facio.

1125 5104 1259 5156 (10d.
1347 5120 1501 5156 CXLII.
1574 5105 1859 5172 Quidquid

1049 5179 1325 5241 peccatum
1360 5182 1435 5227 est
1463 5176 1632 5227 nobis.

1121 5244 1256 5296 Cod.
1343 5261 1520 5296 XXXVI.
1602 5246 1860 5310 Quandiu

1049 5329 1154 5366 non
1241 5320 1290 5368 te
1373 5315 1616 5381 delectat,
1683 5316 1860 5370 adhuc

1052 5399 1238 5439 servus
1267 5387 1430 5449 facis.

1127 5455 1262 5507 Cod.
1321 5471 1476 5508 CXLII.
1522 5457 1637 5510 Non
1687 5457 1862 5510 dicere

1055 5524 1254 5577 audet:
1282 5527 1398 5580 Non
1449 5527 1540 5591 sit,
1589 5526 1682 5580 sed
1703 5545 1718 5579 :
1749 5529 1865 5583 Non

1055 5599 1255 5660 regnet.

1128 5665 1259 5718 Cod.
1348 5682 1507 5720 XXXVI
1589 5673 1646 5722 et
1741 5667 1859 5734 alii,

533 5759 807 5824 PA‘I‘ROL.
856 5756 905 5820 Χ
921 5752 1109 5818 LVII.

1885 4232 1923 4285 D

2020 2994 2158 3046 Ibid.
2185 2995 2465 3046 Divinitas
2496 2995 2630 3060 ejus,
2649 3008 2752 3060 quo

1947 3067 2106 3130 imus,
2140 3065 2450 3117 humanitas
2500 3065 2615 3130 ejus
2647 3079 2758 3132 qua

1945 3138 2104 3188 imus.
2145 3135 2270 3188 Ilaec
2320 3134 2531 3204 absque
2569 3150 2754 3186 sensu.

2021 3206 2082 3258 N.
2122 3208 2203 3257 10.
2262 3208 2459 3260 Omnia
2489 3220 2607 3271 quae
2626 3207 2756 3269 fecit

1943 3292 2049 3330 non
2080 3276 2268 3328 habuit
2296 3275 2436 3328 unde
2462 3276 2679 3340 faceret.

2020 3347 2082 3400 N.
2153 3349 2231 3398 II.
2283 3348 2420 3398 Ecce
2470 3345 2610 3397 unde
2651 3346 2755 3413 ﬁlii

1945 3417 2100 3485 ejus;
2138 3418 2264 3485 quia
2298 3419 2454 3480 talia,
2505 3421 2608 3468 etc.

2017 3488 2162 3540 Ibid.
2207 3488 2298 3540 Ille
2342 3486 2608 3540 homicida
2637 3490 2754 3539 erat

1945 3558 2011 3610 ab
2066 3561 2240 3611 initio.
2312 3561 2433 3612 Ecce
2479 3555 2621 3625 quod
2653 3561 2755 3622 est,

1945 3635 2052 3682 etc.

2018 3769 2161 3822 Ibid.
2204 3771 2346 3835 Ergo
2394 3770 2482 3821 ille
2513 3775 2629 3821 erat
2658 3769 2756 3822 ho-

1947 3841 2147 3892 micida
2195 3841 2262 3891 ab
2315 3841 2492 3894 initio.
2576 3839 2759 3892 Videte

1945 3926 2132 3978 genus,
2164 3915 2270 3963 etc.

2021 4050 2160 4102 Ibid.
2222 4049 2519 4103 Homicida
2561 4049 2763 4102 dicitur

1949 4121 2202 4175 diabolus
2238 4136 2341 4173 non
2362 4121 2548 4186 gladio
2569 4135 2759 4172 arma-

1958 4197 2063 4254 tus,
2121 4207 2227 4244 non
2280 4193 2428 4256 ferro
2459 4193 2762 4255 accinctus;

1956 4262 2030 4314 ad
2059 4263 2319 4316 hominem
2347 4263 2511 4326 venit,
2536 4267 2640 4314 etc.

2029 4333 2094 4385 Ν.
2188 4335 2263 4386 I3.
2363 4333 2493 4396 Ille;
2595 4331 2768 4398 quis?

1948 4400 2246 4466 Diabolus;
2309 4402 2597 4466 homicida,
2661 4407 2766 4454 etc.

3494 273 3624 323 I'ZIO

2827 394 3020 445 Teneat
3073 407 3244 445 arcem
3299 394 3358 445 in
3403 398 3631 461 tempore

2820 464 3060 515 interior.

2891 531 3024 586 Cod.
3115 549 3290 585 XXXVI.
3381 536 3629 601 Perﬁcere

2819 607 2994 655 autem
3018 618 3124 655 non
3163 606 3392 669 invenio,
3451 606 3531 657 sic
3573 612 3629 658 et.

2821 688 2980 724 CXLII.

2893 743 3026 795 Cod.
3083 758 3334 795 CXXXVIII.
3398 747 3525 798 Noli
3580 751 3629 799 te

2821 813 3020 866 donare
3059 816 3518 880 concupiscentiis.

2893 884 3031 936 Cod.
3105 900 3260 935 XXXVI
3356 896 3411 937 et
3495 887 3620 938 alii.

2824 954 3046 1019 Quando
3112 956 3272 1007 nulla:
3333 956 3630 1010 inimicitia:

2821 1030 2993 1086 erant,
3031 1025 3262 1091 quando,
3300 1031 3402 1078 etc.

2893 1094 2992 1146 Iid.
3052 1095 3327 1162 Absorpta
3368 1101 3446 1149 est
3489 1112 3629 1149 mors

2822 1167 2878 1216 in
2907 1166 3151 1216 victoria.
3210 1166 3310 1218 Ubi
3337 1171 3434 1227 est,
3466 1183 3628 1233 mors,

2821 1237 3045 1287 victoria
3069 1240 3162 1287 tua
3181 1235 3208 1286 ‘l

2897 1304 2996 1358 Iid.
3057 1305 3192 1358 Jam
3230 1309 3487 1370 vivemus,
3512 1307 3632 1375 jam

2822 1391 2928 1428 non
2985 1378 3308 1445 moriemur;
3394 1379 3633 1431 vivemus

2825 1449 2882 1498 in
2913 1446 3006 1498 illo
3026 1448 3142 1514 qui,
3174 1451 3278 1506 etc,

2899 1515 3031 1570 Cod.
3104 1532 3362 1570 CXXXVIII.
3432 1517 3632 1570 Stabu-

2828 1587 2964 1638 lario
3043 1588 3447 1640 commendavit.
3539 1589 3638 1642 Cui

2828 1658 3236 1721 commendavit,
3294 1657 3635 1711 stabulario?

2900 1727 3035 1780 Cod.
3097 1743 3175 1780 CL.
3259 1727 3510 1792 Quaaritis
3555 1743 3637 1780 me

2827 1797 3079 1851 occidere.
3150 1798 3394 1863 Agnosco
3455 1802 3636 1852 carnis

2828 1869 3108 1936 originem.

2904 1937 2982 1990 Id.
3035 1940 3286 1990 Dominus
3321 1942 3497 1991 autem
3528 1954 3636 2006 pa-

2832 2013 2962 2060 trem
2991 2022 3144 2060 suum
3198 2011 3355 2061 Deum
3401 2009 3514 2061 vult
3546 2011 3637 2061 in—

2831 2080 3018 2144 telligi.

2902 2149 2980 2202 Id.
3063 2147 3191 2213 Quis
3273 2152 3404 2201 esset
3459 2163 3638 2201 eorum

2826 2223 2984 2286 pater
3004 2223 3128 2270 tunc
3151 2220 3529 2286 intelligemus.

2903 2289 2979 2342 Id.
3017 2293 3324 2356 Antequam
3358 2288 3639 2342 Abraham

2828 2357 2999 2428 ﬁeret,
3034 2373 3127 2425 ego
3155 2373 3273 2412 sum

2903 2429 2983 2482 Id.
3005 2431 3112 2483 Nos
3124 2433 3265 2482 enim
3321 2432 3379 2482 in
3395 2431 3640 2497 parenti-

2832 2499 2928 2552 bus
2958 2501 3177 2562 nostris,
3212 2505 3318 2552 etc.

2902 2570 2981 2622 Id.
3025 2571 3322 2637 Nunquam
3365 2571 3503 2622 Deus
3526 2571 3641 2622 sine

2835 2639 3004 2692 Verbo
3028 2654 3122 2692 suo
3151 2641 3282 2704 fuit.

2899 2709 2978 2762 Id.
3057 2711 3152 2763 Per
3221 2709 3363 2778 quod
3429 2710 3637 2774 factum

2825 2783 2901 2832 est
2959 2779 3141 2832 calum
3199 2785 3249 2832 et
3316 2783 3481 2845 terra,
3536 2793 3641 2832 non

2828 2849 2972 2918 quod
3001 2853 3286 2918 prateriit,
3319 2855 3422 2902 etc.

2904 2990 2982 3043 Id.
3052 2991 3323 3044 Divinitas
3377 2990 3494 3056 ejus
3529 3005 3638 3058 qua

2825 3075 3126 3124 manemus,
3187 3062 3494 3114 humanitas
3524 3061 3640 3128 ejus

2833 3148 2942 3200 qua
2979 3135 3138 3184 imus.

2910 3202 2985 3255 Id.
3035 3205 3104 3255 Et
3158 3202 3338 3254 omnia
3367 3216 3484 3268 qua
3509 3202 3642 3266 fecit

2830 3287 2931 3325 non
2945 3273 3132 3324 habuit
3148 3272 3288 3325 unde
3307 3274 3528 3336 faceret.

2901 3343 2975 3395 Id.
3005 3343 3145 3395 Ecce
3168 3341 3309 3394 unde
3345 3343 3471 3407 ﬁlii.
3513 3342 3639 3395 Filii

2827 3419 2946 3494 an
2966 3415 3100 3494 quis.
3129 3413 3281 3494 ιαζίαι
3318 3417 3424 3494 φερε

2851 3481 2992 3538 ’1άῖ
3029 3485 3129 3537 Ille
3190 3481 3460 3536 homicida
3523 3486 3639 3533 erat

2830 3555 2897 3605 ab
2956 3556 3132 3607 initio.
3189 3555 3260 3606 Et
3325 3552 3467 3605 unde
3524 3557 3640 3603 erat

2831 3625 3100 3677 homicida
3130 3624 3197 3675 ab
3246 3625 3445 3676 initio?
3500 3622 3640 3674 Ecce

2829 3695 2972 3763 quod
3003 3700 3099 3758 est,
3123 3698 3223 3746 etc.

2903 3765 2979 3818 Id.
3007 3767 3148 3832 Ergo
3188 3763 3277 3816 ille
3313 3765 3431 3815 erat
3461 3761 3640 3814 homi-

2831 3835 2957 3890 cida
3011 3835 3078 3887 ab
3122 3835 3300 3895 initio,
3351 3833 3481 3900 quia
3517 3835 3641 3899 pri-

2833 3922 2977 3960 mum
3076 3906 3338 3957 hominem
3423 3902 3638 3956 occidit.

2842 3976 3028 4031 Videte
3051 3989 3236 4042 genus,
3261 3978 3368 4042 etc.

2908 4047 2989 4099 Id.
3056 4041 3358 4098 Homicida
3441 4041 3645 4094 dicitur

2835 4117 3102 4181 diabolus,
3131 4131 3236 4167 non
3264 4113 3448 4180 gladio
3473 4129 3647 4165 arma-

2839 4193 2944 4253 tus,
3006 4202 3109 4238 non
3165 4187 3312 4250 ferro
3352 4185 3641 4245 accinctus,

2839 4259 2912 4310 ad
2943 4259 3204 4310 hominem
3222 4256 3384 4312 venit.
3433 4259 3536 4305 etc.

2915 4329 2994 4380 Id.
3038 4327 3152 4391 Ille,
3211 4326 3414 4391 inquit,
3457 4323 3644 4376 diabo-

2843 4400 2924 4452 lus
2941 4395 3228 4460 homicida,
3258 4400 3360 4448 etc.

2582 4538 2876 4578 TRATACTUS
2908 4537 3025 4575 XLV.

2035 4650 2317 4720 Legitura
2346 4665 2400 4703 η.
2429 4653 2460 4702 2
2515 4663 2710 4701 versus
2754 4645 3005 4699 medium
3047 4658 3226 4713 usque
3269 4641 3339 4695 ad
3377 4657 3431 4694 n.
3466 4643 3496 4693 8
3529 4656 3650 4693 ver-

1962 4755 2056 4792 sus
2087 4738 2281 4804 tinem,
2317 4737 2372 4791 in
2402 4737 2541 4791 Bibl.
2579 4733 2801 4804 Mugell.

2035 4827 2178 4879 Edit.
2218 4827 2279 4879 Ν.
2312 4829 2366 4879 2.
2426 4827 2619 4879 Dicant
2649 4837 2771 4888 ergo

1964 4900 2175 4962 Pagani
2201 4913 2212 4950 :
2241 4895 2382 4948 Bene
2412 4897 2662 4948 vivimus.

2040 5037 2176 5090 Ibid.
2228 5037 2369 5100 Quid
2421 5039 2494 5088 eis
2555 5035 2775 5103 prodest

1977 5109 2119 5161 unde
2144 5109 2450 5172 gloriantur
2469 5109 2496 5158 ?

2040 5178 2182 5231 Ibid.
2217 5179 2309 5230 Vel
2350 5194 2446 5246 per
2493 5179 2779 5230 caecimtem

1968 5250 2230 5312 nesciunt,
2320 5250 2402 5300 vel
2503 5249 2779 5315 inﬂatione

1971 5324 2342 5373 contemnunt.

2045 5389 2188 5442 Ibid.
2227 5391 2346 5443 Nisi
2398 5393 2653 5452 agnoscat
2701 5391 2780 5439 vi-

1973 5465 2102 5524 tam,
2124 5459 2355 5528 quodest
2386 5462 2678 5515 Christum.

2050 5531 2111 5584 N.
2185 5534 2232 5584 3.

2329 5530 2786 5585 Ratiocinationes

1975 5603 2316 5656 acutissimas
2398 5598 2784 5655 concludentes.

2815 4775 2828 4799 ,
2861 4733 2983 4787 cod.
3016 4748 3126 4796 XVI,
3161 4731 3258 4785 fol.
3295 4732 3360 4783 58
3389 4731 3438 4783 b.

2915 4820 3050 4874 Cod.
3125 4821 3315 4872 Dicant
3369 4831 3493 4882 ergo
3551 4817 3654 4868 Pa-

2852 4895 3002 4959 gani,
3036 4889 3118 4942 vel
3153 4889 3344 4950 Judaei,
3366 4889 3447 4939 vel
3476 4885 3654 4939 Haere-

2852 4965 2964 5026 tici,
2998 4963 3134 5014 Bene
3163 4961 3412 5011 vivimus.

2925 5025 3003 5085 Id.
3069 5029 3210 5094 Quid
3262 5029 3337 5079 eis
3392 5025 3658 5094 prodest?

2851 5102 2991 5155 unde
3015 5101 3321 5165 gloriantur
3334 5097 3360 5150 ?

2927 5171 3008 5224 Id.
3072 5171 3166 5223 Vel
3218 5183 3316 5236 per
3373 5167 3661 5220 caecitatem

2853 5243 3121 5303 nesciunt,
3176 5240 3258 5292 vel
3286 5253 3382 5306 per
3425 5237 3660 5303 inﬂatio-

2851 5329 2969 5366 nem
2999 5313 3356 5365 contemnunt.

2932 5383 3006 5435 Id.
3034 5383 3154 5435 Nisi
3191 5380 3448 5446 agnoscat
3473 5379 3663 5441 vitam,

2861 5469 2978 5523 quae
3006 5456 3096 5523 est
3127 5451 3397 5503 Christus.

2933 5523 3010 5576 Id.
3069 5522 3500 5586 Ratiocinantes,
3550 5533 3670 5570 acu-

2863 5596 3097 5649 tissimos
3153 5592 3486 5660 syllogismos
3545 5603 3669 5642 con-

2860 5666 3004 5720 cludi
3015 5670 3148 5719 ntcs.

3215 5754 3322 5819 38‘
