4004 6182
187 308 313 356 lilii

1507 300 1886 357 LECTIONES
1927 302 2009 354 VA
2021 303 2330 356 ltlANTES.

3533 305 3665 358 1214

165 429 372 491 gratias
439 429 534 494 qui
577 440 783 493 semper
831 425 1044 479 odorem
1089 407 1206 478 suae
1257 425 1460 478 notitia:
1518 439 1616 491 per
1659 438 1753 477 nos
1799 425 1856 475 in
1887 428 1929 480 Α
1969 423 2041 476 ad
2074 423 2364 477 dexteram
2398 424 2547 477 Patri
2605 431 2907 496 postquam
2957 425 3209 478 ascendit
3253 425 3313 478 in
3343 427 3571 491 ccelum,
3606 432 3663 480 et

158 517 300 567 omni
329 516 436 566 loco
467 516 823 581 manifestat;
875 516 1006 582 quia
1048 514 1254 568 Christi
1297 513 1462 565 bonus
1510 511 1641 565 odor
1672 527 1857 564 sumus

159 606 262 656 Deo
293 602 367 670 (ll
389 602 505 657 Cor.
543 597 597 665 η’,
645 602 842 669 1415).
881 601 971 653 Est
1026 599 1180 652 enim
1232 601 1589 667 unguentum
1640 598 1855 650 suavis-

166 689 306 742 sima
353 688 537 758 gratia
586 687 764 741 sancti
811 687 1054 757 Spiritus
1094 686 1341 740 suaviter
1365 685 1646 747 redoleas,
1680 685 1856 738 effusa

163 778 222 832 in
252 777 518 830 cordibus
547 777 824 830 fidelium.
867 775 1031 828 Libra
1051 779 1245 828 autem
1284 773 1563 842 unguenti
1593 789 1656 826 ex
1681 775 1856 826 nardo

167 866 386 936 pistico,
413 864 634 935 justitia
660 869 744 918 est
800 880 866 917 ex
927 865 1034 918 [ide
1066 879 1229 932 pura.
1265 862 1430 916 Pistis
1465 861 1618 916 enim
1649 876 1851 929 graece,

165 953 323 1007 Fides
349 953 553 1007 dicitur
584 952 777 1018 latine,
812 957 868 1006 et
896 952 1105 1005 nardus
1137 951 1397 1005 redolens
1439 949 1855 1003 confessionem

163 1041 296 1095 fidei
327 1040 575 1094 suaviter
611 1041 960 1094 redolentem
991 1039 1291 1108 significat.
1340 1038 1701 1092 Alabastrum
1740 1052 1844 1090 un-

162 1131 377 1201 guenti,
429 1146 636 1200 corpus
695 1134 778 1182 est
824 1128 1004 1182 tidelis
1033 1129 1278 1191 animae;
1313 1127 1552 1180 fractum
1583 1141 1714 1178 vero
1741 1125 1852 1178 ala-

160 1219 438 1286 bastrum,
473 1219 696 1270 carnale
722 1223 806 1270 est
854 1217 1200 1270 desiderium
1266 1215 1420 1286 quod
1476 1215 1759 1284 frangitur
1779 1213 1847 1266 ad

157 1311 344 1376 caput,
375 1323 442 1360 es:
482 1323 585 1374 quo
613 1322 762 1360 omne
793 1322 984 1374 corpus
1016 1305 1271 1359 Ecclesiae
1297 1306 1735 1372 compaginatum
1765 1309 1842 1355 est

160 1398 376 1464 (Ep/tes.
421 1412 492 1460 iv,
551 1396 654 1463 16).
715 1396 856 1449 Cum
905 1412 1040 1464 ergo
1071 1395 1312 1448 Ecclesia
1361 1393 1675 1462 potentiam
1710 1391 1846 1445 divi-

157 1480 348 1532 nitatis
381 1479 588 1534 Christi
616 1479 903 1550 praedicat,
937 1484 1105 1549 caput
1133 1477 1515 1531 recumbentis
1545 1483 1843 1544 unguento

155 1568 447 1637 perfundit
486 1567 640 1635 (Cod.
697 1569 843 1620 male
899 1567 1212 1636 profundit)
1274 1566 1547 1635 pretioso.
1607 1565 1841 1617 Recum-

1967 512 2279 565 secundum
2312 528 2517 583 corpus
2545 528 2661 566 non
2705 517 2787 566 est
2827 512 2919 566 hic
2969 512 3100 580 (hac
3124 528 3230 566 non
3253 517 3391 567 recte
3415 514 3564 567 dicta
3586 518 3660 568 vi-

1966 599 2203 666 dentur),
2236 601 2336 670 qui
2370 599 2674 670 praesentia
2716 600 3025 670 majestatis
3078 617 3304 671 semper
3335 605 3419 655 est
3461 601 3569 657 hic.
3601 604 3658 657 Si

1965 693 2157 742 tamen
2186 690 2255 742 ad
2289 689 2470 744 bonos
2502 688 2771 758 pertines,
2797 705 3023 759 semper
3075 689 3248 744 habes
3280 689 3569 745 Christum
3601 691 3657 745 in

1966 777 2235 845 praesenti
2295 791 2395 846 per
2450 776 2641 844 fidem,
2690 793 2790 847 per
2834 778 3079 847 signum,
3157 794 3259 849 per
3298 779 3657 849 baptismatis

1965 870 2403 931 sacramentum,
2464 881 2569 935 per
2627 866 2818 918 altaris
2874 866 3065 920 cibum
3122 872 3179 921 et
3226 872 3445 938 potum.
3497 869 3656 922 Unde

1963 953 2099 1005 alibi
2129 953 2266 1007 dicit
2312 953 2428 1008 eis:
2464 956 2594 1008 Ecce
2639 970 2730 1020 ego
2765 956 3038 1010 vobiscum
3085 971 3203 1010 sum
3241 971 3408 1025 usque
3438 957 3511 1009 ad
3539 972 3657 1010 con-

1958 1045 2363 1094 summationem
2442 1045 2625 1096 saeculi
2708 1043 2926 1112 (Matth.
3011 1059 3206 1109 xxvul,
3271 1045 3378 1111 20).
3439 1046 3652 1099 Mittens

1959 1133 2100 1183 enim
2148 1130 2256 1183 haec
2295 1130 2488 1184 mulier
2528 1136 2853 1196 unguentum
2908 1132 3001 1185 hoc
3030 1134 3088 1184 in
3127 1147 3317 1200 corpus
3355 1148 3546 1199 meum,
3580 1132 3654 1186 ad

1958 1218 2321 1287 sepeliendum
2367 1234 2448 1270 me
2494 1221 2624 1283 fecit
2665 1219 2770 1281 (Id.
2805 1235 2950 1285 xxVI,
3000 1219 3103 1288 l2).
3141 1221 3262 1272 Non
3293 1224 3377 1272 est
3407 1220 3652 1290 perditio

1957 1307 2256 1376 unguenti,
2283 1305 2381 1360 sed
2415 1306 2666 1359 oflicium
2718 1308 3046 1375 sepulturae.
3102 1307 3380 1360 Patientia
3425 1309 3651 1361 Domini

1957 1411 2071 1448 non
2115 1395 2304 1464 arguit
2350 1395 2553 1448 Judam
2597 1395 2846 1447 avaritia}
2900 1401 2958 1448 et
2988 1411 3102 1448 non
3134 1411 3450 1465 pauperum
3483 1413 3652 1460 causa

1954 1483 2160 1537 dixisse
2191 1483 2344 1554 quod
2375 1483 2536 1551 dixit,
2577 1482 2674 1536 sed
2725 1483 3064 1552 obsequium
3120 1483 3306 1536 Mariae
3365 1499 3651 1538 commen-

1952 1573 2064 1626 dat.
2111 1571 2271 1636 Quod
2291 1573 2539 1626 Joannes
2571 1571 2649 1623 ait
2679 1588 2690 1624 :
2725 1572 2852 1626 Sine
2882 1572 3033 1624 illam
3063 1577 3120 1625 ut
3155 1574 3212 1624 in
3241 1571 3330 1624 die
3354 1572 3642 1640 sepulturae

156 1656 340 1710 dentis
388 1656 540 1719 dicit,
591 1656 646 1709 id
713 1662 797 1710 est
847 1656 1200 1709 humiliantis
1228 1671 1284 1708 se
1327 1659 1389 1707 ut
1414 1669 1547 1707 eum
1579 1657 1842 1750 tangeret
1880 1699 1918 1751 Β
1956 1676 2082 1715 mea;
2120 1664 2289 1714 εενυρι
2321 1659 2464 1714 illud
2515 1659 2703 1729 (Joan,
2748 1675 2842 1726 χιι,
2895 1663 2966 1727 7),
3011 1660 3123 1712 tale
3167 1664 3250 1713 est
3290 1675 3354 1712 ac
3388 1659 3434 1712 si
3465 1657 3642 1712 dicat:

157 1745 294 1799 fides
354 1744 628 1798 Ecclesiae.
697 1745 758 1797 In
818 1745 1111 1814 majestate
1165 1743 1316 1798 enim
1375 1758 1478 1796 sua
1520 1741 1834 1794 noninlel—

156 1833 352 1896 lectus,
376 1850 477 1904 per
497 1833 742 1887 formam
778 1833 923 1886 servi
952 1832 1186 1886 visibilis
1225 1837 1309 1884 est
1331 1832 1530 1885 factus.
1561 1829 1668 1893 Qui
1709 1845 1844 1894 ergo

157 1929 503 1992 assumptum
536 1922 975 1989 humanitatem,
1011 1921 1153 1974 sacri
1185 1919 1394 1990 eloquii
1426 1919 1522 1988 pia
1576 1917 1846 1988 praedica-

155 2009 307 2064 tione
337 2015 655 2080 veneratur,
680 2011 737 2063 in
766 2010 941 2078 pedes
965 2009 1193 2063 Domini
1227 2008 1417 2062 fundit
1445 2011 1839 2077 unguentum:

152 2097 383 2167 capillos
427 2097 594 2162 (Cod.
670 2099 816 2152 male
871 2100 1066 2166 capitis
1134 2098 1273 2164 vero)
1329 2112 1460 2150 vero
1519 2095 1689 2165 tingit
1737 2093 1837 2164 qui

152 2185 479 2238 rationabili
527 2186 829 2239 verborum
874 2185 1283 2254 compositione
1319 2185 1389 2238 ab
1441 2181 1834 2236 lncarnatione

155 2273 317 2327 Verbi
375 2290 570 2327 omnes
618 2274 862 2327 haereses
917 2275 1119 2342 procul
1168 2273 1342 2343 pellit.
1387 2272 1540 2326 Sicut
1569 2272 1718 2324 enim
1749 2287 1842 2322 na-

153 2369 278 2418 tura
307 2364 560 2433 corporis
616 2364 685 2418 ad
715 2368 980 2417 ornatum
1007 2363 1095 2417 sui
1145 2377 1398 2430 congruo
1456 2360 1843 2414 moderamine

154 2454 388 2523 capillos
413 2454 661 2523 profert;
686 2453 765 2507 sic
823 2459 878 2507 et
906 2452 1050 2508 ratio
1090 2457 1503 2522 competentem
1539 2452 1842 2505 verborum

158 2542 417 2596 ordinem
467 2542 638 2596 dictat
679 2542 738 2596 in
779 2558 945 2596 suum
1013 2543 1291 2595 decorem.
1355 2543 1560 2594 Domus
1611 2539 1844 2609 impleta

158 2635 243 2685 est
271 2647 336 2683 ex
370 2630 565 2696 odore,
599 2631 650 2686 id
680 2635 764 2685 est
797 2631 1045 2684 mundus
1075 2647 1136 2683 ex
1170 2631 1319 2682 bona
1353 2629 1520 2682 fama.
1826 2681 1833 2686 .

229 2720 323 2773 Ill.
351 2721 492 2774 Dicit
532 2735 656 2786 ergo
687 2736 823 2773 unus
856 2737 922 2772 e.-r.
962 2719 1249 2786 discipulis
1297 2717 1434 2786 ejus,
1474 2715 1660 2770 Judas
1704 2718 1845 2771 Isca-

149 2811 330 2870 riotes,
361 2811 458 2876 qui
483 2814 601 2862 erat
625 2824 741 2862 eum
776 2809 1080 2861 traditurus
1107 2825 1119 2861 :
1161 2808 1342 2872 Quare
1369 2806 1466 2872 hoc;
1507 2810 1841 2871 unguentum

148 2913 252 2950 non
304 2900 470 2950 veniit
523 2899 772 2950 trecentis
825 2897 1088 2961 denariis,
1131 2901 1181 2948 et
1247 2895 1435 2946 datum
1491 2898 1566 2946 est
1618 2894 1843 2958 egenis?

152 2986 311 3039 Ducit
333 2990 510 3038 autem
534 2987 650 3050 hoc,
673 3001 777 3038 non
810 2987 942 3053 quia
973 2985 1036 3036 de
1052 2985 1229 3049 egenis
1258 2982 1560 3050 pertinebat
1593 2982 1666 3033 ad
1699 2997 1836 3044 eum,
1871 2971 1908 3025 C

148 3073 240 3127 sed
271 3075 403 3140 quia
431 3076 528 3136 fur
560 3079 676 3125 erat
706 3081 753 3125 et
775 3074 970 3126 loculos
997 3072 1216 3135 habens,
1249 3087 1310 3123 ea
1339 3085 1457 3137 qua:
1487 3069 1842 3122 mittebantur

147 3162 402 3229 portabat
435 3162 654 3229 (Joan.,
712 3177 809 3223 xu,
877 3162 1010 3225 4-6).
1060 3158 1174 3213 Sub
1233 3163 1508 3227 praetextu
1567 3157 1837 3221 avaritiae,

150 3250 486 3317 mysterium
518 3249 776 3319 loquitur
807 3248 960 3302 fidei.
995 3247 1217 3301 Etenim
1259 3253 1454 3300 nostra
1486 3246 1626 3298 fides
1655 3245 1836 3297 sensi-

152 3338 256 3391 bus
287 3338 478 3391 decem
531 3353 632 3406 per
662 3353 865 3406 corpus
905 3340 961 3389 et
982 3335 1234 3389 animam
1265 3340 1320 3388 et
1350 3335 1613 3402 spiritum
1645 3333 1831 3402 tripli-

151 3427 312 3492 catis,
348 3426 508 3496 quasi
537 3425 806 3479 trecentis
837 3424 1048 3496 emitur
1077 3423 1347 3477 denariis.
1384 3424 1493 3476 lloc
1525 3423 1676 3475 enim
1699 3422 1840 3475 desi-

150 3519 360 3583 gnatur
393 3515 448 3566 iu
473 3514 667 3567 decem
718 3512 1038 3582 triplicatis,
1091 3511 1246 3583 quod
1292 3511 1352 3564 in
1390 3511 1672 3564 trecentis.
1729 3511 1840 3562 Nos

150 3619 286 3669 ergo
332 3602 476 3655 sicut
525 3602 752 3654 Gedeon
800 3607 1077 3670 tanquam
1148 3603 1532 3653 trecentorum
1581 3599 1838 3650 virorum

151 3706 450 3744 numerum
485 3695 859 3752 assumentes,
893 3688 1325 3758 Allophylorum
1378 3691 1577 3753 castra,
1626 3703 1838 3756 paupe-

148 3793 235 3829 res
287 3777 506 3845 spiritu,
569 3776 758 3830 fractis
814 3775 1132 3846 lagu‘iculis
1172 3775 1398 3840 nostris,
1434 3791 1563 3827 cum
1602 3775 1754 3827 tubis
1785 3780 1839 3826 rt

149 3865 396 3918 lucernis
424 3865 805 3931 destruamus,
837 3870 893 3917 et
921 3863 1064 3916 sicut
1085 3863 1367 3916 Abraham
1395 3879 1524 3915 cum
1574 3863 1840 3916 trecentis

150 3954 285 4007 viris
329 3955 510 4023 spolia
567 3955 633 4006 ad
679 3969 979 4022 vesperum
1015 3951 1354 4005 dividamus.
1385 3951 1484 4004 Ubi
1513 3951 1836 4004 diciturJu-

147 4042 246 4094 das
278 4042 368 4094 fur
393 4040 582 4105 fuisse,
619 4041 992 4094 admonemus
1040 4039 1192 4092 fures
1249 4043 1306 4093 et
1362 4039 1666 4107 sacrilegos
1696 4039 1837 4091 tole-

143 4146 290 4182 rare.
324 4129 507 4192 Quare
539 4128 735 4182 habuit
771 4128 1046 4181 Dominus
1077 4127 1316 4190 loculos,
1350 4126 1458 4180 nisi
1483 4124 1615 4196 quia
1649 4127 1834 4179 Eccle-

142 4218 222 4271 sia
249 4219 461 4271 loculos
492 4218 755 4271 habitura
783 4222 906 4270 erat
925 4217 951 4268 '1’
991 4217 1174 4280 Quare
1223 4217 1405 4269 furem
1441 4215 1690 4280 admisit,
1725 4215 1835 4267 nisi

145 4312 206 4359 ut
230 4305 479 4360 Ecclesia
511 4306 662 4358 fures
685 4303 1003 4358 toleraret?
1035 4304 1331 4358 Peculatus
1371 4303 1578 4357 dicitur
1623 4304 1833 4356 furtum

145 4395 214 4448 de
247 4394 556 4462 republica.
605 4394 709 4456 Qui
765 4392 981 4463 aliquid
1039 4393 1108 4446 de
1158 4391 1399 4445 Ecclesia
1430 4390 1652 4444 furatur
1679 4391 1837 4444 Juda:

145 4482 428 4552 proditori
451 4486 834 4551 comparatur,
863 4481 930 4535 de
959 4496 1073 4551 quo
1097 4481 1214 4533 solo
1246 4495 1349 4548 per
1403 4479 1836 4550 synecdochem,

146 4571 254 4624 sub
280 4571 484 4640 plurali
537 4585 795 4633 numero,
847 4569 1061 4622 dictum
1110 4568 1367 4632 credunt,
1432 4566 1581 4636 quod
1626 4567 1841 4620 Marcus

147 4659 256 4710 ait:
321 4659 629 4712 Fremebant
670 4660 726 4711 in
769 4674 900 4710 eam.
959 4660 1132 4711 Erant
1171 4661 1348 4710 autem
1372 4655 1596 4723 quidam
1618 4655 1842 4723 indigne

142 4751 380 4813 ferentes
410 4750 558 4800 intra
579 4750 884 4813 semetipsos
919 4753 968 4800 et
997 4745 1229 4799 dicentes
1258 4761 1271 4798 :
1328 4747 1393 4798 Ut
1442 4743 1578 4812 quid
1606 4743 1842 4812 perditio

145 4838 258 4890 hac
289 4838 550 4904 unguenti
574 4836 722 4904 facta
750 4841 825 4888 est
851 4835 1040 4902 (Marc.
1074 4850 1184 4898 xxv,
1217 4834 1272 4897 4,
1303 4833 1352 4899 5)
1379 4831 1406 4886 ‘t
1455 4830 1560 4885 Alii
1606 4837 1844 4901 propter

145 4923 737 4995 pauperesindignati
768 4928 917 4990 sunt,
961 4922 1116 4993 quod
1165 4920 1401 4975 forsitan
1456 4919 1639 4975 verbis
1680 4920 1843 4973 Judm

147 5030 488 5082 persuasum
591 5017 672 5066 est
736 5013 850 5077 eis;
910 5011 1081 5066 Judas
1149 5027 1280 5064 vero
1312 5015 1546 5080 propter
1593 5009 1835 5062 lucrum.

149 5105 333 5156 Sciens
373 5106 549 5155 autem
597 5104 770 5163 Jesus,
821 5103 899 5154 ait
944 5102 1095 5154 illis:
1145 5099 1291 5165 Quid
1324 5099 1532 5152 molesti
1559 5098 1686 5153 estis
1725 5113 1844 5150 mu-

149 5191 321 5244 lieri?
363 5192 507 5258 Opus
549 5192 741 5242 bonum
781 5194 1003 5256 operata
1051 5194 1128 5241 est
1175 5191 1232 5241 in
1287 5203 1409 5253 me;
1456 5203 1583 5240 nam
1637 5203 1844 5256 semper

149 5293 415 5348 pauperes
455 5279 662 5330 habetis
713 5277 1000 5343 cobiseum,
1052 5282 1101 5330 et
1147 5293 1263 5330 cum
1302 5277 1581 5330 volueritis
1617 5278 1842 5344 potestis

150 5366 258 5417 illis
327 5364 667 5429 benefacere;
725 5380 806 5416 me
876 5369 1054 5416 autem
1118 5378 1223 5416 non
1296 5377 1501 5430 semper
1573 5361 1840 5415 habebitis

151 5453 347 5521 (Math.
390 5468 538 5520 XXVI,
590 5456 670 5517 ιι),
729 5457 810 5511 11,
861 5458 911 5504 et
966 5454 1129 5505 Marc.
1176 5467 1285 5516 xlv,
1342 5456 1394 5515 6,
1451 5448 1550 5519 7.).
1591 5449 1758 5504 Bonis
1788 5455 1843 5502 et

153 5541 316 5594 malis
348 5542 602 5611 loquitur
635 5542 700 5591 «le
732 5541 1030 5611 praesentia
1063 5541 1314 5610 corporis
1349 5541 1454 5593 sui.
1487 5540 1654 5594 Sedet
1686 5540 1837 5594 enim

1956 1749 2086 1804 Sine
2115 1749 2272 1802 illam
2303 1749 2481 1802 facere
2513 1748 2661 1819 quod
2697 1747 2846 1815 facit,
2869 1753 2934 1802 ut
2957 1747 3238 1801 custodiat
3269 1746 3405 1800 illud
3435 1748 3646 1800 factum

1956 1839 2014 1892 in
2037 1837 2205 1891 corde
2235 1854 2337 1890 suo
2373 1853 2552 1908 usque
2584 1837 2642 1890 in
2693 1837 2844 1889 diem
2876 1837 3184 1906 sepulturae.
3217 1851 3379 1899 mem,
3415 1841 3473 1888 et
3513 1841 3646 1888 tunc

1956 1925 2113 1991 sciet,
2173 1925 2308 1996 quia
2363 1925 2514 1980 istud
2555 1925 2894 1996 obsequium
2942 1930 3025 1978 est
3053 1923 3361 1994 praeventio
3388 1923 3642 1994 corporis

1954 2014 2069 2067 mei
2118 2013 2452 2084 sepeliendi.
2529 2013 2686 2068 Unde
2737 2013 3049 2066 secundum
3096 2009 3342 2066 Marcum
3395 2011 3634 2066 dicitur:

1954 2101 2107 2169 Quod
2158 2102 2366 2166 habuit,
2401 2101 2456 2154 id
2503 2107 2584 2154 est
2630 2100 2814 2171 potuit
2847 2101 2977 2166 ;hoc
3021 2102 3166 2166 fecit.
3205 2101 3470 2155 Prwvenit
3499 2103 3639 2154 enim

1951 2205 2149 2257 ungere
2203 2205 2394 2258 corpus
2450 2206 2622 2243 meum
2680 2191 2739 2243 in
2793 2190 3074 2257 sepultura
3140 2189 3336 2254 (Marc.
3409 2205 3517 2253 xiv,
3561 2190 3633 2250 8),

1953 2277 2191 2331 subaudi
2220 2277 2378 2347 (Cod.
2415 2279 2562 2330 male
2591 2277 2874 2342 subaudis,
2900 2279 2955 2330 et
2983 2277 3062 2328 sic
3088 2275 3250 2343 infra)
3273 2275 3634 2344 ponendum;

1951 2381 2015 2418 ac
2046 2367 2122 2419 sic
2154 2366 2302 2419 dicat
2334 2382 2346 2418 :
2380 2365 2510 2420 Sine
2539 2365 2697 2420 illam
2730 2365 2900 2418 modo
2931 2365 3000 2418 ad
3031 2366 3384 2435 sepulturam
3410 2379 3634 2433 praepa-

1951 2470 2079 2508 rare
2123 2471 2232 2519 me,
2280 2470 2438 2508 more
2475 2455 2825 2518 Iudaeorum,
2881 2453 3017 2507 dum
3060 2458 3280 2522 potest;
3325 2451 3477 2522 quod
3505 2457 3638 2506 tunc

1953 2542 2102 2594 volet
2130 2542 2332 2605 facere,
2366 2547 2424 2594 et
2456 2557 2569 2595 non
2595 2540 2806 2610 poterit
2829 2557 2841 2593 :
2862 2541 3034 2593 Amen
3055 2540 3172 2592 dico
3201 2540 3370 2603 vobis,
3395 2539 3638 2592 ubicum-

1953 2645 2053 2697 que
2080 2628 2437 2696 pradicatum
2483 2631 2653 2692 fuerit
2699 2629 2792 2680 hoc
2822 2627 3175 2692 Evangelium
3195 2628 3252 2678 in
3283 2629 3388 2678 toto
3418 2626 3634 2690 mundo,

1953 2717 2160 2771 dicetur
2202 2723 2251 2771 et
2306 2717 2449 2784 quod
2505 2718 2612 2770 haec
2641 2717 2773 2781 fecit
2817 2717 2875 2769 in
2903 2716 3216 2769 memoriam
3249 2714 3366 2782 ejus
3397 2713 3506 2782 (Id.
3543 2718 3634 2780 9);

1954 2804 2194 2857 subaudi
2233 2807 2290 2856 et
2325 2803 2475 2874 quod
2506 2802 2678 2856 Judas
2711 2806 2908 2856 contra
2950 2802 3171 2854 locutus
3201 2805 3308 2865 est,
3341 2799 3558 2854 dicetur
3582 2800 3640 2852 in

1953 2891 2357 2945 contumeliam
2417 2891 2558 2960 ejus.
2613 2891 2739 2945 Haec
2781 2890 2937 2943 enim
2970 2888 3328 2942 laudabiliter
3353 2889 3638 2957 expendit,

1951 2979 2105 3048 quod
2152 2978 2258 3032 sibi
2292 2995 2394 3048 pro
2441 2979 2612 3032 odore
2653 2995 2770 3032 sum
2802 2978 2988 3031 carnis
3020 2977 3263 3046 turpiter
3292 2976 3640 3030 adhibuerat

1949 3068 2098 3133 (Cod.
2156 3069 2305 3122 male
2359 3071 2601 3135 turpitur
2639 3067 2994 3135 adhibuerit),
3052 3065 3260 3120 illicitis
3301 3065 3517 3119 actibus
3547 3066 3638 3118 in-

1950 3161 2126 3223 tenta,
2170 3156 2502 3226 priusquam
2555 3155 2796 3209 Domino
2843 3153 3142 3208 familiaris
3191 3153 3371 3207 fieret.
3423 3155 3486 3206 In
3532 3157 3638 3205 toto

1949 3244 2168 3311 mundo,
2204 3259 2317 3296 non
2355 3247 2468 3296 tam
2513 3243 2718 3296 mulier
2774 3243 2900 3308 ista,
2949 3259 3121 3312 quam
3151 3240 3396 3295 Ecclesia
3426 3238 3634 3309 praedi-

1949 3339 2123 3384 catur.
2171 3330 2414 3384 Attende
2466 3331 2725 3384 notitiam
2772 3331 3121 3395 futurorum,
3178 3329 3328 3400 quod
3370 3343 3638 3399 passurus

1954 3420 2222 3473 Dominus
2283 3425 2409 3490 post
2464 3436 2675 3489 paucos
2721 3419 2859 3485 dies,
2905 3417 3438 3487 sciat~Evaugelium
3471 3429 3635 3469 suum

1951 3516 2070 3562 toto
2103 3509 2239 3561 orbe
2270 3509 2697 3562 celebrandum.
2740 3508 3063 3563 Notandum
3095 3508 3232 3578 quia
3253 3510 3526 3577 quantam
3558 3505 3637 3557 fa-

1950 3613 2102 3650 mam
2154 3596 2325 3650 Maria
2377 3597 2578 3666 adepta
2623 3601 2728 3660 est,
2781 3601 3000 3649 tantam
3033 3595 3328 3649 infamiam
3356 3593 3526 3648 Judas
3557 3599 3640 3646 est

1951 3686 2224 3756 adeptus:
2274 3685 2371 3739 sed
2424 3685 2697 3739 Dominus
2731 3685 2942 3739 bonam
2979 3685 3145 3738 laude
3178 3683 3412 3752 dignam
3443 3697 3635 3734 remu-

1952 3790 2179 3834 nerans,
2210 3775 2428 3827 futuras
2461 3773 2621 3842 impii
2667 3773 3040 3827 contumelias
3071 3772 3308 3826 tacendo
3340 3769 3633 3840 prasteriit.

2022 3864 2106 3916 IV.
2157 3865 2224 3917 Et
2262 3879 2380 3915 cum
2429 3867 2561 3916 esset
2591 3865 2862 3916 Bethania:
2903 3861 3062 3916 Jesus
3109 3863 3166 3913 in
3224 3861 3376 3914 domo
3407 3859 3638 3914 Simonis

1950 3952 2145 4018 leprosi
2187 3954 2374 4015 (Marc.
2430 3967 2536 4016 xw,
2585 3955 2656 4018 3),
2701 3954 2947 4019 cognovit
3004 3950 3165 4003 turba
3204 3950 3378 4003 multa
3423 3963 3490 4000 ea:
3531 3949 3638 3999 Ju-

1949 4039 2078 4093 dzis
2127 4042 2257 4106 quia
2306 4041 2416 4093 illic
2465 4045 2564 4107 est,
2614 4045 2663 4092 et
2712 4044 2969 4094 venerunt
3037 4054 3144 4092 non
3180 4043 3402 4106 propter
3447 4037 3639 4089 Jesum

1951 4132 2182 4191 tantum,
2225 4128 2317 4181 sed
2351 4132 2409 4180 ut
2452 4129 2726 4181 Lazarum
2778 4129 3038 4194 viderent,
3082 4143 3238 4195 quem
3283 4125 3567 4178 suscitavit
3607 4139 3641 4175 (ι

1883 4242 1922 4294 υ
1954 4218 2178 4268 mortuis
2230 4216 2415 4284 (Joun.
2470 4231 2563 4280 xu,
2601 4221 2679 4283 9).
2730 4215 3040 4268 Curiositas
3085 4229 3182 4267 eos
3221 4211 3472 4272 adduxit,
3527 4227 3638 4263 non

1950 4304 2211 4356 charitas.
2248 4303 2440 4357 Simon
2476 4304 2763 4374 quondam
2816 4303 3002 4356 fuerat
3045 4302 3322 4372 leprosus,
3379 4300 3476 4353 sed
3506 4303 3640 4353 tunc

1949 4398 2071 4446 erat
2107 4392 2528 4470 mundus,_quia
2550 4408 2580 4444 a
2603 4391 2842 4446 Domino
2874 4396 3124 4455 sanatus,
3151 4393 3418 4443 manente
3455 4387 3641 4442 adhuc

1949 4481 2000 4534 ei
2048 4479 2286 4551 pristino
2345 4482 2600 4547 nomine,
2670 4481 2818 4534 sicut
2874 4480 3173 4535 Matthteus
3239 4477 3411 4532 etiam
3485 4493 3640 4531 nunc

1949 4570 2270 4639 appellatur
2301 4570 2664 4632 Publicanus,
2697 4569 2828 4623 licet
2866 4568 3098 4622 desierit
3122 4583 3243 4620 esse
3278 4565 3633 4638 publicanus.

1950 4657 2187 4720 Quidam
2223 4673 2324 4726 per
2355 4657 2646 4712 Simonem
2707 4657 3039 4726 intelligunt
3093 4654 3289 4714 fideles
3318 4671 3352 4709 a
3399 4653 3638 4708 Domino

1951 4745 2254 4798 mundatos
2303 4761 2335 4798 a
2382 4746 2644 4813 peccatis.
2701 4745 3118 4814 Interpretatur
3165 4742 3318 4797 enim
3367 4742 3638 4797 obedicns

1949 4835 2034 4885 vel
2087 4833 2350 4886 mundus.
2405 4835 2509 4885 Per
2578 4837 2866 4903 peccatum
2915 4838 3106 4887 autem
3180 4831 3350 4902 primi
3393 4830 3639 4884 hominis

1950 4921 2096 4975 facta
2125 4921 2233 4975 fuit
2263 4926 2411 4973 terra
2437 4921 2640 4974 domus
2684 4921 2931 4976 Simonis
2970 4921 3197 4993 leprosi.
3258 4921 3640 4985 Cogitaverunt

1949 5016 2125 5064 autem
2143 5012 2414 5079 principes
2446 5011 2806 5077 sacerdotum,
2845 5016 2901 5065 ut
2940 5013 3213 5065 Lazarum
3261 5011 3635 5077 interﬁcerent,

1951 5102 2082 5168 quia
2109 5101 2270 5152 multi
2294 5104 2515 5166 propter
2536 5100 2691 5153 illum
2722 5100 2946 5152 abibant
2971 5115 3038 5151 ev
3082 5097 3322 5164 Judeeis,
3367 5101 3416 5149 et
3459 5097 3638 5150 crede-

1952 5187 2080 5240 bant
2109 5190 2166 5240 in
2202 5188 2600 5252 Jesum(Joan.
2636 5205 2731 5249 xu,
2767 5191 2878 5254 10,1
2899 5190 2969 5256 l).
3001 5187 3044 5240 Ο
3071 5187 3240 5239 stulta
3270 5185 3560 5255 cogitatio,
3586 5190 3643 5238 et

1951 5291 2097 5327 caeca
2118 5275 2349 5329 saevitia!
2372 5276 2476 5339 Qui
2495 5279 2824 5343 (mortuum)
2851 5276 3120 5330 suscitare
3143 5275 3329 5346 potuit
3354 5276 3641 5336 Lazarum,

1954 5379 2066 5416 non
2097 5370 2286 5433 posset
2318 5364 2588 5418 suscitare
2619 5365 2865 5418 occisum
2893 5364 2919 5418 ‘?
2949 5364 3188 5428 Quando
3207 5365 3411 5417 Lazaro
3437 5363 3641 5416 infere-

1951 5453 2094 5506 batis
2126 5469 2342 5516 necem,
2397 5453 2674 5523 numquid
2727 5453 3069 5506 auferebatis
3113 5451 3352 5505 Domino
3392 5456 3641 5522 potesta-

1952 5547 2067 5594 tein
2090 5543 2116 5594 '.’
2146 5542 2250 5596 Sed
2289 5543 2444 5595 aliud
2471 5542 2623 5594 vobis
2648 5541 2870 5596 videtur
2898 5547 3175 5608 mortuus,
3209 5541 3361 5595 aliud
3393 5540 3634 5595 occisus.
3729 5583 3740 5589 -
