4068 6192
338 299 471 351 1215

1358 299 1717 357 VARIORUM
1760 299 2267 358 OPUSCULORUM
2310 303 2366 356 S.
2409 299 2801 358 AUGUSTINI.

3694 306 3831 357 t‘2l6

335 420 470 473 Ecce
491 422 799 491 utrumque
826 419 1101 475 Dominus
1141 419 1294 486 fecit,
1327 424 1383 474 et
1416 421 1686 475 Lazarum
1712 426 2019 486 mortuum,
2050 427 2095 478 Α
2134 421 2287 493 cipes
2314 421 2645 476 Iudaeorum
2688 436 2820 475 eum
2847 436 2967 475 non
3006 420 3429 492 intelligebant,
3477 423 3537 477 in
3566 440 3685 496 quo
3721 424 3842 479 im—

338 514 392 562 et
420 524 478 561 se
508 508 796 562 suscitavit
819 507 1087 562 occisum.

411 597 470 650 V.
508 598 578 650 In
625 599 921 650 crastinum
975 601 1155 649 autem
1195 596 1355 649 turba
1408 597 1600 661 multa,
1652 612 1769 664 quae
1813 601 2031 650 venerat

338 684 413 738 ad
441 683 581 737 diem
621 686 843 751 festum,
892 699 1011 737 cum
1057 684 1336 738 audissent
1367 687 1500 752 quia
1532 688 1677 738 venit
1705 687 1856 738 Jesus
1881 686 2034 738 Jero-

340 773 621 839 solymam,
651 776 966 840 acceperunt
995 787 1173 826 ramos
1210 774 1545 841 palmarum,
1576 777 1628 826 et
1663 777 2033 841 processerunt

338 860 549 913 obviam
580 861 651 923 ei,
679 864 729 912 et
750 860 1056 913 clamabant
1087 876 1098 912 :
1136 860 1441 914 Hosanna!
1479 860 1783 915 benedictus
1826 860 1921 928 qui
1948 878 2033 914 ve-

336 951 420 1001 nit
467 949 522 1001 in
570 951 780 1001 nomine
831 949 1057 1001 Domini
1102 951 1218 1003 Rea:
1260 949 1430 1002 Israel
1460 951 1635 1017 (Joan.
1678 953 1887 1016 3:1,t‘2,
1924 953 2027 1015 t3).

348 1036 508 1089 Remi
542 1035 862 1105 palmarum
895 1035 1090 1088 laudes
1120 1040 1251 1091 sunt
1272 1036 1657 1105 signiﬁcantes
1714 1037 2033 1105 victoriam,

342 1140 459 1195 qua
504 1127 626 1177 erat
674 1124 950 1177 Dominus
994 1130 1237 1178 mortem
1282 1123 1580 1178 moriendo
1638 1132 2031 1195 superaturus,

342 1217 400 1266 et
428 1212 686 1282 trophaeo
716 1211 909 1265 Crucis
938 1212 1007 1265 de
1056 1212 1283 1266 diabolo
1315 1212 1514 1266 mortis
1539 1213 1798 1283 principe
1829 1214 2033 1268 trium-

339 1300 640 1371 phaturus.
677 1300 789 1353 Vox
832 1305 1026 1363 autem
1065 1299 1412 1353 obsecrantis
1446 1308 1531 1354 est
1574 1303 1864 1369 llosanna;
1892 1302 2036 1357 sicut

348 1387 611 1443 nonnulli
682 1387 879 1442 dicunt
936 1388 1035 1458 qui
1082 1388 1373 1442 hebrmain
1422 1388 1678 1459 linguam
1735 1396 2034 1458 noverunt,

350 1476 530 1546 magis
582 1476 848 1529 allectum
890 1475 1149 1528 indicans
1179 1491 1351 1546 quam
1375 1492 1492 1529 rem
1529 1476 1779 1547 aliquam
1814 1474 2033 1548 signiti-

350 1581 514 1632 cans;
562 1564 708 1619 sicut
753 1569 885 1617 sunt
925 1563 984 1617 in
1014 1564 1211 1634 lingua
1238 1564 1414 1617 latina
1443 1582 1583 1635 quas
1615 1566 2037 1637 interjectiones

351 1658 569 1718 vocant,
617 1653 771 1707 velut
814 1668 943 1706 cum
993 1651 1249 1707 dolentes
1299 1653 1561 1722 dicimus,
1611 1654 1867 1711 heu!vel
1906 1673 2033 1712 cum

340 1743 717 1805 delectamur,
769 1740 1013 1794 dicimus
1067 1741 1213 1816 vah!
1265 1741 1353 1795 vel
1396 1757 1526 1795 cum
1565 1743 1844 1797 miramur
1890 1745 2035 1799 dici-

352 1846 496 1895 mus,
546 1830 589 1884 Ο
635 1844 753 1881 rem
787 1829 1082 1898 magnam!
1135 1831 1292 1883 Tunc
1312 1830 1529 1885 enimO
1562 1831 1705 1885 nihil
1734 1832 2037 1904 signiﬁcat,

352 1918 464 1972 nisi
516 1917 776 1971 mirantis
815 1917 1118 1983 affectum;
1191 1918 1344 1988 quod
1393 1918 1520 1971 ideo
1567 1920 1914 1975 credendum
1958 1926 2042 1975 est

355 2007 434 2061 ita
463 2022 606 2073 esse,
656 1996 793 2077 quia
833 2022 1019 2077 neque
1053 2022 1293 2076 graecus,
1325 2022 1511 2077 neque
1542 2007 1770 2073 latinus,
1803 2009 1909 2062 hoc
1948 2009 2039 2063 in-

352 2093 657 2161 terpretari
694 2094 899 2164 potuit,
958 2094 1102 2147 sicut
1140 2095 1305 2160 illud,
1347 2097 1443 2162 qui
1491 2095 1696 2149 dixerit
1737 2098 1912 2162 fratri
1948 2113 2043 2152 suo

355 2185 502 2237 Raca
532 2183 748 2248 (Matth.
778 2199 832 2247 v,
870 2184 977 2252 12).
1015 2184 1152 2236 Nam
1183 2188 1238 2236 et
1268 2183 1387 2235 hmo
1421 2184 1739 2253 interjectio
1763 2201 1880 2238 esse
1914 2203 2042 2256 per-

357 2269 604 2335 hibetur,
680 2270 943 2323 aﬁ‘ectum
1031 2269 1382 2339 indignantis
1466 2273 1796 2325 ostendens.
1884 2276 2041 2328 Bene-

356 2358 533 2411 dictus
566 2363 742 2411 autem
771 2361 867 2425 qui
911 2361 1057 2411 venit
1094 2361 1152 2411 in
1197 2360 1408 2411 nomine
1439 2359 1680 2427 Domini,
1729 2376 1826 2414 rea:
1854 2364 2040 2416 Israel.

356 2445 446 2499 Sic
476 2445 668 2515 potius
695 2446 1091 2515 accipiendum
1123 2452 1226 2512 est,
1255 2452 1316 2499 ut
1340 2447 1400 2499 in
1437 2447 1669 2500 nomine
1707 2449 1953 2513 Domini,
1979 2451 2038 2503 in

358 2534 589 2587 nomine
622 2534 719 2587 Dei
753 2534 937 2588 Patris
968 2533 1345 2605 intelligatur,
1378 2534 1635 2604 quamvis
1664 2536 1839 2606 possit
1872 2539 2043 2591 etiam

359 2622 420 2676 in
461 2622 696 2676 nomine
746 2639 868 2690 suo,
918 2624 1050 2693 quia
1095 2624 1215 2692 ipse
1262 2623 1536 2688 Dominus
1587 2629 1687 2678 est.
1726 2625 1883 2679 Unde
1911 2627 2047 2680 alibi

359 2710 633 2782 scriptum
684 2715 803 2764 est:
852 2713 999 2765 Pluit
1039 2714 1297 2766 Dominus
1341 2728 1376 2765 a
1427 2714 1680 2779 Domino;
1729 2713 1826 2767 sed
1876 2715 2046 2768 verba

360 2798 484 2867 ejus
529 2799 735 2853 melius
784 2805 1039 2854 nostrum
1099 2800 1361 2870 dirigunt
1389 2800 1766 2867 intellectum,
1809 2802 1907 2872 qui
1932 2804 2041 2857 ait:

356 2889 470 2955 Ego
494 2890 617 2941 veni
647 2890 702 2942 in
746 2892 959 2942 nomine
1016 2891 1194 2942 Patris
1220 2890 1342 2956 mei,
1372 2894 1547 2942 etnon
1594 2893 1909 2959 suscepistis
1938 2907 2036 2944 me.

2138 510 2441 581 plebantur
2484 525 2612 581 quas
2664 510 2943 579 legebant.
2986 512 3194 565 Invenit
3234 526 3359 577 ergo
3381 513 3545 567 Jesus
3570 515 3834 580 asellum,

2138 603 2188 652 et
2233 597 2374 652 sedit
2415 613 2577 666 super
2620 612 2757 664 eum,
2804 599 2946 651 sicut
2984 600 3248 666 scriptum
3298 603 3414 653 est:
3457 601 3581 654 Noli
3620 604 3833 666 timere,

2138 688 2256 754 ﬁlia
2301 687 2472 751 Sion;
2517 701 2628 741 ecce
2682 701 2781 738 rea:
2830 690 2952 739 tuus
2996 672 3160 750 venit,
3204 686 3392 740 sedens
3425 703 3588 756 super
3612 691 3832 759 pullum

2139 776 2307 828 asinae
2337 773 2510 841 (Ibid.
2544 773 2654 840 15).
2686 774 2748 826 In
2779 771 2878 826 illo
2911 788 3046 842 ergo
3091 774 3304 845 populo
3355 780 3473 830 erat
3503 777 3621 830 ﬁlia
3650 777 3832 833 Sion:

2142 862 2283 933 (ipsa
2311 865 2395 916 est
2421 861 2755 922 Jerusalem,
2788 876 2918 931 quae
2950 861 3138 932 Sion);
3174 862 3234 916 in
3265 863 3382 930 illo,
3419 862 3679 935 inquam,
3714 882 3830 936 po-

2140 946 2274 1015 pulo
2321 944 2561 1016 reprobo
2596 950 2653 998 et.
2695 961 2841 998 caeco
2889 948 3009 998 erat
3053 949 3249 1000 tamen
3275 946 3393 1001 ﬁlia
3422 948 3580 1011 Sion,
3612 951 3712 1005 cui
3741 951 3834 1005 di—

2140 1039 2363 1087 ceretur
2391 1050 2403 1087 :
2436 1035 2562 1089 Noli
2587 1036 2789 1086 timere.
2823 1036 2954 1088 Ecce
2981 1050 3081 1088 rea:
3106 1038 3229 1088 tuus
3261 1039 3406 1089 venit
3434 1052 3595 1104 super
3611 1037 3830 1106 pullum

2140 1124 2321 1177 asinee.
2368 1123 2496 1175 Haec
2529 1121 2648 1175 ﬁlia
2688 1122 2822 1176 Sion
2862 1122 2953 1175 cui
2999 1122 3272 1176 divinitus
3304 1122 3412 1176 ista
3442 1124 3735 1193 dicuntur,
3767 1126 3831 1179 in

2141 1209 2253 1262 illis
2293 1213 2413 1263 erat
2442 1209 2642 1263 ovibus
2689 1225 2818 1280 quae
2866 1224 3058 1263 vocem
3086 1210 3329 1281 pastoris
3380 1212 3718 1279 audiebant;
3780 1215 3840 1268 in

2142 1297 2240 1351 illa
2274 1301 2395 1352 erat
2430 1297 2797 1352 multitudine
2817 1314 2947 1369 qua:
2980 1298 3289 1353 Dominum
3316 1300 3642 1354 venientem
3670 1305 3839 1355 tanta

2144 1386 2441 1440 devotione
2489 1385 2775 1452 laudabat,
2827 1390 2983 1440 tanto
3030 1386 3261 1457 agmine
3291 1387 3646 1453 deducebat;
3678 1388 3735 1442 ei
3759 1389 3845 1443 di-

2144 1479 2299 1529 ctum
2349 1479 2468 1528 est:
2518 1475 2643 1531 Noti
2682 1476 2886 1538 timere,
2934 1476 3089 1529 illum
3119 1491 3344 1542 agnosce
3370 1480 3525 1545 quia
3554 1483 3605 1532 te
3632 1477 3841 1532 lauda-

2146 1568 2269 1629 tur;
2318 1569 2367 1618 et
2412 1564 2525 1617 noli
2566 1562 2840 1632 trepidare
2887 1579 3005 1617 cum
3051 1567 3286 1632 patitur,
3330 1567 3462 1633 quia
3486 1567 3577 1621 ille
3609 1569 3843 1634 sanguis

2145 1652 2405 1718 funditur
2424 1667 2524 1721 per
2560 1667 2712 1720 quem
2745 1656 2895 1706 tuum
2923 1651 3177 1708 delictum
3198 1652 3460 1719 deleatur,
3491 1657 3543 1707 et
3565 1656 3684 1707 vita
3713 1654 3840 1707 red-

2151 1742 2332 1795 datur.
2371 1740 2476 1795 Sed
2507 1740 2730 1809 pullum
2771 1740 2943 1794 asiute
2974 1740 3034 1794 in
3088 1756 3201 1811 quo
3257 1756 3425 1795 nemo
3456 1742 3679 1796 sederat
3714 1742 3846 1811 (hoc

2151 1828 2303 1881 enim
2321 1827 2474 1898 apud
2497 1826 2637 1880 alios
2655 1826 3031 1896 evangelistas
3048 1827 3442 1897 invenerunt),
3465 1828 3847 1899 intelligimus

2151 1917 2429 1988 populum
2459 1914 2740 1985 gentium,
2770 1917 2867 1986 qui
2891 1916 3076 1986 legem
3111 1917 3334 1969 Domini
3365 1933 3480 1970 non
3514 1926 3841 1986 acceperat;

2151 2004 2369 2058 asinam
2400 2019 2552 2068 vero,
2585 2002 2722 2074 quia
2753 2008 3061 2074 utrumque
3105 2004 3432 2072 jumentnm
3469 2006 3713 2059 Domino
3741 2006 3848 2059 ad-

2151 2092 2384 2146 ductum
2437 2098 2539 2160 est,
2592 2092 2817 2161 plebem
2873 2092 2995 2161 ejus
3041 2107 3168 2161 quae
3208 2092 3471 2146 veniebat
3517 2108 3582 2145 ex
3625 2094 3846 2163 populo

2152 2181 2318 2234 Israel
2375 2196 2490 2233 non
2538 2179 2878 2233 indomitam
2919 2179 3108 2249 plane,
3158 2179 3256 2233 sed
3300 2196 3428 2250 quae
3457 2197 3711 2251 praesepe
3744 2182 3852 2235 Do-

2154 2268 2294 2322 mini
2334 2267 2588 2338 agnovit.
2639 2270 2760 2320 Haec
2819 2282 2926 2320 non
2990 2272 3347 2335 cognoverunt
3404 2268 3663 2338 discipuli
3728 2270 3846 2337 ejus

2149 2360 2410 2427 primum,
2465 2356 2559 2410 sed
2601 2356 2819 2425 quando
2870 2357 3202 2425 gloriﬁcatus
3252 2361 3333 2411 est
3387 2359 3572 2419 Jesus,
3642 2357 3701 2411 id
3766 2363 3851 2412 est

2154 2446 2383 2515 quando
2428 2444 2696 2497 virtutem
2754 2459 2870 2497 suae
2915 2442 3347 2497 resurrectionis
3385 2445 3659 2512 ostendit,
3721 2453 3847 2500 tunc

2154 2532 2426 2587 recordati
2456 2538 2582 2585 sunt
2620 2534 2754 2601 quia
2798 2532 2905 2585 haec
2950 2537 3104 2585 erant
3129 2535 3338 2601 scripta
3365 2532 3430 2586 de
3459 2548 3516 2587 eo
3538 2534 3715 2603 (Joan.
3745 2551 3844 2599 xu,

2162 2624 2247 2692 16)
2281 2638 2293 2687 ;
2329 2621 2642 2674 recolentes
2672 2619 2886 2691 quippe
2913 2619 3226 2673 secundum
3261 2622 3674 2690 scripturarum
3706 2624 3846 2692 (elo-

2156 2710 2314 2780 quia)
2367 2724 2495 2779 qua:
2535 2712 2663 2761 ante
2693 2707 3015 2778 passionem
3059 2708 3143 2761 vel
3200 2708 3261 2761 in
3311 2708 3535 2762 Domini
3578 2712 3849 2780 passione

2156 2798 2439 2867 completa
2466 2800 2616 2861 sunt,
2650 2795 2729 2850 ibi
2768 2800 2825 2849 et
2854 2795 2962 2852 hoc
2989 2794 3331 2849 invenerunt
3349 2797 3500 2866 quod
3529 2799 3849 2854 secundum

2156 2886 2386 2956 eloquia
2414 2886 2831 2963 prophetarum
2866 2885 2924 2938 in
2956 2885 3113 2955 pullo
3152 2884 3327 2938 asina:
3366 2884 3593 2939 sederit.

360 2977 518 3029 Alius
548 2978 720 3031 veniet
746 2979 805 3030 in
834 2980 1046 3030 nomine
1074 2993 1189 3041 suo,
1219 2978 1357 3031 hunc
1392 2979 1696 3046 suscipiatis
1744 2978 1934 3045 (Joan.
1989 2996 2040 3040 v,
2085 3004 2122 3058 ρ
2226 2975 2339 3028 VII.
2400 2975 2786 3027 Testimonium
2834 2988 2957 3040 ergo
3006 2973 3323 3041 perhibebat
3365 2973 3526 3026 turba
3572 2990 3693 3043 quae
3738 2978 3857 3028 erat

362 3064 475 3129 43).
529 3064 877 3117 Humilitatis
923 3064 1074 3117 enim
1126 3064 1401 3133 magister
1430 3069 1513 3118 est
1538 3065 1791 3120 Christus
1822 3067 1921 3137 qui
1951 3071 2051 3122 hu-

357 3153 593 3205 miliavit
631 3155 975 3222 semetipsum
1005 3158 1187 3219 factas
1229 3153 1477 3207 obediens
1505 3168 1673 3222 usque
1704 3155 1777 3208 ad
1804 3161 2051 3223 mortem,

360 3246 577 3295 mortem
602 3245 780 3295 autem
807 3244 979 3295 crucis
1022 3244 1243 3311 (Philip.
1276 3259 1337 3309 ιι,
1382 3244 1461 3311 8).
1498 3242 1620 3295 Non
1651 3242 1846 3314 itaque
1878 3244 2052 3298 amit-

367 3328 436 3381 tit
478 3328 856 3392 divinitatem,
904 3331 1131 3400 quando
1169 3347 1270 3384 nos
1312 3331 1478 3384 docet
1525 3331 1925 3386 humilitatem.
1990 3334 2055 3386 In

371 3415 467 3468 illa
507 3416 657 3469 Patri
686 3422 770 3470 est
796 3417 1051 3486 requietis,
1081 3418 1139 3470 in
1170 3418 1275 3471 hac
1301 3417 1464 3471 nobis
1510 3417 1729 3472 similis.
1766 3420 1872 3473 Per
1902 3421 2051 3490 quod

369 3504 521 3557 Patri
575 3510 660 3557 est
716 3507 973 3575 aequalis,
1029 3522 1132 3558 nos
1194 3511 1257 3559 ut
1328 3521 1580 3559 essemus
1636 3507 1880 3573 creavit;
1956 3525 2056 3579 per

370 3591 527 3660 quod
559 3592 720 3645 nobis
756 3597 839 3647 est
887 3593 1113 3659 similis,
1160 3610 1230 3647 ne
1274 3593 1593 3664 periremus
1645 3595 1910 3653 redemit.
1946 3599 2053 3651 Has

369 3680 421 3733 ei
472 3680 668 3735 laudes
714 3681 935 3737 dicebat
982 3684 1489 3749 turba:Hosanna,
1515 3683 1821 3739 benedictus
1846 3689 1944 3753 qui
1972 3703 2055 3741 ve-

368 3770 451 3821 nit
499 3770 557 3821 in
591 3773 804 3824 nomine
855 3772 1097 3838 Domini,
1163 3789 1263 3826 rea-
1314 3773 1503 3827 Israel.
1583 3773 1762 3836 Quam
1829 3790 2053 3829 crucem

366 3856 575 3911 mentis
646 3859 961 3913 invidentia
1054 3859 1377 3930 principum
1444 3860 1778 3915 Iudaeorum
1835 3865 2055 3934 perpeti

366 3950 610 4013 poterat,
663 3946 891 4016 quando
927 3963 1123 4016 regem
1174 3963 1337 4001 suum
1391 3947 1678 4003 Christum
1722 3954 1883 4004 tanta
1907 3952 2052 4005 mul-

369 4033 547 4087 titudo
577 4036 884 4090 clamabat!
921 4035 1029 4090 Sed
1050 4036 1187 4107 quid
1219 4036 1330 4090 fuit
1374 4038 1617 4091 Domino
1662 4053 1855 4107 regem
1884 4041 2053 4093 Israel

367 4122 536 4175 esse?
583 4122 719 4193 quid
764 4137 1036 4193 magnum
1098 4124 1207 4177 fuit
1261 4125 1389 4195 regi
1435 4126 1795 4189 saeculorum,
1858 4143 2053 4197 regem

367 4210 492 4264 ﬁeri
546 4212 888 4266 hominum?
942 4213 1063 4267 Non
1109 4213 1260 4266 enim
1321 4229 1417 4266 rex
1476 4213 1644 4266 Israel
1694 4213 1946 4267 Christus
1984 4214 2052 4266 ad

2161 3078 2281 3117 cum
2321 3078 2396 3128 eo,
2436 3062 2653 3130 quando
2701 3062 2972 3114 Lazarum
3015 3062 3225 3114 vocavit
3273 3061 3339 3115 de
3382 3067 3746 3125 monumento,
3805 3065 3858 3115 el

2159 3152 2445 3203 suscitavit
2473 3164 2591 3203 eum
2622 3164 2656 3202 a
2692 3151 2938 3202 mortuis.
2994 3150 3282 3217 Propterea
3309 3154 3361 3202 et
3380 3150 3590 3203 obviam
3620 3153 3773 3204 venit
3808 3153 3859 3204 ei

2163 3239 2340 3302 turba,
2376 3239 2507 3306 quia
2537 3238 2827 3291 audierunt
2850 3252 2967 3290 eum
3009 3238 3198 3303 fecisse
3218 3237 3311 3291 hoc
3331 3239 3564 3305 signum.
3589 3239 3861 3292 Pharisaei

2162 3342 2286 3396 ergo
2316 3327 2577 3381 dixerunt
2620 3326 2693 3379 ad
2737 3328 3044 3393 semetipsos
3062 3342 3079 3377 :
3129 3325 3336 3379 Videtis
3363 3327 3492 3392 quia
3516 3327 3660 3379 nihil
3688 3330 3855 3394 proﬁ-

2162 3418 2351 3480 cimus,
2380 3431 2492 3469 ecce
2519 3415 2750 3469 mundus
2783 3419 2922 3468 totus
2942 3419 3063 3481 post
3090 3428 3208 3466 eum
3234 3415 3373 3467 abiit
3413 3415 3581 3482 (Ibid.
3617 3418 3705 3479 t7,
3743 3419 3852 3481 18).

2164 3503 2600 3573 Prophetabant,
2656 3501 2752 3555 sed
2806 3500 3143 3554 nescientes.
3200 3500 3343 3564 Quid
3386 3501 3599 3554 mirum
3641 3502 3690 3555 si
3720 3507 3855 3571 post

2163 3607 2295 3646 eum
2342 3589 2498 3644 vadit
2548 3588 2815 3648 mundus,
2867 3603 2969 3658 per
3001 3603 3174 3658 quem
3223 3590 3404 3642 factus
3439 3594 3523 3643 est
3552 3590 3851 3644 mundus?

2161 3683 2337 3734 Erant
2387 3683 2564 3731 autem
2611 3678 2830 3745 gentiles
2879 3676 3103 3745 quidam
3132 3691 3199 3729 ea!
3233 3677 3316 3731 his
3346 3679 3445 3744 qui
3470 3678 3848 3746 ascenderant,

2162 3772 2221 3822 ut
2245 3767 2538 3821 adorarent
2560 3769 2617 3819 in
2637 3765 2725 3819 die
2742 3767 2880 3830 festo
2907 3781 2920 3817 :
2969 3766 3028 3818 hi
3073 3779 3198 3831 ergo
3254 3772 3592 3821 accesserunt
3620 3768 3699 3821 ad
3716 3770 3852 3821 Phi-

2162 3857 2372 3925 lippum
2396 3858 2494 3923 qui
2520 3859 2637 3908 erat
2660 3870 2695 3907 a
2719 3852 3023 3907 Bethsaida
3065 3853 3321 3921 Galilaeze,
3365 3860 3417 3907 et
3443 3856 3711 3921 rogabant
3730 3873 3851 3910 eum

2162 3944 2432 3998 dicentes:
2481 3945 2718 4007 Domine,
2772 3944 3017 3995 volumus
3059 3944 3237 3996 Jesum
3272 3942 3474 3997 videre.
3525 3945 3686 3998 Venit
3724 3947 3851 3999 Phi-

2164 4033 2345 4100 lippus
2374 4035 2425 4085 et
2452 4031 2587 4084 dicit
2612 4029 2983 4084 Andreae”...
3022 4029 3272 4083 Andreas
3302 4046 3521 4085 rursum
3554 4038 3606 4085 et
3634 4033 3855 4102 Philip-

2159 4135 2263 4189 pus
2306 4119 2562 4173 dimerunt
2596 4120 2753 4172 Jesu.
2798 4119 2962 4172 Jesus
2999 4124 3176 4171 autem
3220 4119 3499 4188 respondit
3522 4122 3599 4174 eis
3627 4121 3855 4176 dicens:

2170 4211 2327 4262 Venit
2373 4210 2506 4261 hora
2544 4213 2605 4260 ut
2635 4208 2960 4274 clariﬁcetur
3024 4208 3193 4261 Filius
3251 4209 3482 4262 hominis
3532 4207 3713 4277 (Joan.
3748 4227 3849 4277 an,

367 4298 711 4368 exigendum
750 4298 1055 4364 tributum,
1110 4300 1195 4353 vel
1249 4299 1399 4353 ferro
1458 4299 1770 4353 exercitum
1829 4317 2050 4354 arman-
2092 4288 2134 4341 Ῑ)
2164 4296 2250 4359 20,
2303 4297 2415 4364 '23).
2469 4294 2598 4348 Ideo
2640 4296 2717 4347 ita
2764 4294 3059 4364 respondit
3109 4294 3407 4363 Dominus,
3443 4308 3501 4349 ut
3533 4297 3856 4353 insinuaret

368 4386 527 4455 dum,
592 4387 893 4458 hostesque
962 4387 1260 4441 visibiliter
1333 4387 1736 4454 debellandos;
1805 4389 1905 4442 sed
1954 4405 2048 4442 rex

370 4475 538 4527 Israel
591 4476 742 4544 quod
789 4482 1010 4529 mentes
1057 4482 1231 4547 regat,
1284 4476 1445 4547 quod.
1484 4477 1544 4530 in
1592 4482 1871 4530 aeternum
1913 4494 2049 4530 con-

369 4563 533 4628 sulat,
577 4564 730 4632 quod
758 4564 818 4617 in
857 4581 1099 4635 regnum
1147 4566 1417 4619 caelorum
1466 4564 1777 4632 credentes,
1811 4581 2051 4635 speran-

366 4656 474 4718 tes,
518 4657 888 4722 amantesque
941 4655 1235 4723 perducat.
1290 4653 1390 4707 Dei
1432 4668 1568 4724 ergo
1619 4654 1791 4706 Filius
1816 4654 2053 4723 mqualis

368 4741 537 4809 Patri,
573 4740 817 4795 Verbum
844 4758 946 4812 per
967 4743 1118 4812 quod
1150 4742 1294 4796 facta
1336 4746 1471 4795 sunt
1517 4742 1730 4809 omnia,
1774 4742 1925 4813 quod
1956 4758 2050 4796 rex

364 4830 544 4885 voluit
589 4829 701 4884 dici
751 4829 915 4903 [Deet
971 4831 1084 4885 dici
1119 4832 1179 4885 in
1227 4830 1381 4903 cod.]
1435 4833 1623 4899 Israel,
1675 4831 1931 4901 dignatio
1969 4838 2054 4885 est

364 4935 482 4972 non
512 4919 800 4990 promotio
826 4936 839 4973 :
873 4919 1256 4974 miserationis
1276 4920 1558 4991 judicium
1608 4924 1712 4987 est,
1744 4936 1859 4973 non
1887 4924 2050 4990 pote-

364 5008 525 5062 statis
557 5012 963 5075 augmentum;
995 5008 1095 5080 qui
1122 5009 1277 5063 enim
1306 5010 1624 5079 appellatus
1656 5012 1742 5062 est
1785 5008 1844 5061 in
1902 5013 2051 5062 terra

366 5114 458 5151 rex
488 5097 838 5163 Iudaeorum,
864 5096 922 5151 in
951 5098 1105 5152 cmlis
1135 5102 1218 5152 est
1250 5098 1522 5151 Dominus
1555 5098 1913 5167 angelorum.

434 5186 521 5239 Vl.
584 5188 654 5240 Et
690 5188 895 5240 invenit
944 5188 1095 5241 Jesus
1148 5188 1392 5251 asellum,
1454 5192 1504 5240 et
1547 5185 1686 5240 sedit
1736 5201 1899 5253 super
1933 5202 2049 5239 eum

363 5274 543 5341 (Joan.
591 5292 685 5342 xu,
734 5276 836 5337 14).
885 5274 981 5329 Hic
1010 5275 1258 5330 breviter
1287 5276 1499 5330 dictum
1532 5279 1639 5327 est.
1682 5275 1820 5327 Nam
1853 5290 2045 5345 quem-

366 5362 671 5417 admodum
729 5364 798 5416 sit
844 5366 1054 5418 factum
1104 5364 1255 5434 apud
1304 5364 1447 5417 alios
1523 5361 1900 5431 evangelistas
1931 5363 2048 5433 ple-

365 5450 598 5506 nissime
639 5452 866 5521 legitur.
932 5452 1243 5507 Adhibetnr
1294 5468 1426 5506 vero
1464 5450 1596 5505 huic
1628 5452 1773 5505 facto
1805 5451 2048 5520 prophe—

364 5537 535 5592 ticum
568 5540 983 5603 testirnonium,
1016 5546 1075 5594 ut
1100 5544 1397 5610 appareret
1425 5539 1575 5608 quod
1609 5537 1846 5607 maligni
1898 5539 2050 5608 prin-

2165 4383 2575 4453 plenitudinem
2619 4382 2961 4436 credituram
3005 4389 3133 4452 post
3175 4384 3504 4453 passionem
3555 4401 3743 4454 suam,
3784 4404 3856 4442 eo

2161 4472 2222 4525 in
2253 4471 2408 4525 caelis
2452 4470 2789 4540 gloriﬁcato.
2830 4470 3023 4532 Amen,
3073 4486 3225 4525 amen
3247 4471 3368 4525 dico
3396 4473 3566 4540 vobis,
3589 4477 3701 4528 nisi
3728 4491 3858 4542 gra-

2161 4577 2287 4614 num
2306 4560 2579 4626 frumenti
2606 4558 2799 4612 cadens
2823 4557 2883 4611 in
2915 4564 3113 4612 terram
3130 4563 3401 4614 mortuum
3441 4563 3633 4629 fuerit,
3668 4566 3855 4634 ipsum

2161 4650 2331 4703 solum
2377 4652 2589 4716 manet;
2642 4649 2692 4701 si
2731 4652 2909 4701 autem
2938 4652 3214 4721 mortuum
3240 4650 3431 4715 fuerit,
3462 4652 3692 4705 multum
3718 4656 3851 4719 fru-

2161 4743 2303 4791 ctum
2347 4737 2509 4804 a/Tert
2553 4736 2710 4804 (Ibid.
2760 4738 2882 4805 25).
2934 4737 3002 4790 Se
3052 4736 3275 4791 dicebat
3316 4753 3561 4808 granum
3610 4743 3858 4798 mortiﬁ-

2161 4826 2406 4880 candum
2452 4824 2783 4880 inﬁdelitate
2822 4824 3176 4892 Judaaorum,
3225 4826 3324 4881 sed
3353 4827 3853 4898 multiplicandum

2163 4916 2272 4970 ﬁde
2301 4914 2665 4986 populorum.
2700 4914 2766 4968 Et
2814 4914 2948 4982 quia
2995 4930 3174 4985 grano
3222 4914 3496 4969 frumenti
3526 4918 3856 4987 specialiter

2161 5023 2218 5059 se
2250 5007 2559 5073 comparat,
2602 5017 2727 5056 mos
2768 5002 2936 5072 coepit
2990 5002 3248 5057 Ecclesiae
3281 5004 3351 5057 de
3378 5004 3484 5058 hoc
3515 5007 3638 5060 solo
3668 5023 3853 5078 grano

2159 5092 2362 5147 conﬁci
2389 5106 2593 5161 corpus
2645 5089 2890 5144 Domini.
2942 5094 3047 5161 Qui
3091 5098 3242 5146 amat
3263 5095 3500 5147 animum
3533 5108 3692 5148 suam
3722 5112 3852 5164 per-

2161 5182 2249 5236 det
2289 5197 2427 5246 eam,
2475 5184 2525 5235 et
2549 5183 2646 5248 qui
2679 5179 2794 5234 odit
2836 5182 3075 5234 animum
3118 5192 3273 5234 suam
3312 5183 3371 5234 in
3410 5183 3505 5236 hoc
3542 5184 3765 5246 mundo,
3794 5188 3855 5238 in

2159 5273 2327 5325 vitam
2367 5275 2622 5324 azternam
2659 5268 2893 5322 custodit
2932 5284 3049 5321 eam
3085 5268 3211 5338 (Id.,
3234 5269 3411 5336 ibid.).
3450 5271 3723 5325 Hortatur
3752 5289 3858 5327 nos

2160 5359 2230 5413 ad
2275 5357 2540 5412 sectanda
2592 5356 2825 5427 vestigia
2867 5373 2984 5411 suae
3024 5357 3325 5427 passionis,
3368 5358 3533 5428 quasi
3570 5358 3756 5414 dicat:
3794 5362 3858 5417 Si

2159 5440 2311 5519 cupis
2342 5449 2509 5502 vitam
2543 5451 2714 5500 tenere
2744 5447 2801 5499 in
2835 5446 3077 5513 Christo,
3135 5445 3248 5500 noli
3287 5451 3511 5501 mortem
3539 5450 3727 5504 timere
3752 5467 3855 5519 pro

2160 5539 2410 5593 Christo:
2446 5537 2555 5591 noli
2580 5550 2763 5590 amare
2804 5537 3043 5590 animam
3076 5537 3135 5590 in
3170 5537 3269 5589 hac
3300 5538 3435 5601 vita,
3468 5552 3533 5590 ne
3560 5538 3766 5605 perdas
3796 5542 3856 5593 in
