4004 6182
189 311 314 361 1217

1498 314 1878 369 LEC'I‘lONES
1919 313 2316 368 VARIAN'I’ES.

3531 315 3662 365 l'2l8

175 436 374 485 azterna
402 433 534 485 vita.
578 431 713 486 Mira
743 431 1041 499 sententia,
1100 435 1588 504 quemadmodum
1646 437 1718 490 sit
1756 437 1855 491 bo-
1889 441 1930 494 Α
1967 453 2050 491 me
2074 453 2177 492 v0.1:
2209 439 2315 492 hzec
2341 439 2502 502 venit,
2535 435 2630 491 sed
2668 441 2891 506 propter
2939 451 3029 490 vos
3083 435 3216 506 [l<i.,
3252 436 3366 507 30].
3405 436 3666 491 Ostendit

177 518 347 572 minis
380 535 540 572 amor
579 519 636 572 in
665 519 910 574 animam
943 537 1124 587 suam,
1161 528 1222 576 ut
1262 530 1492 594 pereat;
1539 525 1756 590 odium,
1789 542 1862 579 ne

176 608 397 676 pereat!
458 607 512 661 Si
572 608 719 661 male
772 609 1074 674 amaveris,
1150 614 1288 664 tunc
1349 612 1554 679 odisti;
1612 613 1658 666 si
1718 613 1862 667 bene

179 696 381 762 oderis,
411 701 546 750 tunc
577 697 797 750 amasti.
834 697 1042 750 Felices
1073 698 1172 768 qui
1199 699 1441 753 oderunt
1468 701 1858 770 custodiendo,

177 801 245 838 ne
268 785 508 854 perdant
538 784 801 838 amando.
837 785 944 839 Sed
998 785 1120 840 vide
1158 802 1230 841 ne
1275 791 1328 841 te
1385 788 1572 858 ipsum
1607 790 1740 843 velis
1775 790 1862 844 in-

177 873 463 940 terimere,
517 879 578 926 nt
625 873 859 942 quidam
945 875 1194 943 perversi
1228 877 1371 929 male
1428 876 1580 930 hunc
1636 894 1861 932 versum

178 961 579 1029 intelligentes.
634 961 774 1014 Cum
824 966 1018 1014 autem
1065 978 1249 1016 causa:
1313 964 1583 1018 articulus
1623 967 1860 1033 venerit,

177 1053 240 1102 ut
286 1053 643 1118 proponatur
687 1047 810 1113 tibi,
856 1053 952 1102 aut
1001 1049 1322 1104 faciendum
1371 1067 1489 1106 esse
1540 1059 1732 1106 contra
1767 1054 1863 1107 Dei

176 1141 545 1209 praeceptum,
593 1141 690 1188 aut
740 1135 1121 1199 moriendum,
1172 1143 1306 1192 tunc
1355 1141 1542 1209 potius
1611 1141 1756 1211 elige
1809 1147 1865 1196 te

174 1225 342 1290 mori,
393 1241 565 1294 quam
613 1225 821 1292 vivere,
869 1229 931 1278 ut
977 1225 1036 1278 in
1077 1227 1184 1280 hoc
1232 1228 1445 1282 mundo
1489 1229 1698 1283 habeas
1736 1229 1865 1284 odio

175 1314 428 1368 animam
472 1318 649 1379 tuam,
706 1317 762 1366 et
807 1313 868 1366 in
897 1313 1068 1366 vitam
1097 1320 1369 1370 {eternam
1411 1333 1536 1370 eam
1559 1317 1860 1372 custodias.

175 1405 386 1472 Siquis
423 1402 562 1456 mihi
612 1403 892 1455 ministrat
912 1417 991 1455 me
1036 1408 1296 1471 sequatur
1342 1406 1524 1473 (Joan.
1587 1422 1683 1471 xu,
1737 1408 1861 1474 26);

175 1492 308 1544 hinc
346 1491 544 1544 Petrus
596 1489 675 1543 ait
707 1505 718 1542 :
769 1489 1014 1545 Christus
1049 1507 1152 1559 pro
1197 1492 1350 1546 nobis
1381 1509 1574 1560 passus
1597 1500 1674 1548 est
1703 1496 1865 1548 relin-

174 1595 340 1650 quens
369 1580 520 1633 nobis
550 1580 850 1648 exemplum
879 1584 939 1631 ut
962 1594 1254 1648 sequamur
1273 1585 1503 1648 vestigia
1535 1585 1650 1652 ejus
1702 1587 1859 1651 [Petit

176 1686 232 1734 ιι,
275 1670 384 1737 2t).
445 1670 516 1721 Et
570 1667 665 1719 ubi
699 1682 793 1734 ego
825 1681 942 1719 sum
990 1669 1102 1720 illic
1151 1674 1202 1722 et
1261 1673 1508 1724 minister
1556 1687 1699 1725 meus
1757 1676 1861 1726 erit

178 1759 348 1822 (Joan.
405 1773 497 1822 xu,
555 1755 665 1823 26).
726 1754 1032 1808 Praemium
1091 1756 1452 1811 ministrandi
1490 1759 1570 1812 illi
1629 1765 1712 1812 est
1743 1777 1861 1815 esse

173 1861 303 1898 cum
337 1845 479 1914 ipso,
513 1844 631 1896 sine
663 1859 775 1914 quo
808 1859 1102 1912 nunquam
1146 1851 1230 1898 est
1261 1847 1426 1914 bene,
1479 1853 1534 1901 et
1565 1865 1695 1901 cum
1745 1866 1859 1919 quo

179 1949 473 2004 nunquam
514 1937 597 1986 est
642 1932 808 1984 male.
865 1932 1019 1986 Unde
1070 1933 1324 2002 apertius
1371 1935 1607 1990 subdit:
1651 1938 1714 1992 Si
1741 1940 1865 2006 quis

176 2023 315 2076 mihi
336 2023 750 2085 ministraverit,
777 2019 1156 2089 honoriﬁcabit
1187 2037 1304 2075 eum
1342 2025 1503 2077 Pater
1555 2040 1700 2078 naeus
1759 2025 1862 2095 (Id.

176 2111 362 2178 ibid.).
423 2110 544 2173 Quo
601 2109 838 2175 honore,
903 2108 1013 2161 nisi
1071 2113 1136 2162 ut
1199 2109 1272 2163 sit
1350 2127 1480 2164 cum
1555 2113 1693 2166 Filio
1747 2115 1868 2182 ejus

179 2215 295 2251 non
342 2197 577 2268 aequalis
623 2194 903 2249 divinitati
951 2197 1048 2250 sed
1097 2198 1451 2252 consociatus
1512 2201 1812 2254 aeternitati
1840 2201 1866 2252 ‘l

180 2288 321 2339 Cum
351 2284 577 2345 auditis,
613 2285 833 2349 fratres,
871 2284 984 2337 illic
1017 2289 1065 2338 et
1113 2288 1361 2340 minister
1409 2303 1555 2341 meus
1605 2292 1730 2356 erit,
1763 2305 1866 2342 no-

182 2375 276 2426 lite
317 2379 538 2426 tantum
587 2373 751 2425 modo
807 2373 984 2425 bonos
1025 2373 1319 2442 episcopos
1375 2380 1430 2427 et
1458 2375 1690 2429 clericos
1720 2377 1870 2446 cogi-

181 2469 320 2525 tare,
355 2461 450 2513 sed
480 2477 576 2512 vos
593 2459 764 2512 etiam
795 2475 899 2529 pro
919 2460 1084 2514 modo
1109 2468 1292 2515 vestro
1315 2462 1630 2517 ministrate
1652 2465 1868 2518 Christo

181 2550 568 2617 eleemosynas
598 2547 877 2609 faciendo,
912 2554 969 2601 et
1001 2549 1123 2618 ejus
1173 2549 1488 2604 doctrinam
1520 2551 1728 2621 quibus
1758 2569 1864 2622 po-

182 2637 404 2690 tueritis
437 2635 822 2705 praedicando.
853 2637 1249 2707 Unusquisque
1277 2640 1428 2691 enim
1463 2638 1868 2707 paterfamilias

183 2726 353 2780 debet
400 2725 458 2777 in
506 2740 640 2777 suos
683 2739 944 2776 exercere
1008 2725 1368 2795 disciplinam
1415 2726 1719 2791 monendo,
1775 2728 1872 2781 do-

181 2815 385 2876 cendo,
419 2811 801 2881 corripiendo,
833 2811 1288 2868 benevolentiam
1322 2814 1724 2883 impendenda.

254 2902 392 2954 Vlll.
424 2900 572 2956 Nunc
605 2902 789 2953 anima
835 2917 950 2954 mea
999 2901 1217 2954 turbata
1266 2906 1360 2955 est.
1396 2904 1463 2955 Et
1485 2901 1619 2969 quid
1645 2901 1869 2954 dicam?

1970 526 2116 579 hanc
2166 541 2361 578 vocem
2415 540 2529 578 non
2581 524 2686 576 sibi
2743 524 3017 578 indicasse
3074 525 3223 596 quod
3274 525 3505 589 sciebat,
3563 525 3657 578 sed

1971 615 2050 668 eis
2073 614 2282 685 quibus
2299 613 2538 668 indicari
2560 614 2884 682 oportebat.

2042 705 2126 757 IX.
2163 705 2314 758 Nunc
2347 702 2502 772 (Cod.
2532 701 2623 754 hic
2654 701 2953 755 homiliam
2974 701 3194 764 dividit,
3222 700 3320 754 sed
3365 701 3667 756 manifesta

1971 797 2056 845 est
2082 808 2210 844 cum
2245 791 2598 860 praseedente
2642 789 2990 859 conjunctio)
3023 789 3298 858 judicium
3335 795 3413 844 est
3451 790 3664 856 mundi,

1969 896 2111 934 nunc
2144 882 2399 949 princeps
2432 880 2593 946 hujus
2623 879 2814 932 mundi
2862 879 3109 947 ejicietur
3158 881 3309 944 foras
3352 879 3528 945 (Joan.
3565 895 3662 944 xu,

1972 970 2029 1021 31
2067 972 2116 1020 et
2135 972 2305 1036 seqq.)
2330 971 2386 1020 et
2407 967 2639 1035 reliqua.
2665 965 2949 1019 iudicium
2971 965 3060 1018 hic
3085 964 3669 1018 dicitdicitdiscretio-

1972 1071 2102 1108 nem
2135 1055 2578 1122 redemptorum,
2616 1069 2729 1106 non
2766 1053 3193 1107 damnationem
3226 1053 3453 1123 quando
3487 1053 3545 1106 in
3571 1053 3662 1107 die

1966 1142 2166 1212 judicii
2201 1141 2498 1196 damnabit
2524 1141 2748 1210 impios.
2777 1143 2881 1194 Per
2919 1140 3236 1210 principem
3269 1141 3466 1194 mundi
3493 1157 3663 1210 expo-

1973 1232 2058 1284 nit
2088 1231 2156 1284 de
2199 1247 2312 1302 quo
2358 1230 2574 1300 judicio
2615 1230 2776 1284 dixit.
2831 1231 2906 1282 De
2929 1228 3101 1300 justis
3134 1228 3417 1282 veteribus
3446 1229 3659 1298 ejectus

1973 1320 2208 1390 quidem
2238 1320 2494 1374 diabolus
2520 1320 2723 1387 fuerat,
2755 1320 2851 1374 sed
2883 1318 3035 1388 quod
3063 1322 3194 1372 tunc
3225 1317 3283 1370 in
3306 1317 3663 1388 paucissimis

1973 1409 2182 1463 factum
2214 1409 2341 1474 fuit,
2375 1425 2524 1463 nunc
2555 1409 2613 1462 in
2637 1407 3024 1473 multitudine,
3048 1406 3492 1478 prmdicantibus
3517 1423 3654 1476 apo-

1974 1497 2132 1550 stolis
2172 1499 2382 1551 factum
2417 1503 2520 1550 est.
3150 1552 3163 1566 ,

2047 1586 2240 1639 Merito
2290 1585 2632 1638 illuminatio
2678 1585 2880 1640 Christi
2930 1585 3245 1654 principem
3294 1583 3660 1638 tenebrarum

1979 1674 2047 1727 de
2074 1674 2305 1728 homine
2332 1675 2568 1743 expulit,
2593 1675 2728 1744 quia
2757 1674 3083 1743 nullumjus
3105 1673 3160 1725 in
3186 1690 3250 1726 eo
3310 1672 3526 1726 habuit.
3558 1673 3663 1724 Ne-

1980 1777 2090 1832 que
2126 1761 2278 1814 enim
2311 1762 2445 1832 quia
2476 1777 2605 1814 cum
2638 1762 2834 1816 fraude
2850 1762 3100 1830 maligna
3128 1760 3466 1830 decipiendo
3497 1776 3530 1813 a
3560 1761 3664 1813 Do-

1961 1849 2121 1901 ‘mini
2153 1849 2240 1901 sui
2293 1850 2637 1917 subjectione
2680 1849 2965 1916 alienavit,
3007 1848 3259 1919 aliquam
3318 1852 3663 1918 potestatem

1978 1953 2149 2008 super
2179 1955 2306 1991 eum
2363 1938 2560 1992 debuit
2609 1939 2900 2010 accipere;
2952 1938 3160 2006 potius,
3212 1937 3258 1990 si
3306 1951 3478 2006 quam
3507 1934 3668 2004 prius

1978 2024 2236 2094 haberet,
2281 2026 2478 2080 debuit
2525 2027 2802 2080 amittere.
2866 2025 2973 2088 Qui
3020 2025 3172 2078 enim
3234 2039 3499 2077 concessa
3553 2020 3664 2074 sibi

1979 2117 2253 2181 potestate
2289 2114 2558 2180 abutitur,
2592 2115 2712 2184 ejus
2740 2113 3103 2184 privilegium
3121 2113 3356 2183 perdere
3390 2115 3660 2165 meretur.

1981 2201 2119 2253 Item
2153 2218 2254 2254 nec
2295 2203 2441 2254 Deus
2462 2203 2805 2272 mancipavit
2833 2203 2914 2255 illi
2947 2202 3263 2261 hominem.
3286 2215 3389 2254 nec
3416 2200 3590 2252 homo
3609 2213 3667 2250 se

1978 2288 2030 2340 ei
2062 2290 2386 2359 mancipare
2412 2291 2613 2359 potuit.
2646 2295 2982 2361 Quanquam
3028 2289 3182 2341 enim
3227 2285 3434 2357 aliquis
3472 2300 3667 2339 servus

1979 2392 2011 2428 a
2045 2377 2286 2430 Domino
2318 2379 2501 2448 fugiat.
2519 2395 2620 2431 suo
2653 2395 2766 2432 non
2796 2383 2988 2431 tamen
3009 2377 3172 2430 alteri
3205 2393 3262 2429 se
3286 2377 3417 2445 jure
3445 2373 3668 2428 tradere

1980 2468 2184 2532 potest.
2225 2465 2388 2528 Quod
2437 2481 2573 2534 ergo
2617 2466 2895 2525 diabolus,
2951 2464 3105 2517 velut
3149 2462 3346 2516 mundi
3379 2461 3665 2531 princeps,

1979 2552 2050 2603 ab
2079 2551 2256 2604 Adam
2292 2569 2470 2622 usque
2500 2553 2570 2606 ad
2597 2569 2823 2606 crucem
2855 2551 3065 2606 Christi
3115 2566 3380 2621 regnasse
3436 2549 3664 2612 dicitur,

1980 2638 2032 2691 id
2059 2645 2141 2692 est
2168 2641 2301 2709 quia
2331 2641 2433 2693 lilii
2461 2643 2661 2706 Adam,
2711 2641 2865 2710 gravi
2889 2642 3029 2710 jugo
3078 2639 3290 2710 peccati
3324 2638 3522 2708 pressi,
3547 2637 3666 2690 dia-

1981 2727 2174 2780 bolicis
2222 2728 2628 2782 tentationibns
2677 2728 2838 2782 facile
2879 2727 3330 2794 consentiebant,
3366 2726 3549 2780 hostia
3573 2740 3669 2778 au-

1980 2822 2094 2870 tem
2127 2817 2306 2870 crucis
2337 2823 2498 2887 grata
2530 2819 2642 2871 Deo
2673 2817 2822 2870 Patri
2849 2832 2914 2870 ex
2948 2816 3248 2870 dilectione
3295 2829 3468 2884 quam
3513 2813 3665 2866 infn-

1979 2904 2061 2957 dit
2107 2906 2358 2957 humano
2407 2905 2620 2974 generi,
2669 2904 2997 2958 servitutem
3036 2902 3248 2973 peccati
3299 2900 3558 2964 removit,
3607 2903 3670 2952 ut

181 2992 361 3051 Pater,
413 2989 660 3058 salvi/ica
690 3005 772 3042 me
815 3005 882 3042 em
929 2990 1027 3044 hac
1059 2991 1192 3043 hora
1223 2989 1410 3058 (Joan.
1443 3006 1541 3054 xu,
1573 2990 1684 3057 57).
1724 2991 1865 3043 Praa-
1904 2997 1942 3052 C
1984 3007 2111 3044 vere
2144 2991 2305 3044 liberi
2338 2993 2531 3058 simus,
2569 2993 2702 3063 quia
2737 2993 2907 3046 Filius
2939 2991 3334 3046 nosliberavit.
3377 2989 3532 3043 Unde
3553 2988 3668 3042 dia-

181 3079 329 3132 dicta
374 3078 635 3148 passione
709 3083 761 3130 et
803 3077 873 3130 ad
931 3094 1056 3131 eam
1111 3078 1401 3148 supposita
1453 3078 1864 3142 exhortatione,

183 3167 342 3237 quasi
387 3167 517 3220 data
567 3182 698 3219 voce
745 3165 1093 3219 fortitudinis
1133 3182 1266 3229 suae,
1307 3166 1572 3219 subaudit
1603 3166 1867 3220 affectum

182 3255 528 3309 inﬁrmitatis
573 3261 802 3320 nostrae,
855 3269 1030 3323 quam
1079 3269 1208 3307 vere
1260 3254 1527 3322 suscepit,
1564 3255 1656 3308 sed
1687 3271 1752 3307 ex
1782 3271 1869 3308 vo-

183 3346 399 3398 luntate
431 3359 533 3412 pro
561 3343 743 3406 nobis,
781 3359 851 3395 ne
885 3343 954 3396 de
983 3343 1086 3395 hac
1115 3342 1447 3396 infirmitate
1480 3343 1863 3412 desperemus.

180 3434 244 3485 ln
273 3448 384 3501 qua
414 3432 582 3484 etiam
617 3434 778 3484 doret
813 3431 948 3501 quid
973 3431 1160 3485 dicere
1191 3431 1482 3496 debemus,
1520 3438 1574 3483 et
1599 3447 1712 3501 quo
1735 3447 1866 3484 con-

181 3522 376 3590 fugere
408 3519 452 3571 si
488 3519 646 3590 [Cod
677 3518 844 3583 male,
879 3519 1055 3588 quasi]
1086 3520 1451 3573 contnrbetnr
1480 3521 1688 3574 anima.
1725 3521 1866 3584 Quid

181 3610 364 3662 dicam
387 3610 414 3660 ‘2
444 3624 615 3677 quem
654 3607 910 3660 invocem
931 3608 958 3659 ?
999 3623 1112 3677 quo
1163 3608 1425 3677 fugiam?
1457 3608 1514 3662 in
1550 3625 1722 3679 quem
1749 3626 1867 3678 spe-

181 3698 348 3750 rem?
387 3698 449 3749 In
482 3697 705 3749 Patrem
737 3695 836 3765 qui
884 3696 1082 3759 salvat,
1137 3698 1297 3766 cujus
1336 3698 1688 3750 voluntatem
1727 3713 1867 3750 mea?

177 3802 458 3856 praepono
485 3784 592 3856 [ld.
627 3783 909 3852 propono],
951 3784 1084 3852 quia
1115 3791 1412 3854 prepterea
1443 3790 1506 3837 ut
1534 3785 1654 3839 haec
1687 3785 1868 3855 patiar

179 3877 308 3928 veni
337 3875 393 3927 in
451 3875 649 3926 horam
701 3873 863 3925 hanc.
922 3873 1081 3925 Unde
1130 3872 1458 3926 clarificatio
1507 3874 1767 3943 sequitur
1811 3878 1866 3926 et

178 3965 324 4018 mihi
363 3968 419 4015 et
475 3959 745 4014 membris
784 3960 942 4013 meis.
1002 3961 1062 4012 Et
1106 3960 1212 4012 hoc
1259 3960 1522 4028 estquod
1554 3959 1722 4013 dicit:
1757 3960 1866 4013 Sed

170 4057 462 4124 prepterea
521 4052 642 4103 veni
687 4052 742 4102 in
794 4051 979 4102 horam
1012 4050 1166 4102 hanc.
1215 4051 1393 4114 Pater,
1445 4050 1684 4115 clariﬁca
1715 4055 1864 4102 tuum

174 4156 366 4195 nomen
389 4138 530 4209 [Id.,
552 4141 641 4195 27,
665 4135 780 4207 28].
805 4137 1034 4190 Salvum
1056 4153 1145 4190 me
1174 4136 1261 4190 fac
1295 4151 1356 4188 ex
1391 4136 1532 4189 hora
1560 4135 1862 4205 passionis,

174 4235 327 4302 peto,
378 4227 471 4280 sed
524 4225 847 4295 passionem
899 4240 1010 4278 non
1059 4241 1274 4278 recuso.
1319 4226 1463 4294 Ergo
1495 4223 1740 4277 claritica
1769 4241 1860 4278 me

173 4317 521 4380 suscitando,
567 4315 716 4385 quod
759 4320 844 4367 est
888 4314 1073 4383 gloria
1109 4313 1355 4366 nominis
1403 4313 1505 4365 tui.
1546 4315 1699 4366 Venit
1738 4329 1860 4380 ergo

172 4413 282 4460 eoa?
313 4405 378 4459 de
399 4405 567 4458 calo:
619 4404 687 4456 Et
713 4403 1029 4469 clariﬁcavi,
1058 4407 1107 4456 et
1154 4405 1348 4455 iterum
1381 4403 1690 4466 clari/icabo
1729 4403 1858 4468 (ld.,

174 4494 358 4562 ibid.).
391 4490 700 4546 Clariticavi
732 4497 1043 4561 antequam
1073 4491 1316 4544 facerem
1367 4491 1666 4554 mundum,
1700 4493 1755 4545 id
1782 4496 1864 4544 cst

172 4589 395 4640 clarum
421 4583 614 4654 genui,
650 4580 792 4634 etin
831 4579 1103 4633 creaturis
1142 4576 1515 4632 rationalibus
1556 4581 1863 4634 clariticare

171 4672 467 4744 proposui.
504 4671 598 4723 Vel
630 4669 746 4721 ita:
781 4665 1094 4722 Clariticavi
1133 4682 1261 4719 cum
1311 4666 1378 4719 de
1423 4666 1643 4735 virgine
1699 4672 1863 4721 natus

172 4769 280 4827 est,
333 4779 365 4815 a
427 4760 598 4829 Magis
643 4759 916 4812 adoratus
974 4762 1076 4822 est,
1121 4772 1153 4807 a
1203 4755 1408 4808 sanctis
1435 4757 1662 4825 agnitus
1694 4762 1799 4819 est,
1833 4773 1863 4808 a

170 4851 363 4924 specie
391 4849 667 4903 columbae
695 4847 1012 4900 declaratus
1038 4850 1142 4912 est,
1177 4844 1234 4896 in
1264 4848 1454 4896 monte
1483 4845 1860 4914 transﬁgura-

171 4950 268 4997 tus
300 4945 402 4993 est.
425 4936 737 4991 Clariticavi
774 4934 930 5007 [ϐοά.
956 4935 1127 5000 male,
1160 4933 1524 5000 clari/icavit],
1568 4949 1696 4986 cum
1722 4934 1862 4986 mul-

170 5039 262 5086 tos
319 5028 557 5092 sanavit,
602 5042 730 5079 cum
784 5026 854 5080 de
899 5024 1092 5094 paucis
1138 5023 1382 5092 panibus
1441 5025 1646 5075 multos
1689 5023 1859 5091 pavit,

169 5117 441 5173 tluctibns
495 5115 812 5185 imperavit,
872 5118 1128 5166 mortuos
1187 5111 1495 5164 suscitavit.
1552 5115 1615 5166 Et
1666 5115 1860 5165 iterum

168 5205 500 5272 clariﬁcabo,
566 5219 693 5256 cum
754 5193 1011 5269 resurget
1071 5218 1102 5254 a
1170 5199 1424 5266 mortuis,
1503 5217 1632 5254 cum
1690 5200 1860 5253 ccelos

170 5291 460 5358 ascendet,
493 5307 622 5344 cum
645 5291 820 5360 judex
857 5290 927 5342 ab
977 5288 1253 5342 universis
1297 5292 1688 5356 cognoscetnr,
1716 5292 1777 5340 ut
1807 5286 1858 5339 ei

167 5397 342 5436 omne
375 5387 530 5450 genu
551 5381 822 5432 flectatur.
851 5377 1029 5431 Turba
1047 5393 1170 5443 ergo
1189 5375 1498 5445 quaestabat
1520 5377 1856 5438 etaudierat,

167 5471 382 5527 dicebat
409 5472 706 5524 tonitruum
729 5471 936 5535 factum
979 5482 1109 5520 esse.
1160 5467 1276 5518 Alii
1321 5464 1585 5526 dicebant,
1637 5464 1858 5530 angelus

167 5563 220 5613 ei
252 5561 453 5611 locutus
487 5567 581 5610 est.
617 5555 907 5624 Respondit
960 5557 1107 5607 .lesus
1159 5558 1205 5606 et
1239 5553 1382 5604 Ilia-il
1411 5567 1421 5604 :
1472 5554 1583 5605 Non
1637 5556 1857 5621 proptr-"1'

1977 3078 2142 3131 bolus
2171 3081 2298 3149 plus
2332 3080 2548 3134 homini
2579 3081 2859 3140 invidens,
2880 3087 2933 3133 et
2956 3080 3084 3133 ideo
3107 3079 3286 3149 magis
3318 3077 3662 3148 puniendus,

1981 3172 2196 3220 tentare
2261 3173 2450 3221 tamen
2497 3185 2608 3221 non
2649 3176 2848 3233 cessat,
2899 3168 2993 3220 sed
3023 3167 3176 3218 aliud
3210 3171 3294 3218 est
3327 3164 3668 3219 intrinsecus

1980 3271 2241 3324 regnare,
2276 3255 2430 3308 aliud
2480 3254 2790 3308 forinsecus
2839 3270 3192 3324 oppugnare.
3243 3255 3380 3306 Nam
3405 3251 3557 3306 aliud
3587 3256 3669 3304 est

1979 3341 2262 3394 civitatem
2287 3347 2507 3410 captam
2543 3343 2696 3395 intus
2727 3341 3034 3412 possidere,
3071 3341 3222 3394 aliud
3265 3339 3392 3392 telis
3443 3338 3668 3392 eminus

1971 3429 2197 3500 jactatis
2247 3445 2599 3498 oppugnare.
2651 3432 2789 3482 (lum
2843 3429 3050 3482 dicitur
3100 3428 3362 3482 diabolus
3401 3427 3668 3497 princeps

1978 3520 2148 3586 hujus
2186 3518 2408 3583 mundi,
2473 3535 2586 3571 non
2638 3518 2885 3570 creditur
2929 3533 3048 3570 esse
3111 3517 3374 3570 dominus
3439 3516 3563 3568 caeli
3615 3521 3669 3568 et

1976 3612 2179 3670 terras;
2236 3606 2330 3658 sed
2369 3606 2612 3658 mundus
2641 3604 3041 3674 intelliguntur
3079 3604 3209 3656 mali
3247 3604 3507 3656 homines
3546 3609 3666 3656 toto

1977 3695 2111 3747 orbe
2157 3693 2373 3746 dilfusi.
2440 3693 2528 3747 Sic
2585 3693 2738 3745 enim
2793 3695 3041 3745 solemus
3073 3707 3270 3744 vocare
3325 3692 3532 3744 malam
3568 3691 3665 3744 do-

1978 3797 2159 3847 mum,
2186 3781 2282 3834 ubi
2314 3787 2446 3833 sunt
2477 3780 2611 3832 mali
2635 3781 2896 3832 homines
2922 3797 2932 3832 :
2961 3781 3190 3844 bonam,
3220 3779 3317 3831 ubi
3349 3784 3479 3830 sunt
3508 3778 3665 3832 boni.

1979 3871 2117 3923 Nam
2146 3875 2199 3921 et
2224 3870 2468 3920 mundus
2499 3868 2705 3920 dicitur
2733 3868 2800 3921 de
2835 3867 2994 3938 [Cod.
3041 3869 3119 3936 in]
3161 3867 3327 3920 bonis
3359 3867 3414 3918 in
3452 3867 3663 3920 mundo

1977 3957 2219 4011 diffusis.
2259 3958 2415 4011 Unde
2435 3959 2768 4027 Apostolus:
2816 3961 2953 4011 Deus
3003 3964 3116 4009 erat
3165 3961 3222 4010 in
3254 3959 3464 4012 Christo
3517 3973 3667 4010 mun-

1973 4048 2101 4101 dum
2131 4049 2484 4102 reconcilians
2513 4049 2620 4101 sibi
2651 4051 2720 4116 (Il
2742 4050 2858 4104 Cor.
2887 4065 2938 4114 ν,
2981 4051 3084 4113 19).
3118 4047 3190 4099 De
3217 4047 3422 4116 quibus
3445 4047 3667 4116 ejicitur

1974 4136 2249 4190 diabolus.

2047 4226 2106 4278 X.
2142 4228 2212 4279 Et
2232 4241 2324 4291 ego
2345 4227 2395 4278 si
2418 4227 2689 4279 insatiatus
2716 4228 2870 4290 fuero
2894 4244 2927 4278 a
2959 4231 3122 4290 terra,
3157 4227 3337 4278 omnia
3359 4225 3572 4278 traham
3593 4225 3666 4277 ad

1971 4316 2252 4381 meipsum.
2285 4314 2408 4366 Hoc
2436 4319 2612 4366 autem
2640 4313 2852 4367 dicebat
2889 4316 3202 4381 signiﬁcans
3235 4327 3344 4380 qua
3384 4317 3549 4366 morte
3578 4328 3658 4364 es-

1971 4407 2047 4454 set
2077 4403 2371 4454 moriturus
2403 4403 2584 4459 (Joan.
2621 4417 2716 4466 xu,
2751 4405 2837 4466 32,
2871 4403 2980 4471 33).
3027 4401 3164 4465 Quae
3197 4400 3412 4469 omnia,
3456 4399 3662 4470 nisiz’ex

1973 4487 2180 4557 quibus
2224 4487 2484 4541 diabolus
2528 4489 2796 4557 ejicitur?
2827 4490 2947 4542 Non
2990 4488 3132 4541 dixit
3161 4504 3380 4554 omnes,
3414 4488 3509 4542 sed
3542 4504 3660 4541 om-

1974 4576 2087 4641 nia,
2117 4576 2253 4644 quia
2285 4592 2400 4629 non
2431 4577 2536 4630 hoc
2569 4576 2758 4629 retulit
2781 4577 2848 4631 ad
2885 4575 3309 4628 universitatem
3341 4575 3660 4641 hominum,

1973 4667 2068 4721 sed
2119 4667 2188 4719 ad
2238 4674 2514 4720 creatura:
2564 4667 2938 4736 integr-italos,
2976 4667 3028 4720 id
3077 4673 3161 4720 est
3189 4667 3256 4719 ad
3288 4668 3577 4736 spiritum,
3607 4672 3663 4720 et

1971 4755 2243 4817 animum,
2297 4759 2350 4807 et
2396 4771 2601 4824 corpus
2651 4773 2763 4825 quo
2803 4756 3198 4825 intelligimus,
3244 4773 3358 4825 quo
3401 4754 3659 4815 vivimus,

1971 4859 2085 4913 quo
2117 4843 2366 4895 visibiles
2396 4859 2612 4896 sumus.
2646 4843 2752 4907 Qui
2785 4845 2937 4898 enim
2971 4845 3130 4910 dixit,
3178 4844 3425 4913 Capillus
3469 4843 3534 4896 de
3567 4858 3664 4896 ca-

1968 4931 2079 4998 pite
2105 4936 2278 4984 vestro
2307 4947 2411 4984 non
2457 4933 2678 5000 peribit,
2725 4935 2918 4987 omnia
2960 4936 3137 4987 trahit
3178 4938 3304 5002 post
3355 4949 3433 4984 se.
3477 4935 3589 4984 Aut
3619 4930 3662 4983 si

1969 5015 2158 5070 omnia
2186 5018 2446 5071 homines
2481 5018 2900 5090 intelliguntur,
2937 5021 3128 5073 omnia
3158 5019 3560 5088 prwdestiliata
3593 5019 3659 5073 ad

1969 5107 2210 5159 salutem
2261 5122 2564 5176 possumus
2617 5108 2818 5161 dicere.
2864 5112 2978 5161 Aut
3023 5115 3174 5160 certe
3214 5108 3409 5161 omnia
3451 5123 3660 5177 genera

1969 5194 2266 5247 hominum
2299 5195 2473 5248 trahit
2504 5195 2575 5248 ad
2607 5211 2662 5248 se
2715 5201 2775 5248 ut
2807 5200 2994 5265 caput,
3031 5196 3146 5249 sive
3189 5196 3244 5248 in
3278 5195 3508 5263 linguis,
3544 5193 3659 5245 sive

1971 5283 2024 5336 in
2056 5284 2340 5348 aetatibus,
2375 5284 2489 5337 sive
2523 5284 2581 5337 in
2630 5285 2902 5353 gradibus
2945 5285 3252 5350 honorum,
3309 5285 3422 5337 sive
3473 5283 3532 5336 in
3581 5281 3660 5335 di-

1969 5371 2330 5425 versitatibus
2368 5372 2754 5442 ingeniorum,
2788 5373 2908 5426 sine
2954 5373 3012 5426 iu
3059 5373 3502 5443 professionibus
3531 5371 3660 5426 lici-

1968 5463 2156 5514 tarum
2203 5459 2435 5514 artium.
2475 5463 2535 5515 Si
2563 5463 2837 5514 uallatus
2863 5463 3040 5525 fuero,
3084 5461 3137 5514 id
3185 5469 3290 5522 est,
3335 5478 3463 5514 cum
3504 5460 3658 5514 exal-

1971 5556 2117 5604 tatus
2178 5551 2377 5605 fuero:
2432 5568 2547 5604 non
2603 5552 2756 5606 enim
2812 5551 3120 5606 dubitando
3155 5552 3428 5622 loquitur.
3467 5550 3658 5605 Exiil'a
