4068 6192
303 328 437 380 1219

1326 313 1682 368 VARIORUM
1732 307 2250 367 OI’USCULORUM
2294 306 2349 362 S.
2385 300 2780 359 AUGUSTINI.

3672 294 3809 343 l220

298 446 515 499 tionem
549 442 691 497 dixit
720 439 1043 510 passionem
1091 438 1155 490 in
1200 451 1385 503 cruce,
1437 442 1496 489 et
1524 432 1754 501 respicit
1784 431 1853 486 ad
1890 431 1997 484 hoc
2022 429 2068 484 Α
2105 461 2188 500 res
2237 446 2321 499 υει
2369 444 2625 497 bonorum
2647 441 2920 495 hominum
2992 451 3136 502 mu...
3184 435 3268 491 υρι
3304 434 3602 504 probamus
3629 446 3809 487 more,

302 533 458 605 quod
488 531 703 587 dictum
734 535 819 585 est
851 526 1133 598 superius,
1157 540 1397 596 granum
1423 528 1716 577 mortuum
1750 521 1995 574 multum

300 624 547 678 fructum
571 620 794 674 aIferre.
841 614 1158 686 Respondit
1203 614 1256 667 ei
1298 612 1504 666 turba:
1541 611 1651 667 Nos
1679 609 1995 664 audivimus

296 729 364 766 ea:
396 713 527 779 lege,
570 710 702 777 quia
734 707 981 762 Christus
1008 707 1187 757 manet
1216 704 1273 755 in
1299 706 1574 756 aeternum.
1618 701 1688 754 Et
1733 697 1996 767 quomodo

303 806 362 854 tu
391 799 551 863 dicis,
587 798 791 866 oportet
818 793 1057 847 exaltari
1087 791 1280 845 Filium
1312 790 1543 842 hominis
1566 789 1592 840 ?
1632 784 1760 852 Quis
1790 790 1867 840 est
1899 788 1997 838 iste

307 889 474 942 Filius
506 886 739 939 hominis
776 885 950 949 (Joan.
1004 897 1103 939 xu.
1153 877 1243 947 34)
1267 877 1295 931 7
1336 876 1659 931 Memoriter
1689 877 1996 927 tenuerunt

303 975 460 1046 quod
491 974 709 1027 dixerat
739 970 1055 1025 Dominus:
1097 969 1253 1021 Venit
1299 967 1430 1019 hora
1462 970 1519 1018 ut
1549 964 1876 1032 clari/lcetur
1904 964 1993 1016 Fi-

302 1066 410 1118 lius
441 1062 691 1116 hominis.
728 1060 870 1113 Nam
900 1057 991 1111 hic
1021 1071 1136 1110 non
1165 1054 1279 1108 ait:
1314 1054 1368 1108 Si
1401 1053 1679 1106 exaltatus
1710 1051 1879 1105 fuerit
1908 1049 1995 1104 Fi-

306 1152 417 1206 lius
448 1149 717 1216 hominis,
748 1147 845 1201 sed
877 1145 991 1200 ait:
1028 1146 1150 1212 Ego
1179 1146 1229 1197 si
1271 1143 1542 1196 exaltalus
1570 1142 1746 1207 fuero.
1789 1140 1999 1192 Putant

307 1256 442 1311 ergo
473 1237 759 1292 contraria
784 1250 905 1289 esse
937 1234 1223 1289 Christum
1270 1245 1498 1285 manere
1533 1229 1592 1283 in
1614 1234 1915 1293 aeternum,
1943 1232 1999 1280 et

305 1326 543 1383 exaltari
574 1326 633 1379 in
664 1340 848 1379 cruce.

379 1415 465 1469 XI.
517 1413 668 1467 Dixit
717 1425 856 1480 ergo
914 1407 995 1461 eis
1038 1408 1233 1460 Iesus:
1288 1405 1483 1460 Adhuc
1527 1404 1793 1459 modicum
1823 1403 1997 1457 lumen

306 1508 365 1558 in
399 1502 548 1557 vobis
576 1507 681 1568 est;
717 1498 988 1553 ambulate
1013 1495 1142 1548 dum
1170 1496 1337 1548 lucem
1368 1494 1595 1557 habetis,
1624 1496 1685 1546 ut
1712 1507 1816 1547 non
1847 1497 1996 1545 tene-

308 1590 416 1644 brae
448 1587 647 1642 mortis
697 1599 790 1639 vos
839 1580 1289 1650 comprehendant
1340 1580 1511 1649 (Joan.
1540 1594 1637 1642 xu,
1672 1579 1758 1647 35)
1788 1596 1802 1641 ;
1836 1580 1995 1630 tene-

308 1678 428 1732 bras
458 1680 609 1737 sunt,
652 1672 697 1727 si
730 1670 807 1727 sic
854 1666 1208 1724 credideritis
1267 1666 1475 1721 Christi
1504 1665 1904 1725 aeternitatem,
1933 1668 1995 1718 ut

309 1764 528 1835 negetis
574 1761 775 1816 mortis
809 1760 932 1831 ejus
984 1754 1388 1811 humilitatem.
1433 1755 1731 1809 Ambulate
1761 1769 1897 1824 ergo
1929 1768 1994 1806 ex

310 1853 421 1908 Iide
458 1852 519 1906 in
583 1850 775 1915 ﬁdem,
842 1851 1026 1902 totum
1076 1844 1470 1915 intelligendo,
1528 1847 1586 1897 et
1653 1841 1997 1896 moriturum

309 1941 619 2005 Christum,
684 1942 747 1992 ut
810 1935 1075 2002 redimat,
1139 1937 1194 1987 et
1242 1933 1525 1987 victurum
1597 1931 1655 1985 in
1719 1938 1998 1985 aeternum

308 2030 368 2084 in
411 2029 574 2094 caslo,
616 2042 731 2098 quo
759 2025 1056 2097 perducat,
1108 2024 1413 2090 Ambulate,
1461 2023 1660 2090 inquit,
1707 2020 1837 2073 dum
1909 2020 1998 2073 lu—

309 2135 417 2173 cem
462 2117 691 2181 habetis,
737 2114 795 2169 id
838 2118 941 2179 est,
993 2114 1246 2185 proﬁcite
1309 2110 1603 2165 credentes
1662 2124 1792 2179 quas
1846 2108 1997 2176 dico,

310 2206 449 2261 dum
504 2206 688 2259 lucem
734 2203 1041 2258 verborum
1095 2216 1355 2256 meorum
1386 2197 1648 2253 ministro
1686 2197 1867 2251 vobis.
1901 2197 2001 2251 Te-

311 2296 507 2350 nebras
545 2293 700 2348 enim
745 2291 1089 2362 ignorantiae
1141 2294 1196 2343 et
1231 2288 1431 2342 mortis
1476 2291 1770 2357 perpetua:
1808 2290 1997 2351 erunt,

310 2398 428 2438 non
476 2382 705 2436 credere
754 2379 917 2434 mihi.
969 2382 1039 2434 Et
1070 2380 1166 2447 qui
1195 2377 1437 2431 ambulat
1475 2374 1801 2441 intenebris,
1833 2376 2002 2429 nescit

311 2487 416 2542 quo
445 2470 614 2525 vadat
664 2469 831 2541 [Cod.
868 2464 1069 2537 vadit].
1118 2469 1253 2520 Dum
1283 2466 1451 2519 lucem
1481 2463 1686 2517 habetis
1716 2462 1916 2516 credite
1943 2464 2001 2516 in

309 2561 495 2626 lucem,
538 2563 597 2611 ut
634 2559 740 2625 ﬁlii
790 2558 925 2612 lucis
986 2557 1129 2609 sitis.
1167 2555 1292 2609 Haec
1346 2553 1550 2606 locutus
1612 2556 1690 2604 est
1739 2551 1904 2604 Jesus
1952 2556 2001 2604 et

310 2649 448 2702 abiit
502 2651 551 2700 et
591 2646 872 2700 abscondit
918 2660 972 2699 se
1021 2644 1089 2697 ab
1136 2646 1210 2698 eis
1234 2642 1366 2710 (Id,
1395 2641 1528 2695 ibid.
1555 2646 1605 2694 et
1634 2641 1743 2711 36).
1779 2641 1899 2694 Non
1932 2640 2000 2695 ab

311 2734 393 2789 eis
439 2750 498 2787 se
520 2732 814 2788 abscondit
865 2732 964 2803 qui
1009 2731 1236 2785 credere
1270 2731 1637 2800 incoeperant,
1671 2728 1771 2783 sed
1817 2729 1888 2782 ab
1919 2729 2000 2782 eis

311 2822 412 2893 qui
441 2838 572 2876 eum
625 2821 879 2876 occidere
922 2820 1243 2890 cupiebant,
1293 2818 1639 2872 consulendo
1671 2821 1882 2871 nostra:
1912 2816 1999 2871 in-

309 2909 587 2976 ﬁrmitati,
616 2925 731 2963 non
759 2908 1084 2978 derogando
1112 2924 1231 2960 sum
1258 2907 1551 2977 potestati.

982 3047 1281 3086 TRACTATUS
1314 3046 1382 3110 LE

380 3157 614 3229 Legitur
658 3171 792 3227 pars
833 3155 1099 3227 quaedam
1145 3155 1399 3226 ejusdem
1446 3154 1504 3208 in
1539 3154 1675 3208 Bibl.
1712 3154 2004 3220 Laurent.,

198 3305 213 3316 ο
310 3248 452 3316 plut.
504 3262 637 3312 xvn,
684 3244 808 3299 cod.
852 3261 1030 3308 χχχιιι,
1079 3244 1178 3297 fol.
1236 3247 1362 3310 277,
1402 3247 1458 3295 et
1515 3241 1663 3297 ibid.
1703 3241 1847 3311 plut.
1899 3256 2002 3293 xxx

308 3334 514 3401 sinist.,
552 3332 674 3387 cod.
719 3350 777 3396 ιι,
836 3331 931 3387 fol.
984 3333 1080 3386 145
1129 3331 1180 3395 b,
1233 3347 1263 3384 a
1314 3347 1370 3385 n.
1424 3333 1454 3384 8
1504 3346 1698 3384 versus
1749 3329 2004 3383 medium

315 3438 494 3491 usque
525 3420 596 3476 ad
625 3420 817 3474 tinem.

326 3578 333 3581 _
389 3510 533 3581 Edit.
585 3510 647 3563 N.
720 3512 771 3562 9.
844 3509 911 3564 Se
948 3513 1126 3563 autem
1209 3579 1223 3581 _
1272 3507 1407 3562 Cod.
1452 3524 1509 3561 ιι.
1560 3508 1625 3561 Se
1667 3513 1839 3560 autem
1858 3507 2007 3561 dice-

315 3579 546 3635 dicebat.
596 3581 780 3649 Ipsum
824 3583 941 3633 erat
998 3595 1124 3647 gra-
1205 3579 1298 3632 bat
1324 3581 1505 3646 ipsum
1523 3593 1633 3632 esse
1652 3593 1900 3645 granum.

315 3666 461 3705 nunt

391 3723 459 3775 N.
522 3725 603 3775 I0.
665 3722 810 3775 Redi
836 3725 998 3785 retro,
1027 3721 1125 3776 Sa-
1272 3719 1352 3773 Id.
1409 3721 1682 3774 Iterertere
1708 3723 1869 3785 retro,
1902 3717 2009 3771 Sa-

320 3799 469 3847 lana.
1200 3796 1348 3845 tana.

392 3864 453 3916 N.
499 3865 582 3917 II.
632 3863 953 3931 Relinquens
973 3860 1125 3914 nobis
1270 3862 1351 3914 Id.
1450 3861 1770 3927 Relinquens
1861 3859 2011 3913 vobis

318 3934 637 3999 ememplum,
697 3937 757 3986 ut
816 3947 1125 4001 sequamur.
1200 3931 1520 3998 exemplum,
1576 3935 1636 3983 ut
1686 3932 2006 3997 sequamini.

396 4004 531 4057 Ibid.
565 4006 631 4059 Ut
668 4006 845 4071 operis
892 4017 995 4071 quo
1025 4003 1124 4054 mi-
1273 4001 1441 4055 Codd.
1484 4016 1523 4054 ιι
1576 4004 1633 4054 et
1699 4017 1878 4055 χχχιιι.
1948 4003 2012 4055 Et

324 4077 596 4129 nistratur
616 4074 719 4128 illi.
1204 4073 1380 4139 operis
1417 4086 1521 4140 quo
1538 4073 1887 4127 ministratur
1906 4072 2006 4125 illi.

1204 4141 1322 4196 Vid.
1366 4157 1483 4195 var.
1518 4142 1691 4195 Maur.

396 4216 463 4268 N.
530 4218 582 4268 2.
651 4217 788 4268 Hinc
860 4219 939 4268 est
993 4214 1130 4268 illud
1275 4212 1410 4266 Cod.
1481 4228 1661 4266 xxxvn.
1733 4214 1866 4266 Hinc
1935 4216 2012 4266 est

322 4285 485 4354 quod,
515 4289 626 4340 etc.
1203 4285 1342 4337 enim
1369 4283 1509 4336 illud
1538 4283 1696 4352 quod,
1728 4288 1832 4337 etc.

651 4217 788 4270 Hinc
860 4219 939 4269 est
993 4214 1130 4269 illud

975 4423 1269 4463 TRACTATUS
1303 4423 1393 4461 ιη.

396 4533 625 4603 Legitur
647 4532 706 4585 in
752 4531 899 4587 Bibl.
957 4531 1207 4603 Mugel|.,
1259 4530 1383 4585 cod.
1430 4546 1518 4595 xv,
1549 4529 1643 4584 fol.
1675 4531 1774 4584 162
1800 4529 1850 4596 b,
1883 4545 1916 4583 a
1941 4545 2003 4585 n.

326 4627 355 4678 6
383 4622 453 4676 ad
484 4624 539 4675 Il
571 4620 870 4674 exclusive.

398 4710 541 4764 Edit.
578 4710 711 4762 N.7.
731 4708 887 4774 Quod
909 4708 1127 4773 sciebat,
1283 4707 1417 4763 Cod.
1450 4706 1602 4773 Quod
1643 4706 1864 4771 sciebat,
1896 4710 2017 4774 post

321 4787 446 4852 post
488 4781 793 4850 passionem
834 4784 883 4833 et
929 4778 1136 4849 gloriﬁ-
1206 4780 1538 4847 passionem,
1588 4784 1640 4852 et
1672 4779 2018 4852 resurrectio-

324 4850 588 4908 cationem
604 4866 780 4905 suam.
1209 4864 1345 4916 nem,
1430 4854 1481 4904 et
1575 4850 2018 4916 gloriﬁcationem

400 4993 465 5046 N.
500 4995 552 5046 8.
584 4993 673 5047 Sic
718 4997 769 5045 et
818 4991 958 5046 illud
992 4991 1136 5060 quod
1207 4934 1379 5044 εαῗῖἶῗ
1398 4990 1548 5044 Sicut
1583 4989 1725 5043 illud
1757 4989 1901 5058 quod
1932 4990 2017 5043 di-

324 5064 532 5118 dictum
560 5069 664 5117 est.
1210 5064 1356 5114 ctum
1386 5065 1483 5114 est.

399 5135 439 5188 Ν
451 5177 461 5188 .
498 5137 552 5188 9.
602 5133 869 5187 Admonet
898 5133 1133 5201 Aposto-
1284 5130 1362 5184 Id.
1396 5130 1662 5184 Admonet
1702 5131 2017 5199 Apostolus,

327 5206 430 5266 lus,
507 5204 651 5258 unde
727 5220 834 5258 non
911 5204 1133 5270 laedant,
1211 5201 1356 5255 unde
1401 5217 1507 5255 non
1546 5201 1765 5269 laedant,
1796 5217 2020 5256 comme-

326 5279 718 5340 commemorat,
750 5280 856 5327 etc.
1215 5287 1452 5326 morans.

402 5346 539 5399 Ibid.
580 5347 657 5402 Ne
693 5360 787 5399 nos
836 5346 1047 5410 inferas
1086 5346 1142 5398 in
1289 5343 1368 5397 Id.
1420 5344 1497 5399 Ne
1542 5358 1635 5397 nos
1694 5342 1919 5398 inducas
1964 5344 2023 5396 in

331 5418 694 5470 tentalionem.
1217 5417 1581 5469 tentationem.

407 5485 542 5539 Ibid.
588 5487 836 5554 Ejectum
865 5486 1141 5540 diabolum

336 5558 479 5610 intro
508 5559 698 5635 iterum
736 5573 996 5611 revocare.

1285 5485 1365 5540 Id.
1432 5485 1675 5551 Ejectum
1752 5484 2025 5539 diabolum

1214 5558 1587 5618 intromittere,
1623 5558 1918 5622 iterumque
1939 5572 2021 5608 re-

1214 5643 1418 5681 vocare.

408 5698 470 5752 .\'.
516 5700 593 5750 I0.
626 5697 730 5750 Sed
775 5696 991 5764 quando
1026 5712 1141 5750 mo-
1290 5698 1365 5751 Id.
1402 5696 1505 5751 Sed
1537 5696 1754 5763 quando
1793 5695 2022 5748 detesta-

2053 4269 2095 4323 D
2124 4260 2379 4333 magnum
2468 4260 2934 4333 prava-ricationis

2996 509 3256 562 bonorum
3285 507 3558 560 hominum
3584 505 3667 557 vel
3684 519 3806 556 ma—

2994 581 3183 632 lorum.
3236 578 3403 632 Deest
3444 575 3528 629 in.
3567 573 3675 627 cod
3697 590 3809 627 vox

2102 657 2419 727 probamus,
2448 669 2618 724 quam
2652 649 2894 721 requirit
2933 663 3148 702 sensus.

2741 754 3046 793 TRACTATUS
3084 752 3192 790 LHL

2180 813 2411 884 Legitur
2444 812 2505 866 in
2538 811 2681 866 Bibl.
2715 812 2980 884 Laurent.
3009 808 3130 884 cod.
3160 822 3291 884 aut,
3325 802 3655 884 foll-277i).

2181 876 2304 940 Eth
2354 885 2418 937 N.
2467 886 2514 937 1.
2582 884 2697 947 Quo
2748 881 2915 936 Chri-
3063 876 3366 943 Cod.,Quo
3410 876 3687 947 Christum
3744 876 3805 927 in

2105 961 2247 1011 stum
2300 960 2563 1009 uternum
2606 946 2720 1006 esse
2768 951 2916 1004 didi-
2989 955 3244 1003 reternum
3322 946 3639 1000 didicissent
3684 960 3807 999 ma-

2106 1030 2320 1081 cissent.
2990 1035 3132 1073 nere.

2180 1099 2243 1151 N.
2304 1099 2355 1149 2.
2429 1094 2722 1149 Brachium
2800 1092 2917 1158 ejus
3062 1089 3142 1143 Id.
3192 1087 3486 1141 Brachium
3516 1085 3633 1158 ejus
3669 1087 3803 1158 lier—

2113 1168 2343 1223 I’erbum
2408 1166 2520 1231 ejus
2583 1167 2734 1217 esset.
2815 1156 2919 1216 Sed
2993 1160 3116 1212 bum
3140 1159 3255 1227 ejus
3291 1162 3424 1210 08503
3454 1172 3468 1221 ἱ
3670 1156 3806 1231 Vel?

2114 1240 2394 1301 Dominus,
2417 1225 2522 1288 etc.
2992 1230 3115 1284 bum
3144 1225 3395 1301 ejusnon
3415 1232 3499 1301 est
3515 1225 3807 1301 cogitabile

2948 1302 3073 1355 .vel
3128 1298 3391 1353 sonabile.
3464 1297 3568 1351 Sed
3620 1299 3804 1349 Domi-

2989 1386 3109 1435 nus,
3146 1375 3250 1422 etc.
3286 1367 3408 1421 Vid.
3459 1383 3574 1418 var.
3623 1368 3801 1418 Maur.

3064 1441 3142 1493 Id.
3195 1442 3331 1493 Deus
3384 1443 3503 1490 erat
3547 1437 3803 1490 Verbum.

2106 518 2187 571 vel
2204 516 2489 570 malorum.

2177 1446 2327 1502 Ibid.
2382 1448 2478 1501 Dei
2521 1443 2751 1499 Verbum
2778 1446 2912 1496 erat.

2182 1520 2245 1572 N.
2281 1521 2330 1573 3.
2374 1514 2645 1582 Quomodo
2665 1514 2827 1567 verba
2853 1513 2918 1567 de

2105 1590 2263 1644 rebus
2325 1590 2453 1642 aliis
2518 1586 2593 1640 ad
2628 1599 2711 1639 res
2777 1586 2916 1638 alias

2104 1662 2529 1726 transferantur.

3061 1510 3143 1564 Id.
3200 1508 3469 1575 Quomodo
3510 1507 3675 1560 verba
3742 1507 3810 1559 de

2990 1583 3147 1634 rebus
3214 1582 3341 1633 aliis
3406 1578 3481 1633 ad
3534 1593 3618 1631 res
3661 1578 3809 1630 alias

2994 1653 3418 1718 transferantur.

2181 1718 2327 1785 31.4.
2362 1729 2606 1797 Accipite
2651 1724 2795 1795 quod
2818 1740 2917 1795 po-
3063 1723 3138 1777 1d.
3181 1723 3424 1797 Accipite
3452 1718 3597 1789 quod
3629 1718 3809 1771 dicere

2111 1803 2387 1855 tuerimus.
2494 1794 2511 1797 ”
2662 1794 2675 1795 ί
2989 1794 3341 1862 potuerimus.

2181 1873 2245 1926 N.
2322 1872 2408 1924 10.
2513 1868 2669 1923 Fides
2736 1870 2913 1920 autem
2990 1860 3004 1862 ⁷
3064 1864 3141 1918 Id.
3183 1862 3341 1916 Fides
3371 1865 3551 1914 autem
3574 1860 3803 1923 Christi,

2988 1939 3049 1988 ut
3076 1936 3441 1995 sacramenta,
3476 1936 3573 1986 est.

3061 2005 3141 2058 Id.
3197 2005 3306 2067 Qui
3360 2018 3485 2070 ergo
3543 2004 3803 2068 ignorans

2111 1943 2316 2000 Christi
2339 1945 2436 1995 est.

2180 2012 2322 2067 Ibid.
2392 2011 2532 2078 Quia
2588 2023 2712 2075 ergo
2754 2010 2913 2075 igno-

2106 2099 2237 2137 rans
2266 2085 2362 2137 Dei
2386 2073 2685 2151 justitiam.
2784 2073 2791 2075 ⁷
2990 2078 3083 2128 Dei
3107 2073 3407 2144 justitiam.

2681 2180 2973 2220 TRACTATUS
3027 2179 3249 2217 LXXVI”.

2180 2258 2411 2329 Legitur
2465 2256 2524 2309 in
2568 2254 2691 2309 cod.
2737 2254 2950 2309 Cassia.
3000 2268 3096 2312 vu,
3146 2251 3246 2304 fol.
3294 2252 3416 2315 l63,
3447 2251 3504 2301 et
3562 2246 3623 2299 in
3657 2247 3802 2323 Bibl.

2112 2349 2398 2414 Laurent.,
2443 2345 2584 2415 plut.
2636 2359 2766 2403 χχιι,
2823 2340 2939 2394 cod.
2989 2356 3169 2404 χχχιιι,
3214 2338 3310 2392 fol.
3363 2339 3488 2401 322,
3550 2335 3652 2388 ubi
3700 2335 3807 2388 hoc

2110 2450 2291 2490 unum
2320 2430 2692 2502 deprehendi,
2714 2429 2864 2500 quod
2888 2444 2945 2482 n.
2972 2431 3001 2481 3
3029 2443 3131 2497 pro
3148 2426 3237 2480 his
3269 2423 3475 2487 verbis,
3510 2424 3804 2475 humanam

2110 2539 2219 2592 qua
2250 2523 2426 2591 major
2451 2525 2529 2575 est
2557 2522 2729 2583 Pater,
2776 2517 2837 2571 in
2885 2515 3106 2571 duobus
3155 2512 3320 2568 codd.
3366 2528 3484 2566 uno
3526 2527 3802 2564 consensu

2110 2613 2371 2679 habetur,
2401 2612 2685 2665 humanam
2711 2622 2817 2674 qua
2850 2606 3026 2657 minor
3053 2608 3130 2656 est
3162 2604 3341 2656 Patre.

2727 2709 3017 2748 TRACTATUS
3048 2707 3168 2745 CXX.

2183 2785 2410 2857 Legitur
2462 2783 2521 2857 in
2587 2781 2727 2857 Bibl.
2779 2782 3068 2857 Laurent,
3119 2779 3264 2857 plut,
3299 2793 3410 2844 31v,
3443 2776 3567 2831 cod.
3608 2792 3669 2842 ιι,
3703 2774 3809 2830 fol.

2116 2860 2237 2923 195,
2261 2849 2370 2910 ilbi
2401 2855 2582 2909 multo
2619 2853 2874 2905 diversus
2900 2857 2984 2906 est
3012 2850 3097 2923 ab;
3118 2849 3302 2923 editis:

2187 2920 2327 2983 E'dit.
2361 2927 2423 2981 N.
2475 2929 2521 2979 1.
2586 2926 2651 2978 Ut
2698 2926 2920 2990 frange-
3067 2920 3202 2974 Cod.
3278 2920 3343 2974 Ut
3419 2920 3813 2984 frangerentur

2114 3004 2304 3055 rentur
2323 3012 2502 3051 eorum
2533 3010 2714 3057 crura,
2750 3001 2798 3047 et
2829 2993 2924 3046 tol-
2994 3005 3174 3044 eorum
3192 3004 3356 3043 crura
3396 2995 3445 3043 et
3474 2990 3808 3043 tollerentur.

2118 3073 2370 3133 terentur,
2422 3081 2528 3120 non
2570 3081 2734 3120 crura
2774 3064 2921 3117 tolle-
2998 3063 3149 3133 Sicut
3186 3063 3329 3133 enim
3383 3060 3496 3113 dies
3549 3060 3651 3112 illa
3691 3059 3814 3112 sab-

2999 3131 3114 3184 bati
3168 3134 3227 3183 in
3280 3132 3390 3196 lege
3440 3144 3642 3195 magna
3672 3136 3807 3189 erat,

2999 3204 3136 3255 sicut
3226 3206 3276 3253 et
3342 3201 3427 3253 hic
3481 3201 3819 3264 evangelista

2113 3286 2340 3337 Joannes
2369 3278 2762 3337 commemorat,
2794 3275 2875 3326 ita
2917 3275 2966 3324 et
3020 3272 3132 3325 dies
3174 3271 3557 3337 redemptionis
3591 3272 3808 3323 Domini

2116 3366 2345 3420 magnus
2382 3350 2494 3414 fuit
2523 3349 2773 3420 universo
2811 3346 3047 3420 humano
3087 3344 3285 3420 generi.
3340 3341 3495 3404 Quod
3516 3356 3655 3420 vero
3678 3340 3815 3393 dicit

2116 3412 2441 3491 rogaverunt
2471 3419 2797 3491 Pilatum_ut
2847 3416 3232 3491 frangerentur
3253 3486 3262 3491 Δ
3281 3414 3527 3491 crur_a_et
3559 3412 3813 3491 tolleren-

2119 3481 2227 3555 tur,
2249 3506 2354 3546 non
2374 3494 2433 3543 ut
2464 3504 2629 3541 crura
2663 3487 2975 3539 tollerentur
2992 3486 3284 3555 petierunt,
3316 3481 3411 3535 sed
3451 3482 3525 3545 hi,
3560 3486 3667 3555 etc.

3078 3554 3156 3606 Id.
3178 3556 3325 3607 Diem
3347 3554 3546 3618 festum
3574 3553 3664 3604 sui
3696 3550 3816 3602 diu-

3004 3627 3152 3677 turni
3183 3625 3475 3688 cruciatus,
3516 3626 3631 3674 etc.
3689 3620 3815 3673 Vid.

3001 3710 3119 3747 var.
3154 3695 3331 3748 Maur.

3076 3764 3155 3818 Id.
3195 3767 3261 3818 Ut
3301 3779 3403 3817 non
3448 3763 3667 3827 diceret,
3710 3763 3820 3815 La-

3005 3840 3088 3889 tus
3128 3836 3244 3899 ejus
3277 3850 3413 3887 unus
3444 3834 3683 3887 militum
3705 3848 3820 3899 per-

3002 3908 3188 3959 cussit.

3082 3977 3138 4030 Id
3156 4018 3168 4030 .
3213 3977 3280 4029 Et
3302 3974 3576 4043 appellata
3594 3977 3675 4027 est
3702 3975 3823 4027 Era

3006 4053 3284 4115 materque
3311 4047 3572 4097 vivorum.

3082 4117 3162 4171 Id.
3205 4118 3462 4183 Magnum
3499 4116 3701 4183 quippe
3734 4116 3823 4167 si-

3007 4189 3287 4255 gniﬁcavit
3369 4185 3551 4239 Adam
3626 4185 3824 4238 bonum

3009 4263 3132 4312 ante
3153 4272 3409 4324 magnum
3423 4257 3828 4324 praevaricatio-

3008 4332 3095 4383 nis
3117 4329 3318 4381 malum
3350 4329 3407 4380 in
3425 4327 3615 4379 habitu
3629 4326 3823 4393 jacen-

3009 4403 3081 4455 tis
3113 4414 3175 4452 ac
3235 4397 3571 4452 dormientis.
3620 4398 3695 4450 Et
3733 4396 3826 4449 hic

3006 4468 3290 4525 secundus.
3325 4472 3428 4521 etc.

3081 4540 3159 4594 Id.
3196 4541 3344 4594 Sicut
3372 4551 3483 4591 mos
3512 4539 3590 4588 est
3612 4535 3825 4591 Judmis

3009 4611 3250 4680 sepelire.
3279 4608 3474 4676 Joscph
3514 4608 3826 4680 isteoccul-

3011 4678 3097 4734 tus
3194 4680 3496 4745 discipulus
3605 4678 3831 4731 Domini

3009 4754 3133 4806 Jesu
3168 4751 3390 4811 Christi,
3439 4749 3537 4817 qui
3582 4747 3651 4800 ab
3692 4749 3828 4801 Ari-

3011 4823 3227 4877 mathea
3242 4824 3417 4875 castro
3440 4823 3576 4885 erat,
3588 4820 3832 4887 ﬁguram

2129 4898 2588 4955 cast-imonialium
2618 4895 2869 4963 gerebat;
2904 4890 3035 4963 quia
3085 4894 3226 4947 sicut
3271 4892 3364 4945 ille
3392 4903 3586 4963 corpus
3610 4891 3831 4963 Domini

2129 4973 2325 5025 meruit
2346 4970 2591 5040 bajulw‘e
2618 4960 2668 5021 et
2694 4968 2751 5020 in
2778 4960 3090 5040 sepulcrum
3115 4979 3270 5040 suum
3308 4975 3526 5040 ponere,
3558 4962 3636 5040 ita
3667 4965 3717 5013 et
3740 4960 3833 5012 illi

2132 5046 2228 5112 qui
2246 5032 2552 5112 castitatem
2575 5038 2813 5112 corporis
2840 5032 3003 5112 atque
3032 5032 3466 5112 animaehabent,
3494 5032 3831 5112 ipsihmeren.

2132 5102 2222 5167 tur
2252 5127 2444 5181 corpus
2475 5102 2679 5167 Christi
2705 5111 2753 5161 et
2780 5102 3098 5181 sanguinem
3136 5102 3565 5181 accipere‘jurta
3595 5103 3831 5181 {fautum

2132 5172 2438 5253 apostolum
2463 5197 2476 5235 :
2516 5181 2864 5253 Probetergo
2890 5172 3148 5253 ‘se_homo,
3174 5179 3221 5227 et
3252 5175 3328 5227 sic
3340 5172 3426 5253 de
3438 5186 3580 5253 pane
3608 5172 3835 5253 Domini

2134 5243 2280 5317 citat,
2311 5259 2362 5307 et
2393 5253 2458 5305 de
2513 5251 2677 5304 calice
2716 5243 2865 5300 bibat
2932 5246 2969 5316 (I
3039 5245 3164 5299 Cor.
3233 5243 3463 5317 xr,2_8)._
3522 5245 3663 5317 (mia
3732 5246 3835 5310 qui

2132 5313 2295 5377 unum
2323 5339 2389 5377 ea:
2411 5325 2496 5376 his
2528 5321 2753 5386 indigne
2772 5313 3054 5386 acceperit,
3076 5330 3198 5368 reus
3228 5317 3330 5367 erit
3353 5313 3577 5386 judicii.
3598 5315 3664 5367 Et
3696 5316 3831 5381 quia

2135 5396 2305 5449 dicit:
2348 5396 2511 5448 Venit
2551 5383 2866 5447 Nicodemus
2890 5383 3019 5456 —qui
3058 5390 3277 5440 venerat
3332 5384 3408 5440 ad
3449 5383 3642 5439 Jesum
3680 5390 3832 5456 nocte

2131 5468 2370 5535 primum
2397 5467 2576 5530 ferens
2603 5463 2905 5535 mixturam
2933 5455 3173 5535 myrrhae
3196 5462 3245 5510 et
3264 5456 3412 5535 aloes
3442 5456 3605 5523 quasi
3655 5455 3828 5508 libras

2134 5528 2362 5597 tantum,
2388 5528 2492 5589 non
2520 5536 2603 5587 ita
2624 5528 3071 5599 distinguendum
3098 5532 3195 5592 est,
3228 5532 3333 5580 etc.

2211 5625 2349 5678 Ibid.
2428 5626 2725 5678 Ventitasse
2766 5623 2945 5673 autem
3091 5616 3171 5669 Id.
3217 5617 3427 5669 ι’ριιέεςί·
3464 5620 3641 5667 autem
3681 5620 3828 5682 past-

2135 5712 2228 5763 pos
2236 5703 2319 5750 lca.
2333 5736 2343 5747 .
3019 5704 3097 5741 ea.

2114 3147 2322 3196 rentur.
2357 3136 2461 3193 Sed
2482 3138 2559 3204 hi,
2594 3142 2701 3189 etc.

2184 3562 2324 3617 Ibid.
2375 3562 2524 3613 Diem
2582 3559 2781 3623 festum
2838 3556 2928 3606 sui

2117 3634 2305 3687 diurni
2340 3632 2632 3693 cruciatus,
2678 3631 2782 3680 etc.

2193 3773 2257 3825 N.
2313 3774 2366 3825 2.
2442 3772 2509 3824 Ut
2562 3784 2668 3823 non
2712 3767 2927 3831 diceret,

2122 3846 2283 3899 Latus
2313 3842 2428 3910 ejus
2468 3841 2749 3910 percussit.

2192 3983 2336 4037 Ibid.
2393 3985 2463 4037 Et
2521 3980 2799 4049 appellata
2854 3978 2932 4030 est

2120 4058 2237 4110 vita
2261 4057 2536 4121 materque
2559 4053 2824 4105 vivorum.

2195 4125 2332 4179 Ibid.
2401 4120 2659 4191 Magnum
2735 4120 2935 4188 quippe

2122 4196 2450 4263 signiﬁcavit
2533 4193 2746 4253 bonum,
2809 4192 2936 4263 ante

2123 4332 2341 4390 malum.
2371 4332 2481 4389 Hic
2501 4332 2789 4396 secundus,
2832 4333 2933 4382 etc.

2198 4549 2263 4602 N.
2313 4548 2365 4601 4.
2416 4548 2606 4600 Perens
2636 4544 2935 4597 mixturam

2124 4619 2358 4687 myrrhae
2386 4621 2436 4670 et
2488 4616 2630 4670 aloes
2675 4612 2834 4682 quasi
2861 4613 2933 4687 li-

2129 4682 2254 4743 bras
2285 4693 2513 4743 centum.
2567 4687 2685 4740 Non
2730 4686 2811 4737 ita
2839 4682 2934 4735 di-

2127 4759 2508 4828 stinguendum
2535 4760 2633 4822 est,
2678 4758 2787 4809 etc.
