4068 6192
268 277 392 330 l'li’l

322 397 462 450 Ibid.
499 398 620 449 Fere
667 396 909 448 omn-ibus
942 409 1059 460 gen-

251 468 397 520 tibus
449 467 776 519 declaratur.
828 467 1057 533 Accepe—

249 544 380 590 runt
403 541 601 602 ergoet
639 538 937 606 sequentia
963 553 1062 586 us-
1138 534 1461 588 Nicodemus
1534 538 1768 602 ﬁguram
1823 550 1950 589 san-

252 624 366 677 que
414 611 482 660 ad
533 607 653 660 hinc
687 607 854 659 verba
893 623 949 658 η.
1011 610 1063 671 Ei,
1140 611 1344 658 ciorum
1392 607 1554 671 gessit
1596 606 1949 673 praedestina-

255 681 391 732 Erat
423 683 598 731 autem
629 679 687 731 in
726 678 853 744 loco,
887 683 990 730 etc.

254 821 477 874 veniunt
531 818 604 872 ad
644 821 925 872 Dominum
962 833 1080 871 cum
1129 819 1373 870 mixtura
1421 818 1654 883 myrrhae
1701 823 1748 870 et
1785 819 1946 877 aloes,

256 891 317 943 id
350 895 428 943 est
474 905 591 942 cum
630 904 683 941 se
730 893 1126 955 recognoscunt,
1183 887 1514 956 mortiﬁcavit
1555 903 1609 941 se
1663 890 1867 941 avitiis
1900 894 1948 942 et

255 962 719 1028 concupiscentiis,
774 965 937 1026 atque
993 963 1253 1026 praesente
1309 961 1516 1019 szeculo,
1568 963 1616 1011 et
1680 959 1948 1023 abnegunt

253 1033 584 1098 semetipsos,
636 1036 685 1082 et
723 1034 1024 1098 sequuntur
1082 1031 1374 1086 Christum.
1413 1031 1478 1082 Et
1499 1031 1631 1096 quia
1659 1030 1745 1081 hic
1778 1029 1946 1082 libras

254 1109 482 1166 centum,
517 1105 567 1152 et
603 1103 901 1152 mixturam
947 1102 1181 1165 myrrhae
1225 1104 1274 1151 et
1322 1100 1460 1152 aloes
1511 1114 1684 1152 secum
1715 1100 1947 1153 Nicode-

252 1187 398 1225 mum
421 1171 671 1223 detulisse
701 1171 1060 1236 Evangelista
1093 1170 1246 1233 dicit,
1279 1170 1388 1237 (hic
1445 1173 1583 1223 enim
1611 1169 1796 1240 [Cod.,
1819 1174 1947 1238 quia

251 1240 412 1311 enim]
451 1243 786 1294 centenarias
816 1256 1070 1294 numerus
1115 1241 1388 1311 perfectus
1437 1245 1535 1307 est,
1575 1247 1622 1293 et
1656 1243 1946 1307 integritas

250 1309 464 1365 numeri
489 1313 546 1364 in
566 1311 746 1364 eodem
770 1309 1283 1379 comprehenditur),
1341 1314 1641 1378 perfectum
1666 1327 1944 1364 numerum

252 1384 567 1449 angelorum
616 1387 663 1434 et
722 1383 993 1436 hominum
1043 1381 1367 1448 designavit.
1446 1385 1574 1434 Erat
1651 1386 1828 1435 autem
1887 1385 1943 1434 in

252 1453 388 1518 loco,
421 1456 520 1506 etc.

328 1525 392 1576 N.
431 1526 480 1576 5.
513 1523 737 1589 Quando
756 1523 876 1591 jam
900 1537 1060 1591 prop-
1204 1521 1280 1574 Id.

253 1600 335 1646 ter
359 1609 706 1662 parasceven,
750 1609 913 1662 quam
959 1608 1057 1645 εαξ-
1129 1607 1472 1662 parasceven,
1531 1608 1692 1660 quam
1735 1609 1940 1647 orenam

1379 1522 1647 1585 Quoniam
1719 1528 1944 1590 propter

251 1680 381 1717 nam
423 1679 620 1732 puram
655 1665 832 1717 Judzi
897 1665 1061 1716 latine
1131 1679 1325 1731 puram
1346 1663 1553 1729 Jmlzei,
1580 1665 1941 1717 Latiniusita-
1983 1675 2024 1730 Β

252 1737 488 1787 usitatus
534 1734 683 1802 apud
716 1749 810 1788 nos
847 1739 1059 1795 vocant,
1136 1737 1240 1786 tius
1287 1734 1436 1800 apud
1469 1749 1560 1786 nos
1589 1739 1942 1802 praeparatio-

249 1808 430 1869 facere
476 1806 579 1857 tale
617 1804 828 1871 aliquid
857 1819 960 1857 non
993 1805 1060 1856 li-
1134 1821 1250 1856 nem
1280 1809 1489 1866 vocant,
1521 1808 1698 1869 facere
1721 1805 1825 1858 tale
1844 1808 1943 1858 ali-

251 1877 419 1928 cebat.
459 1878 574 1929 Una
606 1879 800 1936 autem,
845 1882 950 1928 etc.
1134 1875 1268 1942 quid
1327 1891 1432 1927 non
1518 1876 1728 1929 licebat.
1802 1877 1943 1940 Quid

1133 1949 1273 1997 enim
1304 1945 1461 1999 aliud
1475 1960 1571 2013 per
1601 1947 1812 1999 hortum
1833 1950 1941 2000 nisi

249 2017 485 2069 Ecclesia
517 2016 730 2068 Christi
759 2016 1132 2082 intelligitur?
1165 2017 1359 2068 Hortus
1409 2019 1606 2083 quippe
1652 2018 1864 2069 clausus
1892 2023 1941 2070 et

249 2089 374 2152 fons
399 2090 644 2150 signatus
675 2085 856 2154 (Cant.
894 2103 964 2150 1v,
1005 2087 1083 2151 tl)
1117 2088 1238 2153 ipsa
1264 2090 1339 2139 est
1362 2088 1597 2139 Ecclesia
1629 2088 1934 2142 Catholica.

250 2156 398 2220 Quid
431 2172 553 2210 vero
603 2171 700 2224 per
745 2158 1100 2223 sepulturam,
1146 2158 1256 2208 nisi
1298 2160 1621 2210 conscientia
1684 2161 1937 2212 uniuscu-

241 2228 444 2295 jusque
478 2228 705 2280 hominis
743 2227 1041 2279 habitantis
1088 2229 1146 2279 in
1185 2228 1434 2280 Ecclesia
1479 2230 1571 2280 Dei
1601 2227 1934 2295 designatur,

247 2297 343 2350 ubi
372 2299 651 2366 reponitur
701 2311 892 2364 corpus
941 2297 1181 2352 Christi?
1228 2299 1296 2350 Et
1328 2301 1476 2364 quia,
1520 2300 1658 2351 sicut
1696 2299 1937 2352 discimus

247 2373 644 2420 monumentum
674 2383 867 2419 novum
895 2367 1011 2419 ideo
1053 2368 1254 2420 dictum
1302 2372 1381 2420 est
1419 2366 1564 2438 [cod.
1605 2370 1756 2437 esse],
1807 2371 1939 2438 quia

247 2439 432 2490 nullus
457 2440 598 2491 alius
629 2443 870 2491 mortuus
901 2441 959 2490 in
991 2453 1048 2491 eo
1085 2439 1289 2502 fuerat,
1324 2440 1404 2490 ita
1455 2444 1502 2492 et
1534 2441 1718 2491 anima
1739 2441 1796 2492 in
1829 2455 1938 2507 qua

250 2509 496 2562 Christus
535 2508 828 2569 inhabitat,
879 2525 912 2560 a
949 2513 1162 2578 peccato
1187 2511 1486 2575 mortifero,
1519 2511 1661 2563 velut
1694 2525 1728 2562 a
1758 2513 1931 2573 vitiis,

251 2594 362 2633 esse
391 2581 568 2633 aliena
593 2579 770 2633 debet.
810 2580 1025 2632 Cretera
1071 2579 1295 2632 desunt.

824 2722 1089 2762 TRACTATU
1105 2723 1130 2760 S
1161 2723 1220 2759 CX
1233 2724 1258 2759 Χ
1271 2723 1349 2760 ΠΙ.

320 2827 548 2897 Legitur
596 2828 654 2882 in
695 2834 940 2899 quatuor
999 2831 1162 2884 codd.
1223 2832 1462 2884 Floreat.
1518 2848 1725 2902 nempe
1791 2835 1928 2888 Bibl.

248 2915 509 2970 Laurent.
559 2919 700 2989 plut.
747 2935 875 2983 xvu,
927 2919 1045 2972 cod.
1099 2936 1256 2978 xxxv,
1316 2921 1414 2973 fol.
1467 2922 1566 2985 5i;
1603 2927 1742 2990 plut.
1778 2939 1928 2984 xwu,

238 3005 547 3068 cod.xxm,
599 3005 693 3058 fol.
762 3007 893 3070 144;
945 3007 1081 3059 ibid.
1130 3007 1256 3060 cod.
1311 3023 1456 3073 xxrv,
1503 3007 1599 3061 fol.
1667 3013 1761 3063 l62
1817 3011 1846 3064 b
1883 3017 1938 3064 et

240 3093 388 3160 plut.
440 3109 546 3145 xxx
596 3093 773 3146 sinist.
827 3094 945 3147 cod.
984 3112 1018 3160 ι,
1074 3095 1168 3147 fol.
1236 3097 1329 3148 147
1370 3097 1420 3160 b,
1471 3113 1612 3166 quos
1661 3098 1936 3152 habemus

238 3179 607 3249 transcriptos
652 3196 683 3233 a
731 3197 785 3233 η.
841 3182 873 3236 εἰ
925 3182 990 3235 ad
1054 3182 1245 3236 finem.
1291 3183 1674 3254 Beperiuutur
1728 3187 1933 3242 iterum

240 3267 384 3336 plut.
439 3284 571 3334 xvu,
619 3269 741 3322 cod.
793 3287 944 3337 XLIII,
1005 3271 1100 3323 fol.
1139 3274 1236 3326 138
1271 3272 1319 3338 b,
1355 3277 1410 3326 et
1444 3273 1579 3326 Bibl.
1615 3275 1774 3328 Ᾰέἀὶι.
1809 3277 1929 3329 cod.

243 3370 382 3412 chl,
415 3355 511 3409 fol.
551 3359 648 3411 125
682 3357 732 3425 b,
769 3364 824 3411 et
858 3359 961 3412 fol.
1024 3361 1140 3412 I33.
1199 3360 1304 3413 Sed
1355 3360 1559 3414 horum
1602 3362 1933 3418 ultimorum

242 3446 504 3496 tenorem
533 3444 697 3498 nobis
728 3461 842 3498 non
875 3447 1313 3500 transmiserunt
1347 3449 1577 3502 Italiani
1607 3451 1929 3520 scriptores.

321 3529 458 3583 Edit.
529 3533 592 3584 Ν.
671 3533 722 3586 le.
797 3534 1054 3587 Animam
1201 3535 1333 3588 Cod.
1388 3553 1422 3590 ι.
1476 3537 1731 3591 Animam
1781 3555 1935 3594 suam

245 3615 412 3676 suam
453 3605 730 3670 positurus
788 3620 887 3672 pro
940 3608 1054 3658 suis
1125 3609 1402 3673 positurus
1427 3623 1525 3676 pro
1570 3613 1682 3663 suis
1725 3611 1929 3666 ovibus.

245 3671 513 3725 omnibus.
793 3671 799 3672 ⁷
1128 3671 1251 3729 Vid.
1290 3693 1406 3730 var.
1427 3671 1613 3732 'Maur.

319 3741 456 3795 Ibid.
520 3743 659 3814 Quia
704 3746 839 3797 vivit
899 3761 1052 3814 quem
1199 3748 1332 3800 Cod.
1374 3764 1534 3801 xxxv.
1607 3750 1746 3814 Quia
1799 3754 1935 3805 vivit

245 3818 511 3884 mortuum
533 3813 766 3867 dolebas.
909 3813 916 3814 7
1130 3832 1285 3884 quem
1333 3813 1652 3872 moriturum
1696 3821 1930 3875 dolebas.

316 3883 379 3935 N.
415 3887 462 3936 5.
497 3884 558 3938 Si
585 3899 684 3959 me
709 3885 917 3951 diligis‘,
949 3903 1054 3940 non
1199 3888 1334 3940 Cod.
1368 3905 1510 3942 xxrv.
1543 3891 1603 3944 Si
1619 3906 1699 3943 me
1719 3891 1929 3959 diligis,

245 3957 293 4006 te
315 3969 539 4028 pascere
567 3957 762 4022 cogita.
1124 3973 1228 4010 non
1261 3963 1380 4012 tuas
1418 3975 1636 4028 pascere
1667 3966 1714 4014 te
1733 3957 1928 4028 cogita.

312 4023 661 4078 lbid.Erunt
709 4028 848 4078 enim
879 4028 1048 4080 homi-
1196 4028 1371 4082 Codd.
1418 4023 1572 4082 'xxm
1658 4037 1712 4085 et
1768 4023 1929 4085 x'xxv.

237 4108 329 4148 nes
359 4098 558 4163 seipsos
576 4102 832 4149 amantes.
1127 4100 1300 4151 Erunt

1125 4175 1385 4223 amantes.

311 4233 449 4286 Ibid.
486 4235 596 4299 Quo
627 4239 762 4290 mori
781 4239 1044 4300 nolumus,
1196 4241 1330 4293 Cod.
1396 4258 1526 4294 xxu.

239 4308 289 4356 et
319 4306 536 4381 quando
567 4321 684 4360 cum
725 4309 947 4361 Christo
972 4312 1049 4362 υἱ-
1122 4310 1388 4375 nolumus,
1421 4317 1469 4365 et
1501 4327 1603 4381 quo
1637 4306 1754 4366 cum
1777 4316 1933 4371 Chri-

239 4390 362 4427 vere
391 4377 656 4430 volumus.
1123 4384 1203 4434 sto
1223 4382 1397 4434 vivere
1424 4377 1683 4437 volumus.

312 4444 451 4498 Ibid.
508 4448 648 4500 Nam
755 4451 1050 4517 cruciﬁxus
1196 4451 1274 4504 Id.
1343 4454 1479 4507 Nam
1517 4457 1710 4508 vinctis
1758 4459 1934 4510 mani-

239 4531 344 4568 non
376 4531 478 4582 quo
505 4518 715 4571 nolebat
746 4519 902 4574 abiit.
1133 4521 1227 4595 bus
1256 4592 1267 4595 _
1293 4525 1583 4591 cruciﬁmus
1662 4542 1766 4580 non
1831 4543 1937 4595 quo

1129 4592 1340 4646 nolebat
1369 4595 1527 4647 abiit.

494 4709 697 4765 LIBER
732 4712 817 4765 DE
851 4712 1204 4768 DOCTRINA
1247 4715 1684 4772 CHRISTIANA.

1407 4102 1640 4154 homines
1734 4107 1932 4170 seipsos

313 4833 540 4902 Legitur
570 4849 702 4902 pars
764 4837 1027 4906 quaedam
1079 4837 1178 4892 lib.
1236 4856 1272 4901 I,
1325 4855 1530 4909 nempe
1583 4858 1694 4896 an.
1729 4844 1845 4897 9nd
1878 4849 1934 4898 I5

234 4920 538 4986 exclusive,
575 4921 632 4974 in
673 4922 809 4976 Bibl.
860 4925 1145 4992 Laurent.,
1203 4927 1347 4996 plut.
1388 4945 1482 4993 xu,
1526 4931 1650 4985 cod.
1695 4948 1800 4998 xw,
1832 4933 1928 4987 fol.

236 5010 343 5060 220
380 5008 428 5060 b.

309 5095 452 5148 Edit.
485 5097 548 5149 Ν.
583 5099 631 5150 9.
669 5097 924 5154 Omnibus
974 5100 1048 5154 ad

1195 5101 1328 5175 Cod.
1365 5102 1442 5156 ita
1496 5103 1696 5175 incipit
1747 5109 1933 5162 verbis

234 5167 723 5234 contemplandum,
750 5174 860 5222 etc.

1119 5171 1347 5246 aliunde
1429 5171 1751 5246 assum—ptis.
1814 5181 1934 5235 Haec

1118 5243 1348 5317 dicimus
1408 5249 1457 5297 et
1505 5243 1928 5317 haec'docemus,

233 5305 564 5386 charissimi,
597 5309 742 5386 quod
771 5308 910 5386 Deus
939 5310 1033 5362 tua:
1054 5316 1131 5386 est
1152 5315 1426 5378 mentium,
1458 5331 1564 5369 non
1628 5305 1927 5386 corporum:

231 5377 410 5454 Beati,
461 5380 662 5454 inquit,
710 5380 908 5432 mundo
933 5381 1121 5454 _corde,
1167 5377 1424 5451 quoniam
1475 5389 1585 5454 ipsi
1632 5377 1794 5443 Deum
1844 5395 1928 5445 vi-

232 5445 432 5520 debant
457 5463 472 5510 ;
497 5451 846 5516 omnibusque
871 5451 944 5502 ad
971 5445 1456 5520 contemplandum,
1489 5445 1592 5510 etc.

311 5517 410 5599 N.“
442 5521 563 5599 tl.‘
598 5521 712 5599 Quo
774 5523 1048 5599 inﬁrmum
1134 5517 1305 5599 _'I_d._
1346 5517 1500 5599 Quod
1556 5531 1828 5599 inﬁrmum
1854 5538 1931 5586 est

233 5590 311 5638 est
371 5589 479 5654 Dei,
529 5590 726 5652 fortius
761 5599 838 5645 est
868 5592 1046 5646 homi-
1125 5594 1239 5653 Dei,
1274 5596 1475 5660 fortius
1525 5589 1624 5651 est"
1641 5616 1803 5668 quam
1829 5605 1926 5655 ho-

233 5656 414 5709 nibus.
1119 5667 1306 5709 mimis-

231 5667 414 5711 nibus.
1119 5667 1306 5720 mines.

1202 393 1281 447 Id.
1317 395 1441 446 Fere
1487 394 1729 446 omnibus
1761 398 1936 459 genti-
1980 400 2024 449 A

1137 463 1232 516 bus
1280 463 1612 518 declaratur.
1676 467 1784 518 Hoc
1845 467 1952 518 loco

1141 681 1334 734 torum,
1369 679 1466 743 qui
1481 680 1604 730 ante
1628 677 1951 744 baptismum

1145 749 1206 799 in
1239 749 1554 812 ignorantia
1582 748 1823 812 fuerunt.
1857 749 1951 800 sed

1589 247 1975 328 LECTIONES
2014 272 2421 328 VARIANTES.

2136 396 2197 447 N.
2238 399 2316 448 l3.
2354 396 2720 448 Humilitatem
2767 395 2872 448 ad-

2063 467 2241 519 hibuit
2274 465 2348 518 ad
2367 466 2691 520 sanandum.

2065 587 2265 642 LIBER
2347 588 2434 641 DE
2525 585 2840 641 DIVEBSIS

3624 277 3757 327 1222

3025 395 3104 448 Id.
3164 396 3535 450 Humilitatem
3602 400 3761 450 eJ-hi-

2949 466 3065 518 buit
3089 465 3163 518 ad
3197 466 3520 520 sanandum.

2937 586 3461 651 QII/ESTIONIBUS
3552 591 3757 644 00Το-

2662 675 2873 728 GINTA
2913 674 3183 728 TIIIBUS.

2708 812 2945 856 QL'x‘I-ILTIO
3001 813 3108 850 LIX.

2131 881 2357 952 Legitur
2403 883 2640 952 quaestio
2685 900 2773 936 Lix
2826 883 2884 936 in
2920 885 3058 938 Bibl.
3107 885 3355 955 Mugell.,
3391 887 3518 943 cod.
3545 905 3623 958 ιι,
3657 889 3752 944 fol.

2056 973 2122 1025 98
2153 971 2202 1023 b.

2127 1057 2270 1110 Edit.
2305 1057 2513 1120 Qumst.
2558 1073 2661 1110 Lix.
2709 1059 2771 1110 Ν.
2807 1059 2860 1110 2.

2057 1127 2204 1192 Quid
2314 1133 2489 1180 autem
2591 1131 2864 1194 significat

2055 1200 2244 1264 oleum,
2260 1202 2458 1251 mirum
2477 1197 2705 1251 videtur.
2736 1202 2864 1252 Item

2055 1269 2198 1336 quod
2246 1272 2512 1336 sapientes
2567 1270 2864 1337 petentibus

2054 1355 2157 1392 non
2190 1339 2610 1393 communicant.

2131 1411 2191 1462 Ν.
2226 1412 2277 1462 4.
2325 1412 2554 1477 Pro-pter
2589 1414 2763 1462 autem
2814 1425 2867 1463 se

2054 1481 2223 1546 homo,
2248 1480 2448 1548 inquit.
2466 1481 2556 1532 Sic
2578 1480 2707 1534 edit.
2728 1481 2868 1533 Gau-

2053 1566 2163 1603 me.
2220 1551 2571 1604 Benedictini
2642 1555 2703 1603 ut
2740 1567 2863 1605 nos.

2125 1620 2260 1674 Ibid.
2307 1624 2376 1674 Et
2419 1623 2493 1673 eis
2538 1636 2682 1674 vana
2730 1635 2865 1687 gau-

2055 1690 2148 1744 dia
2178 1697 2436 1760 tanquam
2479 1694 2653 1758 fatuis
2684 1695 2862 1745 conci-

2053 1762 2259 1815 liundo.

3011 1059 3143 1112 Cod.
3181 1062 3327 1125 Quid
3357 1067 3534 1117 autem
3573 1068 3748 1131 signi-

2937 1132 3063 1197 ﬁcat
3091 1132 3307 1184 oleum?
3354 1135 3556 1187 Mirum
3594 1138 3752 1190 vide-

2942 1206 3030 1273 tur
3061 1202 3204 1268 quod
3232 1207 3499 1271 sapientes
3533 1212 3751 1273 petenti-

2942 1270 3038 1324 bus
3059 1288 3162 1325 non
3190 1270 3602 1330 communicant.

3011 1413 3088 1466 Id.
3181 1414 3367 1467 Probet
3451 1422 3627 1471 autem
3699 1435 3752 1472 se

2942 1482 3115 1548 homo,
3141 1486 3341 1551 inquit.

3011 1553 3090 1606 Id.
3129 1557 3196 1608 Et
3217 1557 3291 1608 eis
3312 1571 3507 1610 vanam
3523 1559 3750 1624 gloriam

2945 1628 3204 1691 tanquam
3294 1627 3470 1690 fatuis
3569 1634 3716 1683 conci
3721 1661 3749 1669 -

2941 1695 3145 1748 liamlo.

2705 1866 2940 1908 QL'.ESTIO
2987 1867 3114 1904 LXII.

2126 1934 2435 2003 Legiturin
2466 1935 2664 1990 eadem
2719 1937 2859 1990 Bibl.
2911 1937 3162 2008 Mugell.,
3217 1942 3342 1996 cod.
3378 1961 3452 2006 xr,
3489 1944 3586 2000 fol.
3626 1950 3742 2001 100.

2123 2023 2266 2076 Edit.
2301 2023 2508 2086 Quaest.
2548 2040 2654 2076 Lxu
2686 2027 2863 2078 Domi-

2048 2108 2132 2157 ne,
2166 2101 2422 2147 memento
2451 2097 2569 2159 mei,
2611 2096 2739 2148 dum
2772 2113 2860 2150 ve-

2047 2167 2191 2217 neris
2223 2166 2277 2217 in
2308 2181 2531 2232 regnum
2583 2171 2750 2219 tuum.

2119 2234 2258 2287 Ibid.
2363 2235 2631 2300 Quomodo
2737 2253 2860 2305 ergo

2047 2305 2319 2372 ineffabili
2373 2310 2638 2374 potestate
2693 2306 2862 2360 domi-

2045 2377 2230 2428 nantis
2283 2375 2385 2428 Dei
2435 2381 2596 2444 atque
2635 2377 2860 2443 justitia

2045 2445 2362 2518 deputatum
2393 2453 2489 2509 est,
2538 2454 2657 2518 etc._

2118 2515 2256 2568 Ibid.
2291 2517 2407 2581 Qua
2438 2532 2614 2571 omnes
2649 2515 2862 2574 divinae

3007 2028 3139 2081 Cod.
3199 2031 3435 2095 Domine,
3491 2042 3745 2089 memento

2934 2100 3055 2165 mei,
3081 2114 3197 2152 cum
3223 2105 3429 2156 veneris
3450 2105 3505 2157 in
3522 2120 3743 2172 regnum

2937 2172 3104 2222 tuum.

3008 2240 3086 2312 Idi.
3125 2240 3394 2305 Quomodo
3442 2259 3564 2309 ergo
3604 2249 3745 2312 inef-

2933 2309 3099 2374 fabili
3123 2316 3383 2378 potestate
3412 2309 3742 2370 dominantis

2937 2383 3032 2433 Dei
3047 2380 3119 2432 ad
3129 2383 3409 2448 justitiam
3430 2385 3744 2454 deputatum

2935 2455 3032 2515 est,
3069 2456 3174 2504 etc.
3396 2485 3400 2488 -

3004 2520 3086 2574 Id.
3141 2522 3285 2586 Quia
3331 2538 3508 2580 omnes
3547 2528 3746 2583 divinae

2044 2587 2248 2639 actione
2344 2588 2574 2667 locorum
2652 2593 2852 2667 tempo-
2927 2593 3180 2658 actiones,
3234 2594 3465 2667 locorum
3539 2603 3746 2667 temgio-

2044 2671 2268 2732 rumque
2311 2657 2498 2732 ordine
2540 2673 2601 2710 ac
2654 2659 2851 2712 distin-
2925 2657 3173 2728 rumque
3221 2663 3458 2732 ordines,

2043 2728 2212 2778 ctione
2291 2729 2657 2794 pulcherrima
2723 2745 2852 2799 per-

2042 2802 2306 2862 aguntur.

3543 2668 3748 2722 distin-

2928 2735 3096 2785 ctione
3173 2735 3550 2800 pulcherrima
3627 2756 3748 2808 per-

2928 2807 3186 2867 aguntur.

2789 2889 3018 2944 SERMO

2646 2978 2718 3028 De
2747 2979 2900 3030 urbis
2929 2979 3160 3032 excidio.

2121 3059 2350 3128 Legitur
2378 3060 2436 3114 iu
2481 3062 2628 3117 Bibl.
2679 3065 2886 3132 Fesul.,
2916 3065 3040 3119 cod.
3073 3081 3169 3132 xx,
3206 3067 3303 3121 fol.
3339 3069 3404 3120 45
3440 3071 3489 3124 b.

2119 3147 2260 3220 Edit.
2319 3149 2382 3201 N.
2467 3153 2515 3202 t.
2575 3153 2674 3204 Per
2726 3167 2858 3220 quos

2047 3218 2154 3269 tria
2215 3219 2489 3272 hominum
2545 3218 2753 3288 generd
2781 3227 2858 3278 si-

2044 3289 2268 3355 gniﬁcat
2303 3292 2458 3342 Deus.

2119 3359 2260 3412 Ibid.
2368 3361 2638 3425 Quomodo
2731 3379 2856 3432 ergo

2043 3434 2290 3496 poterant
2392 3432 2457 3483 de
2550 3436 2860 3489 imminente

2045 3499 2390 3554 tribulatione
2420 3502 2662 3558 liberari.

2119 3570 2262 3624 Ibid.
2298 3572 2403 3644 Sed
2451 3576 2508 3626 in
2539 3576 2647 3629 Noe
2686 3577 2858 3644 signi-

2045 3638 2284 3713 ﬁcantur
2307 3643 2430 3696 boni
2451 3638 2751 3713 prapositii

2123 3711 2184 3763 N.
2221 3714 2273 3764 2.
2305 3711 2491 3767 Utrum
2512 3711 2759 3769 si‘decem
2771 3718 2862 3784 ju-

2044 3784 2156 3854 sto_s_
2186 3784 2247 3854 in
2278 3786 2492 3836 civitate
2518 3789 2850 3854 compererit.

2118 3850 2260 3904 Ibid.
2313 3855 2415 3908 Nec
2483 3850 2700 3921 viginti,
2765 3872 2858 3910 nec

2045 3919 2337 3976 decem?Si
2385 3919 2560 3977 autem
2617 3919 2856 3979 ineredi-

2047 3989 2148 4065 bile
2194 3997 2291 4058 est,
2352 4008 2520 4060 quare
2546 4011 2653 4049 non
2695 4000 2856 4065 Deus,

2047 4063 2152 4112 etc.

2117 4129 2258 4203 Ibid.
2295 4134 2400 4186 Hoc
2441 4136 2555 4203 ipse
2603 4139 2858 4192 Dominus

1618 4241 1727 4307 QUO
1795 4247 1933 4298 mori
1966 4249 2007 4302 ι)
2044 4201 2431 4307 afflictarum
2461 4201 2542 4258 ’et
2590 4210 2856 4277 apostolo-

2044 4286 2184 4324 rum.

2122 4343 2185 4395 N.
2213 4342 2264 4395 5.
2297 4345 2468 4426 Multa
2506 4349 2560 4400 in
2602 4348 2701 4402 hac
2729 4351 2858 4404 urbe

2046 4426 2156 4466 €886
2185 4427 2484 4470 commissa.

2117 4551 2257 4628 Ibid.
2313 4558 2620 4614 Putrescens
2664 4563 2856 4628 ulcere,

2043 4625 2195 4676 sanie
2222 4628 2414 4691 ﬂuens.

2117 4693 2253 4748 Ibid.
2284 4698 2562 4762 Quodcrat
2589 4705 2810 4766 gravius
2830 4703 2857 4757 Ἰ

2046 4763 2208 4836 hocne
2232 4783 2303 4819 an
2333 4769 2475 4821 illud
2508 4763 2702 4824 bellum
2725 4773 2751 4824 ‘2
2816 4834 2818 4836 _

2117 4834 2256 4888 Ibid.
2316 4838 2422 4892 Sed
2493 4840 2611 4892 ideo
2681 4834 2858 4896 minor

2041 4917 2218 4970 plena,
2251 4909 2394 4974 quod
2425 4909 2612 4964 absens
2647 4917 2850 4967 anima.

2113 5044 2252 5118 Ibid.
2305 5049 2410 5103 Sed
2458 5066 2576 5118 qua
2622 5061 2852 5110 moneret

2043 5113 2450 5184 blasphemiam.

2115 5186 2253 5240 Ibid.
2281 5193 2482 5256 Aperte
2507 5193 2708 5247 malum
2730 5211 2853 5250 sua-

2041 5256 2131 5309 det
2163 5259 2396 5312 inimici.
2715 5307 2723 5312 .

2112 5327 2254 5380 Ibid.
2293 5331 2440 5384 Mala
2479 5348 2584 5386 non
2615 5339 2852 5388 sustine-

2041 5395 2213 5452 bimus
2227 5398 2255 5453 ?

2115 5469 2178 5522 Ν.
2224 5472 2271 5522 4.
2316 5471 2420 5525 Sed
2466 5477 2640 5528 nescio
2670 5481 2851 5532 utrum

2038 5540 2215 5662 Jmigior
2261 5542 2438 5607 gloria
2487 5546 2600 5609 fuit
2677 5552 2852 5602 sancti

2071 5624 2100 5660 ο
2145 5649 2154 5659 .

2071 5624 2154 5660 00.

2110 5680 2169 5731 Ν.
2305 5683 2637 5753 Quicumque
2676 5691 2852 5744 Roma:

3005 3154 3140 3208 Cod.
3185 3158 3284 3210 Per
3317 3173 3448 3224 quos
3504 3164 3611 3213 tria
3645 3163 3743 3215 ho-

2933 3227 3139 3279 minum
3169 3241 3360 3292 genera
3382 3231 3565 3296 signat
3588 3234 3740 3286 Deus.

3004 3367 3086 3441 Id.
3137 3367 3407 3441 Quomodo
3457 3387 3582 3438 ergo
3651 3389 3739 3441 po-

2936 3440 3137 3490 tuerint
3180 3439 3245 3491 de
3291 3443 3599 3496 imminente
3644 3439 3742 3496 tri-

2936 3507 3205 3562 bulatione
3231 3511 3473 3564 liberari.

3006 3580 3097 3652 Id.
3137 3580 3242 3634 Sed
3284 3585 3340 3634 in
3387 3584 3496 3636 Noe
3540 3587 3748 3652 signati

2935 3655 3060 3702 sunt
3080 3650 3204 3703 boni
3229 3655 3525 3720 praepositi.

3009 3720 3098 3793 Id.
3130 3722 3316 3793 Utrum
3362 3725 3412 3774 si
3440 3723 3614 3777 decem
3639 3728 3741 3793 ju—

2932 3791 3135 3861 stosiin
3181 3792 3398 3844 civitate
3448 3791 3730 3861 repererit.

3008 3860 3084 3912 Id.
3123 3861 3226 3914 Nec
3270 3860 3623 3928 vigintifnec
3662 3867 3747 3918 de-

2932 3944 3040 3983 cem
3077 3931 3263 3984 saltem
3286 3933 3314 3984 ?
3356 3935 3462 3986 Hoc
3506 3936 3744 3988 incredi-

2935 4000 3037 4053 bile
3092 4005 3189 4054 est.
3223 4003 3398 4066 Quare
3443 4019 3550 4057 non
3579 4009 3740 4075 Deus,

2933 4076 3038 4123 etc.

3005 4141 3082 4195 Id.
3148 4144 3252 4195 Iloc
3298 4146 3413 4212 ipse
3479 4147 3742 4201 Dominus

2925 4213 3316 4286 prOphetarum
3373 4221 3423 4268 et
3481 4221 3742 4286 apostolo-

2930 4299 3050 4335 rum
3077 4285 3252 4337 Jesus.

2997 4354 3080 4406 -Id.
3123 4356 3296 4408 Multa
3342 4357 3440 4409 sub
3488 4358 3586 4411 hac
3621 4360 3742 4413 dis-

2931 4425 3190 4477 solutione
3219 4427 3276 4478 in
3327 4429 3424 4481 illa
3473 4431 3604 4482 urbe
3632 4446 3744 4485 esse

2933 4498 3239 4548 commissa.

3006 4565 3083 4640 Id.
3159 4568 3479 4640 _Putreseens
3545 4573 3738 4640 ulcere,

2931 4637 3082 4689 sanie
3111 4638 3353 4702 efﬂuens.

3004 4707 3061 4759 Id
3147 4709 3287 4773 Quid
3323 4715 3437 4764 erat
3479 4716 3741 4778 gravius?

2930 4777 3024 4830 hoc
3063 4794 3134 4830 an
3157 4779 3296 4832 illud
3325 4777 3518 4835 bellum
3538 4784 3567 4836 ?

3005 4847 3082 4900 Id.
3187 4850 3291 4903 Sed
3372 4854 3490 4904 ideo
3563 4857 3741 4909 minor

2927 4933 3104 4994 plena,
3129 4921 3232 4994 imo
3249 4920 3365 4975 ideo
3386 4924 3537 4976 nulla
3560 4942 3737 4994 pwnu,

2928 4988 3072 5056 quod
3100 4989 3288 5044 absens
3319 4997 3521 5046 anima.

3002 5059 3104 5131 Id,
3143 5060 3246 5113 Sed
3324 5078 3443 5131 qua:
3512 5072 3739 5122 moveret

2930 5129 3337 5196 blasphemiam.

3002 5200 3080 5252 Id.
3117 5200 3318 5268 Aperte
3356 5206 3559 5259 malum
3607 5223 3733 5261 sua-

2927 5269 3016 5322 det
3041 5273 3238 5326 amica.

2999 5341 3084 5413 Id.
3113 5342 3270 5396 Mala
3297 5361 3464 5413 quare
3507 5363 3612 5404 non
3639 5365 3736 5404 su-

2925 5411 3239 5468 stinebimus
3262 5415 3288 5467 ‘l

2998 5481 3075 5534 Id.
3141 5483 3246 5537 Sed
3316 5489 3490 5542 nescio
3555 5493 3736 5546 utrum

2923 5554 3102 5675 Snigzor
3139 5557 3318 5619 gloria
3354 5560 3526 5624 fuerit
3563 5566 3739 5616 sancti

2956 5637 2985 5675 ο
3031 5665 3042 5675 .

2956 5637 3042 5676 ου.

2999 5693 3083 5748 Id.
3162 5697 3492 5769 Quicumque
3564 5706 3737 5758 Roma:
