4068 6192
326 266 455 322 I223

321 395 496 461 quise
545 388 747 442 audeat
786 389 997 461 justum
1044 386 1129 437 di-

318 458 455 530 6ere,
485 476 518 514 a
547 476 628 513 me
651 474 757 512 non
785 458 962 519 audit,
986 461 1089 508 etc.

391 601 532 657 Ibid.
584 603 650 654 Ut
704 600 805 652 tibi
851 596 1130 651 adhiberet

318 673 552 730 curandi
576 669 934 736 diligentiam.

394 745 535 799 Ibid.
590 742 792 795 Mortui
831 741 956 792 sunt
991 739 1131 789 enim

319 820 379 870 in
409 816 546 869 bona
573 814 710 877 vita,
737 815 788 864 et
815 824 944 863 vera
966 808 1132 876 justi-

322 892 457 1010 mltl.
493 955 544 1007 6.
601 953 785 1019 Qualis
833 952 1025 1003 civitas
1055 953 1133 1019 est

323 1027 605 1082 humilium
637 1038 755 1091 qua:
786 1024 895 1075 ista
943 1020 1078 1073 dicit
1105 1018 1132 1072 Ἰ

386 1168 469 1222 Id.
530 1168 599 1221 Et
642 1163 932 1233 perniciem
983 1161 1132 1213 illius

314 1242 460 1305 ignis
492 1241 755 1290 evaserat.

394 1310 457 1363 N.
491 1312 545 1360 7.
573 1306 729 1371 Quod
750 1304 868 1357 dico
900 1301 1134 1355 audiunt

322 1379 571 1434 nonnulli
592 1380 825 1444 forsitan
867 1375 963 1441 qui
981 1387 1133 1425 nove-

324 1455 474 1516 runt,
508 1452 697 1503 etsunt
718 1449 777 1499 in
800 1445 892 1497 hoc
912 1444 1128 1511 pepulo.

390 1520 532 1574 Ibid.
574 1520 758 1573 Missis
802 1516 899 1583 qui
945 1528 1131 1565 renun-

325 1593 543 1653 tiarent,
576 1589 805 1643 sollicita
842 1599 959 1653 quae
1005 1598 1134 1652 prae-

322 1661 470 1717 dicta
485 1662 690 1727 fuerat,
723 1663 828 1710 etc.

399 1733 464 1786 N.
517 1733 569 1784 8.
643 1732 833 1783 Utrum
891 1726 1000 1778 ista
1039 1726 1129 1776 ira

322 1805 435 1868 Dei,
486 1816 559 1854 an
604 1801 783 1869 potius
821 1796 1129 1849 misericor-

316 1873 411 1927 dia
430 1874 560 1939 fuit.

390 1944 455 1997 N.
487 1946 538 1995 9.
583 1943 652 1995 Et
695 1938 911 1993 caduca
952 1950 1128 1990 omnes

317 2014 500 2068 sweuli
525 2013 815 2067 vanitates.

1366 237 1726 315 vanioavn
1767 256 2272 314 OPUSCULORUM
2314 258 2369 312 s.
2412 254 2801 312 aucusrm.

1205 384 1302 450 qui
1328 382 1586 435 siaudeat
1586 382 1801 448 justum
1820 380 2012 447 dicere,
2046 382 2086 435 A
2127 381 2221 435 sed
2243 383 2294 435 si
2322 381 2579 447 aliarum,
2611 384 2715 433 etc.

1205 470 1238 505 a
1268 469 1349 507 me
1372 453 1580 518 audiet,
1606 457 1710 506 etc.
1741 451 1861 506 Vid.
1890 467 2007 505 var.

1205 524 1382 578 Maur.

1275 594 1355 647 Id.
1395 595 1459 646 Ut
1490 593 1591 646 tibi
1613 593 1890 646 adhiberet
1919 606 2009 644 ca-

1204 666 1434 717 rationis
1473 664 1830 729 diligentiam.

1279 735 1355 787 Id.
1426 736 1628 788 Mortui
1681 738 1807 788 sunt
1871 734 2012 785 enim

1204 807 1262 858 in
1293 806 1430 859 bona
1457 807 1575 858 vita
1599 809 1649 858 et
1676 819 1823 869 vera,
1851 808 1902 857 et
1914 806 2009 872 ju-

1204 881 1309 930 sta.

1274 946 1354 999 Id.
1427 946 1617 1010 Qualis
1682 946 1871 998 civitas
1936 945 2014 995 est

1206 1017 1510 1081 humilium,
1555 1018 1859 1084 civiumque
1885 1028 2015 1068 san-

1206 1092 1411 1141 ctorum
1431 1086 1458 1138 ?

1276 1158 1358 1211 Id.
1410 1159 1479 1211 Et
1520 1156 1818 1225 periculum
1864 1154 2012 1208 illius

1206 1231 1351 1296 ignis
1378 1231 1645 1280 evaserat.

1278 1299 1357 1351 Id.
1392 1297 1543 1362 Quod
1576 1297 1692 1350 dico
1724 1295 2015 1348 audierunt

1203 1370 1470 1432 nonnulli,
1505 1372 1555 1421 et
1582 1369 1819 1433 forsitan
1855 1380 2012 1418 nove-

1204 1444 1354 1504 runt,
1394 1445 1441 1492 et
1458 1443 1583 1490 sunt
1610 1440 1665 1490 in
1682 1439 1775 1490 hoc
1792 1436 2009 1505 populo.

1274 1510 1352 1562 Id.
1382 1510 1563 1563 Missis
1594 1510 1691 1576 qui
1731 1508 2013 1560 renuntia-

1203 1586 1321 1633 rent
1343 1581 1587 1642 sollicite,
1615 1594 1732 1646 quaz
1748 1576 2015 1647 praedicta

1201 1653 1406 1718 fuerat,
1439 1655 1548 1702 etc.

1274 1720 1355 1774 Id.
1390 1722 1580 1773 Utrum
1628 1720 1736 1772 ista
1774 1719 1862 1770 ira
1892 1719 2007 1783 Dei,

1202 1808 1274 1845 an
1366 1793 1547 1860 potius
1636 1787 2011 1842 misericordia

1200 1864 1390 1929 fuerit.

1271 1932 1354 1986 Id.
1425 1934 1495 1986 Et
1564 1930 1778 1984 caduca
1836 1942 2012 1983 omnes

1206 2003 1388 2057 saeculi
1413 2003 1734 2071 voluptates.

1102 2128 1303 2183 LIBER

910 2236 976 2273 DE
1017 2232 1227 2271 NATURA
1269 2231 1415 2269 BONI.

389 2348 618 2420 Legitur
638 2347 696 2401 in
720 2343 861 2399 Bibl.
900 2342 1163 2396 Laurent.

318 2440 418 2495 fol.
458 2440 554 2492 I27
582 2435 633 2489 b.

389 2524 534 2581 Edit.
559 2524 694 2592 Cap.
727 2537 807 2574 ιιι.
859 2522 977 2574 Ilaec
1004 2532 1128 2592 ergo

318 2601 450 2664 tria,
482 2588 687 2661 modus,
720 2592 938 2661 species,
963 2588 1118 2643 ordo.

389 2669 519 2738 Cap.
594 2681 645 2719 ν.
734 2664 946 2738 Natura
1011 2672 1129 2726 qua

318 2755 436 2795 cum
455 2737 653 2808 prasto
676 2737 772 2808 es_t.

389 2801 522 2878 Ca'p.
559 2823 653 2860 vn.
690 2805 989 2878 APeccantes
1019 2801 1126 2866 igi-

315 2886 405 2936 tur
436 2871 494 2933 in
540 2876 822 2947 suppliciis
860 2871 1128 2927 ordinan-

315 2958 425 3007 tur.

391 3023 526 3091 Cap.
570 3035 622 3072 x.
667 3017 1006 3091 Quocumque
1040 3027 1125 3091 or-

318 3093 444 3146 dine
470 3086 637 3155 'sunt,
681 3089 813 3156 quia
852 3086 999 3138 Deus
1028 3087 1124 3147 est,

319 3169 523 3303 euIiap.
590 3246 684 3284 xu.
756 3230 825 3283 Et
886 3225 949 3281 in
1020 3224 1127 3277 Deo

318 3308 475 3359 tanta
498 3303 668 3356 mala.

396 3376 530 3443 Cap.
563 3387 655 3426 xv.
685 3371 757 3423 Et
796 3367 1136 3443 apertissime

326 3442 548 3498 veritati
574 3442 954 3509 repugnantes.

398 3514 533 3584 Cap.
566 3505 679 3584 xii.
710 3505 797 3563 Sic
841 3506 920 3584 ab
932 3505 1028 3584 illo
1058 3507 1136 3584 est

319 3601 471 3640 omne
483 3578 635 3652 quod
674 3578 1001 3652 naturaliter
1034 3579 1131 3652 est,

325 3647 580 3725 quonidm
609 3665 759 3725 omne
797 3647 941 3717 quod
964 3650 1135 3725 natu-

322 3722 515 3782 raliter
543 3729 641 3791 est,
675 3723 868 3775 bonum
896 3722 987 3791 est.

397 3798 530 3867 Cap.
566 3788 654 3850 xxi
684 3788 1056 3867 Quia__modus
1074 3789 1134 3840 in

327 3871 403 3924 eis
432 3862 633 3936 aliquis
663 3862 883 3918 restitit.

393 4011 528 4079 Cap.
594 4020 758 4060 χχιιι.
831 4003 973 4072 Quia
1009 4002 1135 4053 sunt

324 4082 503 4135 aliena
531 4081 582 4132 et
617 4079 931 4139 incongrua.

395 4151 530 4220 Cap.
562 4164 697 4220 xxv.
720 4143 872 4220 Quod
894 4143 1032 4220 enim
1058 4155 1137 4220 re-

324 4237 455 4276 vera
476 4210 581 4274 .est
621 4210 853 4284 aliquid,
889 4210 1025 4281 quid
1052 4211 1137 4264 in-

324 4295 501 4347 terest.

403 4364 539 4432 Cap.
580 4374 710 4432 xxx.
751 4356 833 4410 Et
873 4352 1138 4407 marima-

335 4448 460 4488 rum
484 4430 540 4485 et
561 4430 925 4484 minimorum.

406 4503 537 4572 Cap.
560 4514 744 4553 χχχιιι.
767 4499 1142 4572 Eternusﬂu-

336 4579 439 4628 tem
476 4563 642 4639 ignis,
681 4583 789 4639 non
829 4568 968 4639 sicut
996 4563 1143 4639 Deus

334 4635 586 4708 aeternus,
623 4638 767 4709 quod
787 4639 888 4691 etsi
901 4638 1020 4709 sine
1037 4635 1142 4709 ﬁne

333 4718 429 4783 sit,
456 4706 671 4768 nonest
699 4714 885 4783 tamen
901 4707 1019 4783 sine
1036 4706 1141 4783 ini-

333 4777 447 4851 tio';
480 4787 615 4839 Deus
635 4784 817 4851 autem
839 4779 1003 4851 etiam
1025 4777 1143 4851 sine

333 4845 494 4911 initio
531 4859 627 4908 est.
648 4849 846 4905 Deinde
868 4849 1001 4917 quia
1020 4845 1143 4899 licet

336 4930 649 4998 perpetuus,
682 4926 788 4975 etc.

404 5137 547 5192 Ibid.
580 5137 711 5193 Cum
732 5124 902 5203 possit
915 5128 1139 5184 mutari.

408 5279 541 5347 Cap.
579 5292 688 5330 xu.
724 5276 809 5328 Ac
835 5269 1145 5340 fecundita-

341 5354 415 5403 tes
443 5349 710 5401 habuisse.

411 5418 561 5471 Ibid.
600 5418 664 5471 Et
701 5413 964 5467 dimensis
998 5424 1151 5463 mem-

337 5487 449 5541 bris
481 5494 642 5555 atque
701 5481 1146 5555 habitationibus.

409 5556 529 5612 Ibid
541 5548 690 5610 fAut
710 5553 983 5621 quodlibet
994 5548 1150 5603 aliud

339 5632 457 5685 sine
468 5627 660 5695 aliqua
669 5626 935 5679 societate.

414 5772 548 5837 l’lap.
581 5778 709 5815 xm.
743 5761 892 5815 Nihil
921 5760 1151 5823 omnino,

1177 2379 1189 2404 ,
1222 2338 1367 2408 plut.
1412 2351 1521 2389 xvu
1571 2334 1746 2400 dext.,
1777 2332 1900 2387 cod.
1929 2349 2010 2397 ιιι,

1276 2512 1413 2566 Cod.
1462 2512 1588 2565 Haec
1639 2512 1769 2575 tria,
1801 2508 2010 2575 modus,

1201 2585 1420 2653 species,
1451 2581 1599 2635 ordo.

1274 2654 1356 2708 Id.
1416 2654 1631 2708 Natura
1697 2665 1815 2720 qua:
1895 2664 2014 2703 cum

1199 2727 1396 2793 prasto
1417 2725 1508 2778 sit.

1276 2796 1355 2849 Id.
1407 2796 1711 2848 Peccatores
1750 2795 1926 2858 igitur
1956 2794 2013 2845 in

1201 2866 1485 2935 suppliciis
1514 2863 1862 2917 ordinantur.

1274 3005 1356 3059 Id.
1416 3004 1755 3072 Quocumque
1828 3002 2015 3057 ordine

1202 3081 1349 3141 sunt,
1379 3079 1506 3130 sunt
1552 3077 1682 3143 quia
1734 3074 1882 3129 Deus
1912 3077 2009 3131 est.

1204 3152 1309 3201 etc.

1275 3217 1356 3270 Id.
1424 3219 1493 3270 Et
1539 3217 1599 3268 in
1639 3228 1844 3269 summo
1883 3213 2013 3268 bono

1203 3292 1358 3343 tanta
1382 3289 1547 3340 mala.

1281 3357 1362 3410 Id.
1397 3360 1465 3411 Et
1506 3356 1848 3424 apertissime
1873 3356 2012 3407 veri-

1210 3430 1313 3482 tati
1336 3430 1658 3480 resistentes.

1279 3498 1357 3551 Id.
1393 3499 1479 3553 Sic
1508 3496 1576 3549 ab
1620 3496 1713 3549 illo
1756 3499 1833 3548 est
1867 3508 2018 3547 omne

1208 3568 1353 3637 quod
1367 3567 1618 3637 naturale
1640 3569 1736 3625 est,
1764 3566 2017 3632 quoniam

1206 3636 1357 3693 Omne
1420 3636 1563 3706 quod
1625 3637 1881 3706 naturate
1918 3638 2014 3696 est,

1208 3710 1400 3763 bonum
1429 3704 1525 3761 est.
1556 3706 1675 3761 Vid.
1698 3721 1816 3758 var.
1838 3704 2013 3759 Maur.

1282 3780 1359 3834 Id.
1424 3780 1563 3846 Quia
1604 3776 1793 3831 modus
1843 3777 1903 3827 in
1945 3776 2018 3827 eis

1208 3853 1412 3919 aliquis
1456 3850 1683 3904 resistit.
1726 3846 1851 3898 Vid.
1893 3859 2012 3897 var.

1206 3922 1381 3977 Maur.

1280 3993 1360 4045 Id.
1410 3989 1567 4055 Quod
1612 3991 1724 4043 sint
1764 3987 1944 4040 aliena
1971 3988 2021 4038 et

1207 4065 1523 4128 incongrua.

1279 4133 1361 4186 Id.
1408 4129 1564 4196 Quod
1610 4130 1752 4182 enim
1797 4131 1892 4184 est.
1935 4141 2019 4178 re-

1209 4219 1339 4258 vera
1364 4208 1462 4269 est,
1490 4215 1583 4254 nec
1612 4197 1828 4266 aliquid
1855 4199 2021 4249 inter-
2064 4214 2105 4268 ι)
2207 4197 2335 4274 Οίίρ,

1215 4278 1312 4329 est.

1286 4344 1366 4397 Id.
1429 4344 1501 4397 Et
1566 4341 1929 4394 maximorum
1975 4339 2026 4389 et

1213 4417 1561 4469 minutorum.

1289 4485 1371 4539 Id.
1388 4487 1640 4538 zEternus
1658 4484 1835 4533 autem
1857 4478 2022 4545 ignis,

1215 4570 1323 4610 non
1375 4555 1517 4607 sicut
1573 4553 1709 4605 Deus
1774 4552 2024 4607 zternus,

1217 4627 1438 4688 dicitur,
1496 4625 1672 4691 primo
1724 4621 1875 4687 quia,
1927 4618 2029 4671 etsi

1212 4700 1499 4767 propterea
1527 4692 1740 4767 dicitur
1775 4693 2023 4767 wternus,

1215 4762 1347 4836 quia
1375 4767 1489 4820 sine
1530 4765 1636 4831 ﬁne
1673 4763 1762 4836 ﬁt,
1776 4773 1921 4836 _,non
1950 4762 2027 4812 est

1217 4830 1393 4891 tamen
1414 4830 1539 4890 sine
1550 4835 1710 4887 initio
1729 4850 1744 4893 ;
1768 4830 1911 4883 Deus
1932 4844 2028 4881 au-

1217 4913 1319 4962 tem
1348 4909 1464 4961 sine
1488 4906 1646 4959 initio
1690 4907 1784 4955 est.
1828 4898 2030 4953 Deinde

1216 4981 1351 5047 quia
1389 4978 1508 5031 licet
1538 4977 1868 5047 perpetuus,
1917 4974 2023 5022 etc.

1220 5046 1340 5111 Vid.
1375 5063 1493 5101 var.
1532 5046 1705 5099 Maur.

1290 5119 1370 5173 Id.
1424 5118 1567 5170 Cum
1617 5119 1795 5168 tamen
1853 5111 2029 5179 possit

1217 5189 1440 5247 mutari.

1292 5260 1371 5314 Id.
1414 5259 1494 5312 Ac
1534 5249 1888 5324 fecunditatis
1929 5252 2027 5305 ha-

1221 5331 1415 5386 buisse.

1295 5402 1374 5455 Id.
1410 5401 1479 5453 Et
1520 5396 1751 5450 diversis
1779 5390 2029 5447 membris

1223 5478 1385 5540 atque
1413 5466 1859 5540 habitationibus.

1295 5528 1375 5596 Id.
1418 5540 1534 5593 Aut
1564 5535 1836 5605 quodlibet
1876 5528 2031 5605 aliud

1223 5615 1341 5668 sine
1368 5601 1865 5678 aliqua—satietate.
1905 5601 2028 5654 Vid.

1221 5698 1340 5738 var.
1361 5683 1536 5738 Macr.

1303 5752 1383 5805 Id.
1463 5751 1532 5805 Ni

2052 1659 2094 1714 Β
2122 1655 2259 1703 mata
2287 1650 2487 1703 evadit.

2118 3429 2474 3500 profundum,
2525 3433 2630 3484 etc.

1463 5749 1613 5805 Nihil
1689 5746 1926 5811 omnino,
1985 5742 2036 5794 si
2141 5753 2316 5793 suam.

3680 260 3820 311 1224

3006 382 3262 448 aliarum,
3332 386 3437 435 etc.
3518 382 3638 437 V'id.
3704 400 3825 437 var.

3006 452 3179 506 Maur.

2193 523 2330 591 Cap.
2365 538 2514 576 mu.
2573 524 2641 576 Et
2702 524 2934 576 inimicae
3080 523 3160 575 Id.
3212 524 3279 577 Et
3343 525 3568 577 inimica
3615 529 3817 579 existe-

2120 595 2409 647 eaeisterent
2437 600 2635 646 sancta:
2660 593 2787 646 luci.
3004 598 3123 646 rent
3145 598 3342 647 sancta.“
3371 596 3496 646 luci.

2194 664 2335 717 Ibid.
2404 666 2511 719 Hoc
2571 679 2732 731 quam
2776 664 2932 730 nefas
3072 664 3160 716 Id.
3214 666 3320 718 Hoc
3360 666 3506 732 quod
3542 670 3700 732 nefas
3749 670 3831 721 sit

2121 736 2193 787 sit
2240 734 2415 788 dicere
2459 736 2555 803 qui
2603 734 2772 797 videt,
2805 750 2936 789 ana-
3009 734 3182 787 dicere
3200 739 3410 801 natura;
3436 737 3537 789 Dei
3554 754 3588 789 (ι
3618 744 3828 791 natura

2123 807 2334 858 themet.
3011 807 3100 858 Dei
3120 807 3197 858 sic
3219 807 3523 869 subveniri,
3545 811 3643 875 qui
3662 809 3825 862 audit

3006 878 3442 930 anathematizet.
3505 879 3627 931 Vld.
3699 896 3820 932 var.

2124 945 2298 998 Maur.
2335 945 2468 1017 Cod.
2503 944 2675 1017 habet
2700 960 2925 1014 semper
2953 948 3418 1000 anathematizare
3447 964 3550 1017 pro
3586 952 3820 1003 anathe-

2120 1031 2290 1078 mare,
2323 1016 2472 1086 quod
2508 1015 2717 1087 legitur
2738 1016 2948 1086 ubique
2976 1019 3035 1070 in
3055 1017 3191 1069 edit.

2193 1088 2324 1154 Cap.
2384 1101 2523 1139 κων.
2602 1088 2710 1140 [Ioc
2766 1103 2932 1154 genus
3080 1087 3161 1140 ld.
3192 1088 3300 1140 Hoc
3330 1102 3497 1153 genus
3525 1091 3815 1155 nefandis—

2119 1156 2506 1223 nefandissimi
2531 1161 2751 1210 erroris.
3004 1160 3199 1211 simum
3230 1161 3429 1211 erroris
3441 1199 3453 1212 .

2195 1228 2331 1280 Ibid.
2398 1228 2519 1282 Suae
2583 1230 2769 1282 vitalis
2810 1229 2934 1282 sub-
3080 1228 3161 1281 Id.
3192 1228 3305 1282 Sua
3327 1230 3513 1282 vitalis
3554 1231 3817 1285 substan-

2122 1300 2353 1352 stantiaz.
2410 1332 2415 1335 -
3007 1300 3102 1352 tia.
3139 1299 3255 1352 Vid.
3294 1314 3413 1353 var.
3444 1301 3631 1354 Maur.

2198 1368 2333 1421 Ibid.
2380 1369 2667 1435 Virginum
2712 1372 2932 1423 inteme-
3080 1369 3160 1421 Id.
3230 1370 3515 1435 Virginum
3555 1373 3819 1439 intempe-

2122 1444 2303 1492 ratam
2353 1439 2788 1493 similitudinem.
3007 1445 3190 1494 ratam
3222 1441 3651 1495 similitudinem.
3692 1443 3818 1497 Vid.

3009 1526 3124 1563 var.
3145 1510 3319 1563 Maur.

3081 1580 3162 1634 Id.
3227 1581 3357 1633 Hac
3423 1585 3696 1636 occasione
3736 1585 3820 1637 la-

3008 1656 3144 1704 παίει
3169 1654 3457 1704 evanescit.

3080 1721 3158 1775 Id.
3194 1724 3265 1775 Et
3293 1722 3557 1775 coloribus
3586 1724 3823 1779 diversis

3007 1793 3275 1859 inﬁgitur.
3307 1791 3424 1844 Vid.
3459 1808 3574 1846 var.
3640 1795 3819 1848 Maur.

3079 1863 3160 1916 Id.
3218 1862 3455 1916 Vitalem
3500 1865 3656 1918 illam
3693 1866 3824 1919 sub-

3007 1935 3287 1997 stantiam,
3375 1948 3540 2001 quam
3605 1941 3822 2004 partem

2196 1579 2332 1632 Ibid.
2373 1581 2488 1633 Hac
2533 1582 2804 1634 occasione
2853 1582 2934 1634 la-

2198 1721 2340 1774 lbid.
2371 1722 2440 1774 Et
2463 1721 2726 1774 coloribus
2747 1722 2935 1775 diver-

2122 1793 2196 1845 sis
2226 1793 2488 1858 inﬁcitur.

2194 1862 2324 1931 Cap.
2388 1877 2507 1914 XLV.
2584 1863 2814 1916 Vitalem
2866 1863 2935 1916 il-

2125 1933 2233 1985 lam
2289 1931 2672 1997 substantiam,
2718 1938 2935 2001 partem

2123 2001 2240 2057 Dei.
3008 2005 3122 2058 Dei.

2195 2074 2327 2143 Cap.
2383 2088 2525 2126 XLVI.
2568 2073 2633 2127 Id
2665 2074 2809 2141 quod
2834 2089 2932 2142 po-
3080 2073 3161 2127 Id.
3196 2073 3275 2127 Id.
3322 2074 3467 2141 quod
3500 2076 3823 2143 postulaba-

2123 2144 2471 2198 stulabantur
2497 2143 2753 2213 praebere.
3009 2149 3099 2198 tur
3116 2144 3372 2212 praebere.

2187 2214 2343 2277 Ibid.
2384 2214 2539 2268 Idem
2569 2215 2745 2268 lumen
2786 2215 2937 2282 jugi-
3079 2214 3158 2268 Id.
3202 2214 3357 2269 Idem
3400 2216 3576 2270 lumen
3608 2217 3826 2284 jugiter

2125 2290 2204 2340 ter
2223 2290 2451 2339 retenta:
2466 2299 2542 2338 os.
3007 2290 3327 2353 recepturos.

2195 2354 2334 2424 lbip.
2370 2357 2457 2408 Em
2484 2358 2606 2422 fera
2631 2356 2936 2421 genitorum
3080 2356 3161 2409 Id.
3209 2358 3297 2409 Ea:
3351 2358 3472 2422 fera
3515 2360 3822 2422 genitorum

2124 2431 2293 2494 gente.
3006 2430 3193 2480 mente.
3226 2426 3356 2481 Vid.
3383 2443 3498 2480 var.
3534 2429 3711 2481 Maur.

2195 2495 2335 2550 Ibid.
2391 2496 2544 2552 Nihil
2598 2497 2759 2550 etiam
2826 2497 2939 2565 ipse
3036 2566 3043 2567 ί
3081 2497 3165 2550 Id.
3198 2498 3348 2551 Nihil
3376 2499 3539 2551 etiam
3569 2501 3688 2567 ipse
3714 2500 3823 2551 ad-

2123 2567 2409 2635 adjiciens.
3012 2566 3226 2622 ducens.

2193 2637 2334 2691 Ibid.
2404 2638 2465 2691 In
2520 2635 2704 2690 eadem
2796 2638 2935 2690 enim
3082 2637 3161 2691 Id.
3197 2639 3257 2691 In
3290 2638 3471 2691 eadem
3513 2642 3656 2693 enim
3693 2656 3823 2694 con-

2122 2708 2594 2762 construebantur.
3008 2708 3391 2762 stituebantur.

2196 2777 2337 2831 Ibid.
2388 2781 2767 2846 Eternamque
2790 2792 2935 2847 p-rz-
3078 2778 3161 2831 Id.
3192 2781 3570 2848 £ternamque
3606 2796 3827 2849 prapo—

2120 2854 2345 2918 ponant.
3003 2853 3156 2909 nant.
3186 2854 3235 2902 te
3252 2854 3545 2918 praestante
3564 2853 3664 2918 qui
3677 2854 3823 2904 vivis

3004 2924 3053 2973 et
3081 2934 3277 2984 regnas
3296 2935 3397 2988 per
3416 2924 3595 2974 omnia
3624 2923 3821 2976 saecula

3004 2992 3337 3043 sazculorum.
3373 2993 3564 3045 Amen.

2883 3076 3085 3132 LIBER

2474 3163 2540 3200 DE
2570 3161 2874 3200 BERESIBUS
2912 3163 2978 3200 AD
3021 3163 3469 3207 ουῡῡνυιτυευιι.

2194 3217 2424 3289 Legitur
2449 3216 2509 3270 iu
2538 3217 2663 3271 cod.
2700 3218 2913 3271 Cassia.
2935 3234 3165 3284 CCCCLVI,
3192 3219 3292 3272 fol.
3328 3221 3395 3272 64
3423 3235 3457 3273 a
3484 3222 3671 3289 tergo.
3732 3214 3743 3225 ’

2195 3288 2338 3342 Edit.
2373 3288 2507 3358 Cap.
2542 3303 2597 3340 ιιι
2647 3289 2775 3343 Esse
2806 3303 2933 3356 pro-
3081 3289 3217 3342 Cod.
3273 3292 3425 3344 Esset
3477 3288 3816 3359 profundum

2121 3359 2355 3427 fundum
2384 3364 2434 3412 et
2481 3360 2756 3413 silentium
2792 3359 2936 3427 quod
3007 3363 3057 3413 et
3086 3360 3361 3413 silentium
3396 3365 3643 3424 matrem,
3676 3362 3821 3429 quod

3001 3430 3361 3499 profundum,
3393 3436 3495 3485 etc.
3539 3430 3667 3485 Vid.
3697 3448 3817 3485 var.

3016 3502 3193 3555 Maur.

3070 3516 3193 3554 aur.

3080 3570 3158 3623 Id.
3233 3572 3363 3625 Tam
3435 3571 3693 3637 fabulosa
3757 3573 3819 3625 de

3009 3642 3222 3696 Christo
3252 3643 3497 3709 sensisse,
3519 3648 3579 3696 ut
3610 3644 3819 3698 diceret

3012 3713 3302 3767 Christum.

2197 3571 2326 3639 Cap.
2384 3586 2536 3623 xxm.
2595 3571 2725 3623 Tum
2788 3569 2937 3636 falsa

2127 3642 2192 3696 de
2222 3641 2433 3697 Christo
2478 3642 2724 3707 sensisse,
2776 3644 2834 3693 ut
2861 3640 2938 3693 di-

2130 3716 2267 3766 ceret
2290 3727 2425 3765 eum.

3083 3781 3164 3835 Id.
3214 3782 3353 3836 Sunt
3406 3785 3503 3837 isti
3539 3785 3824 3838 inenarra-

3012 3852 3146 3977 glilia
3205 3853 3483 3918 facientes.
3536 3855 3661 3909 Vid.
3702 3871 3821 3909 var.

3066 3937 3189 3977 aur.

3066 3937 3189 3977 aur.

3083 3992 3160 4046 Id.
3202 3994 3388 4048 Nescio
3436 4009 3556 4062 quae
3596 3995 3828 4064 phanta-

3011 4065 3148 4117 stica
3180 4069 3232 4117 et
3281 4064 3514 4119 ridicule
3566 4067 3827 4131 fabulosa

3013 4149 3258 4188 narrare.
3296 4135 3393 4189 Vid
3420 4135 3538 4189 ibid
3552 4177 3566 4189 .

3086 4203 3168 4257 Id.
3222 4205 3328 4270 Qui
3410 4205 3623 4260 dicebat
3660 4209 3829 4261 Deum

3012 4289 3120 4328 non
3148 4289 3353 4328 creasse
3406 4277 3572 4330 mala.

3088 4344 3169 4416 Id.
3226 4345 3351 4416 iNec
3433 4346 3579 4400 unde
3648 4351 3833 4416 accipi

3018 4414 3159 4484 (cod.
3202 4415 3402 4485 decipi)
3442 4420 3660 4472 scimus.
3701 4414 3832 4474 Cer—

3019 4487 3260 4539 tissimus
3320 4488 3473 4540 homo
3527 4488 3834 4554 studiosus,

3018 4559 3128 4638 etc.
3167 4556 3319 4611 Sicut
3362 4556 3576 4638 legitur
3612 4559 3675 4612 in
3708 4576 3831 4613 var.

3022 4626 3201 4680 Maur.
3228 4642 3369 4682 uuas
3398 4626 3612 4682 videas.

2205 4696 2534 4765 Sequuntur
2586 4699 2780 4749 autem
2844 4692 2906 4747 in
2973 4695 3162 4749 codice
3227 4692 3358 4751 duae
3406 4699 3533 4752 alite
3562 4700 3834 4762 haereses,

2136 4767 2604 4821 Nestorianorum
2658 4765 2872 4818 scilicet
2923 4769 2981 4835 et
3026 4766 3529 4835 Eutychianorum,
3580 4769 3746 4824 sicuti
3774 4770 3835 4823 in

2134 4838 2254 4893 cod.
2286 4835 2785 4893 Benedictinorum
2805 4833 2984 4889 sancti
3019 4833 3217 4892 Mauri.
3262 4837 3383 4892 Vid.
3423 4833 3536 4893 var».

2384 5027 2588 5066 CONTRA
2620 5026 2897 5064 SECUNDAH
2918 5026 3129 5065 JULIANI
3160 5028 3586 5069 RESPONSIONBI.

2209 5103 2511 5172 Leguntur
2549 5098 2610 5152 in
2651 5098 2775 5152 cod.
2830 5098 3045 5172 Cassin.
3080 5115 3256 5172 cum,
3288 5102 3388 5155 fol.
3427 5106 3475 5162 I.
3517 5104 3619 5158 ubi
3652 5106 3836 5158 multa

2138 5168 2344 5227 menda
2392 5173 2716 5234 occurrunt,
2760 5168 2858 5223 sed
2889 5168 3040 5222 inter
3081 5169 3182 5241 illa
3220 5173 3481 5241 quaedam
3527 5181 3837 5229 occurrunt

2136 5241 2716 5313 varianteslectiones
2744 5254 2873 5309 qua:
2904 5254 3024 5293 non
3046 5239 3312 5313 videntur
3330 5245 3689 5313 respuendae.

2212 5312 2355 5367 Edit.
2386 5310 2507 5365 Lib.
2549 5326 2608 5377 ιι,
2657 5324 2782 5378 cap.
2838 5325 2934 5382 xv.
3090 5311 3227 5365 Cod.
3272 5314 3372 5366 Per
3415 5310 3836 5382 praevaricatio-

2138 5383 2590 5439 Praevaricatione
2614 5382 2788 5448 primi
2849 5380 2946 5434 ho-
3018 5396 3136 5434 nem
3164 5384 3335 5451 primi
3379 5380 3613 5439 heminis
3647 5388 3707 5439 in
3731 5401 3835 5440 na-

2137 5456 2302 5508 minis
2365 5456 2624 5506 naturam
2702 5453 2944 5505 verterit.
3020 5458 3201 5506 turam
3232 5457 3477 5509 verterit.

2216 5524 2331 5578 Lib.
2393 5539 2477 5591 m,
2549 5537 2670 5591 cap.
2734 5536 2945 5594 LXXXII.
3094 5522 3173 5576 Id.
3222 5524 3368 5578 Unde
3420 5536 3544 5594 ergo
3589 5541 3695 5579 non
3737 5542 3836 5580 ea:-

2146 5595 2293 5651 Unde
2310 5608 2435 5660 ergo
2449 5607 2555 5647 non
2578 5593 2947 5658 emsufflatam,
3025 5596 3329 5661 sufﬂatam,
3397 5611 3502 5649 non
3561 5601 3837 5651 ρπονείειι-

2199 3785 2331 3850 Cap.
2366 3797 2489 3834 XLII.
2542 3782 2641 3834 Isti
2682 3784 2808 3836 sunt
2844 3795 2937 3834 ne-

2126 3851 2306 3920 fanda
2322 3854 2600 3917 facientes.

2201 3992 2313 4062 Cap
2388 4008 2512 4046 Lvu.
2552 3993 2735 4049 Nescio
2775 4007 2939 4060 quam

2125 4065 2531 4133 phantatiscam
2602 4067 2653 4117 et
2742 4062 2942 4117 ridicu-

2133 4137 2239 4188 lam
2269 4134 2511 4203 fabulam
2548 4148 2795 4187 narrare.

2395 4219 2497 4256 LXV
2563 4203 2667 4268 Qui
2732 4202 2942 4257 dicebat

2135 4278 2298 4329 Deum
2325 4289 2433 4327 non
2457 4275 2636 4337 facere
2666 4275 2829 4327 mala.

2204 4345 2338 4414 Cap.
2368 4359 2624 4397 Lxxxvm.
2666 4345 2773 4401 Nec
2803 4343 2945 4414 unde

2128 4413 2303 4484 possit
2331 4415 2524 4482 accipi,
2551 4415 2769 4469 scimus.
2789 4413 2945 4481 Quod

2139 4488 2191 4541 si
2219 4491 2274 4540 tu
2294 4486 2501 4551 scieris,
2534 4489 2640 4538 etc.

2140 5681 2248 5721 non
2271 5667 2635 5721 exorcisatam
2663 5664 2955 5732 imaginem
3025 5668 3157 5729 tam,
3190 5679 3297 5719 non
3328 5665 3665 5734 baptizatam
3696 5672 3837 5724 ima-
3898 5713 3915 5720 -
3950 5692 3963 5703 -

3025 5735 3204 5801 ginem
3231 5749 3407 5792 suam.
