4004 6182
1510 243 1883 298 LECTIONES
1926 245 2335 298 VAItIANTES.
3532 252 3661 303 1226

1114 364 1185 438 id.
1226 365 1512 417 Catholica
1562 368 1850 417 sanctitate
1887 366 1925 416 A
1967 366 2151 417 solum
2207 365 2265 417 in
2320 364 2430 418 ista
2486 366 2757 427 humana,
2810 381 3005 417 verum
3050 365 3221 418 etiam
3282 370 3342 419 in
3404 369 3661 438 angelica

1038 433 1325 498 Ῑυίυεηεθευ
1966 460 2244 515 creatura,
2296 467 2465 521 quam
2520 456 2583 504 ut
2642 452 2774 504 mali
2818 452 2972 520 juste
3028 453 3261 506 miseria
3320 455 3655 522 puniantur,

1968 539 2100 592 boui
2123 554 2269 592 vero
2310 539 2666 593 beatitudine
2699 540 3106 609 perfruantur?
3141 541 3300 604 Quod
3332 556 3467 611 ergo
3506 559 3657 596 nunc

173 241 302 291 P225

232 361 369 415 Ibid.
421 378 543 429 cap.
603 379 708 414 CXI.
769 364 964 417 Catho-

160 433 262 484 lica
305 434 543 485 sanitate
567 434 854 498 fulgentes.

502 569 666 607 LIBER
706 570 771 606 DE
812 570 1049 607 DIVERSIS
1090 571 1501 615 QIIESTIONIBCS.

238 659 535 727 Reperitur
566 658 715 711 inter
741 659 961 711 chartas
992 659 1055 711 D.
1082 659 1437 729 Frangipane
1464 677 1577 714 una
1609 663 1850 732 quaestio

170 761 294 815 qua:
324 746 640 816 supplenda
670 746 876 798 dicitur
905 746 999 799 fol.
1034 749 1088 806 4,
1123 754 1263 802 tom.
1294 748 1384 815 VI,
1419 749 1727 811 Benedict.,
1754 753 1846 803 sed

169 835 319 886 locus
344 834 514 887 aliter
543 850 654 887 non
682 833 985 899 indicatur,
1022 850 1122 887 nec
1153 840 1303 888 recta
1332 835 1553 889 videtur
1583 852 1722 906 vaga
1755 838 1851 891 illa

165 922 449 975 iudicatio.
506 922 658 975 Hanc
716 928 904 975 autem
962 923 1339 992 qumstionem
1391 924 1541 993 apud
1593 933 1844 978 sanctum

163 1011 541 1078 Augustinum
574 1010 829 1063 invenire
865 1026 977 1064 non
1008 1011 1190 1080 potui.
1233 1010 1323 1065 Sic
1353 1017 1545 1065 autem
1591 1028 1649 1067 se
1680 1012 1847 1065 habet

164 1101 215 1151 in
251 1097 376 1151 cod.
413 1098 628 1152 llassin.
664 1113 831 1161 cum,
862 1098 959 1151 fol.
996 1099 1064 1151 2O
1097 1115 1126 1150 a
1157 1103 1340 1169 tergo.

686 1242 752 1278 DE
793 1242 949 1279 MAGIS
989 1242 1312 1281 PHARAONIS.

232 1334 349 1384 Non
382 1337 608 1401 oportet
642 1331 849 1384 mm'eri
878 1346 1005 1383 cum
1050 1332 1283 1393 magicis
1312 1333 1530 1386 artibus
1571 1334 1842 1388 miracula

160 1422 294 1474 ﬁant
345 1420 684 1488 plerumque
732 1419 939 1471 similia
995 1418 1300 1479 miraculis,
1353 1437 1479 1490 qum
1534 1422 1680 1475 ﬁunt
1734 1440 1840 1492 per

156 1514 376 1561 sanctos
428 1508 525 1560 Dei
570 1523 778 1565 servos,
830 1506 974 1559 sicut
1022 1507 1294 1577 scriptum
1350 1516 1437 1562 est
1501 1509 1560 1563 in
1625 1511 1838 1579 Exodo,

156 1596 304 1667 quod
365 1595 514 1665 magi
563 1595 869 1648 Pharaonis
919 1596 1169 1648 fecerunt.
1222 1598 1497 1650 nonnulla
1551 1598 1833 1662 similiter,

156 1677 300 1739 sicut
350 1685 484 1737 fecit
528 1685 763 1753 Moyses.
820 1684 941 1736 Non
988 1699 1121 1751 ergo
1170 1685 1292 1737 haec
1348 1691 1567 1755 oportet
1619 1687 1835 1749 mirari,

159 1773 290 1842 quia
320 1773 532 1832 omnia,
569 1787 695 1841 qua)
730 1770 1028 1824 visibiliter
1057 1772 1221 1837 ﬁunt,
1253 1772 1421 1826 etiam
1455 1790 1556 1843 per
1598 1773 1837 1828 inferio-

158 1876 241 1911 res
288 1863 597 1930 potestates
645 1858 790 1909 aeris
836 1858 1005 1927 hujus
1059 1875 1174 1911 non
1221 1859 1465 1913 absurde
1513 1862 1635 1914 ﬁeri
1674 1879 1837 1932 posse

155 1946 478 2000 creduntur.
530 1945 631 1999 Sed
685 1946 791 1998 hoc
822 1946 1074 2010 interest,
1110 1947 1262 2015 quod
1313 1962 1440 1999 cum
1488 1949 1665 2001 sancti
1699 1949 1833 2001 talia

151 2035 383 2099 faciunt,
417 2034 475 2087 in
528 2033 764 2086 nomine
814 2033 910 2086 Dei
954 2034 1177 2086 Domini
1230 2038 1487 2088 omnium
1531 2052 1721 2089 rerum
1767 2038 1835 2090 de

152 2121 580 2177 sublimioribus
632 2122 887 2190 partibus
929 2121 1165 2190 jubetur
1221 2122 1480 2175 inferiori
1538 2131 1833 2178 creaturae.

154 2207 289 2260 Cum
318 2214 509 2261 autem
542 2209 674 2260 mali
706 2208 963 2260 homines
1010 2209 1246 2278 magicis
1279 2210 1492 2263 artibus
1525 2219 1837 2279 operantur

153 2294 376 2356 ~imilia.
412 2298 469 2349 in
511 2312 712 2348 manus
760 2312 890 2347 suas
939 2295 1165 2359 dantur,
1211 2314 1337 2350 cum
1387 2300 1765 2351 exaudiuntur
1804 2316 1835 2352 a

154 2383 526 2439 daemonibus.
584 2383 751 2451 Digni
796 2388 928 2437 sunt
974 2384 1147 2445 enim,
1182 2386 1276 2453 qui
1324 2387 1419 2438 tali
1472 2386 1834 2440 exauditione

153 2471 527 2540 decipiantur,
558 2478 623 2524 ut
653 2487 819 2541 poena
851 2470 963 2523 illis
987 2472 1087 2525 ﬁat
1111 2473 1217 2526 hoc
1250 2475 1397 2543 quod
1434 2476 1696 2527 videntur
1725 2475 1833 2528 im-

156 2563 373 2627 petrare
405 2559 768 2623 beneﬁcium,
797 2576 924 2612 cum
957 2560 1036 2612 eis
1067 2562 1333 2615 exhibent
1362 2563 1525 2632 quasi
1566 2564 1830 2630 privatim

157 2648 450 2700 inferiores
494 2654 800 2717 potestates
849 2649 1111 2716 quwdam
1162 2649 1449 2713 miracula,
1488 2656 1547 2702 ut
1594 2667 1687 2703 eos
1723 2652 1829 2704 ha-

152 2738 316 2788 beant
357 2736 709 2804 subjugatos,
743 2736 1020 2804 permissu
1062 2741 1252 2788 tamen
1289 2736 1495 2789 divinas
1526 2739 1828 2807 providen—

146 2824 253 2887 tiae,
287 2828 344 2876 ut
378 2840 477 2893 pro
510 2823 725 2877 meritis
757 2824 1079 2877 animarum
1111 2841 1213 2876 sua
1240 2823 1446 2894 cuique
1480 2825 1825 2881 tribuantur.

649 2943 710 2981 EX
754 2943 909 2981 LIBRO
952 2944 1016 2981 DE
1055 2944 1321 2983 SUSANNA.

212 3036 334 3087 Haec
377 3039 636 3103 excerpta
682 3038 815 3086 sunt
854 3049 918 3086 ex
966 3034 1110 3087 libro
1157 3035 1227 3087 de
1264 3034 1520 3088 Susanna
1562 3036 1617 3090 in
1664 3037 1819 3092 Com.

143 3124 301 3174 lledm
334 3122 509 3174 sancti
550 3121 880 3191 Augustini;
918 3127 1167 3174 attamen
1204 3124 1497 3191 pervoluto
1534 3124 1596 3177 D.
1631 3128 1822 3194 Aligil-

140 3210 268 3261 stini
299 3225 471 3278 opere
501 3209 828 3278 hujusmodi
859 3209 1070 3262 librum
1107 3208 1256 3263 haud
1288 3212 1507 3279 reperi;
1533 3211 1663 3264 duxi
1694 3212 1822 3265 ideo

140 3299 223 3347 hic
255 3296 581 3364 exemplari.
827 3296 829 3299 ’

206 3383 351 3446 Quid
404 3384 626 3437 Hebraei
674 3385 983 3453 reprobant
1037 3385 1332 3439 historiam
1393 3386 1685 3449 Susanna},
1736 3388 1818 3441 di-

138 3475 326 3523 centes
366 3486 488 3522 eam
533 3471 591 3524 in
626 3472 870 3524 Danielis
904 3473 1190 3526 volumine
1225 3489 1339 3527 non
1372 3474 1608 3527 haberi?
1640 3475 1817 3528 Debe-

139 3574 262 3610 mus
286 3558 592 3628 diligenter
621 3559 908 3629 inquirerc
934 3560 1163 3613 nomina
1190 3562 1370 3615 schini
1402 3566 1458 3614 et
1488 3562 1661 3630 prini,
1690 3579 1817 3633 quae

138 3645 306 3699 latine
347 3646 457 3699 ilex
503 3652 558 3700 et
606 3647 874 3700 lentiscus
924 3648 1392 3718 interpretantur,
1427 3650 1472 3702 si
1516 3650 1628 3703 sint
1665 3652 1814 3720 apud

134 3733 411 3799 Hebraeos,
447 3738 502 3787 et
530 3750 699 3803 quam
730 3733 977 3787 habeant
1007 3736 1437 3805 etymologiam,
1470 3742 1533 3789 ut
1562 3754 1591 3789 a
1624 3738 1817 3790 schino

128 3820 343 3886 scissio,
368 3826 423 3873 et
452 3838 483 3873 a
513 3821 699 3891 prino,
736 3823 930 3886 sectio,
957 3822 1069 3875 sive
1099 3824 1337 3876 serratio
1370 3823 1592 3876 dicatur
1620 3824 1813 3893 lingua

127 3925 347 3962 eorum.
396 3908 558 3972 Quod
610 3909 657 3961 si
714 3926 827 3961 non
888 3909 1060 3963 fuerit
1116 3910 1433 3974 inventum,
1484 3912 1814 3964 necessitate

126 4010 400 4065 cogemur
440 4002 495 4049 et
546 4013 646 4049 nos
695 3998 1049 4067 acquiescere
1098 4014 1294 4052 eorum
1347 3999 1664 4064 sententiis,
1717 4002 1815 4069 qui

126 4083 295 4152 Βραιρί
338 4088 562 4138 tantum
604 4085 880 4138 sermonis
920 4085 1066 4139 hanc
1098 4087 1298 4139 volunt
1339 4103 1459 4140 esse
1486 4086 1811 4157 pericopen,

127 4187 254 4240 qum
281 4188 525 4241 graecam
556 4177 775 4226 tantum
806 4173 1013 4226 habeat
1042 4173 1467 4243 etymologiam,
1501 4179 1558 4227 et
1583 4174 1808 4228 hebrai-
1844 4181 1888 4236 D

124 4274 244 4311 cam
277 4275 391 4312 non
425 4259 648 4313 habeat.
676 4259 834 4322 Quod
856 4259 902 4312 si
934 4260 1060 4330 quis
1083 4262 1391 4316 ostenderit
1414 4262 1653 4315 duarum
1684 4262 1813 4315 ista-

125 4362 250 4400 rum
295 4346 565 4400 arborum
607 4346 890 4400 scissionis
928 4353 985 4401 et
1026 4348 1335 4414 divisionis,
1371 4354 1426 4403 et
1468 4350 1524 4402 in
1557 4349 1810 4417 hazbrea,

123 4434 551 4504 etymologiam,
584 4438 719 4489 tunc
749 4436 1065 4505 poterimus
1096 4438 1267 4491 etiam
1297 4437 1443 4492 hanc
1472 4437 1809 4507 scripturam

123 4522 394 4593 recipere.

525 4642 759 4686 QUES‘I'IO
800 4644 866 4681 DE
908 4645 1258 4684 PROVIDENTIA
1298 4647 1405 4684 DEI.

193 4731 423 4801 Legitur
438 4746 568 4785 cum
590 4733 821 4786 nomine
846 4735 1024 4788 sancti
1050 4736 1351 4805 Augustini
1372 4736 1428 4789 in
1453 4736 1574 4790 cod.
1592 4753 1809 4802 CLXVIII,

121 4822 193 4871 fol
256 4821 357 4873 H2
405 4835 437 4871 a
484 4824 667 4889 tergo,
696 4837 800 4874 nec
850 4822 948 4875 illo
1001 4822 1239 4894 indigna
1288 4830 1390 4885 est,
1428 4824 1559 4877 licet
1586 4841 1809 4878 merum

124 4924 245 4960 esse
276 4905 537 4959 videatur
567 4907 973 4977 fragmentum.

192 4996 336 5048 Ilinc
367 4994 615 5048 maxime
656 4997 1002 5051 credendum
1050 5004 1153 5063 est,
1196 4999 1344 5068 quod
1391 4998 1569 5069 pietas
1601 5000 1813 5069 praedi-

119 5089 227 5147 cat,
256 5081 621 5135 manifestum
654 5083 908 5136 futurum
940 5085 1374 5154 essejudicium,
1401 5087 1535 5157 quia
1565 5103 1719 5140 nunc
1739 5087 1813 5139 vi-

119 5169 322 5223 demus
371 5170 654 5223 humanas
698 5171 995 5226 felicitates
1038 5179 1094 5225 et
1136 5173 1320 5226 clades
1362 5174 1663 5227 indiscrete
1704 5174 1811 5227 bo-

119 5261 205 5310 nis
233 5264 291 5311 et
323 5257 507 5320 malis,
542 5258 698 5312 velut
724 5260 849 5313 sine
880 5261 1257 5330 ullojudicio,
1292 5278 1411 5315 esse
1452 5277 1808 5326 communes,

117 5362 244 5400 cum
299 5346 399 5399 Dei
440 5346 682 5414 justitia,
717 5348 879 5417 cujus
933 5348 1010 5401 sic
1050 5348 1265 5402 eminet
1289 5349 1349 5402 in
1390 5348 1558 5403 rebus
1591 5348 1811 5419 exiguis

118 5432 497 5500 providentia,
533 5435 691 5487 nullo
738 5434 910 5488 modo
949 5434 1239 5507 relinquet
1282 5436 1402 5491 sine
1452 5437 1569 5490 ullo
1592 5436 1809 5506 judicio

125 5518 336 5589 passim
372 5520 595 5575 ﬂuitare
644 5522 883 5592 majora.
915 5523 1062 5588 Quid
1111 5529 1299 5581 autem
1342 5525 1525 5597 majus
1567 5531 1650 5581 est
1694 5541 1810 5581 non

435 5627 706 5692 Ριιτιιοι..
762 5629 1003 5693 XLVII.

1965 628 2114 680 malo
2163 628 2379 680 homini
2426 626 2586 697 quasi
2637 628 2780 680 bene
2830 632 2932 692 est,
2969 627 3189 681 occulta
3217 643 3389 697 paena
3437 635 3541 692 est,
3574 630 3653 682 fe-

1967 715 2145 769 licitas
2195 716 2351 769 falsa.
2406 715 2566 779 Quod
2612 721 2798 766 autem
2844 715 3061 767 homini
3108 716 3259 769 bono
3301 717 3448 770 male
3500 715 3651 788 [cod.

1962 802 2145 871 malo.)
2196 807 2299 867 est,
2345 818 2458 855 non
2512 818 2812 871 pra-mium
2862 803 3058 870 pietati
3112 809 3375 873 negatur,
3428 806 3526 857 sed
3584 805 3653 858 ad

1960 892 2178 959 majora
2200 890 2439 959 praemia
2468 890 2744 959 patientia
2777 889 3001 960 pietatis
3032 896 3291 960 augetur.
3326 892 3467 945 Item
3499 895 3650 962 quod

1958 977 2290 1047 aliquando,
2321 981 2376 1029 et
2419 976 2478 1029 in
2508 976 2612 1029 hac
2643 976 2753 1028 vita
2797 976 2944 1029 malo
2976 977 3196 1030 homini
3238 978 3385 1031 male
3417 983 3520 1043 est,
3556 985 3652 1033 aut

1958 1065 2287 1121 emendatio
2312 1070 2415 1123 est.
2449 1070 2547 1117 aut
2586 1063 2817 1117 afﬂictio
2859 1070 3254 1131 peccatorum;
3290 1064 3515 1134 quando
3546 1080 3645 1116 au-

1958 1154 2257 1207 tem'bono
2300 1152 2522 1207 homini
2564 1152 2708 1206 bene
2751 1156 2854 1217 est,
2889 1168 3005 1205 non
3044 1157 3129 1205 est
3175 1151 3329 1205 illius
3384 1168 3647 1221 supernae

1954 1242 2157 1309 patria:
2201 1241 2581 1295 certissimum
2622 1240 2918 1309 gaudium,
2959 1240 3054 1292 sed
3093 1239 3266 1308 hujus
3304 1240 3644 1310 periculosa:

1954 1329 2433 1399 peregrinationis
2488 1329 2905 1398 qualecumque
2957 1327 3242 1380 solatium.
3298 1329 3424 1381 Haec
3470 1334 3643 1398 atque

1954 1418 2282 1483 huiusmodi
2326 1418 2371 1469 si
2413 1418 2689 1486 cogitaret
2732 1415 2978 1468 inﬁdelis
3020 1414 3302 1483 impietas,
3346 1416 3402 1466 in
3432 1416 3641 1483 guber-

1951 1505 2155 1559 nandis
2185 1508 2240 1558 et
2278 1504 2609 1557 ordinandis
2653 1503 2818 1556 rebus
2856 1502 3121 1555 humanis
3153 1501 3403 1555 divinam
3444 1504 3641 1570 provi-

1950 1593 2202 1647 dentiam
2256 1608 2369 1645 non
2427 1595 2682 1661 negaret.
2735 1591 2847 1644 Nec
2904 1590 2959 1642 in
3020 1588 3138 1642 suis
3204 1589 3520 1642 tenebrosis
3587 1596 3641 1642 et

1958 1680 2263 1734 mortiferis
2308 1679 2537 1740 viribus,
2570 1686 2763 1732 contra
2805 1679 2995 1731 lumen
3026 1683 3081 1730 et
3129 1677 3299 1730 vitam
3344 1678 3638 1747 sapientia!

1950 1768 2300 1839 perduraret.
2338 1768 2481 1821 Illud
2528 1783 2664 1836 ergo
2697 1766 2952 1819 attendat
2978 1767 3151 1818 homo
3178 1764 3445 1829 inﬁdelis,
3475 1768 3626 1835 quod

1947 1857 2132 1910 dicere
2166 1872 2277 1908 non
2302 1859 2489 1924 potest
2518 1855 2587 1907 ab
2618 1852 2949 1908 hominibus
2981 1852 3327 1910 institutum.
3353 1869 3423 1905 ne
3457 1854 3635 1907 Deum

1946 1946 2115 2012 neget
2152 1943 2323 1995 rebus
2370 1942 2638 1995 humanis
2685 1941 2941 1994 ordinem
2974 1940 3131 2007 dare,
3162 1940 3259 2009 qui
3292 1940 3482 1995 docuit
3512 1943 3634 2009 api-

1944 2032 2128 2083 cuiam
2180 2030 2350 2083 cellas
2387 2028 2645 2084 favorum
2681 2034 2795 2082 tam
2828 2026 3164 2080 mirabiliter
3200 2027 3483 2080 ordinare.
3521 2028 3633 2098 Ipsi

1942 2116 2159 2187 quippe
2198 2116 2419 2170 homini
2457 2116 2585 2186 quis
2617 2115 2772 2168 dedit
2808 2114 3150 2167 inordinatis
3191 2116 3364 2167 rebus
3398 2115 3629 2177 offendi,

1943 2210 1999 2256 et
2029 2219 2220 2257 rerum
2250 2204 2451 2256 ordine
2482 2203 2773 2256 delectari.
2818 2203 3013 2255 Nonne
3043 2201 3149 2254 hoc
3185 2202 3244 2255 in
3275 2218 3391 2255 suae
3425 2203 3633 2257 animae

1944 2296 2147 2344 natura
2176 2290 2412 2352 invenit,
2448 2306 2576 2360 quas
2616 2290 2721 2342 sibi
2766 2289 2887 2358 ipse
2920 2305 3033 2342 non
3077 2288 3250 2342 fecit?
3284 2292 3425 2343 Nam
3455 2306 3634 2360 quare

1944 2379 2141 2433 ordine
2193 2395 2309 2431 non
2356 2378 2588 2431 invento
2639 2378 2694 2430 in
2748 2377 2918 2430 rebus
2965 2377 3253 2444 humanis,
3305 2378 3485 2431 Deum
3544 2394 3633 2430 res

1942 2468 2224 2520 humanas
2273 2465 2591 2534 gubernare
2635 2479 2751 2517 non
2796 2464 2993 2529 credit,
3029 2464 3137 2516 nisi
3172 2464 3307 2533 quia
3341 2466 3509 2517 rebus
3537 2465 3631 2517 in-

1940 2553 2218 2621 ordinatis
2257 2554 2519 2606 ordinata
2562 2550 2708 2622 [cod.
2749 2553 3111 2618 inordinatos,
3160 2566 3263 2604 nec
3304 2552 3511 2605 deinde
3540 2570 3626 2606 or-

1939 2643 2160 2695 dinatas
2213 2638 2407 2710 habet]
2463 2655 2797 2710 praeponere
2845 2639 3180 2691 naturaliter
3228 2639 3404 2692 novit.
3455 2640 3624 2707 Ergo-

1941 2745 2011 2782 ne
2060 2730 2234 2782 homo
2277 2728 2496 2796 judicat
2549 2726 2969 2780 ordinationem
3026 2725 3215 2795 potius
3272 2741 3446 2796 quam
3503 2742 3630 2796 per-

1938 2817 2322 2869 turbationem
2392 2815 2659 2885 operibus
2717 2815 3018 2867 convenire
3085 2813 3311 2876 divinis,
3355 2822 3410 2867 et
3478 2815 3626 2868 Deus

1868 2908 1907 2961 C
1935 2903 2260 2956 ordinatum
2306 2902 2585 2969 judicium
2638 2918 2747 2954 non
2796 2901 2967 2954 habet
3014 2901 3084 2954 de
3125 2900 3454 2954 hominibus
3492 2903 3622 2954 uni-

1936 2991 2131 3058 versis,
2198 2991 2296 3061 qui
2364 2990 2551 3043 ordini
2622 3004 2856 3043 sensum
2926 2989 3137 3043 creavit
3202 2988 3263 3042 in
3331 2989 3622 3059 singulis?

1934 3079 2113 3132 Stabit
2160 3079 2348 3148 plane,
2398 3078 2599 3141 habet;
2647 3093 2762 3130 non
2816 3076 3039 3130 dubitat
3082 3076 3285 3146 pietas,
3350 3078 3454 3131 etsi
3506 3093 3621 3131 non

1934 3165 2366 3235 comprehendit
2401 3163 2725 3217 inﬁrmitas.
2757 3163 2937 3233 Opera
2980 3162 3273 3217 fabrorum
3310 3179 3373 3217 ea
3410 3179 3619 3233 nempe

1934 3254 2250 3319 laudamus,
2298 3268 2426 3322 quae
2476 3250 2755 3320 inspicere
2799 3266 3120 3320 possumus,
3155 3250 3618 3305 mechanicorum

1930 3347 2121 3394 autem
2151 3346 2468 3409 stupemus,
2501 3342 2555 3391 et
2585 3338 2695 3393 nisi
2728 3345 2924 3408 aperta
2952 3344 3126 3408 atque
3159 3343 3473 3393 monstrata
3501 3339 3618 3393 fue-

1930 3430 2063 3494 rint,
2106 3445 2204 3481 eos
2250 3426 2631 3496 impossibilia
2671 3426 2923 3496 potuisse
2976 3426 3272 3480 miramur.
3323 3426 3435 3480 Cur
3479 3441 3617 3495 ergo

1929 3519 1997 3571 de
2038 3516 2269 3586 judiciis
2318 3515 2414 3569 Dei
2466 3520 2681 3568 temere
2719 3515 3068 3584 judicamus,
3099 3520 3155 3567 et
3206 3514 3384 3567 divini
3430 3516 3619 3583 operis

1928 3605 2211 3667 ordinem,
2263 3603 2360 3657 ubi
2420 3620 2535 3656 non
2593 3603 2952 3672 potuerimus
3017 3601 3228 3667 videre,
3280 3600 3617 3654 festinamus

1926 3710 2155 3763 negare,
2198 3693 2496 3745 laudantes
2540 3689 2964 3761 providentiam
3017 3688 3296 3742 Creatoris
3343 3688 3401 3740 in
3448 3688 3614 3740 arbo-

1925 3797 2051 3833 rum
2102 3780 2270 3842 foliis,
2306 3784 2363 3831 et
2392 3794 2518 3831 eam
2569 3792 2689 3831 non
2730 3781 2993 3846 putantes
3038 3775 3246 3827 essein
3292 3774 3461 3827 rebus
3508 3775 3614 3827 hu-

1926 3869 2148 3933 manis;
2182 3884 2285 3921 nec
2333 3866 2523 3934 potius
2567 3864 3041 3934 investigabiliter
3088 3870 3144 3916 et
3176 3865 3419 3917 latenter
3458 3864 3613 3917 ordi-

1926 3973 2054 4009 nem
2090 3972 2277 4009 rerum
2311 3955 2692 4007 humanarum
2728 3967 2953 4005 currere
2983 3951 3285 4017 credimus,
3322 3966 3494 4020 quem
3526 3951 3612 4003 vel

1925 4045 2270 4098 immensum
2319 4040 2825 4112 comprehendere,
2870 4039 2953 4092 vel
3003 4041 3285 4092 occultum
3332 4038 3611 4107 inspicere

1926 4147 2040 4185 non
2102 4129 2388 4183 valemus?
2449 4128 2554 4182 Sed
2622 4143 2814 4180 rerum
2880 4125 3152 4180 divinitus
3215 4124 3608 4178 institutarum

1925 4220 2153 4274 ordines
2198 4217 2504 4281 manifesti,
2562 4232 2626 4268 ex
2680 4215 2890 4284 quibus
2938 4212 3322 4283 conjiciuntur
3378 4213 3609 4277 occulti,

1919 4307 2131 4360 feriunt
2156 4307 2325 4358 etiam
2359 4304 2552 4357 oculos
2582 4304 2911 4371 impiorum.

2078 4445 2316 4489 ΟΙῘᾸΣεΤΙΟ
2348 4443 2414 4479 DE
2447 4440 2623 4478 ΗΕΒυὸ
2663 4440 2926 4484 οιιλιιιτεῐι
2969 4438 3168 4477 UTATUR
3208 4438 3445 4477 SAI’IENS.

1992 4552 2224 4620 Legitur
2272 4551 2329 4602 in
2392 4547 2512 4601 cod.
2565 4562 2784 4608 CLXVIII,
2847 4546 2945 4598 fol.
3006 4548 3119 4603 H3.
3184 4561 3312 4598 cum
3370 4545 3605 4598 nomine

1920 4641 2099 4694 sancti
2130 4635 2448 4706 Augustini,
2484 4634 2631 4703 apud
2681 4648 2853 4702 quem
2885 4632 3091 4684 similia
3122 4633 3386 4702 quadam
3417 4632 3610 4686 videas

1920 4729 2131 4792 Qurest.
2166 4726 2376 4792 Evang.
2420 4723 2525 4776 lib.
2574 4737 2635 4786 ιι,
2668 4735 2719 4772 n.
2763 4723 2853 4772 ll.

1990 4812 2251 4883 Quisquis
2300 4816 2487 4861 autem
2539 4807 2707 4859 rebus
2760 4805 3241 4874 praetereuntibus
3288 4804 3605 4857 restrictius

1921 4909 2118 4965 utitur,
2156 4914 2328 4970 quam
2374 4911 2495 4948 sese
2538 4894 2748 4948 habent
2781 4909 2969 4946 mores
3000 4908 3201 4945 eorum
3240 4908 3369 4945 cum
3401 4892 3611 4962 quibus

1919 4991 2073 5051 vivit,
2110 4995 2208 5041 aut
2249 4986 2661 5053 intemperans,
2692 4985 2792 5035 aut
2838 4979 3261 5051 superstitiosus
3310 4985 3414 5032 est.
3441 4978 3606 5042 Quis-

1920 5078 2047 5150 quis
2083 5092 2217 5129 VPI‘O
2249 5073 2327 5127 sic
2371 5071 2450 5125 eis
2501 5069 2700 5136 utitur,
2732 5074 2790 5123 ut
2825 5073 3005 5122 metas
3035 5065 3466 5120 consuetudinis
3504 5065 3606 5119 bo-

1920 5180 2124 5220 norum
2156 5164 2306 5216 inter
2358 5176 2499 5229 quos
2544 5164 2818 5218 versatur,
2851 5155 3102 5222 excedat,
3134 5158 3233 5207 aut
3282 5153 3498 5223 aliquid
3533 5154 3607 5207 si-

1920 5252 2169 5322 gniﬁcat,
2204 5253 2301 5302 aut
2326 5245 2642 5315 ﬂagitiosus
2671 5250 2783 5308 est;
2818 5243 2877 5296 in
2904 5242 3175 5295 omnibus
3207 5240 3359 5294 enim
3398 5240 3609 5295 talibus

1920 5356 2038 5395 non
2068 5354 2204 5392 usus
2234 5351 2448 5400 rerum,
2477 5333 2571 5387 sed
2606 5331 2780 5385 libido
2822 5330 2879 5382 in
2913 5331 3079 5400 culpa
3116 5333 3219 5383 est.
3252 5328 3399 5393 Quid
3430 5328 3610 5399 igitur

1920 5428 2078 5493 locis,
2110 5431 2165 5480 et
2190 5423 2566 5493 temporibus,
2598 5423 2654 5473 et
2696 5416 2959 5489 personis
2999 5415 3263 5470 convenit
3303 5416 3609 5488 diligenter

1922 5512 2331 5574 attendendum
2364 5515 2468 5581 est,
2496 5524 2569 5563 ne
2605 5511 2818 5562 temere
2850 5504 3068 5575 ﬂagitia
3100 5504 3605 5573 reprehendamus.

3175 5616 3256 5677 39
