4068 6192
357 216 483 265 I227

353 335 495 389 Fieri
525 334 678 388 enim
711 336 916 403 potest,
951 335 1012 384 ut
1043 331 1162 383 sine
1192 328 1382 398 aliquo
1417 325 1554 378 vitio
1587 323 1910 395 cupiditatis
1944 324 2029 376 vel
2071 326 2112 374 A

350 423 667 477 voracitatis
718 419 1128 491 pretiosissima
1181 416 1306 470 cibo
1352 415 1578 483 sapiens
1627 419 1843 477 utatur,
1896 411 2031 464 insi-

351 512 509 580 piens
538 517 730 564 autem
770 506 1094 562 fmdissimaa
1135 506 1283 574 gulae
1329 505 1560 556 ﬂamma
1602 503 1660 554 in
1694 501 2031 554 vilissimum

348 601 620 653 ardescat.
687 599 748 649 Et
803 595 977 648 satius
1039 592 1198 664 [Cod
1252 606 1438 653 sanus,
1491 595 1543 641 et
1601 587 1806 641 deinde
1866 585 2031 655 vesci]

349 688 588 756 quisque
618 701 774 738 more
810 682 1037 736 Domini
1072 681 1222 750 pisce
1267 679 1528 741 vescitur,
1565 692 1737 746 quam
1769 675 2037 728 lenticula

350 793 504 829 more
555 774 728 827 Esaiae
779 770 1003 841 nepotis
1052 769 1364 831 Abraham,
1396 773 1492 818 aut
1541 764 1734 818 herbis
1786 764 1866 833 [in
1911 764 2031 815 cod.

353 864 592 917 habetur
637 875 742 912 vox
787 875 916 928 quas
957 857 1070 925 legi
1108 872 1223 909 non
1255 858 1468 924 potest;
1506 851 1811 906 divinando
1840 850 2034 920 posui-

349 967 476 1004 mus
510 948 712 1020 herbis]
747 963 902 1001 more
937 946 1348 1015 jumentorum.
1387 943 1503 995 Non
1538 941 1693 993 enim
1738 944 2036 1010 propterea

351 1036 794 1090 continentiores
851 1033 1014 1086 nobis
1077 1039 1209 1084 sunt
1269 1032 1553 1100 pleraeque
1622 1028 1840 1092 bestia),
1901 1027 2036 1097 quia

347 1125 638 1178 vilioribus
674 1125 907 1176 aluntur
939 1121 1095 1175 escis.
1135 1121 1274 1173 Nam
1313 1119 1368 1170 in
1401 1116 1667 1170 omnibus
1707 1114 2036 1185 Iiujusmodi

348 1213 516 1268 rebus
562 1227 680 1266 non
723 1227 788 1263 ex
835 1225 1031 1262 earum
1083 1215 1307 1266 natura,
1341 1205 1548 1276 quibus
1598 1204 1831 1267 utimur,
1867 1203 1963 1256 sed
2007 1219 2036 1254 e

347 1318 512 1354 causa
561 1300 752 1353 utendi
821 1297 982 1362 mod.
1045 1297 1192 1348 male
1243 1291 1496 1362 attendi],
1547 1296 1601 1344 et
1652 1292 1818 1344 modo
1870 1307 2036 1360 appe-

348 1388 521 1450 tendi,
571 1390 651 1440 vel
697 1386 1056 1457 probandum
1108 1390 1191 1436 est
1235 1383 1317 1434 vel
1369 1380 1831 1450 improbandum,
1887 1379 2034 1447 quod

349 1478 605 1529 facimus.

1016 1575 1379 1630 APPENDIX.

1049 1697 1221 1734 εειιὶιο
1261 1696 1367 1733 LVI.

419 1791 646 1862 Legitur
676 1791 735 1843 in
768 1790 888 1842 cod.
923 1786 1136 1841 Cassin.
1162 1802 1237 1847 χι,
1293 1785 1400 1838 fol.
1429 1787 1516 1845 92,
1551 1783 1646 1836 ubi
1684 1799 1736 1836 n.
1779 1783 1831 1839 4.
1866 1782 2037 1834 babe-

346 1889 439 1933 tur
470 1885 531 1932 ut
560 1879 617 1931 in
648 1876 935 1948 prioribus
982 1875 1150 1928 editis
1189 1877 1319 1942 post
1354 1871 1474 1924 haec
1501 1871 1670 1924 verba
1700 1872 1918 1936 fortiter
1947 1872 2040 1921 vi-

344 1970 494 2032 cerit,
529 1981 657 2035 quin
688 1968 1046 2033 sequuntur:
1081 1961 1360 2014 Erubescit
1383 1957 1652 2026 siquidem
1681 1957 1906 2026 despici,
1929 1959 2040 2008 nisi

344 2060 557 2125 superet
588 2054 788 2107 hostem
817 2054 955 2117 forti
981 2052 1226 2103 victoria.
1260 2046 1382 2100 Vid.
1416 2062 1532 2099 var.
1568 2045 1747 2099 Maur.

1009 2151 1184 2190 SEBMO
1215 2150 1378 2188 LXXII.

415 2231 647 2302 Legitur
674 2236 795 2284 tum
823 2230 881 2283 in
907 2229 1030 2283 cod.
1066 2227 1276 2280 Cassin.
1329 2242 1404 2291 x1,
1432 2225 1524 2278 fol.
1559 2227 1644 2290 58,
1673 2229 1794 2277 tum
1828 2226 1883 2276 in
1913 2225 2036 2278 cod.

347 2322 617 2386 Florent.,
674 2319 815 2372 Bibl.
874 2317 1088 2372 Sanctae.
1153 2314 1365 2380 Crucis,
1437 2313 1581 2382 plut.
1663 2327 1768 2364 xxx
1829 2312 2036 2371 sinist..

348 2409 467 2464 cod.
499 2425 560 2475 II,
583 2407 682 2462 fol.
719 2408 833 2462 I38.

417 2497 560 2551 Edit.
593 2497 656 2549 N.
695 2499 740 2549 1.
795 2494 1149 2554 Audivimus,
1298 2490 1434 2544 Cod.
1540 2507 1595 2543 ιι.
1703 2488 2035 2543 Audivimus

344 2573 393 2620 et
422 2567 659 2638 quodam
693 2565 866 2620 modo.
1227 2561 1600 2638 Evangelium,
1687 2565 1735 2612 et
1802 2561 2034 2629 quodam

1224 2633 1406 2685 modo.

413 2707 552 2760 Ibid.
617 2705 947 2760 Navicellam
1007 2707 1151 2773 peri-
1299 2703 1377 2755 Id.
1429 2702 1750 2754 Naviculum
1815 2701 2034 2770 pericli-

347 2780 639 2832 clituntem.
1229 2779 1448 2825 tantem.

416 2848 556 2927 Ibid
583 2845 1018 2902 Periclitantibus
1035 2845 1155 2898 sub-
1299 2843 1378 2895 Id.
1427 2840 1874 2927 .Pe-riclilantibus
1925 2858 2038 2895 suc-
2081 2878 2116 2927 υ

345 2921 656 2974 venientem.
1225 2917 1541 2965 currentem.

412 2991 552 3043 Ibid.
599 2985 932 3042 Miraculum
969 2998 1151 3054 easpe-
1302 2983 1382 3036 Id.
1405 2982 1730 3037 Hiraculum
1767 2985 2036 3050 spectavi-

340 3062 622 3112 ctavimus.
1227 3067 1363 3106 mus.

1301 3122 1384 3176 Id.
1447 3123 1504 3175 Μ
1503 3123 1686 3188 ysticz
1749 3124 2034 3189 signiﬁca-

1230 3195 1390 3246 tionis
1422 3195 1679 3245 scrutari.

1301 3265 1378 3316 Id.
1447 3262 1719 3317 Obstrusis
1781 3263 2034 3328 favorum

1227 3334 1390 3386 cellis.

1296 3404 1377 3456 Id.
1403 3402 1665 3456 Ascendit
1710 3417 1852 3469 ergo,
1895 3405 2032 3455 sicut

1221 3473 1483 3539 audistis,
1512 3475 1764 3526 Dominus
1783 3474 2032 3528 Christus

1222 3545 1366 3597 solus
1396 3547 1452 3596 in
1491 3548 1736 3596 montem.

1296 3683 1372 3737 Id.
1438 3682 1584 3747 Quid
1650 3687 1826 3736 autem
1856 3685 1912 3736 in
1935 3684 2029 3737 hoc

1218 3753 1436 3819 mundo,
1469 3760 1557 3806 etc
1572 3753 1599 3806 ?

1293 3825 1372 3877 Id.
1415 3824 1544 3888 Quis
1586 3839 1707 3877 vero
1753 3825 1812 3876 in
1844 3826 2025 3877 caelum

1219 3894 1538 3947 ascenderit.

1291 3965 1466 4017 Codd.
1520 3963 1703 4016 ambo.
1763 3964 1870 4018 Cur
1920 3981 2015 4016 au-

1218 4038 1318 4086 tem
1382 4036 1526 4086 solus
1587 4034 1906 4097 ascenderit,
1975 4038 2024 4087 si

414 3130 551 3182 Ibid.
593 3129 836 3196 Mysticae
883 3127 1157 3194 signiﬁca-

345 3203 509 3252 tionis
530 3200 866 3264 exsculpere.

415 3270 552 3322 Idid.
583 3274 632 3322 Α
645 3270 872 3322 bstrusis
903 3267 1152 3330 favorum

343 3341 510 3392 cellis.

411 3409 548 3462 Ibid.
583 3406 852 3460 Ascendit
884 3421 1008 3472 ergo
1061 3408 1151 3458 Do-

341 3483 519 3531 minus
557 3483 736 3531 noster
774 3476 932 3530 Jesus
991 3477 1142 3532 Chri-

340 3558 474 3615 stus,
504 3554 564 3601 ut
595 3549 786 3601 lectum
814 3552 911 3606 est,
933 3547 992 3598 in
1013 3561 1150 3599 mon.

341 3626 438 3672 tem
471 3621 631 3672 solus.

412 3688 549 3743 Ibid.
588 3688 736 3752 Quid
775 3689 916 3742 enim
963 3688 1022 3740 in
1054 3687 1146 3739 hoc

340 3759 558 3823 mundo,
583 3761 732 3811 etcf?

409 3830 551 3882 Ibid.
590 3829 720 3894 Quis
773 3844 896 3881 vero
951 3829 1010 3880 in
1047 3841 1144 3880 σα·-

339 3903 448 3953 lum
477 3900 736 3953 ascendit.

407 3970 542 4023 Ibid.
589 3971 714 4031 Cur,
766 3973 940 4022 autem
1003 3967 1145 4020 solus

340 4039 582 4093 ascendit
605 4041 631 4091 ἵ
661 4041 819 4104 Quia,
857 4049 961 4092 etc.

1214 4180 1320 4227 etc.

1286 4243 1421 4298 Cod.
1493 4260 1550 4296 ιι.
1631 4245 1785 4297 Nunc
1851 4249 2024 4297 tamen

1215 4315 1383 4366 solum
1414 4319 1598 4379 caput.

1287 4384 1364 4436 Id.
1426 4384 1562 4448 Quia
1626 4386 1884 4436 insistunt
1921 4387 2020 4450 ﬂu-

1215 4459 1352 4516 ctus,
1379 4459 1554 4520 potest
1603 4455 1876 4507 navicula.

336 4195 542 4242 curras,
563 4181 668 4233 cito
681 4177 970 4247 respondeo
987 4180 1136 4244 quia,

406 4251 550 4304 Ibid.
602 4252 755 4304 Nunc
831 4255 1007 4301 autem
1063 4262 1141 4300 so-

335 4323 441 4374 lum
471 4326 654 4388 caput.

408 4392 471 4444 Ν.
530 4393 583 4443 2.
651 4389 788 4454 Quia
855 4391 1142 4454 insurgunt

333 4463 545 4527 fluctus,
589 4465 766 4529 potest
813 4461 935 4526 ipsa
991 4460 1142 4510 navi-

577 4595 909 4654 Navicellam
943 4600 1144 4666 quippe

341 4685 377 4722 is
403 4684 514 4723 am.

329 4684 514 4723 istam.

1286 4593 1364 4646 Id.
1437 4594 1751 4648 Naviculam
1824 4596 2024 4664 quippe

1212 4666 1384 4718 illum.

1621 202 2026 257 AI’PENDICIS
2063 199 2571 255 AUGUSTINIANI.

2221 319 2361 373 Ibid.
2406 321 2542 373 Dum
2589 335 2703 372 eam
2745 320 2845 372 huc
2881 324 2960 370 at-

2147 407 2246 458 que
2283 391 2346 441 ill
2355 405 2416 442 uc
2443 392 2850 455 circum/erunt.

2221 460 2358 514 Ibid.
2416 462 2482 514 Et
2537 466 2714 513 tamen
2762 464 2959 526 oporte-

2147 533 2238 583 bat
2277 531 2568 584 Christum.

2223 740 2362 794 Ibid.
2433 740 2821 809 Incipientibus
2887 740 2956 791 ab

2159 812 2472 863 Ierusalem.

3706 201 3845 250 I2-8

3105 318 3187 370 Id.
3234 318 3380 370 Dum
3421 318 3686 384 jactundo
3725 334 3846 370 eam

3029 403 3128 456 per
3157 387 3375 440 diversa
3429 391 3843 452 circumferunt.

3109 457 3186 510 Id.
3235 460 3306 511 Et
3359 463 3534 510 tamen
3565 459 3849 524 oportebat

3033 529 3326 593 Christum,
3349 531 3429 581 ait
3458 531 3574 596 ipse
3588 531 3847 581 Dominus

3031 600 3296 656 Christus.
3364 599 3641 666 oportebat
3699 601 3849 653 Chri-

3028 675 3185 722 stum.

3104 741 3182 792 Id.
3227 738 3363 801 Quae
3406 745 3746 808 sequuntur,
3790 746 3850 790 et

3031 809 3262 862 fuerunt
3295 826 3326 861 ιι
3354 809 3732 862 Benedictinis
3753 826 3844 861 το-

3030 881 3225 932 stituta
3296 877 3644 932 concordant
3707 894 3840 931 cum

2151 956 2340 1002 nostro
2366 950 2577 1002 codice.
2605 949 2724 1002 Vid.
2758 964 2876 1002 var.
2915 951 3089 1004 Maur.

2224 1021 2285 1073 Ν.
2333 1023 2382 1073 3.
2438 1024 2538 1073 Deo
2577 1020 2807 1073 donante
2850 1021 2952 1073 sol-

2149 1093 2316 1144 licita.

2223 1161 2360 1213 Ibid.
2429 1160 2533 1215 Sed
2607 1163 2768 1213 etiam
2843 1163 2957 1229 ipse

2149 1230 2302 1281 dicit.

2224 1300 2362 1354 Ibid.
2414 1301 2773 1361 Gubernanti,
2826 1303 2958 1353 inite

2149 1374 2449 1436 navigium.

2223 1441 2361 1494 Ibid.
2449 1442 2514 1494 Si
2587 1440 2956 1493 tribulationis

2149 1512 2381 1578 procella
2427 1513 2718 1575 consurgit.

2224 1582 2364 1634 Ibid.
2415 1582 2807 1635 Obtrectatores
2851 1597 2955 1633 om-

2151 1653 2276 1704 nino
2320 1653 2687 1704 contemnendi
2706 1657 2846 1704 sunt.

2219 1789 2360 1844 Ibid.
2396 1790 2538 1855 Quid
2565 1795 2663 1857 est,
2695 1791 2958 1858 quamdiu

2147 1863 2203 1911 in
2247 1865 2375 1912 navi
2435 1861 2626 1914 sedes?
2685 1861 2958 1925 Quamdiu

2149 1947 2353 1984 emicem
2383 1932 2607 1995 Christi,
2635 1938 2738 1986 etc.

2222 2141 2360 2194 Ibid.
2414 2142 2498 2194 Ab
2540 2143 2652 2210 eius
2703 2143 2956 2194 navicula

2149 2225 2250 2262 non
2281 2211 2484 2263 recedis

2220 2280 2334 2333 Ibid
2400 2281 2652 2334 Diabolus
2700 2283 2954 2350 aspirans

2149 2351 2457 2404 bacchatur.

2218 2421 2360 2473 Ibid.
2419 2423 2664 2475 Resistite
2706 2424 2854 2489 ﬁrmi
2900 2425 2956 2476 in

2145 2490 2269 2558 ﬁde,
2293 2497 2624 2553 emercentur,
2649 2499 2753 2544 etc.

2222 2561 2359 2614 Ibid.
2394 2562 2583 2629 Campi
2610 2562 2811 2616 doctor.

2221 2631 2262 2683 Ν
2317 2632 2366 2685 4.
2414 2633 2568 2685 Venit
2606 2648 2728 2697 ergo
2782 2633 2954 2686 Chri-

2148 2706 2261 2754 stus
2280 2703 2336 2755 in
2375 2718 2562 2755 navem
2581 2719 2735 2758 suam
2757 2711 2956 2772 quarta

2150 2773 2341 2837 vigilia
2373 2775 2560 2826 noctis.

2223 2843 2364 2895 Ibid.
2429 2843 2636 2909 Vigilia
2691 2858 2801 2896 una
2850 2850 2955 2898 tres

2153 2913 2310 2964 horas
2344 2913 2518 2965 habet.

2222 3051 2357 3105 Ibid.
2402 3053 2498 3106 Per
2535 3055 2780 3119 singulas
2809 3057 2954 3120 vigi-

2147 3123 2250 3175 lias
2263 3123 2570 3177 distributis
2581 3165 2597 3179 .

2219 3193 2356 3246 Ibid.
2389 3195 2496 3247 Hoc
2531 3199 2628 3256 est,
2669 3208 2801 3262 pene
2835 3196 2958 3263 jam

2145 3270 2310 3329 nocte,
2379 3267 2555 3329 ﬁnita.
2617 3265 2705 3319 Sic
2759 3268 2953 3330 veniet,

2144 3340 2248 3386 etc.

3099 1019 3182 1072 Id.
3241 1021 3454 1074 Christo
3496 1019 3705 1072 docente
3737 1021 3837 1072 sol-

3031 1092 3183 1143 licita
3199 1131 3211 1142 .

3132 1161 3207 1213 Id.
3238 1160 3342 1215 Sed
3391 1163 3555 1212 etiam
3592 1163 3705 1228 ipse
3743 1178 3838 1212 no-

3032 1232 3110 1283 bis
3138 1233 3392 1299 praecepit
3422 1231 3620 1283 dicens.

3105 1302 3181 1354 Id.
3207 1303 3514 1352 Gubernate
3537 1303 3838 1366 navigium.

3103 1441 3182 1494 Id.
3217 1441 3326 1493 Sed
3372 1443 3422 1493 si
3467 1441 3841 1494 tribulationis

3030 1512 3261 1580 procella
3317 1518 3622 1575 consurgat.

3102 1582 3182 1634 Id.
3267 1581 3656 1636 Obtrectatores
3723 1597 3840 1634 om-

3031 1654 3155 1704 nino
3183 1652 3399 1704 vitandi
3428 1657 3478 1704 et
3510 1658 3842 1706 contemnen-

3032 1721 3091 1772 di
3110 1727 3237 1773 sunt

3101 1791 3252 1844 Codd
3321 1791 3506 1844 ambo.
3563 1792 3715 1855 Quid
3765 1799 3841 1846 est

3031 1863 3295 1930 quamdiu
3354 1865 3412 1914 in
3474 1866 3607 1915 navi
3650 1862 3844 1916 sedes?

3030 1933 3303 1996 Quamdiu
3333 1935 3390 1984 in
3457 1933 3604 1999 ligno
3647 1937 3836 1998 heres,

3030 2003 3293 2070 quamdiu
3361 2017 3567 2056 crucem
3606 2004 3835 2067 Christi,

3030 2080 3134 2125 etc.

3103 2142 3182 2194 Id.
3219 2143 3306 2194 Ab
3327 2143 3444 2210 ejus
3466 2144 3720 2195 navicula
3736 2158 3842 2197 non

3028 2213 3290 2265 recedens.

3101 2283 3178 2336 Id.
3215 2282 3468 2336 Diabolus
3498 2284 3841 2352 archipirata

3032 2353 3340 2406 bacchatur.

3101 2423 3178 2476 Id.
3245 2425 3492 2477 Resistite
3556 2424 3728 2488 fortes
3785 2427 3844 2478 in

3028 2493 3152 2561 ﬁde,
3186 2500 3555 2556 emrrceantur,
3586 2500 3695 2546 etc.

3103 2565 3234 2633 Leg.
3260 2565 3448 2632 Campi
3485 2564 3695 2617 ductor.

3100 2636 3230 2688 Cod.
3283 2651 3319 2686 ιι
3370 2635 3526 2687 addit
3565 2642 3616 2686 et
3654 2637 3842 2688 visita-

3027 2706 3107 2757 vit
3135 2720 3269 2759 eam.

3099 2843 3273 2898 Codd.
3395 2843 3584 2898 ambo.
3687 2846 3847 2900 Sicut

3027 2917 3167 2967 enim
3199 2931 3306 2968 una
3345 2915 3625 2968 nobiscum
3661 2918 3846 2970 soletis

3028 2981 3240 3050 audire,
3273 2987 3469 3052 vigilia
3491 3001 3623 3042 una.
3658 2998 3765 3039 etc.

3099 3055 3213 3109 Cod
3308 3072 3364 3122 ιι,
3429 3057 3528 3109 Per
3591 3057 3841 3122 singulas

3028 3125 3361 3180 distributis.

3099 3195 3178 3248 Id.
3212 3198 3320 3249 Hoc
3370 3202 3446 3248 est
3473 3201 3698 3263 peracta
3720 3197 3843 3264 jam

3028 3272 3193 3333 nocte,
3217 3268 3336 3334 jam
3375 3274 3689 3335 consumpto
3710 3275 3842 3321 tem-

3024 3352 3156 3405 pore
3237 3338 3598 3396 tenebrarum,
3691 3341 3846 3391 venit

2143 3404 2399 3476 Christus
2449 3403 2522 3456 ad
2551 3403 2864 3474 discipulos,
2913 3403 3042 3476 qui'
3062 3407 3427 3460 turbabantur
3465 3409 3522 3458 in
3550 3410 3736 3472 mari;
3763 3411 3843 3461 sic

2145 3475 2336 3538 reniet,
2369 3478 2472 3526 etc.

2214 3543 2358 3598 Ibid.
2406 3545 2557 3598 Venit
2611 3547 2754 3598 enim
2786 3561 2947 3610 nunc,

2141 3616 2279 3666 sicut
2304 3614 2558 3677 audistis,
2610 3617 2768 3670 valde
2796 3621 2953 3669 mira-

2144 3685 2322 3737 biliter
2409 3684 2693 3739 ambulans
2789 3703 2949 3756 super

2140 3769 2335 3822 aquas.

2213 3824 2351 3878 Ibid.
2421 3825 2550 3879 Cum
2592 3840 2714 3878 vero
2747 3842 2948 3895 appro-

2137 3896 2426 3962 pinquaret
2452 3897 2732 3950 navicula.

2206 4033 2325 4087 Ibid
2383 4036 2449 4088 Et
2488 4035 2944 4104 exclamaverunt,

1213 4106 1462 4172 requiras
1487 4105 1630 4175 (cod.
1670 4120 1722 4156 xi
1760 4103 1905 4155 male
1934 4121 2018 4157 re-
2067 4145 2109 4198 υ
2139 4109 2390 4198 putantes
2413 4105 2778 4198 phantasma;
2815 4103 2944 4176 Qui?

2178 4188 2237 4198 ..-
2311 4178 2533 4198 .-μέμυ
2598 4179 2704 4198 -_-.-
2779 4179 2944 4198 ._.-._

2142 4174 2237 4226 bus
2281 4178 2533 4228 Dominus
2591 4179 2704 4229 ait:
2751 4174 2948 4231 Habeto

2134 4243 2412 4312 ﬁduciam.

2207 4315 2352 4368 Ibid.

2134 4385 2352 4438 videtis.

2439 4318 2477 4368 A
2490 4317 2724 4381 gnoscite
2789 4333 2942 4385 quem

2422 4385 2512 4438 Ad
2570 4386 2704 4438 hanc
2767 4402 2941 4439 vocem

2134 4455 2340 4506 rmsiliit
2388 4457 2574 4508 Petrus
2608 4463 2658 4509 et
2687 4459 2804 4509 ait:
2838 4460 2938 4511 Do-

2134 4529 2290 4591 mine,
2323 4530 2426 4578 etc.

3093 3545 3173 3599 Id.
3249 3547 3409 3600 Venit
3471 3550 3614 3600 enim
3682 3547 3840 3600 modo

3020 3616 3180 3668 valde
3251 3618 3598 3679 mirabiliter,
3701 3621 3840 3670 sicut

3022 3686 3282 3749 audistis,
3335 3688 3394 3738 id
3432 3693 3511 3741 est
3550 3687 3840 3741 ambulans

3021 3771 3183 3822 super
3210 3771 3405 3823 aquas.

3093 3827 3171 3879 Id.
3241 3828 3370 3881 Cum
3429 3843 3555 3895 ergo
3583 3830 3838 3883 Dominus

3019 3898 3279 3950 navicula:
3351 3913 3462 3950 suae
3539 3902 3839 3968 appropin-

3022 3982 3191 4034 quare
3214 3969 3476 4035 euepisset.

3095 4038 3171 4090 Id.
3199 4039 3268 4091 Et
3297 4043 3626 4104 putaverunt
3657 4040 3838 4106 phan-

3021 4111 3212 4161 tasma.
3240 4109 3511 4160 Continuo
3536 4111 3798 4163 Dominus
3822 4127 3834 4162 :

3020 4179 3240 4243 Habete,
3285 4181 3486 4246 inquit,
3546 4177 3832 4247 ﬁduciam.

3093 4317 3170 4371 Id.
3226 4320 3519 4383 Agnoscite
3558 4334 3718 4386 quem
3757 4325 3837 4374 vi-

3015 4387 3172 4440 detis.
3233 4389 3486 4441 Audiunt
3521 4389 3832 4453 Munichzi,

3014 4455 3317 4511 audiantut
3339 4460 3672 4524 erubescant,
3715 4477 3850 4514 con-

3013 4529 3323 4593 fundantur
3358 4534 3418 4582 ut
3458 4532 3830 4596 corrigantur,

3014 4603 3285 4651 mutentur
3344 4615 3411 4652 ne
3479 4598 3829 4655 damnentur.

2133 4665 2349 4729 Habeto,
2384 4666 2585 4733 inquit,
2631 4665 2907 4732 ﬁduciam,
2958 4682 3051 4732 ego
3088 4683 3228 4731 sum,
3288 4672 3452 4722 nolite
3495 4673 3707 4723 timere.
3741 4672 3834 4725 Ad

401 4740 544 4794 Ibid.
569 4737 952 4793 Turbulentum
972 4753 1138 4790 mare.

398 4810 541 4864 Ibid.
622 4807 851 4872 Quando
938 4809 1138 4874 aliquis

328 4885 513 4946 impie
539 4880 852 4934 voluntatis.

399 4951 538 5004 Ibid.
609 4951 676 5004 Ut
729 4961 988 5016 suspensa
1041 4963 1132 5000 ar-

328 5021 464 5074 bori.

395 5090 540 5144 Ibid.
617 5091 686 5144 Et
750 5104 856 5143 non
893 5087 1126 5154 deﬁciat,

324 5165 478 5228 quia,
508 5165 613 5214 etc.

394 5230 534 5285 Ibid.
567 5232 708 5284 Dicit
747 5231 912 5282 etiam
941 5226 1127 5281 beatus

320 5301 582 5354 Joannes.

391 5370 532 5424 Ibid.
561 5372 629 5425 Et
657 5385 799 5439 pura
840 5370 1123 5439 confessio.

391 5439 528 5494 Ibid.
589 5436 867 5508 Vestisque
933 5436 1122 5493 tenda-

318 5516 424 5565 tur.

1288 4734 1365 4788 Id.
1406 4734 1699 4787 Turbatum
1746 4749 1911 4787 mare.

1282 4805 1340 4858 Id
1406 4805 1631 4870 Quando
1674 4819 1773 4856 rem
1818 4806 2020 4873 aliquis

1210 4877 1394 4942 impie
1420 4876 1732 4928 voluntatis.

1283 4946 1364 4999 Id.
1401 4947 1471 4999 Et
1505 4960 1766 5013 suspensa
1810 4944 2014 4999 arbori.

1279 5084 1361 5138 Id.
1391 5087 1462 5138 Et
1512 5100 1615 5138 non
1646 5084 1850 5152 deﬁciet
1877 5100 2014 5153 quo-

1202 5158 1373 5219 niam,
1397 5162 1502 5208 etc.

1277 5226 1352 5279 Id.
1403 5226 1556 5278 Dicit
1599 5229 1649 5277 et
1691 5224 1834 5278 alius
1866 5227 2015 5278 testis

1202 5297 1337 5364 ejus.

1271 5367 1348 5420 Id.
1385 5367 1454 5419 Et
1511 5379 1655 5432 pura
1721 5367 2010 5418 conversio.

1269 5436 1346 5490 Id.
1416 5436 1706 5503 Ventisque
1738 5436 2009 5489 tendutur.

2131 4735 2268 4788 hanc
2294 4749 2469 4787 vocem
2508 4738 2755 4788 continuo
2794 4737 2984 4790 audam
3004 4739 3095 4792 ille
3123 4740 3312 4792 Petrus
3349 4741 3576 4802 exsilia,
3627 4745 3678 4792 et
3713 4745 3826 4795 ait:

2133 4807 2367 4872 Domine,
2401 4812 2500 4858 etc.
2541 4805 2630 4858 Sic
2651 4812 2706 4858 et
2743 4807 2846 4860 cod
2905 4823 2980 4865 x1.

2200 4875 2345 4927 Ibid.
2400 4875 2572 4944 Super
2633 4891 2825 4948 aquas.
2879 4878 2942 4931 Si
3085 4877 3219 4933 Cod.
3288 4895 3347 4932 II.
3415 4879 3593 4946 Super
3625 4895 3825 4948 aquas.

2130 4950 2187 5017 tu
2215 4959 2289 5006 es,
2321 4960 2428 4998 non
2447 4947 2616 4999 miror
2645 4946 2789 5013 quod
2817 4949 2939 5000 soli-
3009 4948 3126 5002 Non
3170 4951 3343 5001 mir-ur
3393 4953 3524 5017 quia
3575 4946 3826 5004 ambulas

2127 5015 2480 5068 damcarnem
2506 5018 2938 5085 superliquentis
3009 5031 3172 5085 super
3227 5015 3445 5086 aquas;
3492 5035 3601 5074 non
3652 5025 3827 5073 miror

2125 5087 2370 5158 elementi
2433 5089 2586 5152 terga
2626 5087 2932 5155 suspendis.
3009 5093 3143 5156 quia
3224 5089 3509 5158 suspendis
3589 5093 3824 5146 solidam

2127 5155 2270 5219 Quid
2294 5158 2434 5209 enim
2463 5158 2684 5221 mirum,
2723 5159 2792 5221 si,
2825 5162 2929 5211 etc.
3007 5155 3221 5211 carnem
3250 5155 3414 5228 super
3436 5162 3696 5227 liquentis
3728 5170 3824 5215 ten

3005 5241 3076 5293 ga
3144 5230 3406 5283 elementi.
3475 5231 3623 5296 Quid
3677 5235 3822 5286 enim

3006 5300 3075 5364 si,
3107 5304 3213 5352 etc.

2196 5364 2336 5420 Ibid.
2371 5370 2428 5418 et
2459 5366 2522 5437 N.
2553 5368 2603 5420 5.
2639 5368 2746 5437 Fac
2788 5367 2933 5435 quod
3013 5436 3020 5437 γ
3075 5368 3154 5421 Id.
3189 5370 3296 5422 Fac
3324 5370 3470 5437 quod
3483 5373 3667 5435 mirer,
3701 5385 3818 5424 am-

2126 5437 2310 5501 mirer,
2412 5435 2646 5489 ambulet
2708 5435 2926 5492 Petrus.
3004 5436 3147 5492 bulet
3174 5435 3385 5494 Petrus.
3430 5442 3571 5497 Jube
3615 5457 3699 5495 me
3727 5458 3819 5495 ve-

2127 5507 2231 5560 Fac
2274 5504 2418 5575 quod
2461 5508 2645 5570 mirer,
2689 5506 2821 5575 jube
2848 5522 2931 5562 me
3001 5511 3121 5563 nire
3184 5509 3259 5564 ad
3324 5515 3372 5565 te
3436 5527 3600 5582 super
3641 5527 3819 5581 aquas
