4004 6182
1501 337 1881 398 LECTIONES
1921 337 2332 396 VARIANTES.

1037 459 1263 517 Pbrasis
1293 461 1516 532 integra
1547 479 1725 533 usque
1777 465 1845 518 ad
1877 467 1917 520 A
2032 463 2176 518 Edit.
2214 463 2285 521 Ν.
2325 466 2377 517 1.
2410 462 2762 529 Praebeamus,

1039 537 1224 586 textus
1247 533 1557 603 evangelici
1587 534 1846 587 iteratio-
1959 541 2008 587 et
2039 536 2288 602 Simeoni,
2321 539 2425 588 etc.

1041 619 1172 655 nem
1219 603 1373 656 deest
1412 605 1504 657 hic
1533 604 1590 658 in
1619 605 1763 671 (βοὰ,
1794 610 1846 657 et

161 672 366 730 deinde
396 672 631 743 ponitur
666 677 796 742 post
827 672 949 744 haec
971 673 1142 726 verba
1159 680 1220 728 ut
1255 675 1403 727 unda
1442 690 1525 727 me
1563 679 1753 744 portet.
1788 676 1848 730 Si

161 756 218 798 tu
250 759 325 806 es,
350 744 482 811 jube
511 758 590 797 me
618 746 801 814 venire
827 743 902 795 ad
931 748 980 796 te
1008 759 1170 814 super
1195 760 1391 812 aquas.

232 815 296 869 N.
357 818 411 869 5.
491 813 763 878 Quomodo
825 815 967 866 enim
1075 813 1188 868 ’Id.
1293 814 1611 868 Commodat
1708 818 1846 868 enim

158 886 298 939 mihi
331 887 388 937 in
427 886 569 937 mari
595 900 700 937 non
722 886 827 937 erit
853 886 962 946 via,
1038 900 1183 937 mare
1217 887 1354 938 mihi
1402 887 1594 953 vitam,
1643 887 1692 939 si
1753 888 1847 940 hoc

159 959 208 1010 si
236 962 295 1008 tu
327 955 579 1023 jusseris,
623 958 719 1024 qui
747 959 967 1024 propter
1028 956 1258 1024 jusserit
1287 958 1400 1010 via.

159 1040 251 1080 nos
277 1028 459 1090 factus
477 1041 530 1079 es
546 1027 636 1078 via
659 1029 686 1078 ?

225 1096 369 1150 Ibid.
422 1095 599 1160 Quasi
648 1110 790 1148 mors
839 1094 968 1162 fidei

159 1168 309 1229 fuit:
360 1165 456 1219 sed
495 1166 588 1218 ubi
620 1168 963 1228 eti-clamavit,

157 1245 258 1288 etc.

170 347 185 396 t
197 343 297 395 2‘29

161 464 339 518 venire
361 461 436 515 ad
491 467 540 516 te
568 475 729 531 super
755 475 926 532 aquas

163 535 280 590 Scio
307 535 467 600 enim,
500 536 607 586 etc.

2031 746 2092 799 Ν.
2165 749 2217 800 2.
2280 746 2387 811 Qui
2460 745 2571 799 Deo
2626 745 2764 812 filios

1953 820 2174 881 faceret.

2029 886 2173 940 Ibid.
2203 890 2272 941 Et
2310 887 2449 939 hunc
2477 884 2626 950 fudit
2655 889 2766 952 for-

1961 973 2045 1010 ma
2076 959 2218 1011 servi
2248 959 2301 1009 in
2339 958 2515 1009 terris.

2030 1027 2171 1081 Ibid.
2202 1029 2426 1081 Mortali
2446 1029 2584 1080 alvo.

2026 1098 2160 1152 Ibid.
2230 1099 2610 1166 Imperatorem
2666 1111 2757 1149 su-

1955 1172 2119 1237 scepit
2132 1209 2140 1219 .

1110 1096 1198 1151 Id.
1273 1099 1441 1162 Quasi
1520 1112 1660 1150 mors
1720 1096 1846 1165 ﬁdei

1037 1169 1168 1232 fuit.
1249 1168 1354 1222 Sed
1430 1182 1549 1220 cum
1604 1169 1844 1234 ciepisset

1038 1239 1228 1304 mergi,
1260 1238 1582 1290 exclamavit
1603 1235 1676 1289 ad
1696 1238 1844 1293 Chri-

1038 1313 1198 1361 stum.
1228 1309 1326 1362 Ubi
1351 1309 1696 1373 exclamavit,
1735 1313 1838 1360 etc.
2027 1309 2090 1362 N.
2127 1311 2177 1363 3.
2213 1309 2458 1364 Christus
2498 1307 2645 1360 vobis
2676 1308 2760 1360 ho-

1111 1377 1190 1430 Id.
1260 1380 1379 1433 Non
1453 1378 1728 1443 titubaret,
1797 1379 1845 1430 si
1953 1379 2063 1432 die.

1036 1448 1190 1515 plene
1263 1447 1518 1512 crederet,
1594 1446 1687 1500 sed
1753 1463 1842 1499 nec
2029 1449 2091 1500 N.
2166 1450 2220 1502 4.

1038 1519 1314 1582 clamaret,
1364 1519 1413 1570 si
1458 1531 1563 1570 non
1593 1517 1841 1570 crederet.

1111 1588 1191 1642 ld.
1237 1590 1414 1642 Posset
1460 1591 1506 1638 te
1554 1588 1712 1651 ﬂatus
1741 1589 1840 1638 eli—

227 1374 363 1429 Ibid.
400 1377 519 1430 Non
551 1375 830 1439 titubaret,
860 1377 968 1430 nisi

155 1447 406 1510 crederet,
451 1445 546 1500 sed
598 1461 690 1501 nec
753 1445 964 1499 clama-

155 1522 251 1579 ret,
283 1518 394 1569 nisi
426 1515 682 1570 crederet.

227 1587 368 1640 Ibid.
439 1587 619 1641 Posset
680 1590 729 1639 te
775 1590 961 1638 ventus

2297 1449 2454 1502 Nullo
2530 1448 2762 1501 humano

1952 1519 2187 1584 pollutus
2279 1519 2553 1585 amplexu.
2631 1519 2763 1570 Vide

1953 1589 2273 1642 miraculum
2335 1591 2524 1642 matris
2577 1588 2762 1642 Domi-

155 1657 366 1710 elidere.

222 1727 363 1780 Ibid.
447 1727 664 1781 Fluctus
729 1727 953 1793 operire.

152 1798 277 1851 Plus
307 1801 446 1863 erat,
478 1803 583 1850 etc.

223 1936 364 1990 Ibid.
401 1938 470 1992 Ut
497 1938 548 1990 si
571 1950 664 1990 nos
693 1937 751 1987 in
779 1937 960 2002 aliquo

154 2009 504 2061 tentationum
522 2011 709 2060 ventus
739 2010 961 2059 conatur

151 2076 473 2144 subvertere,
525 2077 608 2131 vel
654 2075 802 2129 unda
833 2076 959 2129 sub-

154 2163 404 2213 mergere,
507 2150 790 2201 clamemus
887 2146 962 2199 ad

154 2219 452 2272 Christum.

1036 1657 1178 1710 dere.

1953 1660 2062 1710 nici
2107 1660 2368 1726 corporis.
2430 1660 2590 1724 Virgo
2641 1673 2760 1712 con-

1104 1727 1182 1780 Id.
1295 1729 1512 1781 Fluctus
1613 1728 1837 1794 operire.
1877 1733 1916 1786 Β
1954 1730 2107 1796 cipit,
2139 1731 2292 1794 virgo
2317 1729 2570 1794 gravida,
2609 1731 2760 1794 virgo

1033 1797 1213 1862 Quare
1273 1798 1444 1864 ergo?
1503 1798 1629 1850 Plus
1704 1801 1842 1858 erat,

1033 1876 1138 1922 etc.

1102 1938 1184 1990 Id.
1219 1939 1282 1992 Ut
1313 1939 1362 1990 si
1400 1951 1496 1990 nos
1539 1938 1596 1988 in
1627 1937 1830 2004 aliquo,

1032 2007 1160 2060 dum
1204 2009 1262 2060 in
1309 2009 1394 2060 his
1441 2007 1690 2074 fluctibus
1721 2022 1842 2058 am-

1033 2078 1297 2142 bulamus,
1365 2079 1708 2144 nauigamus,
1761 2078 1842 2129 vel

1032 2155 1256 2202 conatur
1321 2149 1470 2200 unda
1517 2147 1838 2210 subvertere,

1029 2219 1111 2271 vel
1141 2223 1328 2272 ventus
1375 2219 1694 2286 impingere,
1727 2218 1838 2271 cla-

1955 1815 2074 1851 cum
2116 1803 2383 1868 parturit,
2452 1803 2604 1866 virgo
2639 1803 2761 1867 post

1951 1874 2192 1936 partum.
2222 1870 2494 1923 Praeclara
2521 1883 2644 1936 ergo
2663 1870 2760 1922 illa

1952 1941 2265 2005 virginitas,
2305 1945 2354 1993 et
2395 1940 2631 2005 gloriosa
2677 1940 2758 2004 fe-

1954 2011 2223 2062 cunditas.

2027 2079 2159 2134 Ibid.
2192 2085 2297 2134 Fas
2317 2083 2458 2133 enim
2480 2083 2613 2132 erat.
2649 2085 2754 2133 etc.

3512 333 3644 387 I230

2912 460 3046 516 Cod.
3097 458 3448 516 Przbeamus.
3501 458 3648 514 Reli-

2841 548 2973 602 qua,
3039 547 3142 585 nec
3205 532 3373 598 male,
3443 530 3652 602 desunt

2840 600 3020 672 usque
3086 602 3156 655 ad
3220 602 3431 654 verba:
3495 600 3650 655 hodie

2837 687 2982 738 ergo,
3011 676 3116 725 etc.

2911 743 2989 796 ld.
3041 743 3166 808 Qua
3201 742 3310 794 Deo
3337 739 3518 809 ﬁlium
3551 743 3644 806 fa-

2838 818 2990 868 ceret.
3168 827 3170 830 ·

2913 884 2994 937 Id.
3016 886 3083 938 Et
3098 883 3237 935 hunc
3247 881 3397 946 fudit
3423 882 3646 946 flemina

2838 956 3016 1008 virum
3042 957 3100 1006 in
3131 954 3306 1006 terris.

2911 1025 2985 1078 Id.
3017 1025 3264 1078 Mortalis
3297 1022 3436 1075 alvo.

2907 1096 2984 1148 Id.
3019 1095 3463 1161 Meliusproptel‘
3488 1090 3643 1160 ryth-

2837 1179 3015 1231 mum,
3069 1167 3304 1232 suscepit
3356 1165 3647 1231 imperato-

2835 1250 2946 1287 rem
2954 1275 2965 1286 .

2909 1305 2992 1359 ld.
3024 1305 3268 1361 Christus
3289 1302 3439 1358 nobis
3458 1301 3639 1356 hodie.

2906 1445 2992 1500 Id.
3063 1445 3218 1498 Nullo
3280 1442 3478 1497 libatus
3531 1457 3647 1496 am-

2830 1517 3018 1585 plea'u.
3063 1517 3338 1584 Spiritum
3402 1519 3648 1567 sanctum

2834 1592 3014 1640 castas
3055 1593 3238 1639 venter
3287 1586 3517 1649 excepit.
3568 1585 3646 1636 in-

2831 1671 3020 1710 nocens
3051 1670 3240 1723 corpus
3263 1656 3472 1720 egessit.
3515 1651 3646 1709 Glo-

2833 1729 2980 1781 riosa
3028 1728 3342 1791 virginitas,
3402 1729 3452 1778 et
3502 1736 3644 1792 pra-

2833 1799 2984 1852 clara
3003 1795 3334 1863 fecunditas.

2905 2079 2985 2132 Id.
3032 2079 3169 2142 Quae
3217 2078 3539 2145 sequuntur
3563 2072 3638 2126 ita

2836 2149 3121 2204 dilI'eruut.
3159 2150 3222 2200 ut
3250 2143 3426 2199 satius
3452 2143 3636 2196 visum

2835 2220 3004 2274 fuerit
3056 2219 3274 2286 integre
3320 2213 3632 2270 excudere:

1030 2304 1229 2342 memus
1259 2289 1331 2341 ad
1361 2291 1658 2343 Christum.

1102 2359 1182 2412 ld.
1229 2362 1474 2424 Porriget
1533 2361 1676 2411 enim
1724 2373 1838 2410 ma-

1029 2445 1172 2482 num.

1103 2499 1183 2552 Id.
1252 2501 1320 2553 Et
1379 2499 1573 2552 tenebit
1615 2498 1840 2551 dextera

1031 2584 1164 2637 ejus.

855 2688 1029 2726 δεξιΜο
1069 2690 1134 2726 Ci.

220 2358 362 2414 Ibid.
410 2359 655 2425 Porriget
705 2358 792 2411 ille
841 2373 956 2411 ma-

151 2443 302 2484 num.

220 2500 362 2554 Ibid.
414 2501 482 2553 Et
534 2498 824 2552 continebit
861 2514 956 2552 nos

152 2569 373 2623 dea-tera
397 2571 531 2636 ejus.

223 2779 453 2848 Legitur
480 2777 542 2831 in
565 2776 691 2831 cod.
731 2775 950 2832 Cassia.
996 2793 1071 2842 xx,
1121 2777 1216 2830 fol.
1263 2780 1316 2843 9,
1353 2776 1447 2830 ubi
1477 2778 1601 2830 loco
1628 2746 1834 2828 borum

157 2863 456 2919 verborum
490 2881 548 2917 n.
579 2867 632 2929 5,
670 2867 904 2932 quatuor
933 2865 1083 2917 linear
1112 2863 1308 2930 quibus
1335 2878 1428 2916 vas
1455 2862 1595 2916 illud
1633 2863 1831 2931 depen-

148 2950 326 3077 debbatt,
359 2952 642 3006 habetur:
670 2958 905 3019 quatuor
933 2967 1054 3018 ergo
1081 2951 1232 3003 lineae
1256 2950 1450 3017 quibus
1489 2965 1583 3003 vas
1611 2963 1827 3002 connec-

159 3037 196 3074 .e
232 3038 266 3076 a
292 3038 382 3076 ur.

159 3037 358 3076 rebatur
369 3063 382 3076 .

796 3142 968 3180 SEluIO
1008 3143 1172 3181 CXVII.

218 3247 450 3316 Legitur
478 3246 537 3300 in
568 3246 690 3300 cod.
712 3245 924 3300 Cassia.
946 3263 1020 3313 x1,
1053 3246 1152 3302 fol.
1187 3250 1309 3302 202.

216 3334 361 3390 Edit.
417 3332 482 3386 N.
523 3336 572 3386 l.
622 3333 726 3398 Qui
769 3336 956 3387 contra
1101 3334 1232 3387 Cod.
1284 3334 1386 3399 Qui
1428 3338 1615 3389 contra
1657 3349 1711 3388 se
1732 3350 1832 3402 pu-

148 3420 202 3457 se
221 3407 492 3474 pugnant.
522 3404 812 3472 Aperiunt,
845 3408 949 3456 etc.
1028 3409 1216 3469 gnant.
1257 3406 1456 3472 Itaque
1498 3405 1740 3473 pugnent
1778 3408 1836 3456 ut

1029 3490 1083 3527 se
1112 3481 1447 3542 expugnarat,
1467 3483 1515 3528 et
1542 3478 1618 3528 sic
1637 3490 1834 3543 ear-pur-

147 3549 295 3609 gant.
331 3543 660 3611 Gaudemus,
687 3544 953 3607 laetamur,
1028 3560 1318 3611 monemus,
1399 3546 1699 3611 hortamur,
1779 3552 1836 3597 ut

147 3616 411 3681 aperiant,
446 3621 550 3667 etc.

219 3686 284 3738 N.
341 3692 385 3738 7.
421 3685 836 3738 Delectationem
871 3686 953 3736 in-

145 3757 272 3820 fert,
304 3771 409 3808 non
443 3759 774 3824 potestatem.

1105 3684 1184 3738 Id.
1258 3686 1669 3738 Delectationem
1753 3687 1832 3737 in-

1029 3757 1174 3877 {erre
1217 3760 1407 3822 potest,
1466 3770 1571 3808 non
1633 3756 1832 3808 violen-

1053 3840 1181 3878 tam.

823 3942 998 3982 SERXO
1038 3944 1174 3982 CXIX.

216 4029 449 4098 Legitur
494 4031 554 4084 in
585 4031 726 4098 eod.
788 4031 1000 4087 Cassin.
1054 4049 1151 4096 xu,
1195 4032 1291 4086 fol.
1331 4033 1427 4096 ‘3l,
1471 4033 1569 4087 ubi
1613 4033 1732 4086 haec
1765 4034 1833 4085 ad

144 4118 317 4173 tinem
342 4121 620 4190 superadd
631 4126 824 4175 untur.

211 4207 440 4261 Alacres
468 4209 785 4262 celebremus
819 4210 956 4263 hunc
985 4209 1146 4274 diem,
1190 4217 1252 4263 ut
1295 4211 1449 4278 cujus
1492 4211 1829 4264 nativitatem

144 4296 367 4350 colimus
426 4298 484 4349 in
537 4296 756 4356 mundo.
818 4297 937 4364 ejus
991 4301 1314 4352 consortium
1375 4297 1733 4351 desideremus
1774 4299 1831 4350 in
1861 4276 1905 4330 Ῐ)

142 4385 284 4436 caelo.
339 4383 460 4436 Scio
506 4385 648 4436 enim
699 4384 793 4436 hoc
850 4399 1027 4438 omnes
1098 4387 1334 4440 homines
1394 4385 1720 4448 desiderare,
1777 4391 1833 4439 ut

146 4474 428 4526 Dominum
489 4475 539 4524 et
603 4471 940 4524 Salvatorem
1004 4477 1247 4525 nostrum
1311 4474 1370 4525 in
1433 4478 1634 4526 aeterna
1659 4473 1833 4539 gloria

141 4574 258 4612 cum
289 4558 492 4624 gaudio
522 4563 829 4612 mereantur
875 4559 1136 4625 aspicere,
1189 4557 1282 4611 sed
1309 4561 1362 4611 si
1389 4575 1551 4627 opera
1575 4574 1679 4612 non
1713 4559 1833 4613 dis-

142 4649 400 4712 sentiant,
449 4645 546 4699 ubi
590 4649 714 4698 vota
765 4644 1108 4698 concordant.
1154 4647 1277 4714 Ipse
1319 4649 1459 4700 enim
1489 4662 1607 4700 cum
1646 4661 1834 4700 secura

141 4733 469 4789 conscientia
514 4735 860 4803 prasentiam
917 4735 1034 4802 ejus
1091 4734 1272 4788 videre
1317 4739 1507 4802 potest,
1564 4735 1661 4801 qui
1715 4733 1832 4800 ejus

142 4827 412 4891 praecepta
441 4822 800 4890 compleverit.
837 4823 978 4875 sicut
1004 4824 1118 4890 ipse
1144 4822 1290 4874 dixit
1315 4838 1326 4876 :
1363 4840 1389 4872 «
1424 4822 1484 4876 Si
1506 4823 1626 4888 quis
1650 4821 1835 4885 diligit

144 4927 242 4977 me,
275 4910 595 4963 mandatum
648 4925 819 4962 meum
865 4909 1118 4964 custodit.
1157 4931 1176 4956 ι
1216 4911 1285 4963 Et
1336 4910 1471 4968 ideo.
1505 4913 1707 4974 fratres
1737 4924 1832 4962 ca-

145 4999 371 5061 rissimi,
395 5000 675 5066 justitiam
699 4999 972 5062 faciendo,
1024 5000 1325 5052 castitatem
1380 4997 1663 5061 servando,
1712 4997 1835 5049 elee—

145 5099 394 5152 mosynas
426 5085 634 5150 largius
665 5085 953 5150 eroganda,
1003 5090 1270 5153 praecepta
1311 5084 1426 5150 ejus
1463 5083 1698 5149 ﬁdeliter
1730 5085 1828 5135 im-

142 5172 406 5238 pleamus,
437 5175 496 5224 ut
520 5170 594 5223 ad
617 5170 848 5236 gloriam
873 5171 1021 5225 illius
1047 5173 1278 5238 feliciter
1325 5171 1605 5237 pervenire
1660 5173 1832 5238 possi-

147 5273 284 5318 mus,
318 5258 462 5326 quod
480 5259 594 5326 ipse
621 5259 919 5325 praestabit,
955 5275 1074 5314 cum
1102 5262 1282 5323 Patre,
1316 5263 1401 5310 etc

813 5379 990 5416 SERIO
1029 5379 1173 5416 CXXI.

223 5466 452 5536 Legitur
510 5466 569 5520 in
627 5466 766 5522 Bibl.
823 5468 1084 5523 Laurent.
1130 5467 1274 5539 plut.
1337 5483 1523 5535 xxxm,
1582 5467 1703 5520 cod.
1767 5485 1832 5521 IV.

151 5557 321 5609 Deest
388 5555 734 5626 principium
797 5572 978 5628 usque
1047 5556 1116 5611 ad
1166 5557 1286 5610 haec
1342 5557 1513 5610 verba
1565 5555 1836 5610 Praedica-

153 5659 291 5701 mus.
326 5648 429 5698 etc.
458 5643 592 5697 Vide
623 5649 815 5698 notam
834 5662 865 5698 a
893 5644 1268 5698 Benedictinis
1290 5643 1570 5715 principio
1593 5643 1835 5696 afﬁxam.

2025 2329 2049 2356 α
2095 2307 2196 2361 Fas
2226 2315 2366 2374 erat,
2417 2313 2478 2361 ut
2532 2309 2769 2362 Domino
2814 2311 3080 2360 nascente
3127 2305 3330 2358 merito
3359 2305 3639 2356 cresceret

1951 2394 2195 2460 castitas,
2231 2411 2332 2448 nec
2363 2410 2464 2464 per
2493 2395 2615 2464 ejus
2635 2399 2938 2448 adventum
2973 2393 3284 2446 violaretur
3310 2389 3631 2457 integritas.

1953 2483 2050 2552 qui
2081 2487 2310 2536 venerat
2340 2499 2538 2536 sanare
2570 2487 2854 2552 corrupta.
2892 2483 3037 2536 Deus
3082 2481 3150 2533 ab
3196 2478 3417 2548 angelis
3443 2475 3635 2548 prodi-

1953 2576 2064 2635 tur,
2126 2575 2182 2624 et
2241 2586 2422 2639 agnus
2472 2569 2796 2640 pastoribus
2840 2569 3280 2623 demonstratur.
3342 2565 3507 2620 Nulla
3543 2578 3638 2630 pa-

1952 2655 2120 2710 rienti
2183 2656 2369 2710 Mariae
2435 2671 2498 2708 ex
2556 2655 2931 2708 humanitatis
2999 2653 3351 2708 ofticiositate
3415 2649 3631 2704 solatia.

1952 2743 2073 2796 Ibat
2095 2749 2400 2796 exonerata
2439 2741 2657 2796 felicior
2673 2743 2934 2803 Maria,et
2964 2746 3206 2794 matrem
3237 2756 3296 2792 se
3338 2739 3529 2793 laetam
3552 2753 3637 2788 co-

1949 2830 2190 2899 gnoscit,
2233 2847 2362 2901 qum
2411 2846 2468 2882 se
2522 2830 2698 2884 nescit
2743 2844 3000 2883 uxorem.
3037 2828 3146 2882 Sed
3184 2825 3418 2880 infantis
3457 2838 3637 2893 genus

1950 2915 2080 2970 freta
2103 2917 2378 2983 miratur;
2424 2917 2696 2986 Spiritum
2753 2922 3009 2970 sanctum
3046 2913 3356 2984 suscepisse
3386 2927 3636 2981 congau-

1869 3001 1906 3054 C
1947 3003 2078 3071 det;
2113 2996 2216 3056 nec
2271 3004 2408 3073 quia
2461 3003 2680 3072 peperit
2731 3003 2972 3072 innupta
3029 3006 3296 3066 terretur,
3348 2999 3443 3054 sed
3505 3015 3634 3070 quae

1943 3089 2210 3160 genuerit
2233 3089 2444 3142 conﬁsa
2474 3089 2717 3143 lmtatur.
2753 3091 2896 3159 Ergo
2939 3107 3145 3160 magna
3175 3088 3484 3152 credimus,
3507 3101 3634 3156 quae

1945 3193 2153 3248 magna
2183 3177 2386 3231 virtute
2410 3184 2773 3247 generantur.
2800 3179 2968 3231 Recte
3008 3178 3067 3230 in
3098 3177 3220 3246 ejus
3247 3175 3492 3229 adventu
3519 3189 3630 3227 caa-

1945 3266 2107 3319 lestia
2150 3280 2509 3330 veneramur,
2561 3280 2732 3335 quem
2777 3265 2845 3318 de
2897 3263 3088 3336 [Deest
3134 3263 3277 3317 dein
3309 3259 3464 3333 cod.]
3493 3261 3633 3315 caelo

1945 3354 2162 3408 venisse
2219 3353 2612 3424 cognovimus,
2670 3369 2840 3424 quem
2886 3358 3140 3407 creatum
3192 3351 3290 3406 Dei
3348 3350 3529 3407 Patris
3582 3355 3639 3402 et

1945 3442 2190 3513 Spiritus
2242 3442 2418 3495 sancti
2465 3442 2672 3496 virtute
2725 3439 3129 3509 comperimus,
3191 3444 3255 3492 ut
3309 3438 3638 3494 ﬁrmaretur

1949 3530 2242 3599 Divinitas,
2289 3528 2351 3583 in
2409 3534 2570 3583 utero
2631 3527 2924 3582 castitatis.
2980 3526 3117 3590 Quae
3174 3530 3258 3579 est
3302 3525 3459 3595 virgo
3519 3528 3635 3578 tam

1945 3622 2158 3682 sancta,
2188 3617 2296 3670 nisi
2328 3617 2436 3671 ista
2453 3632 2554 3686 per
2578 3631 2749 3685 quam
2773 3617 2924 3670 Deus
2942 3614 3133 3669 venire
3162 3613 3434 3683 dignatur
3450 3611 3477 3666 ‘P
3497 3610 3633 3674 Quae

1945 3711 2063 3760 tam
2108 3705 2393 3774 speciosa,
2434 3709 2496 3756 ut
2541 3704 2717 3757 Deum
2750 3705 2974 3772 quaerat
3000 3715 3274 3770 sponsum
3294 3698 3322 3749 ?
3351 3698 3489 3762 Quin
3515 3701 3631 3749 tam

1945 3793 2130 3858 fortis,
2162 3797 2226 3846 ut
2249 3796 2466 3846 tantam
2495 3791 2670 3860 possit
2695 3805 2972 3859 generare
3001 3788 3271 3841 virtutem
3292 3783 3320 3836 ?
3357 3783 3494 3847 Quae
3517 3786 3634 3834 tam

1947 3887 2126 3946 casta,
2148 3884 2210 3933 ut
2240 3879 2316 3932 sit
2342 3879 2502 3948 virgo
2535 3885 2661 3949 post
2681 3888 2907 3948 partum
2928 3878 2956 3931 Ἰ
2989 3879 3188 3932 Nonne
3219 3875 3278 3928 in
3309 3871 3491 3942 ﬁgura
3532 3869 3636 3922 Ma-

1947 3967 2047 4021 riae
2080 3967 2341 4022 habitum
2370 3966 2614 4020 vidimus
2639 3967 2940 4019 Ecclesiae?
2967 3967 3094 4020 Haec
3117 3962 3272 4033 parit
3315 3958 3633 4023 non1dolo-

1948 4070 2090 4121 rem,
2123 4055 2221 4108 sed
2254 4052 2525 4124 gaudium
2552 4069 2566 4118 ;
2616 4053 2738 4107 haec
2780 4054 2961 4107 nutrit
3009 4068 3124 4105 non
3148 4047 3401 4119 corporis
3432 4045 3629 4107 ubere,

1948 4149 2044 4204 sed
2071 4150 2215 4203 lacte
2242 4147 2489 4203 doctoris
2521 4147 2680 4219 [Cod.
2714 4149 2861 4202 male
2889 4143 3199 4218 doctrinis].
3235 4139 3628 4210 Videntprimi

1945 4243 2198 4309 pastores
2227 4241 2434 4291 nostra:
2457 4236 2595 4290 lucis
2625 4242 2936 4302 auctorem,
2984 4240 3158 4305 atque
3209 4229 3470 4286 omnium
3517 4244 3634 4281 cre-

1942 4325 2202 4379 dentium
2231 4325 2670 4393 redemptorem.
2717 4324 3061 4378 Obvolutum
3105 4319 3330 4390 pannis,
3368 4317 3632 4370 humanm

1943 4412 2388 4467 conversationis
2417 4411 2701 4466 mirantur
2728 4413 2972 4465 tolerare
2997 4411 3301 4479 jacturam.
3348 4405 3634 4472 Oportue-

1945 4515 2031 4556 rat
2057 4503 2178 4556 haec
2205 4501 2262 4554 in
2307 4499 2595 4554 nativitate
2647 4499 2806 4572 [Cod.
2836 4493 3242 4564 nativitatibus]
3271 4491 3411 4564 pati,
3441 4491 3538 4560 qui
3573 4506 3626 4542 se

1946 4607 2046 4661 per
2072 4589 2366 4644 hominem
2397 4605 2592 4658 passus
2622 4594 2702 4641 est
2733 4585 2900 4640 nasci.
2949 4584 3201 4639 I’robant
3229 4596 3428 4634 omnes
3459 4593 3630 4646 ange-

1945 4681 2130 4733 lorum
2161 4676 2448 4741 nuntium,
2477 4675 2817 4730 inoffensam
2858 4674 3030 4729 ﬁdem
3073 4670 3386 4742 publicant,
3416 4664 3632 4720 cunctis

1945 4766 2210 4828 clamant,
2244 4778 2361 4815 non
2394 4763 2574 4817 solum
2608 4780 2726 4816 esse
2751 4763 2904 4833 quod
2933 4760 3211 4827 cernitur,
3237 4757 3335 4810 sed
3366 4771 3484 4808 esse
3511 4769 3627 4806 ma-

1936 4855 2054 4922 jus,
2111 4851 2261 4922 quod
2312 4851 2460 4904 Deus
2507 4850 2568 4904 in
2613 4851 2844 4905 homine
2873 4851 3178 4904 videretur.
3211 4844 3397 4901 Currit
3422 4842 3628 4912 passim

1944 4942 2094 4994 fama
2121 4939 2220 4991 ista
2252 4954 2351 5008 per
2377 4939 2640 5007 populos,
2673 4944 2728 4991 et
2757 4938 3159 4990 universorum
3193 4948 3358 4986 aures
3387 4935 3630 4984 extensae

1947 5025 2256 5081 nativitatis
2307 5024 2488 5078 fidelis
2534 5030 2794 5095 penetrat
2841 5039 3051 5076 sermo.
3081 5023 3416 5090 Loquuntur
3435 5033 3633 5070 omnes

1944 5113 2334 5167 testimonium
2363 5112 2634 5180 veritatis,
2668 5129 2770 5166 nec
2811 5112 3148 5180 ambiguum
3198 5105 3445 5172 ducitur,
3477 5106 3629 5175 quod

1947 5202 2216 5272 pastorali
2269 5201 2600 5270 eloquentia
2661 5200 2816 5273 [Cod.
2854 5196 3218 5267 indulgentia]
3286 5194 3629 5261 divulgatur.

1950 5295 2012 5346 Et
2076 5307 2284 5345 novum
2336 5291 2564 5344 Domini
2617 5290 2795 5343 nostri
2837 5290 2966 5342 Jesu
3013 5285 3220 5342 Christi
3247 5288 3502 5338 venturae
3531 5298 3632 5335 na-

1947 5381 2176 5435 tivitatis
2233 5380 2572 5434 miraculum
2607 5381 2666 5433 in
2731 5379 2937 5433 sarculo
2969 5378 3126 5447 prius
3185 5376 3341 5448 [Cod.
3411 5373 3631 5447 primis]

1947 5475 2029 5522 est
2059 5469 2382 5538 pastoribus
2408 5467 2831 5521 annuntiatum.
2867 5466 2946 5520 Ad
2983 5465 3090 5518 hoc
3137 5467 3352 5528 autem,
3384 5461 3633 5515 dilectis-

1949 5556 2097 5620 simi,
2134 5557 2232 5610 Dei
2258 5556 2432 5610 Filius
2457 5556 2724 5609 humana:
2754 5553 3079 5625 fragilitatis
3109 5553 3376 5622 dignatus
3408 5555 3485 5605 est
3521 5566 3637 5604 cor~

1951 5658 2055 5709 pus
2108 5658 2416 5704 assumere,
2490 5647 2553 5694 ut
2607 5642 2676 5694 de
2707 5641 2905 5694 eadem
2975 5656 3162 5697 carne.
3217 5654 3346 5707 quae
3396 5636 3635 5705 superi"
