4068 6192
325 319 456 375 1231

324 527 580 592 fuerunt,
646 523 898 587 inimice,
955 515 1221 573 consilia.
1272 515 1406 570 Ecce
1453 526 1650 566 sumus
1679 507 1866 573 liberi,
1898 521 2024 561 ecce

331 629 630 671 manemus
670 612 729 665 in
752 610 974 665 Christo
1023 604 1228 660 securi.
1275 599 1584 672 Captivitas
1615 603 1714 652 tua
1744 595 1906 649 nobis
1937 597 2024 646 at-

332 706 465 760 tulit
492 700 868 756 dominatum.
908 698 1050 750 Dum
1087 691 1297 764 quaaris
1332 705 1434 743 nos
1467 687 1729 758 perdere,
1761 684 2029 753 dignatus

333 800 421 848 est
452 791 549 846 Dei
609 788 782 842 Filius
839 801 942 838 sua
993 799 1092 836 nos
1133 779 1431 834 divinitate
1492 775 1744 835 salvare;
1779 787 1921 841 quos
1953 769 2031 821 sic

338 878 614 942 defendit,
671 880 736 930 ut
785 873 1050 927 redderet
1102 870 1326 934 fratres,
1359 864 1439 920 sic
1469 861 1702 925 amavit,
1737 867 1796 912 ut
1825 858 2034 911 faceret

331 965 658 1022 cohaeredes
709 963 966 1016 Christus
1037 957 1316 1012 Dominus
1383 957 1574 1006 noster
1633 950 1732 1019 qui
1783 946 1920 999 vivit
1979 950 2035 997 et

339 1059 540 1125 regnat
583 1067 712 1105 cum
759 1051 873 1103 Deo
912 1049 1101 1109 Patre,
1151 1049 1209 1098 et
1263 1041 1482 1112 Spiritu
1515 1045 1708 1092 sancto
1740 1035 1801 1089 in
1831 1033 2038 1087 sarcula

337 1141 701 1196 seculorum.
735 1141 936 1192 Amen.

1003 1237 1177 1276 εειιιιο
1207 1234 1389 1270 CXXIII.

664 1310 895 1382 Legitur
922 1308 980 1363 in
1011 1309 1136 1362 cod.
1170 1305 1385 1360 Cassia.
1423 1319 1529 1369 ενι,
1566 1317 1626 1355 n.
1666 1303 1718 1354 6.

419 1400 564 1456 Edit.
626 1400 691 1453 N.
757 1401 804 1452 1.
856 1397 1021 1451 Nulla
1053 1396 1154 1448 tri-
1304 1391 1437 1445 Cod.
1476 1389 1638 1443 Nulla
1681 1386 2042 1440 cruciamenta

344 1476 500 1528 stitia
516 1469 869 1538 parturienti.
922 1536 933 1538 _
1231 1464 1433 1538 ingerit
1454 1458 1812 1538 parturienti.

427 1526 566 1596 Ibid.
600 1538 812 1596 Pondus
843 1536 1035 1589 habere
1053 1549 1159 1588 non
1296 1526 1382 1585 Id.
1454 1526 1608 1582 Inter
1642 1526 1812 1596 verba
1833 1527 2045 1596 poterat

350 1593 578 1684 poterat.
600 1593 785 1663 IFacta
813 1612 910 1669 est,
943 1610 1048 1658 etc.
1235 1606 1289 1655 et
1317 1605 1480 1679 facta.
1497 1605 1594 1663 est,
1629 1593 2046 1684 repetitjprirna

1236 1663 1515 1725 sermonis
1649 1663 2046 1737 praecedentis,

354 1767 558 1821 nempe
596 1765 732 1821 cxxi,
779 1747 954 1800 verba
1005 1744 1384 1821 praedicamus,
1429 1733 1727 1821 ‘adjunc'ti‘s
1787 1751 1915 1821 quas.
1985 1733 2042 1787 in

347 1805 516 1877 editis
547 1837 604 1874 ιι.
635 1824 656 1874 1
694 1805 986 1889 leguntur,
1005 1805 1083 1868 ὀι
1113 1815 1171 1867 in
1225 1805 1574 1889 praecedenti
1603 1805 1821 1889 codice’
1847 1805 2041 1889 deesse

351 1875 785 1952 annotavimus:
831 1875 1063 1956 excepto
1133 1875 1423 1956 quodpro
1452 1881 1684 1956 Joannis
1702 1875 2039 1956 purgationi,

351 1962 592 2017 habetur
626 1947 827 2014 Joanni
859 1947 1169 2026 baptizanti
1205 1947 1545 2022 additurque
1575 1955 1624 2005 et
1653 1947 1884 2003 Jordani
1911 1960 2044 2014 pur-

353 2038 499 2100 gato.

988 2128 1164 2164 SEBIO
1199 2125 1418 2164 CXXVIII.

424 2203 652 2275 Legitur
683 2201 743 2255 in
773 2200 878 2256 cod
909 2197 1124 2255 Cassin.
1145 2214 1328 2261 xcviu,
1354 2197 1448 2249 fol.
1482 2198 1542 2249 10
1565 2213 1596 2248 a
1617 2199 1809 2263 tergo;
1843 2191 1904 2245 in
1920 2189 2045 2244 cod.

356 2294 568 2365 pariter
586 2291 802 2346 Cassin.
836 2305 995 2351 cxvu,
1023 2288 1119 2340 fol.
1141 2289 1225 2345 48,
1253 2286 1311 2338 in
1333 2301 1447 2355 quo
1473 2284 1714 2337 habetur
1755 2280 2049 2334 exordium

358 2380 512 2451 quod
541 2375 889 2433 Benedictini
925 2373 1254 2428 indicarunt
1284 2373 1342 2424 in
1373 2369 1767 2424 admonitione
1792 2385 1806 2434 ;
1831 2367 1892 2421 in
1916 2367 2046 2420 cod.

361 2469 514 2522 Cass.
556 2480 657 2519 ενι.
701 2463 800 2518 fol.
869 2464 1011 2525 3‘20;
1071 2465 1127 2514 et
1157 2458 1364 2529 partim
1431 2457 1489 2510 in
1522 2455 1662 2510 Bibl.
1726 2453 2050 2522 Magonem,

362 2553 490 2608 cod.
525 2567 614 2615 xv,
642 2551 738 2605 fol.
771 2553 860 2605 23.

438 2633 581 2687 Edit.
613 2632 679 2686 Ν.
718 2634 764 2685 l.
799 2628 967 2684 Hodie
1013 2633 1174 2680 natus

359 2709 440 2760 est
468 2706 586 2758 sine
611 2706 772 2772 patre
800 2703 858 2754 in
884 2701 1062 2753 terris.

1320 2625 1452 2678 Cod.
1509 2639 1708 2678 xcvm..
1743 2624 1816 2675 De
1856 2625 1923 2686 te,
1961 2621 2056 2674 Dei

1247 2697 1508 2760 genitrim,
1532 2698 1698 2748 natus
1719 2695 1796 2745 est
1821 2693 1935 2745 sine
1963 2705 2058 2754 pa-

1248 2773 1328 2818 tre
1360 2768 1418 2818 in
1451 2767 1629 2818 terris.

437 2842 578 2896 Ibid.
625 2843 799 2895 Mater
845 2842 1020 2906 facta,
1081 2837 1177 2892 sed
1320 2836 1399 2888 1d.
1449 2837 1623 2889 Mater
1664 2834 1816 2898 faeta,
1851 2830 1945 2885 sed
1973 2831 2054 2882 in-

368 2917 705 2980 incorrupta.
1252 2911 1526 2980 corrupta.

442 2985 505 3038 N.
560 2972 616 3036 2'.
677 2983 938 3036 Dicamus
983 2982 1181 3032 sancte
1329 2972 1693 3029 IdQDicamus
1731 2976 1928 3025 sanctae
1946 2972 2064 3023 vir-

1255 3048 1373 3112 gini
1423 3046 1606 3099 Mariae
1648 3045 1814 3095 matri
1859 3042 2070 3095 Domini

1257 3117 1429 3168 nostri
1475 3118 1600 3169 Jesu
1645 3113 1894 3168 Christi:
1948 3127 2065 3175 ave,

1255 3188 1440 3250 gratia
1516 3186 1678 3253 plena
1705 3199 1718 3247 ;

1257 3261 1363 3310 etc.

1334 3326 1464 3379 Cod.
1521 3340 1606 3377 xv.
1661 3325 1729 3377 Et
1767 3337 1929 3386 nunc,
1966 3325 2066 3375 Do-

1261 3399 1422 3460 mine,
1442 3396 1653 3448 dimitte
1671 3407 1881 3446 servum
1899 3396 2066 3444 tuum.

1263 3467 1331 3517 Et
1359 3468 1436 3517 sic
1470 3465 1728 3516 inferius.

455 3542 595 3596 Ibid.
661 3542 769 3606 Qui
826 3541 1018 3609 plenus
1074 3542 1191 3591 erat
1335 3535 1473 3609 Cod.
1503 3550 1702 3609 xcvm;
1750 3533 1857 3597 Qui
1885 3531 2070 3609 plenus

378 3616 599 3684 pietate.
631 3605 846 3666 Simeon
868 3613 1186 3670 senem-etc.
1263 3611 1381 3684 erat
1401 3607 1619 3684 pietate.
1666 3606 1829 3684 βρεμι,
1861 3605 2070 3684 fratres

1264 3678 1553 3736 carissimi,
1588 3674 1721 3744 quid
1749 3676 1820 3726 sit
1851 3675 1950 3725 iste
1989 3687 2070 3725 se-

379 3769 486 3808 nes:
531 3753 763 3815 Simeon,
825 3752 922 3820 qui
956 3747 1408 3820 magnitudinem
1469 3744 1732 3820 sentiebat
1774 3746 1833 3820 in
1861 3757 2069 3820 parvo;

383 3823 527 3893 quod
555 3814 791 3882 videbat,
825 3814 969 3889 quod
996 3814 1351 3893 intelligebat,
1388 3815 1650 3870 mundum
1678 3814 1893 3893 regebat
1912 3814 2074 3893 ;_ipse

381 3883 614 3960 ferebat,
644 3899 692 3946 et
715 3883 972 3946 Christus
1001 3883 1235 3956 regebat.
1260 3889 1471 3960 Simeon
1500 3901 1698 3960 senem,
1723 3883 1972 3960 etc.Cod.
2005 3898 2071 3960 xv

384 3955 712 4033 quiaplenus
730 3955 1124 4033 eratpietate...
1162 3957 1437 4033 etdeinde
1471 3957 1614 4026 quod
1645 3955 1882 4033 videbat,
1903 3958 2074 4033 mater

381 4024 638 4104 portdbat
660 4051 675 4098 ;
701 4033 844 4101 quod
858 4024 1216 4104 intelligebat,
1239 4024 1497 4104 mundani
1528 4024 1914 4104 regebat._Ipsa
1927 4025 2071 4104 fere:

385 4092 497 4170 bat,
548 4109 598 4158 et
649 4092 894 4158 Christus
955 4092 1209 4169 regebat
1249 4100 1457 4153 Simeon
1507 4092 1686 4161 senex,
1731 4100 1834 4148 etc.
1884 4092 1972 4147 Sic
2021 4097 2074 4144 et

385 4191 488 4240 cvr,
522 4179 579 4228 et
609 4189 766 4228 cxvu.

456 4236 598 4299 Ibid.
666 4245 912 4300 Christus
975 4240 1192 4308 regebat
1336 4237 1470 4291 Cod.
1508 4253 1596 4290 xv.
1642 4236 1888 4292 Christus
1916 4247 2070 4298 rege-

388 4317 648 4371 Simeonis
694 4317 1030 4367 senectutem.
1082 4311 1193 4364 Di-
1268 4308 1358 4361 bat
1379 4309 1671 4362 Simeonem
1690 4308 1747 4359 in
1783 4308 2067 4358 senectute.

386 4391 530 4439 ctum
558 4387 608 4438 ei
634 4387 839 4450 fuerat,
873 4387 977 4435 etc.
1267 4379 1408 4450 Quid
1449 4394 1573 4445 ergo
1608 4376 1768 4450 dixit
1818 4375 2028 4450 Simeon
2049 4372 2075 4424 ἱ)

1271 4448 1473 4502 Audite
1485 4490 1496 4501 .
1595 4449 1767 4512 Nunc,
1831 4445 2071 4507 Domine,

387 4525 602 4578 dimitte
647 4525 857 4576 servum
901 4527 1050 4575 tuum
1080 4522 1137 4573 in
1177 4535 1342 4588 pace;
1372 4521 1430 4571 in
1459 4533 1588 4585 pace
1616 4520 1841 4584 inquam
1866 4533 1881 4578 ;
1911 4529 2070 4588 quam

388 4593 855 4649 commendaturus
896 4607 950 4645 es
1003 4584 1289 4657 discipulis
1345 4584 1490 4642 tuis:
1546 4590 1736 4642 Pacem
1791 4600 1962 4638 meam
1991 4584 2074 4657 Ado

387 4665 560 4726 vobis,
585 4678 772 4733 pacem
798 4664 1050 4730 relinquo
1078 4654 1248 4733 vobis.
1266 4659 1600 4733 Dictumei
1619 4659 1823 4733 fuerat,
1857 4654 2074 4733 ειμι-βία

389 4739 446 4790 et
475 4725 602 4789 cod:
629 4748 817 4795 xcvut,
837 4725 1069 4800 excepto
1091 4731 1244 4802 quod
1265 4729 1438 4783 habet
1463 4730 1696 4802 dimittis
1720 4743 1822 4796 pro
1839 4725 2072 4802 dimitte,

390 4805 538 4860 male
577 4805 723 4858 tollit
773 4819 937 4872 quam
967 4795 1126 4871 post'
1151 4804 1400 4871 inquam,
1438 4795 2074 4872 Διιυιιιῑ..ίεόπιηιεηάιιεεᾳδ

390 4879 513 4930 loco
558 4873 716 4928 verbi
755 4865 1241 4936 cbmmendaturus',
1291 4875 1347 4924 et
1386 4865 1582 4939 adjicit
1611 4868 1794 4922 dicens
1825 4872 1954 4919 ante
1982 4865 2073 4917 di-

388 4947 630 5016 scipulis.
663 4946 745 4998 Ita
775 4949 832 4998 et
859 4959 1022 5016 CXVII,
1053 4945 1110 5016 et
1130 4958 1234 4995 ενι.

461 5007 603 5072 Ibid.
635 5017 806 5071 Natus
838 5019 917 5068 est
945 5014 1192 5070 Christus
1338 5009 1472 5064 Cod.
1506 5026 1594 5063 xv.
1619 5013 1675 5062 et
1702 5021 1860 5061 chu.
1898 5007 2073 5061 Natus

388 5094 438 5141 et
504 5088 781 5155 impletum
845 5090 923 5139 est
987 5084 1193 5139 deside-
1269 5083 1660 5155 estC/aristas;
1688 5077 2070 5155 ille_v_enieb_at,_

388 5160 553 5221 rium,
581 5149 690 5212 etc.
1272 5158 1320 5205 et
1347 5154 1446 5205 iste
1465 5151 1618 5215 ibat;
1650 5154 1698 5203 et
1736 5149 1848 5221 nisi
1873 5151 2076 5221 veniret

1271 5223 1382 5287 ille,
1424 5223 1527 5276 iste
1571 5223 1648 5273 ire
1701 5218 1924 5272 nolebat.
1953 5220 2074 5271 1am

391 5303 625 5354 senectus
655 5302 874 5352 matura
917 5295 1250 5356 ewcludebat,
1283 5293 1376 5346 sed
1422 5294 1629 5346 sincera
1663 5292 1841 5360 pietas
1868 5289 2071 5342 detine-

393 5370 501 5422 bat.
553 5370 626 5424 At
676 5368 772 5422 ubi
813 5372 973 5421 natus
1020 5371 1098 5420 est
1145 5365 1411 5427 Christus,
1453 5366 1510 5416 at
1537 5361 1633 5415 ubi
1661 5375 1778 5414 eum
1801 5364 2075 5428 portatum

395 5439 637 5493 manibus
662 5437 824 5502 vidit,
852 5442 902 5490 et
932 5437 1177 5490 divinam
1201 5436 1500 5498 infantiam
1525 5433 1618 5499 pia
1647 5435 1885 5502 senectus
1915 5444 2076 5502 agno-

396 5511 491 5573 vit,
525 5511 728 5578 accepit
753 5500 872 5562 eum
890 5509 949 5561 in
968 5506 1214 5560 manibus
1240 5507 1353 5558 suis
1381 5503 1634 5578 et_di:c_itq:
1650 5500 2070 5578 Nuncdimittis,

397 5569 889 5646 Dominefservum
923 5581 1093 5646 tuum,
1115 5579 1172 5629 in
1219 5591 1368 5643 pace.
1418 5573 1705 5646 Impletum
1739 5575 1816 5624 est
1873 5569 2076 5623 deside-

395 5651 557 5708 rium,
589 5643 690 5701 etc.
720 5647 841 5701 Vid.
876 5663 1045 5700 serm.
1075 5645 1126 5700 S.
1161 5649 1303 5714 Aug.
1329 5661 1510 5705 cuiu,
1543 5659 1598 5695 n.
1641 5643 1684 5694 ’t.

371 3055 589 3121 virgini,
636 3054 824 3106 Maria
865 3051 1034 3121 matri
1081 3051 1180 3101 Do-

371 3119 505 3179 mini
547 3125 720 3176 nostri
755 3125 882 3176 Jesu
928 3119 1179 3183 Christi;

371 3195 638 3260 dicamus,
669 3196 776 3246 etc.

448 3333 518 3388 N.
604 3336 651 3386 3.
722 3333 893 3392 Nunc,
951 3332 1188 3394 Domine,

379 3405 612 3458 dimittis
641 3417 853 3456 servum
883 3404 1051 3452 tuum.

1628 254 2035 360 API’EINDICIS
2063 287 2570 351 AUGUS’I‘INIANI.

321 441 461 504 erat,
525 436 819 493 diabolum
869 432 1120 487 vinceret
1164 430 1328 483 Deus.
1383 423 1533 479 Nihil
1583 438 1718 493 ergo
1761 428 1861 476 tua
1889 433 2020 490 pro-
2063 421 2107 474 Α
2139 407 2610 504 ad
2653 418 2826 462 senem
2857 404 2949 457 ho-

2096 2969 2137 3024 c
2178 2941 2316 3024 tam,
2349 2933 2751 3024 si‘vis.muutari
2809 2931 2982 3024 sni‘nonn

1799 3182 2065 3246 dicamus,

3702 272 3851 322 I232

3098 397 3176 453 Id.
3211 397 3347 454 Cod.
3381 413 3467 451 xv.
3496 398 3616 466 Ipse
3646 395 3724 449 ad
3755 398 3856 449 se;

3026 485 3140 524 nem
3165 471 3326 523 venit.

3092 539 3176 622 Id.
3214 542 3437 622 Servum
3487 545 3657 603 tuum,
3730 540 3854 591 Do—

3026 627 3186 675 mine,
3221 627 3278 664 in
3313 625 3461 678 pace.

3100 681 3178 735 Id.
3223 683 3357 734 Post
3395 679 3643 732 salutare
3673 683 3850 731 tuum

3027 751 3239 805 omittit
3271 751 3520 820 phrasim
3541 751 3849 817 prophetae,

3027 829 3156 887 etc.,
3211 837 3387 891 usque
3441 821 3506 873 ad
3537 821 3646 873 hac
3689 823 3846 882 sunt,

3028 899 3130 946 etc.

3099 962 3231 1017 Cod.
3264 977 3350 1015 xv.
3418 963 3542 1014 Hac
3589 966 3716 1013 sunt
3758 963 3842 1011 te—

3025 1035 3278 1090 stimonia
3315 1037 3427 1098 tua,
3477 1046 3505 1082 ο
3535 1032 3660 1083 Jesu
3719 1028 3844 1083 Cod

2137 484 2334 538 minem
2362 482 2534 536 venit.

2208 552 2348 608 lbid.
2408 551 2631 606 Servum
2682 552 2832 601 tuum
2896 546 2952 595 in

2144 640 2277 694 pace
2289 664 2304 680 .

2220 692 2359 748 Ibid.
2412 696 2470 744 et
2512 707 2568 743 ιι.
2611 689 2664 741 4.
2705 688 2954 743 Salutare

2147 771 2318 818 tuum.
2344 764 2639 831 Prophetas,
2671 764 2774 811 etc.

2220 975 2280 1029 N.
2332 976 2385 1028 4.
2443 973 2566 1026 Haec
2628 976 2750 1023 sunt
2801 967 2952 1019 tosti-

2147 1047 2325 1099 monia
2353 1043 2660 1096 nativitatis
2691 1045 2814 1102 tuae,
2843 1040 2948 1091 Do-

2149 1119 2288 1169 mine
2312 1116 2456 1168 Jesu.
3027 1121 3188 1168 cxvu,
3231 1105 3449 1156 Domine
3476 1102 3617 1153 Jesu.

2220 1183 2362 1239 Ibid.
2481 1180 2953 1236 Substernerentur
3103 1174 3180 1227 Id.
3288 1173 3664 1227 Stu'nerentu-r
3739 1173 3843 1236 flu-

2147 1258 2338 1323 ﬂuctus
2432 1254 2602 1306 maris
2701 1250 2951 1323 calcanti,
3027 1249 3142 1323 ctus
3170 1244 3359 1301 maris.
3393 1243 3572 1308 campi
3597 1240 3849 1294 cederent

3029 1318 3343 1383 imperanti.

3101 1382 3239 1438 Cod.
3290 1398 3379 1435 xv.
3428 1382 3632 1435 Mor-tui
3669 1387 3718 1432 te
3749 1395 3850 1432 vo-

3034 1459 3186 1507 cante
3214 1454 3654 1505 resurremissent.

3109 1524 3186 1577 Id.
3253 1525 3418 1576 Terra
3477 1528 3526 1575 te
3583 1521 3856 1574 moriente

3039 1596 3354 1646 tri-arcuisset.

3110 1665 3190 1718 Id.
3279 1664 3482 1730 Ubique
3561 1662 3703 1714 enim
3778 1661 3856 1712 eis

3038 1736 3304 1790 Christus.

3113 1805 3193 1858 Id.
3225 1802 3509 1856 Adoratus
3537 1805 3615 1854 est
3637 1804 3694 1852 in
3724 1804 3859 1853 tem-

3040 1877 3127 1941 plo
3157 1890 3292 1942 puer
3316 1873 3574 1924 Christus
3602 1887 3616 1934 ;
3657 1887 3692 1922 a
3727 1885 3857 1922 sene

3041 1946 3281 2000 Simeone
3345 1947 3584 2008 gestatus
3651 1946 3728 1994 est
3796 1943 3856 1992 in

3040 2017 3202 2077 ulnis,
3235 2018 3341 2066 etc.

3113 2085 3192 2138 Id.
3228 2086 3290 2137 In
3332 2080 3678 2145 verberibus;
3719 2079 3854 2148 put-

3035 2156 3160 2209 cher
3181 2169 3288 2208 non
3315 2167 3530 2214 curans,
3564 2158 3670 2203 etc.

3111 2225 3192 2279 Id.
3252 2224 3539 2290 Aspiravit
3609 2221 3750 2284 dies,
3805 2226 3858 2273 et

3040 2299 3246 2362 fugatae
3269 2299 3392 2346 sunt
3419 2291 3636 2345 umbrae.

3117 2366 3196 2419 Id.
3231 2366 3291 2420 Si
3321 2365 3630 2431 empavescis
3671 2363 3770 2430 qui
3802 2376 3856 2414 es

3050 2436 3288 2496 auditor,
3317 2440 3420 2486 etc.

3123 2507 3202 2560 Id.
3273 2505 3572 2560 Nuntiatur
3644 2503 3865 2556 Elisaro.

2150 1322 2396 1380 cederent
2430 1322 2740 1391 imperanti.

2226 1395 2364 1448 Ibid.
2431 1395 2673 1448 Mortuus
2738 1394 2786 1444 te
2862 1402 2957 1440 vo-

2153 1471 2305 1520 cante
2324 1464 2692 1517 resureacisset.

2228 1536 2366 1588 Ibid.
2447 1535 2610 1587 Terra
2678 1535 2725 1583 te
2780 1541 2961 1582 resur-

2154 1609 2307 1672 gente
2350 1604 2651 1657 tremuisset

2235 1676 2297 1728 Ν.
2399 1678 2450 1727 5.
2559 1672 2760 1738 Ubique
2824 1669 2965 1720 enim

2161 1746 2434 1799 Christus.

2228 1815 2364 1869 lbid.
2433 1813 2710 1867 Adoratus
2773 1812 2854 1861 est
2909 1809 2966 1859 in

2157 1887 2348 1953 templo
2409 1898 2544 1952 puer
2621 1881 2866 1936 Christus
2933 1893 2967 1953 a

2155 1951 2274 2010 seni
2302 1951 2570 2018 Simeone;
2615 1954 2858 2018 gestatus
2888 1951 2966 2000 est

2155 2029 2213 2079 in
2247 2025 2410 2092 ulnis,
2430 2028 2534 2075 etc.

2231 2093 2372 2149 Ibid.
2397 2088 2473 2148 ’ln
2502 2089 2808 2146 verberibus
2844 2088 2966 2157 put-

2159 2165 2282 2220 cher
2305 2182 2318 2227 ;
2351 2180 2454 2217 non
2473 2176 2690 2226 curans,
2716 2166 2818 2212 etc.

2232 2236 2371 2288 Ibid.
2459 2232 2746 2300 Aspiravit
2829 2228 2962 2291 dies,

2160 2307 2411 2374 effugata?
2440 2308 2566 2374 sunt
2603 2300 2822 2354 umbrae.

2235 2370 2296 2429 Ν.
2366 2378 2417 2427 6.
2493 2373 2560 2426 Si
2636 2370 2967 2438 expavescis,

2163 2447 2409 2515 quisquis
2426 2459 2478 2498 es
2499 2442 2738 2515 auditor,
2763 2446 2865 2491 etc.

2238 2512 2311 2569 Νξ
2373 2519 2424 2568 7.
2518 2512 2808 2567 Nuntiatus
2900 2512 2978 2561 est

2163 2587 2373 2641 Elissac.

2236 2655 2379 2708 lbid.
2417 2655 2484 2707 Et
2509 2653 2594 2704 ait
2615 2651 2719 2704 illi.

2239 2724 2380 2778 Ibid.
2422 2725 2610 2776 Vivere
2653 2723 2710 2773 in
2747 2720 2846 2772 illa
2874 2733 2980 2771 non

2165 2801 2478 2865 potuerunt.

2241 2865 2385 2920 Ibid.
2418 2861 2571 2917 Audi
2600 2861 2764 2928 legem
2801 2862 2978 2911 muta-

3124 2645 3207 2698 Id.
3248 2647 3312 2699 Et
3341 2643 3488 2696 dixit
3517 2645 3586 2696 ei.

3124 2717 3204 2768 Id.
3266 2716 3456 2768 Vivere
3517 2729 3584 2765 ea:
3648 2728 3713 2764 ea
3762 2727 3871 2762 nun

3051 2789 3364 2855 potuerunt.

3125 2856 3299 2910 Codd.
3346 2869 3429 2913 xv,
3478 2857 3534 2907 et
3555 2868 3719 2905 CXVII.
3747 2854 3868 2904 Au-

3056 2927 3116 2978 di
3147 2943 3158 2979 :
3193 2928 3346 2980 Muta
3377 2930 3444 2986 te,
3479 2926 3528 2977 si
3564 2924 3645 2975 vis
3696 2927 3871 2974 muta-

2177 3010 2260 3060 vis
2319 3005 2543 3068 mutari,
2597 3005 2654 3054 in
2700 3003 2980 3061 vetustate,
3055 2999 3144 3060 ri;
3177 2999 3236 3049 in
3263 2999 3545 3058 vetustate,
3577 2998 3685 3045 etc.

2177 3083 2284 3130 etc.

2253 3145 2388 3200 lbid.
2432 3146 2592 3197 Pater
2640 3147 2762 3195 tuus
2801 3141 2983 3191 cruci-

2175 3215 2305 3285 ﬁxit
2343 3216 2642 3285 Christum,
2701 3217 2758 3263 tu
2797 3209 2983 3285 odisti.

2251 3285 2386 3338 Ibid.
2435 3283 2647 3336 Audire
2689 3282 2984 3348 ewpectatis

2178 3373 2211 3410 a
2240 3371 2352 3408 me:
2382 3355 2585 3414 audite,
2631 3357 2735 3404 etc.

2253 3426 2366 3478 Ibid
2379 3465 2391 3478 .
2423 3427 2557 3477 Deus
2605 3421 2827 3475 donavit
2851 3435 2986 3487 gra-

2180 3498 2331 3550 tiam.
2360 3496 2572 3550 Gratia,
2607 3499 2708 3544 etc.

2248 3566 2392 3620 Ibid.
2434 3564 2707 3628 Reddita;
2738 3563 2868 3628 quia
2896 3561 2992 3627 qui

2178 3638 2400 3692 creavit.
2432 3637 2610 3688 sanat.

2252 3705 2396 3759 lbid.
2469 3704 2607 3757 Ruit
2677 3701 2786 3763 ille,
2855 3703 2990 3768 quia

2179 3777 2393 3830 dimisit
2420 3777 2740 3827 manentem.

2256 3846 2391 3900 Ibid.
2439 3843 2720 3898 Descendit
2778 3841 2851 3894 ad
2892 3839 2992 3908 ja-

2179 3923 2393 3971 centem.

3130 3135 3232 3189 Iid.
3296 3137 3456 3189 Pater
3509 3137 3632 3186 tuus
3689 3134 3867 3185 cruci-

3057 3208 3203 3274 ﬁmit,
3234 3210 3291 3258 tu
3322 3205 3501 3258 odisti.

3130 3277 3262 3330 Cod.
3322 3292 3411 3328 xv.
3473 3272 3714 3334 Audite;
3772 3289 3871 3326 e1:-

3060 3348 3312 3415 spectatis
3343 3361 3377 3398 a
3395 3361 3476 3398 me
3492 3361 3509 3415 ξ
3528 3343 3736 3406 audite,
3759 3351 3870 3397 etc.

3128 3417 3212 3469 Id.
3270 3418 3409 3468 Deus
3467 3414 3691 3467 donavit
3735 3429 3870 3479 gra-

3063 3489 3196 3540 tiam
3221 3501 3390 3538 suam.
3423 3485 3634 3546 Gratia,
3653 3489 3759 3536 etc.

3133 3556 3211 3609 Id.
3267 3556 3515 3609 Reddita.
3571 3554 3675 3619 Qui
3719 3570 3868 3607 crea-

3061 3630 3157 3688 vit,
3184 3633 3363 3679 sanat.

3137 3697 3214 3750 Id.
3249 3698 3377 3750 Ruit
3409 3696 3499 3749 ille
3526 3697 3624 3763 qui
3657 3694 3872 3748 dimisit

3065 3772 3378 3821 manentem.

3136 3837 3272 3901 Quae
3320 3839 3640 3906 sequuntur
3670 3833 3876 3888 desunt

3067 3908 3126 3961 in
3215 3907 3376 3960 codd.
3462 3922 3527 3958 xv
3610 3911 3670 3958 et
3733 3920 3876 3957 cxvu

3070 3993 3249 4045 usque
3280 3977 3346 4030 ad
3391 3978 3508 4029 haec
3536 3975 3711 4028 verba
3746 3991 3875 4028 ver-

2183 4073 2277 4111 sus
2304 4057 2474 4110 ﬁnem
2494 4055 2772 4106 veniamus
2803 4051 2877 4105 ad
2905 4065 3022 4103 eum
3053 4048 3332 4102 credendo.

2257 4128 2320 4180 Ν.
2381 4129 2429 4179 9.
2501 4125 2678 4190 Quare
2743 4122 2808 4175 de
2872 4121 2988 4189 ejus
3134 4118 3212 4172 Id.
3249 4118 3425 4182 Quare
3451 4115 3653 4183 deejus
3675 4117 3876 4190 natiui-

2184 4199 2472 4250 nativitate
2494 4187 2755 4261 litiganus
2777 4192 2805 4247 ?
2834 4187 2907 4245 an
2934 4197 2993 4243 ut
3069 4193 3176 4242 tate
3227 4190 3529 4253 litigamus,
3571 4191 3670 4240 aut
3699 4187 3874 4261 medi-

2184 4267 2448 4321 medicum
2526 4256 2802 4319 vocantem
2890 4276 2996 4314 non
3068 4274 3187 4312 cum
3225 4263 3498 4311 vocantem
3530 4272 3638 4309 non
3674 4256 3876 4310 audia-

2184 4339 2475 4391 audiamus
2499 4335 2527 4390 (ἰ
3068 4343 3185 4382 mus
3209 4330 3351 4397 (lege
3389 4327 3717 4392 audimus)?

2256 4407 2397 4461 Ibid.
2479 4405 2805 4461 Celebremus
2871 4415 2996 4467 ergo
3131 4399 3216 4452 ‘Id.
3324 4399 3654 4453 Celebremus
3758 4413 3879 4461 ergo

2182 4478 2418 4531 natalem
2501 4476 2716 4529 Domini
2793 4474 2995 4537 fratres
3070 4469 3210 4523 diem
3237 4470 3456 4534 festum,
3485 4473 3591 4521 etc.

2183 4548 2474 4609 carissimi,
2547 4546 2841 4600 adventum
2900 4543 2996 4595 Dei

2183 4623 2232 4672 et
2280 4618 2510 4671 hominis
2555 4615 2892 4676 celebremus,
2944 4616 3004 4664 ut
3053 4624 3147 4664 nos
3192 4609 3267 4662 ad
3320 4612 3480 4664 Deum
3525 4613 3878 4662 revertamur.

2184 4690 2361 4755 Igitur
2389 4687 2529 4741 diem
2557 4687 2760 4751 festum
2789 4682 3262 4755 cetebremus,_e_tc.

2255 4758 2396 4812 Ibid.
2449 4757 2564 4812 Non
2627 4755 2992 4821 formationis,
3142 4751 3219 4804 Id.
3269 4752 3386 4804 Non
3447 4751 3874 4815 informationis.

2183 4829 2277 4882 sed
2304 4827 2736 4895 reformationis.
3069 4821 3163 4875 sed
3180 4822 3608 4882 reformationis.

2779 4908 3010 4966 SERMO
3036 4908 3278 4963 CXXXV.

2257 5003 2485 5074 Legitur
2514 5002 2572 5055 in
2595 5000 2716 5074 cod.
2747 4999 2964 5055 Cassia.
2997 4996 3263 5074 (ιινιροξ.
3303 4998 3418 5074 I5t_i_.

2259 5065 2365 5129 Ν.“’
2399 5077 2443 5129 1.
2491 5073 2796 5138 Intelligere
2851 5085 2981 5139 pos-
3136 5067 3267 5122 Cod.
3365 5068 3484 5121 Non
3604 5065 3880 5133 explicare

2183 5159 2388 5209 sumus,
2434 5145 2662 5210 fratres,
2723 5146 2837 5196 etc.
3066 5153 3370 5210 possumus,
3393 5139 3620 5210 fratres,
3665 5141 3778 5187 etc.

2255 5208 2395 5270 Ibid.
2435 5208 2783 5268 'Is‘muttamus
2842 5211 2997 5266 Chri-
3067 5208 3081 5210 ⁷
3143 5208 3223 5262 Id.
3298 5209 3618 5262 Ezattamus
3694 5212 3880 5258 natum

2183 5291 2327 5341 stum
2412 5287 2695 5338 Dominum
2770 5286 2998 5348 natum;
3077 5279 3433 5339 Salinatorem,
3493 5284 3542 5329 et
3587 5277 3715 5342 jam
3745 5291 3883 5328 nunc

2184 5360 2233 5410 et
2259 5357 2380 5423 jam
2415 5370 2533 5408 eum
2588 5355 2836 5408 laetamur
2860 5365 2992 5423 _pro
3067 5365 3184 5402 eum
3249 5349 3500 5402 laetamur
3558 5360 3671 5398 esse
3735 5361 3881 5398 rena-

2183 5421 2356 5480 salute
2384 5425 2610 5478 humani
2623 5425 2835 5492 generis
2855 5421 2995 5491 bap—
3071 5425 3200 5472 tum.

2188 5499 2434 5551 tizatum.
3091 5507 3094 5510 ·

2255 5566 2396 5620 Ibid.
2449 5567 2560 5619 Via:
2608 5567 2768 5618 natus
2794 5567 2872 5616 est
2900 5563 2995 5615 ho-

2187 5637 2437 5689 minibus.

3145 5559 3226 5614 Id.
3266 5559 3374 5612 Via:
3389 5555 3690 5624 aliquando
3723 5563 3884 5608 natus

3075 5636 3148 5682 est
3186 5631 3445 5682 Dominus
3478 5630 3657 5682 terris.
