4004 6182
235 306 365 358 1233

302 423 435 477 Ibid.
518 426 773 494 Essetque
867 428 1032 481 conti-

227 501 397 547 nuata
421 497 714 558 festivitas.

301 565 415 618 Ibid
494 566 816 637 Incorrupta
866 574 1036 622 matre

227 638 580 702 progenitum.

302 705 439 758 Ibid.
479 708 584 761 Ista
630 708 780 761 nobis
813 710 1035 761 contulit

227 780 701 843 sanctificationem
712 818 722 830 .

303 847 435 899 Ibid.
474 849 577 901 Illa
606 863 769 901 unum
792 863 1036 916 procrea-

228 918 325 977 vit,
363 922 413 970 et
455 921 607 985 virgo
657 924 771 987 est;
810 920 919 971 ista
945 934 1035 984 ge-

229 996 379 1039 nerat
418 990 624 1057 plures,
678 995 727 1042 et
765 1005 907 1057 pura
936 995 1031 1042 est.

302 1128 361 1180 Ν.
395 1130 447 1179 2.
475 1128 721 1181 Pessime.
754 1134 810 1181 et
840 1135 1035 1181 contra

230 1214 453 1249 seu-um
505 1202 601 1267 qui
647 1207 769 1252 tunc
802 1202 1035 1252 Mariam

228 1272 537 1330 castigavit.

300 1339 439 1397 Ibid.
471 1340 539 1392 In
581 1355 683 1407 quo
725 1340 864 1392 mihi
912 1338 1037 1392 bene

229 1412 544 1475 complacui.
640 1412 763 1463 Haec
852 1413 1035 1478 prima

226 1480 557 1547 prmclarior.
716 1482 1037 1534 Przeclarior

224 1548 390 1616 plane
431 1555 507 1602 est
561 1551 813 1613 secunda,
874 1567 1036 1619 quam

157 1676 167 1692 κ
228 1622 408 1692 prima
458 1623 739 1675 nativitas.
804 1622 942 1674 Male
983 1626 1038 1673 et

230 1689 439 1759 absque
470 1707 658 1745 sensu.

300 1760 441 1813 Ibid.
467 1762 581 1814 Ista
593 1777 712 1814 cum
730 1761 1039 1814 divinitatis

230 1832 559 1897 professione
615 1834 896 1885 Dominam
952 1831 1041 1885 ba-

226 1903 479 1968 ptizavtt.

300 1971 365 2024 N.
420 1974 471 2025 3.
497 1972 709 2026 Cwlum
737 1972 1041 2024 subtilitate

228 2042 527 2109 suspendit,
551 2047 751 2095 terram
764 2044 898 2096 mole
914 2047 1040 2110 fun-

230 2110 402 2164 davit.

304 2181 440 2235 Ibid.
508 2183 737 2236 Joannes
787 2185 1041 2252 Baptista

228 2254 581 2306 comminatur
592 2294 604 2306 .

299 2322 435 2376 Ibid.
476 2324 601 2388 Quae
648 2339 892 2377 normam
936 2323 1031 2391 ju-

230 2397 323 2447 stae
354 2394 694 2447 discretionis
728 2397 1031 2447 arcesserit.

302 2464 361 2516 Ν.
392 2465 441 2517 4.
473 2464 574 2518 Ubi
586 2466 778 2530 purior
792 2471 869 2517 est
888 2466 1037 2528 fonte

232 2534 320 2586 ille
344 2536 440 2600 qui
466 2536 748 2599 mergitur.

299 2603 439 2655 Ibid.
476 2604 629 2655 Exeo
653 2604 887 2656 omnium
913 2617 1040 2667 gur-

229 2675 398 2736 t/itum
445 2678 647 2726 tractas
699 2680 1033 2726 cunctorum-

232 2746 578 2809 que/‘ontium
598 2758 762 2796 venas
784 2746 1039 2811 mysterio

233 2816 574 2881 baptismatis
621 2815 966 2866 consecrarit.

304 2883 416 2937 Ibid
428 2925 439 2935 .
576 2884 740 2938 Nobis
840 2886 1039 2949 ﬂuenta

233 2954 529 3006 mandaret.
556 2954 768 3007 Deinde
817 2953 1038 3023 integer

234 3039 503 3076 numerus
594 3024 853 3093 sequitur
937 3024 1036 3093 qui

226 3095 381 3145 deest
427 3094 489 3147 iu
537 3094 685 3163 cod.,
734 3099 790 3148 et
818 3093 914 3164 qui
956 3102 1037 3146 est

228 3164 295 3216 Ile
322 3164 510 3233 Magis.

1575 307 1951 365 LECTIONES
1991 308 2394 365 VAHIANTES.

1182 428 1263 482 Id.
1296 430 1555 501 Essetque
1601 432 1721 486 nati
1747 433 1913 486 conti-
1946 436 1986 489 Α

1106 505 1276 552 nuata
1305 502 1593 565 festivitas.

1180 570 1257 623 Id.
1356 572 1641 639 lmpolluta

1107 646 1433 707 conceptum.

1183 710 1259 762 Id.
1312 712 1420 763 Ista
1485 712 1634 764 nobis
1692 714 1914 765 contulit

1108 782 1450 833 sanctitatem

1178 851 1258 904 Id.
1314 852 1412 904 Illa
1455 867 1619 904 unum
1666 869 1916 920 procrea-

1108 923 1208 993 vit,
1233 925 1283 973 et
1308 938 1452 988 pura
1498 927 1575 974 est
1598 942 1613 986 ;
1655 925 1761 976 ista
1791 941 1914 993 quo-

1111 990 1243 1043 tidie
1300 996 1520 1057 generat
1598 990 1815 1059 plures;
1868 1000 1916 1046 et

1112 1064 1259 1127 virgo
1289 1067 1385 1113 est.

1183 1132 1254 1184 Id.
1294 1131 1521 1199 Optime
1562 1135 1658 1201 qui
1684 1138 1806 1186 tunc
1827 1150 1915 1186 va~

1108 1206 1180 1255 sti
1180 1204 1364 1269 ﬂcavit
1394 1204 1644 1256 Mariam.

1746 579 1915 625 matre

1181 1341 1261 1395 Id.
1322 1343 1388 1397 In
1446 1356 1556 1410 quo
1611 1344 1749 1395 mihi
1793 1344 1916 1396 bene

1108 1413 1405 1480 complacui
1427 1431 1443 1474 ;
1482 1415 1661 1481 ipsum
1708 1415 1911 1467 audite.

1110 1484 1439 1537 Praeclarior
1467 1486 1626 1551 plane
1647 1488 1722 1535 est
1738 1499 1918 1537 secan-

1108 1555 1199 1620 da,
1235 1570 1396 1621 quam
1422 1557 1603 1621 prima
1633 1557 1911 1607 nativitas.

1188 1762 1263 1816 Ib.
1298 1765 1420 1817 Ista
1449 1779 1568 1817 cum
1609 1764 1919 1818 divinitatis

1107 1835 1458 1902 professione,
1524 1835 1753 1899 gloriose
1817 1838 1920 1889 Do—

1111 1905 1315 1956 minum
1343 1905 1672 1971 baptia-avit.

1186 1974 1244 2026 Id
1360 1976 1489 2028 (Ιωιὶ
1568 1975 1921 2028 subtilitatem

1111 2043 1409 2112 suspendit.
1494 2049 1648 2099 terra
1737 2047 1921 2099 molem

1110 2114 1387 2180 fundavit.

1187 2184 1265 2236 Id.
1310 2188 1538 2238 Joannes
1585 2185 1921 2240 beatissimus

1107 2260 1461 2323 protestatur.

1180 2324 1259 2377 Id.
1295 2326 1420 2390 Quae
1439 2341 1681 2380 normam
1705 2326 1920 2395 justam

1109 2399 1411 2448 eti-cesserit.

1184 2465 1265 2517 Id.
1366 2467 1464 2520 Ubi
1524 2469 1718 2534 purior
1806 2468 1922 2534 ipso

1110 2536 1278 2600 fonte,
1312 2537 1401 2589 ille
1429 2540 1525 2605 qui
1568 2539 1847 2603 mergitur.

1186 2605 1262 2658 Id.
1287 2609 1373 2661 Ea:
1419 2624 1475 2660 eo
1514 2610 1750 2660 omnium
1790 2624 1918 2673 gur-

1112 2677 1287 2742 gitum
1369 2682 1572 2730 tractas
1647 2694 1918 2730 Consecra-

1114 2748 1210 2797 vit.

1186 2885 1266 2937 Id.
1317 2886 1477 2940 Nobis
1527 2889 1726 2952 ﬂuenta
1770 2904 1917 2939 mun-

1113 2956 1267 3009 daret
1308 2958 1426 3023 ipse
1467 2960 1563 3024 qui
1591 2964 1667 3009 est
1702 2958 1921 3010 benedi-

1110 3098 1301 3150 Amen.

904 3268 1087 3307 SBRMO
1116 3270 1270 3307 CXLII.

300 3340 528 3410 Legitur
562 3341 620 3395 in
669 3342 791 3395 cod.
848 3342 1059 3395 Cassin.

1112 3359 1214 3407 CVI,
1270 3343 1365 3396 fol.
1406 3346 1497 3397 36!
1540 3361 1572 3396 u
1602 3348 1782 3409 tergo,
1821 3343 1919 3397 ubi

233 3431 328 3480 n.1
364 3427 569 3481 horum
594 3429 1061 3482 verborumloco:
1095 3430 1359 3483 Secretius
1380 3433 1488 3483 sibi
1508 3432 1628 3493 soli,
1663 3436 1758 3483 aut
1788 3435 1836 3485 si
1847 3437 1921 3484 est

229 3517 373 3569 alius
424 3519 693 3584 inﬁrmus,
743 3532 860 3570 cum
905 3519 1022 3585 ipso
1070 3518 1178 3570 sibi
1222 3520 1283 3571 in
1328 3520 1481 3573 domo
1527 3534 1627 3572 sua
1656 3525 1923 3587 prwparet

231 3604 377 3672 quod
405 3606 659 3673 accipiat.
692 3611 743 3658 et
770 3607 891 3657 illos
922 3607 1017 3674 qui
1040 3608 1166 3658 sani
1192 3612 1319 3659 sunt
1350 3611 1401 3660 et
1416 3608 1675 3674 jejunare
1704 3623 1921 3676 praeva—

231 3692 339 3744 lent
367 3691 441 3744 ad
466 3691 765 3759 prandium
780 3706 882 3744 non
904 3694 1113 3755 invitet,
1130 3691 1371 3744 habetur
1390 3711 1406 3745 :
1423 3694 1687 3748 Secretius
1702 3700 1796 3748 aut
1817 3696 1923 3748 sibi

228 3780 329 3833 soli
374 3784 471 3832 aut
511 3780 612 3833 alii
660 3781 873 3847 inﬁrmo
924 3780 1175 3832 similiter
1201 3782 1379 3846 faciat
1402 3796 1743 3849 praeparare,
1787 3784 1919 3850 quia

230 3882 332 3920 non
361 3870 410 3921 ei
437 3872 643 3938 oportet
671 3868 908 3935 aliquem
940 3881 1128 3920 sonum
1168 3867 1468 3935 rogare.ad
1491 3872 1809 3937 prandium.

865 3970 1035 4007 SERMO
1057 3970 1266 4008 CLXXVII

303 4042 530 4110 Legitur
572 4042 629 4095 in
679 4040 783 4093 cod
836 4043 1026 4094 Cassiu
1058 4057 1204 4107 XCIX,
1238 4043 1332 4095 fol.
1366 4046 1491 4107 207,
1526 4044 1620 4096 ubi
1652 4062 1705 4096 η.
1744 4049 1757 4097 1
1802 4062 1914 4098 ma-

229 4145 404 4189 guum
433 4129 738 4198 corrigitur
758 4128 1256 4182 Benediclinorum
1279 4130 1572 4186 mendum.
1598 4132 1695 4200 qui
1720 4149 1916 4201 posue-

231 4223 360 4269 runt
383 4217 499 4271 haec
528 4218 698 4271 verba
731 4218 954 4271 :Omnes
975 4218 1115 4268 enim
1142 4219 1299 4282 quasi
1323 4217 1673 4285 quisbusdam
1706 4235 1913 4286 compe-

228 4304 384 4359 vlibus
432 4321 527 4359 nos
572 4311 843 4374 premunt,
896 4319 998 4372 pro
1055 4306 1321 4357 Daemones
1369 4307 1527 4369 enim,
1571 4313 1676 4356 etc.

1749 4309 1919 4375 CIIJIIS

224 4394 593 4447 correctionis
618 4398 829 4465 quanta
860 4392 931 4447 sit
988 4390 1285 4444 necessitas
1338 4390 1615 4462 intelliget
1658 4396 1916 4463 quicum-

225 4497 337 4549 que
368 4484 550 4537 locum
585 4483 770 4553 ipsum
803 4479 1027 4534 adierit.

899 4584 1074 4621 SERMO
1105 4583 1315 4620 CLXXIX.

299 4658 526 4726 Legitur
558 4659 616 4711 in
649 4658 776 4713 cod.
801 4656 1018 4712 Cassin.
1054 4671 1165 4717 vm,
1194 4656 1287 4708 fol.
1324 4659 1449 4709 199.

299 4745 443 4799 Edit.
475 4747 542 4801 N.
585 4751 635 4799 I.
696 4747 1038 4800 Ascensionis

223 4832 348 4883 ergo
430 4819 714 4870 Dominicz
778 4818 1037 4881 inclytum

224 4892 273 4939 et
303 4888 480 4952 regale
524 4890 858 4953 mysterium,
895 4886 1039 4953 quod

232 4956 290 5019 ff.
342 4956 469 5029 quo]
529 4958 774 5029 Christus
834 4962 1035 5009 terram

224 5029 421 5081 tevavit
450 5028 561 5081 ’ad
616 5029 820 5087 caelum.
890 5030 1038 5080 canit

222 5099 386 5151 etiam
457 5103 596 5152 totus
655 5099 907 5161 mundus,
986 5104 1035 5151 et

219 5172 378 5231 festis
428 5171 547 5235 agit
599 5169 819 5236 gaudiis
847 5171 1034 5222 trium-

222 5238 356 5305 phos
423 5242 635 5293 Domini
709 5242 837 5294 sui:
902 5241 1033 5306 quia

221 5311 396 5362 erexit
457 5326 491 5362 a
537 5316 683 5363 terra
722 5313 950 5377 inopem,
984 5314 1033 5363 et

222 5379 534 5433 destercore
579 5382 846 5436 exultavit
884 5396 1032 5447 pau-

222 5464 421 5517 perem,
463 5452 805 5520 eamdemque
835 5452 1032 5504 levavit

213 5521 289 5572 ad
355 5523 582 5575 Patrem.
671 5524 804 5585 Quis
860 5523 1032 5587 igitur

222 5593 365 5651 illuc,
393 5599 495 5643 etc.

1182 4744 1314 4797 Cod.
1374 4746 1555 4798 Victor
1601 4748 1807 4806 mimdi.
1842 4750 1917 4799 vi-

1111 4819 1223 4867 ctor
1252 4815 1479 4879 diaboli,
1514 4820 1683 4869 victor
1715 4819 1918 4882 inferni

1109 4885 1311 4952 absque
1325 4887 1519 4938 lzesura
1540 4891 1787 4950 potentiae
1799 4890 1914 4940 vul-

1107 4962 1329 5009 neratus
1360 4972 1393 5008 a
1439 4957 1806 5015 multitudine.
1840 4961 1915 5011 rvi-

1108 5028 1272 5080 clima
1302 5029 1355 5079 in
1387 5043 1539 5079 cruce
1578 5029 1813 5091 erulevit
1831 5045 1917 5081 ar-

1107 5112 1300 5151 canum
1331 5112 1430 5163 pro
1458 5100 1686 5150 hominis
1718 5098 1913 5152 libera—

1109 5170 1249 5219 tione
1271 5169 1573 5223 consilium.
1598 5170 1673 5220 ita
1689 5175 1745 5220 ut
1757 5174 1915 5236 quasi

1106 5241 1280 5291 victus
1307 5240 1509 5290 veniret
1544 5239 1617 5289 ad
1637 5240 1911 5291 stimulum

1109 5308 1169 5378 [f.
1210 5308 1534 5377 tumulum];
1582 5309 1676 5360 sed
1720 5312 1915 5363 extulit

1105 5394 1160 5432 se
1171 5379 1268 5431 diu
1281 5380 1451 5432 celata
1462 5394 1549 5431 ma
1546 5378 1717 5445 jestas
1727 5420 1739 5436 .
1754 5384 1915 5448 atque

1105 5453 1335 5503 occisum
1370 5450 1631 5501 hominem
1665 5449 1733 5501 ab
1765 5451 1908 5516 infe-

1104 5523 1183 5575 ris
1214 5521 1436 5573 redimit
1485 5521 1817 5582 incolumem,
1864 5528 1911 5574 et

1105 5594 1350 5645 continuo
1396 5591 1656 5657 perdurit
1704 5591 1777 5638 mi
1806 5606 1915 5644 sua:

1103 5663 1287 5726 gloria:
1349 5661 1542 5714 sedem.
1605 5662 1733 5724 (tuis
1777 5665 1912 5713 enim

1105 5734 1258 5797 itluc,
1292 5738 1397 5784 etc.

3574 298 3705 365 123’s

2980 435 3057 491 Id.
3088 436 3264 504 Super
3293 442 3445 490 astra
3490 438 3717 506 praevia.

2835 559 2844 564 _
2906 522 3018 561 rus.
3091 508 3378 561 Ferebatur
3458 524 3570 561 ecce
3651 510 3719 561 ab

2906 579 3111 643 angelis
3184 585 3410 632 ventura
3475 594 3621 645 caro,
3674 584 3723 633 et

2902 650 3036 716 poli.
3072 653 3179 701 ctc.

2982 719 3062 771 Id.
3150 721 3395 786 Namque
3472 720 3527 770 in
3594 719 3718 771 imis

2912 787 3068 860 [Cod.
3088 789 3233 841 male
3249 786 3517 860 lacrymis]
3531 790 3718 841 laxata

2105 433 2238 487 Ibid.
2295 435 2467 504 Super
2511 439 2662 489 astra
2688 450 2831 505 prae-

2027 505 2204 558 clarus
2228 521 2239 557 :
2275 511 2323 559 et
2344 508 2478 575 poli,
2513 514 2616 559 etc.

2098 716 2161 768 N.
2214 718 2263 768 2.
2322 719 2563 783 Namque
2605 719 2661 769 in
2714 720 2837 772 imis

2026 786 2139 853 poli
2166 788 2287 840 laeta
2313 788 2643 841 carminibus
2660 792 2830 856 regia,

2028 864 2133 909 etc.
2906 860 3221 913 cardinibus
3251 862 3423 926 regia,
3457 867 3561 911 etc.

2100 927 2159 979 N.
2197 929 2247 980 3.
2281 928 2342 982 Si
2363 930 2485 995 quis
2506 944 2560 981 se
2578 928 2827 981 adChri-
2976 930 3059 982 Id.
3102 931 3163 985 Si
3188 932 3309 998 quis
3353 944 3495 995 ergo,
3535 932 3721 995 spreta

2026 1001 2437 1059 stumtenuerit,
2462 1004 2511 1051 et
2534 1015 2693 1051 unius
2715 1000 2833 1052 sub-
2904 1000 3147 1067 perﬁdiae
3197 1001 3445 1067 caligine,
3502 1000 3617 1067 ejus
3666 1014 3721 1051 se

2026 1070 2239 1120 stantiae
2261 1070 2476 1121 Patrem
2496 1073 2545 1121 et
2565 1070 2761 1121 Filium
2784 1075 2834 1123 et
2904 1073 3187 1138 praeceptis
3228 1085 3290 1123 ac
3338 1072 3532 1138 jussis,
3594 1071 3717 1122 totis

2029 1140 2293 1205 Spiritum
2342 1144 2587 1191 sanctam
2623 1142 2830 1204 COIlfLS"
2908 1141 3113 1192 nisibus
3136 1141 3498 1207 obtemperare
3528 1141 3714 1192 volue-

2026 1222 2116 1259 sus
2202 1210 2388 1272 fuerit,
2459 1210 2575 1261 arti
2633 1210 2835 1276 januas
2908 1213 3002 1273 rit,
3051 1213 3166 1263 caeli
3231 1210 3586 1279 paradisique
3634 1210 3720 1275 ja-

2028 1294 2127 1346 per
2156 1280 2330 1345 ipsum
2349 1294 2563 1332 securus
2586 1281 2831 1333 intrabit.
2911 1296 3045 1333 naas
3078 1296 3291 1334 securus
3325 1282 3576 1346 intrabit,
3613 1286 3715 1331 etc.

2031 1350 2073 1401 Α
2082 1364 2216 1401 men.
2911 1353 3098 1404 Amen.

2685 1471 2859 1508 SERMO
2891 1471 3116 1508 CLXXXV.

2100 1541 2333 1610 Legitur
2362 1542 2419 1594 iu
2448 1544 2577 1596 cod.
2620 1544 2833 1598 Cassin.
2867 1561 2979 1609 vm,
3015 1545 3116 1597 fol.
3147 1546 3271 1601 254.
3311 1544 3403 1597 ubi
3431 1560 3492 1596 η.
3528 1548 3580 1596 2.
3615 1557 3717 1613 pro

2026 1627 2115 1679 his
2152 1630 2371 1682 verbis:
2407 1632 2622 1685 Necesse
2651 1637 2726 1685 est
2754 1633 2924 1698 igitur
2955 1636 3013 1685 ut
3051 1636 3209 1685 unius
3252 1637 3324 1686 sit
3357 1650 3476 1686 cum
3506 1632 3716 1687 Christo

1952 1713 1991 1765 Β
2030 1717 2365 1781 substantiae,
2395 1734 2548 1786 quem
2598 1720 2857 1784 videmus,
2917 1725 3043 1786 etc.,
3087 1720 3368 1773 habetur:
3399 1724 3617 1778 Necesse
3641 1726 3719 1775 est

2032 1803 2202 1869 igitur
2221 1809 2279 1856 ut
2302 1807 2461 1857 unius
2473 1805 2893 1871 sitsubstantize,
2918 1808 3082 1860 unius
3106 1812 3445 1862 naturzecam
3468 1810 3715 1875 Christo,

2033 1909 2189 1962 quem
2222 1895 2475 1957 videmus,
2516 1900 2619 1949 etc.

2653 2016 2825 2055 SERMO
2855 2017 3101 2055 CLXXXVI.

2104 2089 2335 2158 Legitur
2373 2089 2433 2143 iu
2471 2089 2592 2143 cod.
2648 2089 2860 2141 Cassin.
2921 2106 3060 2152 xcnx,
3114 2091 3209 2143 fol.
3254 2094 3358 2145 229
3388 2110 3419 2145 ει
3451 2097 3635 2163 tergo.
3664 2098 3720 2149 et

2034 2195 2093 2248 iu
2138 2178 2261 2231 cod.
2320 2179 2531 2247 pariter
2578 2178 2786 2231 Cassin.
2829 2194 2972 2243 cccv,
3015 2179 3110 2231 fol.
3164 2183 3282 2239 102,
3318 2180 3411 2233 ubi
3438 2188 3565 2249 post
3597 2182 3719 2235 haec

2033 2266 2201 2319 verba
2234 2282 2290 2319 ιι.
2324 2269 2341 2319 1
2376 2282 2388 2319 :
2424 2266 2627 2320 Christi
2644 2268 2797 2333 pium
2826 2281 3122 2331 ascensum,
3157 2266 3415 2321 additur:
3440 2268 3609 2322 Hodie
3637 2286 3717 2324 ce-

2031 2354 2302 2408 lebramus
2344 2354 2626 2408 visitantis
2677 2355 2853 2408 sancti
2903 2356 3141 2422 Spiritus
3194 2364 3625 2423 sacramentum;
3669 2362 3724 2409 et

2030 2443 2231 2497 deinde
2250 2448 2376 2512 post
2394 2444 2515 2496 hzec
2529 2442 2657 2505 alia,
2680 2445 2979 2512 propinans
3004 2445 3171 2497 servis
3184 2460 3329 2498 munt
3342 2461 3407 2498 ra
3430 2446 3721 2508 libertatis,

2036 2531 2195 2600 plura
2227 2530 2417 2599 adjicit
2456 2530 2713 2600 scriptor,
2731 2545 2857 2599 qua:
2888 2530 3157 2582 mendosa
3178 2535 3310 2582 sunt
3337 2530 3395 2583 in
3417 2531 3539 2584 cod.
3574 2547 3721 2591 ccev,

2034 2618 2127 2669 sed
2172 2618 2337 2686 plana
2382 2617 2438 2668 in
2484 2616 2609 2668 cod.
2663 2632 2800 2675 XCIX.
2834 2623 2886 2669 et
2933 2630 3177 2683 quorum
3224 2615 3348 2667 talis
3397 2620 3484 2669 est
3515 2620 3712 2669 tenor:

2036 2707 2187 2766 Bene,
2212 2708 2408 2771 inquit,
2445 2705 2583 2755 hunc
2614 2704 2755 2755 diem
2779 2703 2968 2755 Tobias
3002 2702 3158 2774 [Cod.
3194 2718 3318 2756 cccv
3352 2705 3562 2769 Tobias,
3595 2704 3718 2756 cod.

2034 2808 2156 2845 χω(
2188 2792 2356 2860 nobis]
2392 2792 2478 2843 ille
2524 2792 2624 2843 Dei
2678 2791 2881 2842 amicus
2933 2792 3307 2856 temporaliter
3343 2795 3587 2851 Caecatus,
3622 2794 3717 2859 qui

2036 2881 2207 2933 lumen
2248 2882 2407 2947 quasi
2434 2894 2549 2931 non.
2571 2878 2817 2937 habebat.
2852 2881 2902 2931 et
2931 2878 3103 2929 lumen
3131 2878 3362 2944 justitiaz
3390 2880 3722 2947 propin/ibat

1989 2994 2000 3038 λ
2034 2975 2214 3021 notum
2248 2968 2494 3029 habebat,
2533 2966 2749 3033 quando
2779 2965 2987 3018 dicebat
3012 2980 3024 3017 :
3046 2966 3224 3029 Ibam,
3250 2967 3448 3032 inquit.
3472 2966 3547 3019 ad
3560 2969 3718 3021 Pente

1112 3030 1227 3079 ctus
1258 3030 1316 3079 in
1360 3029 1555 3080 saecula
1587 3029 1918 3080 saeculorum.
1966 3029 1987 3039 "

2034 3063 2205 3109 eosten
2251 3057 2386 3109 diem
2436 3059 2651 3121 festum,
2704 3056 2799 3122 qui
2836 3057 2911 3106 est
2955 3057 3171 3106 sanctus
3205 3069 3237 3105 a
3275 3058 3609 3123 septimanis.
3630 3056 3721 3111 Si-

2035 3143 2233 3197 militer
2268 3143 2470 3196 Paulus
2501 3145 2704 3205 beatus,
2741 3146 2849 3195 etc.

2712 3262 2885 3299 SEIIMO
2911 3262 3064 3299 CXCV.

2108 3357 2335 3424 Legitur
2383 3356 2495 3408 sive
2552 3354 2611 3407 iu
2658 3354 2778 3407 cod.
2834 3351 3043 3405 Cassia.
3094 3369 3169 3415 xu,
3237 3354 3339 3407 fol.
3389 3357 3477 3418 22,
3509 3356 3625 3410 sive
3658 3357 3715 3412 in

2037 3446 2173 3499 Bibl.
2212 3444 2534 3513 Mugellan.,
2566 3443 2689 3494 cod.
2726 3458 2811 3503 xv,
2847 3440 2939 3494 fol.
2986 3444 3071 3505 33,
3128 3442 3223 3494 ubi
3259 3442 3459 3514 incipit
3493 3447 3709 3500 solum-

2032 3534 2199 3586 modo
2222 3532 2291 3585 ad
2318 3534 2437 3585 haec
2468 3532 2635 3583 verba
2664 3546 2677 3582 :
2718 3529 2844 3581 Vidi
2868 3536 3099 3596 portam,
3133 3535 3238 3583 etc.

2108 3622 2247 3674 Edit.
2322 3622 2379 3674 Ν.
2441 3624 2487 3673 1.
2557 3620 2836 3684 Ingressus
2916 3641 2924 3645 -
2981 3618 3195 3671 Cud.Xt.
3241 3620 3340 3672 Cui
3414 3621 3469 3672 in
3528 3622 3720 3675 multis

2030 3692 2209 3744 estad
2237 3692 2530 3757 discipulos
2573 3706 2668 3756 per
2698 3690 2838 3741 ostia
2909 3690 3211 3741 concordat
3265 3691 3390 3744 cod.
3442 3707 3531 3757 xv,
3596 3693 3721 3745 licet

2031 3765 2242 3826 clausa;
2274 3764 2367 3829 qui
2404 3766 2564 3813 natas
2597 3766 2693 3823 est,
2728 3768 2832 3811 etc.
2910 3757 2965 3829 iu
2993 3772 3058 3808 eo
3090 3759 3253 3825 plura
3285 3760 3490 3823 desint,
3549 3767 3605 3814 et
3650 3764 3722 3814 sit

2911 3828 3122 3895 absque
3181 3845 3376 3882 sensu:
3442 3833 3719 3897 Ingressus

2028 3910 2106 3955 est
2144 3902 2218 3955 ad
2248 3902 2540 3966 discipulos
2560 3917 2657 3968 per
2697 3900 2834 3951 ostia
2873 3898 3076 3958 clausa.
3104 3899 3196 3951 sed
3220 3915 3316 3966 per
3346 3916 3510 3968 quam
3539 3918 3718 3970 egres-

2026 3988 2118 4026 sus
2175 3978 2252 4026 est
2298 3986 2500 4038 parvus
2548 3971 2620 4021 ad
2676 3971 3019 4035 cruri/Exores
3068 3982 3207 4021 suos.
3254 3971 3344 4023 Ad
3370 3974 3720 4037 cruci/imores

2025 4059 2148 4097 suos
2177 4058 2273 4109 per
2303 4058 2427 4094 meae
2454 4041 2799 4105 virginitatis
2847 4052 3089 4102 egressus
3123 4044 3199 4090 est
3228 4043 3367 4092 ostia
3392 4044 3615 4105 clausa;
3639 4045 3713 4095 ad

2026 4114 2321 4181 discipulos
2354 4118 2552 4173 autem,
2603 4112 2782 4163 clauso
2835 4109 3119 4171 caenaculo,
3163 4112 3290 4161 ostii
3346 4114 3619 4176 ingressus
3640 4121 3715 4167 est

2025 4186 2303 4247 claustra;
2336 4184 2434 4252 qui
2462 4186 2621 4235 natus
2648 4186 2744 4243 est,
2780 4186 2883 4231 etc.

2104 4274 2160 4325 Ν.
2198 4276 2248 4325 2.
2274 4271 2543 4336 Quomodo
2588 4268 2834 4321 meruisti

2026 4344 2137 4397 dici
2152 4359 2320 4396 nurus
2348 4343 2578 4401 Domini,
2595 4348 2682 4392 etc
2701 4342 2728 4391 ἰ)

2980 4267 3150 4321 Codd.
3203 4268 3392 4324 ambo.
3449 4271 3717 4335 Quomodo

2908 4339 3156 4390 meruisti
3217 4339 3326 4392 dici
3387 4346 3559 4394 mater
3624 4346 3715 4397 Dei

2909 4412 2993 4458 etc
3032 4409 3058 4458 ?

2981 4476 3112 4529 Cod.
3162 4494 3245 4530 xv.
3302 4483 3368 4534 Et
3402 4481 3592 4550 placui
3643 4485 3718 4534 al-

2909 4549 3114 4600 tissimo
3154 4551 3275 4602 Deo.

2097 4623 2230 4677 Ibid.
2316 4624 2528 4676 Ineessu
2570 4621 2830 4682 mirabili,
2985 4617 3060 4670 Id.
3120 4620 3371 4685 Ingressu
3426 4624 3711 4687 mirabilis.

2025 4700 2241 4761 aspectu
2276 4694 2531 4745 terribili.
2908 4694 3125 4761 aspectu
3155 4693 3433 4746 terribilis.

2099 4766 2158 4818 Ν.
2233 4768 2284 4818 3.
2351 4766 2415 4817 (It
2460 4768 2608 4815 utero
2636 4779 2831 4825 grave-
2982 4758 3059 4812 Id.
3136 4764 3200 4816 Ut
3275 4770 3423 4817 utero
3486 4766 3717 4831 gravida

2022 4852 2170 4889 scum
2197 4834 2415 4903 pudico.
2909 4830 3252 4903 simrpudico.

2096 4905 2232 4958 Ibid.
2310 4908 2511 4972 EatOpto
2580 4919 2673 4969 ego
2738 4906 2836 4957 Deo

2024 4993 2135 5029 meo
2144 5017 2155 5028 .

2096 5047 2234 5099 Ibid.
2291 5046 2504 5099 Modum
2534 5052 2831 5114 conceptio-

2021 5120 2126 5179 nis,
2176 5118 2320 5185 quod
2373 5120 2429 5169 in
2494 5117 2658 5170 Verbo
2686 5121 2835 5184 fieret

2022 5190 2336 5241 Salvatoris.
2403 5188 2444 5241 Ο
2488 5187 2686 5254 inquit,
2724 5192 2826 5239 etc.

2027 4482 2240 4607 mlbid.
2296 4483 2363 4535 Et
2402 4482 2585 4550 placui
2634 4480 2834 4532 homini

2097 4570 2140 4606 o.

2097 4570 2140 4606 Ο.

2981 4902 3064 4954 Id.
3107 4906 3315 4972 Erepto
3370 4921 3463 4971 ego
3499 4920 3577 4959 me
3616 4909 3716 4959 Deo

2908 4987 3050 5031 nico;
3086 4974 3229 5027 forte
3262 4991 3341 5027 me
3379 4977 3608 5043 placere.

2980 5043 3054 5094 Id.
3092 5045 3305 5098 Modum
3336 5050 3714 5114 conceptionis.

2907 5114 3073 5177 quiin
3108 5116 3263 5167 verbo
3288 5120 3439 5184 [teret
3483 5118 3719 5171 Salvato-

2905 5186 2980 5233 ris
3036 5186 3104 5236 Et
3132 5187 3211 5239 ita
3240 5190 3320 5240 ait
3350 5188 3424 5240 ad
3465 5204 3580 5241 eam
3610 5204 3622 5241 :
3650 5192 3711 5249 0.

2907 5253 3102 5319 inquit.
3137 5263 3223 5310 etc
3274 5259 3407 5312 Cod.
3445 5275 3518 5318 χι.
3561 5264 3611 5311 et
3638 5263 3715 5312 ita

2910 5338 3033 5377 eam
3053 5328 3353 5397 alloquitur
3377 5346 3389 5383 :
3418 5331 3480 5393 0,
3512 5332 3713 5398 inquit.

2094 5470 2231 5524 Ibid.
2284 5472 2484 5525 Dilecta
2541 5472 2648 5531 Dei,
2700 5469 2821 5537 ﬁlia
2910 5399 3116 5518 euCod.
3182 5485 3267 5522 xv.
3344 5471 3543 5523 Dilecta
3601 5474 3714 5535 Dei,

2027 5544 2135 5594 Dei.
2702 5536 2705 5537 ⁷
2910 5536 3121 5597 famulo
3156 5541 3264 5593 Dei.

2036 5610 2234 5732 ἶηῐΐὶέἰό.
2298 5612 2389 5664 Vel
2444 5611 2702 5680 quomodo
2748 5614 2837 5677 ﬁet
2912 5677 2959 5725 te
2988 5605 3061 5659 Id.
3107 5607 3202 5661 Vel
3244 5612 3501 5677 quomodo
3536 5611 3629 5679 ﬁet
3660 5614 3712 5660 in

2027 5697 2080 5732 Μ
2214 5762 2258 5803 t.
2318 5752 2555 5805 Vidit...
2608 5757 2659 5804 et
2706 5756 2835 5803 atte-
2912 5697 3160 5803 "HAth
3189 5752 3348 5804 codd.
3402 5751 3635 5805 Videt...
3668 5757 3716 5797 nt
