4068 6192
304 293 448 367 1235

296 413 462 467 τινων-ί
489 413 706 478 faciem,
757 417 1106 480 postremum,

301 483 459 551 vidit,
485 487 590 538 etc.

1587 285 1998 344 APPENDICIS
2037 284 2548 345 AUGUSTINIANI.

1181 411 1456 464 attenuari
1489 412 1686 477 faciem
1729 409 1985 480 quotidie,
2020 410 2068 466 Α

1181 481 1484 536 oblitterari
1523 483 1820 550 palloribus
1860 483 1992 535 colo-

1182 568 1292 604 rem
1371 554 1692 617 virgineum.
1769 554 1992 606 destitui

304 623 464 718 [ξος.
496 640 566 678 xv
620 623 765 718 male
818 622 883 718 id1
934 622 1282 718 est]‘ru‘bore
1346 625 1561 688 faciem.
1630 628 1750 690 post
1777 623 1992 676 modum

304 691 459 766 [ϐοά.
480 710 562 766 ᾼιν
595 691 884 764 postremo]
918 691 1090 759 videt,
1111 699 1215 746 etc.

374 764 515 819 Ibid.
566 767 634 819 Et
679 779 842 830 quam
883 779 987 817 non
1029 779 1111 816 me

1255 763 1385 817 Cod.
1427 779 1512 816 xv.
1547 765 1612 816 Et
1652 779 1815 830 quam
1853 778 1988 816 non-

301 840 484 889 ruerat
516 837 573 888 in
602 834 843 902 conjugii
884 835 1100 888 honore.
1182 833 1312 886 dum
1342 839 1606 886 meruerat
1664 837 1722 887 in
1757 834 1998 902 conjugii

376 975 518 1029 Ibid.
551 977 805 1030 .Estuans
835 990 897 1028 ac
927 975 1113 1043 dispu-

305 1052 444 1108 tans,
475 1046 625 1099 dicit.

373 1117 512 1170 Ibid.
571 1117 722 1182 Quod
772 1118 829 1169 in
879 1117 968 1169 illo
996 1117 1111 1169 Mo-

307 1190 449 1241 saico
515 1188 653 1240 libro
713 1189 842 1253 legis
909 1192 1114 1238 senten-

304 1258 429 1310 liali
476 1262 554 1310 est
600 1258 758 1311 verbo
805 1259 1116 1326 praeﬁnum,

300 1328 444 1391 quod
466 1343 830 1395 quaecumque,
897 1333 1002 1380 etc.

378 1466 521 1520 Ibid.
553 1469 848 1535 Coramque
894 1468 1115 1520 testibus

308 1539 667 1604 replicauerit.

385 1607 524 1660 Ibid.
579 1610 837 1676 Utrosque
891 1623 1015 1673 ergo
1043 1608 1116 1660 li-

309 1676 610 1731 bidinarios
643 1680 740 1730 hac
771 1680 975 1744 Moyses
998 1693 1114 1731 sen-

306 1749 474 1801 tentia
497 1749 662 1814 feriri
683 1750 868 1816 jussit.

377 1887 499 1941 Ibid
580 1891 865 1954 Auferetis
917 1903 1118 1958 oppro-

312 1958 490 2011 brium
504 1998 517 2012 .

382 2028 523 2083 Ibid.
575 2030 718 2094 Quia
754 2034 803 2080 et
838 2029 1020 2081 David
1048 2031 1117 2095 ﬁ-

312 2101 443 2152 liam
464 2114 594 2164 esse,
623 2107 728 2152 etc.

381 2239 525 2295 Ibid.
561 2241 638 2293 Et
674 2241 851 2306 regali
881 2256 960 2293 me
997 2242 1119 2305 fun-

313 2317 456 2364 ctum
485 2311 800 2364 sacerdotio.

389 2380 530 2434 Ibid.
580 2380 689 2434 Sed
744 2383 996 2448 quoniam
1038 2380 1124 2432 ni-

316 2451 394 2504 hil
433 2452 632 2503 mirum
677 2456 775 2517 est,
833 2451 975 2504 nihil
1022 2466 1122 2502 no-

317 2537 460 2579 vum.
553 2522 694 2574 nihil
786 2521 1121 2581 absconsum,

317 2591 461 2658 quod
497 2607 602 2645 non
626 2590 908 2644 reveletur.

387 2729 530 2786 Ibid.
613 2731 791 2784 David
853 2745 1028 2797 regem
1071 2732 1127 2781 in

318 2802 572 2855 Bersabee
690 2803 832 2856 Uria:
922 2801 1130 2854 Cethzi

320 2873 593 2926 mulierem
644 2873 880 2925 audacia
927 2871 1128 2925 emtulit

316 2943 532 3008 regalis.

391 3013 533 3066 Ibid.
583 3014 875 3068 Consilium
926 3027 1124 3079 quaero,

319 3098 408 3136 nec
433 3085 652 3150 plenum
682 3086 913 3136 invenio.

389 3153 529 3208 Ibid.
587 3154 942 3207 Adulterium
997 3154 1126 3221 qui-

319 3222 438 3277 dem
463 3239 568 3277 non
597 3226 885 3278 consentio.

393 3294 447 3346 Id
459 3294 530 3347 id.
603 3295 746 3358 Quia
838 3292 1128 3348 secundum

320 3364 516 3416 librum
546 3365 737 3427 Moysi.

392 3435 540 3487 Ibid.
600 3434 661 3488 Si
727 3438 962 3498 tacuero,
1013 3447 1128 3485 ma-

323 3506 433 3558 lum
452 3505 735 3556 consentio.

393 3574 534 3627 Ibid.
607 3576 900 3627 Dimittam
973 3573 1132 3624 tacite

322 3645 648 3710 conjugium.

393 3714 532 3768 Ibid.
594 3715 862 3780 Cogitavit
907 3717 968 3765 ut
997 3716 1132 3764 esset

323 3787 563 3846 alterius,
597 3801 715 3838 cum
737 3785 865 3851 jam
894 3788 1027 3837 esset
1057 3781 1134 3833 al-

323 3858 506 3910 terius.
544 3857 605 3909 In
663 3870 777 3906 var.
813 3855 988 3908 Maur.
1036 3851 1132 3904 alii

322 3927 482 3978 codd.
543 3927 813 3991 Cogitavit
887 3928 948 3977 ut
1003 3926 1136 3976 esset

1187 905 1434 958 honorem
1465 906 1679 960 habere.

1260 976 1341 1028 Id.
1417 976 1690 1038 .Estua-ns,
1750 973 1999 1042 disputat

1189 1045 1371 1098 dicens

1261 1116 1339 1168 Id.
1393 1113 1543 1180 Quod
1601 1118 1658 1168 in
1713 1115 1805 1167 illo
1862 1114 1998 1168 libro

1192 1187 1362 1252 Moysi
1446 1186 1599 1252 legis,
1693 1185 2001 1239 sententiali

1192 1258 1348 1310 verbo
1361 1259 1682 1324 perscripto,
1712 1270 1830 1308 cum
1859 1257 1998 1322 lege—

1189 1333 1339 1379 retur
1363 1326 1556 1379 audivi
1586 1342 1597 1378 :
1635 1340 1996 1394 quaecumque,

1191 1402 1291 1450 etc.

1260 1466 1341 1520 Id.
1428 1466 1721 1533 Coramque
1787 1464 2002 1518 testibus

1190 1553 1293 1590 non
1321 1537 1686 1603 replicauerit.

1260 1607 1340 1660 Id.
1398 1608 1648 1673 Utrisque
1702 1620 1825 1672 ergo
1875 1604 2000 1658 libi-

1190 1677 1423 1729 dinariis
1473 1678 1610 1729 hanc
1655 1678 1861 1742 Moyses
1882 1691 2000 1728 sen-
2036 1690 2072 1744 Β

1193 1751 1415 1800 tentiam
1453 1748 1614 1812 feriri
1651 1747 1920 1814 simulque
1947 1761 1998 1798 a-

1191 1819 1430 1871 dulteros
1474 1819 1652 1884 perire
1692 1817 1996 1869 mandavit.

1268 1889 1352 1941 Id.
1383 1890 1616 1954 Auferte
1635 1888 2000 1956 opprobrium.

1269 2028 1346 2082 Id.
1405 2028 1546 2092 Quia
1609 2027 1787 2081 David
1829 2029 2005 2095 filium

1193 2114 1275 2151 me
1331 2113 1458 2163 esse,
1523 2104 1628 2152 etc.
1699 2097 1823 2150 Vid.
1888 2113 2002 2149 var.

1197 2170 1372 2223 Malll‘.

1211 2271 1218 2275 -
1271 2239 1348 2292 Id.
1383 2241 1452 2293 Et
1505 2238 1569 2291 de
1609 2238 1783 2304 regali
1812 2253 1891 2290 me
1915 2252 2005 2291 sa-

1198 2310 1430 2363 cerdotio
1461 2314 1666 2362 natum.
1705 2333 1708 2336 λ

1268 2381 1348 2433 Id.
1402 2379 1508 2434 Sed
1560 2380 1814 2447 quoniam
1869 2378 2010 2430 nihil

1198 2453 1394 2503 mirum
1417 2453 1513 2513 est,
1565 2449 1706 2501 nihil
1734 2448 2010 2501 abscondi-

1199 2526 1332 2581 tum.
1396 2520 1537 2572 nihil
1603 2534 1816 2584 novum,
1871 2521 2010 2571 nihil

1199 2596 1440 2659 opertum
1471 2590 1615 2657 quod
1666 2605 1772 2642 non
1817 2589 2009 2642 revele-

1202 2671 1308 2714 tur.

1274 2731 1354 2784 Id.
1427 2730 1604 2783 David
1689 2745 1788 2783 rea:
1872 2727 2012 2781 Uria?

1203 2803 1396 2857 Cethegi
1435 2801 1711 2854 mulierem
1758 2801 1888 2852 aula
1917 2817 2012 2852 em-

1205 2874 1326 2925 tulit
1356 2872 1547 2938 regali.

1275 3011 1356 3066 Id.
1441 3010 1739 3065 Consilium
1813 3026 2012 3077 quaero,

1206 3099 1295 3135 nec
1334 3083 1549 3151 penitus
1596 3082 1828 3133 invenio.

1273 3150 1351 3206 Id.
1430 3152 1722 3206 Adulterio
1798 3150 2014 3219 quidem

1199 3239 1306 3278 non
1332 3225 1618 3277 consentio.

1274 3294 1352 3347 Id.
1411 3296 1556 3358 Quia
1609 3291 1901 3345 secundum
1943 3293 2010 3344 li—

1203 3366 1288 3418 bri
1311 3365 1486 3432 Moysi
1513 3364 1848 3417 sententiam.

1275 3435 1356 3486 Id.
1414 3435 1476 3488 Si
1528 3438 1756 3496 tacuero,
1791 3447 2008 3486 consen-

1206 3506 1299 3558 tio.

1275 3573 1357 3628 Id.
1439 3573 1718 3626 Dimittam
1799 3587 1916 3626 eam
1982 3589 2012 3622 ιι

1204 3660 1316 3697 meo
1338 3659 1432 3698 con
1430 3643 1609 3708 jugio.

1277 3714 1355 3768 Id.
1409 3715 1678 3777 Cogitavit
1715 3711 1860 3780 quod
1883 3719 2016 3765 θεεεί

1208 3784 1560 3852 adulterium,
1585 3799 1706 3836 cum
1726 3789 1904 3837 tamen
1932 3800 2012 3836 es-

1213 3861 1291 3909 set
1307 3857 1554 3921 alterius,
1583 3860 1690 3908 etc.

324 3996 596 4058 adultera,
659 4010 749 4048 seu
803 3995 1066 4048 adulterii
1111 4007 1245 4060 rea;
1286 3995 1404 4060 alii,
1471 3995 1730 4063 coyitavit
1775 3997 1835 4047 ut
1885 4000 2016 4048 esset

324 4068 666 4123 adulterium.
705 4082 822 4119 cum
845 4066 964 4132 jam
993 4069 1126 4117 esset
1145 4069 1481 4135 mysterium.

398 4139 464 4192 N.
654 4138 868 4200 Invoco,
943 4138 1128 4201 Virgo,

332 4209 630 4262 Dominum.

397 4279 462 4332 N.
533 4283 581 4328 6.
651 4276 866 4344 Ioseph,
933 4277 1132 4343 inquit,

327 4349 406 4414 ﬁli
435 4347 626 4401 David.

401 4418 540 4472 Ibid.
588 4417 735 4482 Quid
789 4420 966 4470 autem
1014 4419 1139 4469 sunt

334 4492 426 4542 Dei
459 4489 736 4540 mirabilia
764 4493 788 4540 ?

402 4558 539 4612 Ibid.
581 4559 756 4612 Annis
795 4559 937 4611 sicca
978 4573 1143 4625 quam

331 4631 606 4698 plurimis.

403 4699 546 4753 Ibid.
609 4700 671 4753 In
725 4712 895 4751 eremo
934 4699 1049 4751 sine
1068 4711 1142 4750 se-

333 4773 615 4835 minatore,
642 4770 759 4837 ipse
803 4769 1140 4834 fecundavit,

333 4847 440 4894 etc.

404 4910 550 4964 Ibid.
590 4911 808 4980 Semper
850 4909 915 4962 de
960 4924 1022 4961 ea
1061 4923 1140 4962 se-

333 4997 514 5035 curus.

404 5052 544 5107 Ibid.
633 5051 788 5116 Quod
843 5055 1149 5120 conceptum

335 5129 412 5178 est
431 5126 490 5176 in
516 5127 664 5175 utero
686 5124 821 5190 ejus.

407 5193 531 5247 Ibid
585 5195 657 5247 Et
688 5207 949 5260 generans
979 5193 1148 5258 virgi-

338 5266 480 5317 nitas
512 5265 729 5318 Maria.

408 5334 549 5388 Ibid.
583 5337 651 5388 De
683 5333 807 5388 calo
838 5337 917 5386 est
954 5331 1153 5402 praedi-

340 5409 479 5457 cata.

413 5474 556 5530 Ibid.
595 5476 734 5540 Quia
762 5475 905 5528 solus
948 5475 1152 5527 merui-

344 5549 416 5600 sti
445 5547 714 5612 virginale
730 5545 1007 5614 possidere
1027 5559 1150 5597 con-

341 5631 578 5684 Jugium.

415 5686 556 5740 Ibid.
594 5687 678 5740 Ita
716 5690 1000 5753 separatus
1030 5700 1101 5738 es.
1138 5724 1151 5738 .

350 5763 405 5808 ul
433 5764 609 5823 pater.
652 5759 754 5808 etc.

1277 4137 1357 4190 Id.
1407 4138 1627 4197 Invoca,
1686 4150 1838 4200 roga,
1898 4150 2018 4188 san-

1205 4213 1292 4261 cta
1321 4209 1517 4269 Maria,
1551 4208 1846 4260 Dominum.

1281 4249 2009 4346 id?33?e§£,”ﬁi§"bavid.
2053 4249 2092 4300 υ

1284 4418 1366 4470 Id.
1436 4421 1562 4484 Quae
1648 4419 1824 4469 autem
1896 4419 2022 4468 sunt

1215 4487 1494 4542 mirabilia
1521 4486 1548 4541 ?

1288 4558 1368 4611 Id.
1391 4555 1583 4613 .Annis
1611 4557 1812 4608 siccata
1843 4556 2018 4623 pluri-

1215 4643 1337 4682 mis.

1289 4699 1368 4752 Id.
1410 4699 1473 4752 In
1521 4711 1690 4750 eremo
1733 4697 1849 4749 sine
1895 4710 2019 4747 ara-

1217 4771 1375 4836 tione,
1445 4771 1561 4837 ipse
1625 4768 2019 4835 impraegnavit,

1217 4845 1323 4893 etc.

1291 4909 1370 4963 Id.
1432 4910 1647 4976 Semper
1693 4908 1758 4960 de
1813 4922 1875 4960 ea
1919 4910 2026 4959 esto

1221 4995 1458 5043 securus,

1293 5051 1374 5104 Id.
1431 5050 1581 5114 Quod
1615 5051 1672 5102 in
1724 5051 1872 5102 utero
1916 5048 2028 5114 ejus

1221 5126 1299 5174 est
1325 5125 1535 5174 natum.

1292 5191 1371 5243 Id.
1406 5193 1475 5244 Et
1519 5204 1806 5258 prwgnans
1846 5190 2031 5243 Maria:

1221 5263 1535 5328 virginitas.

1297 5332 1380 5386 1d.
1415 5331 1497 5384 De
1516 5332 1638 5385 ccelo
1657 5335 1734 5384 est
1763 5330 2029 5383 iudicatu.

1303 5471 1385 5525 Id.
1443 5472 1552 5536 Qui
1592 5471 1762 5524 solum
1790 5473 2036 5524 meruisti

1230 5543 1555 5611 virginalem
1586 5542 1834 5609 affectum
1860 5543 2036 5610 possi-

1227 5614 1352 5667 dere
1385 5614 1644 5678 conjugii.

1301 5684 1386 5737 Id.
1455 5685 1751 5750 Separatus
1809 5698 1928 5735 es...
1990 5687 2036 5735 et

1228 5761 1402 5822 pater.
1437 5758 1541 5808 etc.

3666 287 3800 338 I236

2781 424 2954 465 BERXO
2986 425 3158 464 CXCIX.

2177 498 2406 569 Legitur
2452 496 2511 553 iu
2568 497 2694 552 cod.
2743 497 2960 552 Cassin.
3012 512 3118 558 cxx,
3171 497 3268 550 fol.
3326 501 3359 552 8
3390 514 3421 550 ει
3475 501 3662 568 tergo,
3707 495 3807 552 ubi

2105 602 2156 639 ιι.
2198 589 2228 640 3
2245 603 2348 655 pro
2375 585 2462 639 his
2481 586 2697 639 verbis:
2732 587 2899 639 Vacat
2930 586 3034 653 hic,
3057 586 3282 652 fratres,
3308 586 3576 640 humanus
3597 601 3798 651 sermo,

2103 674 2222 727 silet
2260 674 2577 741 praedicatio
2625 674 2957 734 tractatoris,
3003 673 3241 741 quando,
3261 672 3808 737 etc.,habet:Vacat

2105 763 2210 826 hic,
2257 763 2482 828 fratres,
2521 777 2654 832 opus
2706 763 3023 826 humanum,
3066 776 3235 814 sermo
3265 761 3404 826 silet,
3437 764 3573 813 tacet
3602 759 3805 829 pradi-

2105 852 2245 904 catio
2268 852 2601 914 tractatoris,
2635 847 2873 917 quando,
2906 853 3010 900 etc.

2835 949 3007 991 SERMO
3029 950 3143 988 CCV.

2182 1021 2412 1092 Legitur
2459 1021 2519 1076 in
2568 1021 2697 1075 cod.
2757 1021 2968 1075 Cassia.
3021 1038 3125 1087 CIX,
3179 1020 3273 1075 fol.
3317 1023 3370 1074 v8
3400 1037 3429 1073 ε
3469 1026 3652 1091 tergo,
3701 1017 3801 1073 ubi

2113 1130 2162 1164 ιι.
2205 1115 2222 1165 I
2245 1126 2374 1180 pro:
2401 1111 2632 1166 Gemina
2653 1111 2971 1174 festivitatis
2994 1123 3236 1171 occursu,
3263 1107 3538 1160 habetur:
3565 1107 3802 1160 Gemina

2109 1200 2429 1264 festivitatis
2461 1211 2754 1250 occursum.

2782 1299 2954 1337 ΒΕΖΗΜο
2981 1299 3149 1336 CCXIX.

2074 1426 2085 1434 _
2187 1373 2416 1443 Legitur
2461 1372 2522 1426 in
2571 1372 2692 1426 cod.
2753 1371 2965 1427 Cassin.
3015 1387 3108 1435 xu,
3157 1371 3256 1425 fol.
3307 1375 3395 1435 39,
3455 1371 3553 1424 ubi
3599 1371 3805 1425 borum

2117 1462 2412 1516 verborum
2445 1463 2570 1516 Ioco
2603 1477 2657 1514 n.
2691 1463 2744 1525 ἓ,
2787 1459 3003 1515 Grande
3044 1459 3386 1524 miraculum,
3420 1458 3632 1512 crudele
3650 1472 3802 1526 spee-

2118 1551 2372 1612 taculum,
2407 1548 2614 1602 melius
2651 1548 2908 1608 habetur,
2955 1545 3177 1599 Grande
3215 1550 3561 1612 martyrium,
3593 1543 3809 1599 crudele

2112 1638 2490 1703 spectaculum.

2783 1757 2952 1794 SERMO
2975 1756 3148 1794 CCXXI.

2185 1833 2417 1903 Legitur
2445 1832 2504 1886 iu
2535 1831 2659 1886 cod.
2697 1829 2908 1885 Cassia.
2941 1845 3106 1893 cxvn,
3136 1828 3237 1882 fol.
3271 1832 3356 1882 69.

2188 1923 2334 1976 Edit.
2381 1922 2446 1974 N.
2511 1924 2556 1974 l.
2586 1920 2926 1987 ’Magniﬁca-
3069 1917 3206 1972 Cod.
3255 1915 3668 1985 Magniﬁcamus
3726 1932 3804 1970 er-

2118 2007 2234 2046 mus
2291 2007 2416 2058 ergo
2485 1997 2774 2054 martyres,
2831 1988 2925 2042 sed
2997 2001 3062 2053 σο
3091 1991 3375 2053 martyres,
3403 2001 3506 2040 non
3534 1989 3666 2054 quia
3686 2001 3813 2054 gra-

2115 2065 2381 2132 praecipue
2408 2063 2547 2121 illos.
2568 2063 2682 2128 qui,
2710 2074 2926 2132 nascen-
2997 2058 3152 2132 cibus
3163 2059 3478 2132 subjacuere
3498 2060 3810 2124 suppliciis,

2121 2128 2168 2187 te
2197 2128 2430 2196 Christo,
2462 2135 2520 2184 in
2548 2135 2664 2200 ipso
2702 2131 2925 2183 exordio
2997 2129 3091 2200 sed
3122 2130 3254 2196 quia
3272 2128 3507 2195 justith
3539 2142 3706 2180 causa
3731 2143 3814 2180 ea-

2118 2219 2223 2257 non
2266 2203 2543 2270 loquendo,
2574 2199 2669 2255 sed
2699 2204 2927 2253 morien-
3003 2199 3121 2251 dem
3173 2200 3462 2270 toleravere
3516 2201 3808 2270 supplicia.

2119 2275 2186 2327 do
2215 2269 2469 2338 confessi,
2517 2273 2591 2324 ad
2617 2286 2783 2336 regna
2803 2285 2924 2338 per-
3003 2271 3139 2323 Nam
3204 2269 3470 2338 plurimos
3525 2269 3810 2322 scelerato-

2115 2349 2280 2412 petua
2305 2349 2514 2397 caeteros
2532 2345 2924 2412 praevenerunt.
3001 2355 3124 2392 rum
3171 2339 3379 2407 pejores
3433 2352 3618 2405 ptrnas
3662 2339 3813 2412 vidi:

2131 2415 2332 2482 Videte,
2364 2422 2464 2466 etc.
2532 2409 2550 2412 “
3000 2425 3137 2482 mus,
3167 2425 3278 2462 esse
3349 2423 3644 2476 penpessos.
3707 2409 3816 2464 Sed

3000 2481 3140 2533 nihil
3202 2482 3278 2532 eis
3365 2484 3616 2546 prosunt.
3677 2482 3811 2548 quia

2121 2560 2384 2621 martyres
2441 2569 2607 2607 causa
2654 2552 2946 2619 justi/teat,
3012 2551 3256 2604 scelestos
3327 2552 3652 2602 conscientia
3707 2563 3812 2621 sua

2121 2619 2361 2680 damnat.
2398 2625 2617 2678 Summo
2647 2625 2818 2689 igitur
2847 2627 2896 2676 et
2943 2623 3216 2690 praecipuo
3257 2621 3367 2674 loco
3389 2627 3613 2689 propter
3643 2619 3806 2688 ﬁdem

2122 2696 2357 2750 habendi
2383 2701 2509 2747 sunt
2543 2695 2684 2748 beati
2709 2697 2995 2757 martyres.
3034 2691 3242 2751 Videte,
3274 2695 3378 2742 etc.

3078 2761 3157 2814 Id.
3207 2759 3614 2814 Melchisedech.
3653 2760 3814 2814 Recte

3002 2831 3100 2885 sub
3130 2846 3231 2883 ara
3261 2837 3522 2897 martyres
3554 2830 3818 2883 collocan-

3007 2902 3263 2970 tur,quia
3291 2915 3451 2966 super
3471 2915 3626 2952 aram
3653 2899 3820 2951 Chri-

3005 2977 3119 3026 stus
3171 2973 3487 3038 imponitur.
3531 2971 3689 3024 Recte
3720 2970 3820 3022 sub

3011 3043 3200 3105 altari,
3235 3048 3341 3094 etc.

3076 3112 3153 3166 Id.
3184 3111 3286 3177 Qui
3313 3125 3412 3179 pro
3447 3110 3663 3167 Christo
3698 3113 3818 3180 pri-

3003 3185 3172 3237 mitiae
3197 3187 3521 3248 martyrum.

3078 3254 3158 3306 Id.
3180 3253 3331 3306 Sicut
3354 3253 3581 3316 dignum
3610 3256 3708 3305 est.

3082 3323 3161 3378 Id.
3206 3323 3510 3378 Ccrlestibus
3544 3323 3822 3375 honoran-

3011 3400 3117 3447 tur.
3167 3394 3360 3446 Amen.
3440 3393 3655 3444 Cretera
3725 3391 3821 3444 de-

3010 3468 3159 3517 sunt

2194 2767 2335 2820 Ibid.
2387 2763 2786 2820 Melchisedech.
2825 2765 2930 2815 Re-

2122 2843 2200 2891 cte
2228 2837 2327 2890 sub
2355 2837 2544 2899 altari,
2574 2840 2680 2888 etc.

2199 3116 2340 3170 Ibid.
2401 3118 2502 3170 Pro
2565 3115 2775 3170 Christo
2821 3116 2929 3184 pri-

2126 3191 2199 3240 mi
2204 3190 2290 3241 tiae
2321 3193 2644 3255 martyrum.

2198 3259 2263 3311 N.
2292 3259 2340 3310 -’r.
2400 3258 2556 3310 Sicut
2589 3256 2793 3308 dictum
2831 3259 2927 3308 est.

2193 3329 2336 3382 Ibid.
2410 3327 2726 3380 Calestibus
2783 3327 2935 3379 hono-

2123 3407 2336 3453 rantur.

2759 3585 2930 3624 διειωο
2962 3585 3189 3622 CCXXVII.

2197 3661 2426 3732 Legitur
2455 3661 2512 3712 in
2542 3659 2669 3714 cod.
2705 3658 2917 3712 Cassin.
2956 3675 3053 3724 xu,
3079 3656 3174 3710 fol.
3200 3658 3325 3710 ΞΠ.

2197 3749 2342 3804 Edit.
2378 3750 2443 3803 N.
2495 3751 2554 3802 ‘2.
2615 3747 2790 3802 Adest
2849 3746 2932 3798 la-
3080 3743 3214 3797 Cod.
3253 3743 3381 3806 Quaz
3417 3743 3704 3810 plantatur
3727 3756 3823 3808 per

2126 3837 2272 3874 cuna
2287 3820 2549 3889 posthaec
2570 3817 2742 3870 verba
2768 3831 2786 3866 .'
2808 3819 2937 3886 Quae
3010 3818 3177 3889 totum
3207 3812 3489 3889 mundum,
3629 3825 3821 3889 cecine-

2124 3879 2444 3960 plantantur
2470 3904 2569 3957 per
2593 3893 2760 3943 totum
2785 3879 2938 3960 mun-
3010 3887 3160 3960 teriis
3211 3883 3370 3955 [Cod.
3414 3879 3713 3960 cimiteriis]
3745 3895 3825 3960 ec-

2127 3952 2305 4025 dum;
2366 3952 2680 4014 restaurata
2729 3963 2815 4012 est
2864 3957 2935 4010 ab
3006 3952 3334 4025 etesiarum;
3401 3953 3546 4025 venit
3611 3952 3822 4010 messis,

2562 4029 2656 4084 sed
2745 4027 2938 4082 minus
3007 4027 3107 4079 illa
3153 4024 3283 4078 tuba
3333 4023 3574 4087 cmlestis,
3627 4036 3820 4074 monu-

3009 4100 3243 4149 mentum
3284 4092 3438 4163 [τοι-ι.
3482 4090 3825 4157 momentum}

3011 4165 3249 4220 terribile
3279 4164 3714 4218 resurrectionis.
3735 4163 3832 4216 Be~

3008 4237 3174 4290 deunt
3203 4237 3386 4303 spica,
3414 4238 3525 4287 etc.

2203 4311 2346 4366 Ibid.
2400 4311 2618 4367 Crudeli
2685 4308 2936 4363 incendio
3084 4306 3172 4360 Id.
3227 4301 3478 4361 _Crudeli
3575 4301 3837 4355 incendio

2130 4383 2554 4443 concremabanl,
2617 4395 2723 4433 non
2780 4380 2940 4446 quasi
3011 4376 3440 4440 concremabant,
3517 4377 3565 4427 et
3623 4375 3838 4425 cineres

2129 4456 2291 4521 spica
2319 4452 2680 4505 solvebantur.
3013 4463 3196 4510 eorum
3205 4462 3319 4521 Aper
3347 4449 3527 4498 ventos
3557 4447 3608 4495 et
3657 4458 3835 4521 ausz

3011 4511 3344 4586 purgabant,
3400 4530 3505 4567 non
3533 4511 3697 4581 quasi
3719 4517 3839 4580 spi-

2986 4603 3058 4642 cae
3086 4587 3451 4641 solvebantur.

2128 4031 2464 4096 editoribus,

2129 4102 2294 4156 bene.

2770 4710 2947 4748 SEIHIO
2978 4709 3184 4746 CCXXXI.

2209 4788 2437 4858 Legitur
2487 4787 2542 4840 in
2600 4785 2723 4838 cod.
2776 4783 2989 4838 Cassia.
3035 4797 3218 4846 cxxm,
3253 4778 3349 4834 fol.
3396 4779 3510 4841 154,
3535 4777 3630 4830 ubi
3665 4778 3836 4846 plura

2136 4878 2329 4933 insunt
2357 4895 2485 4948 qua:
2503 4875 2900 4931 desiderantur
2932 4873 2993 4925 in
3025 4870 3207 4924 editis.

2209 4975 2351 5029 bdit.
2371 4976 2434 5028 N.
2458 4978 2503 5027 l.
2529 4979 2631 5024 etc.
2657 4974 2949 5037 Regenerat
3092 4967 3227 5020 Cod.
3293 4968 3585 5033 Regenerat
3649 4964 3726 5017 ad
3751 4981 3839 5018 sa—

2138 5047 2210 5100 ad
2241 5047 2482 5100 salutem.
2548 5044 2687 5097 Haec
2713 5047 2810 5105 est,
2842 5046 2946 5093 etc.
3025 5040 3221 5105 lutem;
3248 5053 3344 5106 per
3397 5053 3559 5104 quam
3586 5037 3839 5091 Christus

3023 5111 3147 5176 plus
3212 5110 3450 5161 restituit
3512 5111 3570 5160 in
3626 5110 3837 5174 gratia,

2143 5202 2308 5256 quam
2331 5188 2480 5254 parit
2528 5189 2748 5256 natura,
2801 5187 2872 5256 et_
2899 5181 3034 5256 Adae
3074 5179 3490 5256 transgressoris
3523 5177 3836 5256 degenerem

2143 5250 2346 5324 prolem
2378 5259 2435 5309 in
2465 5255 2806 5324 adoptionem
2836 5252 3035 5324 diving
3063 5250 3768 5324 pat_er_'nitatisassumpsitL
3791 5255 3839 5298 et

2145 5318 2212 5382 de
2244 5327 2503 5396 paradiso
2545 5318 2869 5386 cithar-edes,
2911 5323 3027 5375 caeli
3073 5320 3319 5373 reddidit
3350 5318 3666 5373 coheredes.
3713 5319 3839 5371 Haec

2147 5404 2244 5458 est.
2279 5405 2388 5451 etc.

2219 5470 2258 5522 N
2290 5470 2340 5522 4.
2399 5469 2552 5521 Facie
2603 5466 2676 5518 ad
2732 5466 2948 5529 faciem.

2149 5543 2293 5596 Tunc
2320 5539 2494 5605 beata,
2527 5541 2634 5590 etc.

3096 5461 3180 5515 Id.
3254 5461 3411 5515 Facie
3478 5459 3552 5512 ad
3618 5459 3835 5525 faciem.

3029 5534 3190 5598 Cum,
3224 5533 3474 5600 inquam,
3502 5543 3840 5597 uuaquzque

3029 5605 3216 5656 anima
3237 5603 3408 5671 ﬁdelis
3455 5607 3507 5654 et
3533 5604 3746 5671 sancta,
3779 5603 3835 5652 in

2149 5682 2240 5734 illo
2291 5681 2479 5735 saeculo
2535 5679 2694 5746 plena
2760 5676 3019 5746 bonorum
3061 5670 3280 5742 operum
3308 5672 3597 5746 fructibus,
3630 5670 3838 5746 divinis

2147 5755 2317 5816 fuerit
2363 5744 2688 5818 praesentata
2736 5745 3121 5813 conspectibus.
3180 5744 3434 5796 exhibens
3494 5745 3547 5791 in
3601 5757 3675 5798 se,
3730 5745 3835 5791 in...
