4004 6182
180 303 306 352 1237

184 420 344 493 [Cod.
390 421 524 492 ima]
582 424 818 489 seipsam
870 423 1172 490 exemplum
1230 422 1383 492 [Cod.
1458 420 1731 492 emenium]
1767 425 1870 477 Deo
1902 427 1941 478 A

177 509 290 553 suo,
344 496 628 560 proferens
675 493 843 556 digna
890 493 1014 545 coelo
1059 498 1108 545 et
1157 497 1397 546 valentia
1454 494 1569 545 cadi
1596 495 1872 561 beneﬁcia,

177 565 506 631 multiplicia
557 578 800 625 munera,
846 577 1083 627 gemmas
1164 564 1568 630 misericordias,
1638 567 1877 632 justitite

179 636 534 697 margaritas,
568 634 901 686 diversorum
931 633 1278 686 odoramenta
1322 636 1658 701 meritorum,
1712 635 1770 686 id
1799 641 1876 688 est

184 710 428 754 aromata
462 707 906 770 compunctionis,
928 709 977 754 et
1002 718 1167 756 suave
1217 705 1406 756 olentis
1453 705 1698 758 balsama
1720 708 1878 758 casti-

182 776 344 833 tatis;
380 780 702 842 praeferens,
734 776 875 826 sicut
904 773 1049 838 diri,
1084 789 1279 826 aurum
1311 776 1583 841 inﬁnitum
1613 778 1796 832 nimis.
1819 776 1878 828 id

183 852 260 896 est
307 845 582 910 integrum
632 849 688 895 in
736 859 790 896 se
835 847 1215 910 reconsignans
1247 845 1364 909 (sic)
1395 847 1481 912 pii
1501 847 1879 898 inaestimabile

183 917 416 981 pretium
454 914 832 982 redemptoris,
888 915 1276 981 spiritualibus
1325 915 1504 967 cordis
1549 923 1599 968 et
1637 919 1878 983 corporis

184 985 545 1037 oblationibus
596 984 936 1037 inserendum
986 1000 1159 1037 vocem
1218 987 1542 1053 prapheticae
1589 986 1878 1039 oblationis

189 1057 464 1108 assumit:
508 1054 745 1108 Inlroibo
787 1057 844 1108 in
895 1055 1108 1108 domum
1161 1061 1309 1108 tuam
1363 1071 1481 1108 cum
1533 1057 1874 1110 holocaustis.

192 1127 338 1178 Tunc
369 1125 543 1190 beata,
577 1133 684 1178 etc.

263 1195 404 1248 Ibid.
538 1197 708 1260 Quam
816 1210 1000 1248 rumor
1147 1195 1228 1248 Id.
1286 1197 1456 1261 Quam
1510 1211 1696 1248 rumor
1725 1212 1876 1263 quem

188 1281 352 1332 quem
392 1264 600 1320 audivi.
654 1267 733 1320 Et
787 1281 990 1328 revera,
1073 1265 1284 1318 audi-vi.
1345 1267 1387 1320 Ο
1463 1266 1710 1330 Domine,
1771 1270 1878 1320 tuis

187 1342 293 1388 etc.
1070 1337 1318 1403 operibus
1350 1335 1493 1406 [Cod
1565 1338 1844 1390 tribulatio
1857 1366 1876 1376 -

1069 1406 1269 1472 nibus].
1305 1423 1504 1473 magna
1522 1408 1737 1474 quidem
1757 1422 1877 1474 spe-

187 1493 310 1528 rare
331 1476 680 1544 praesumpsi,
708 1476 800 1527 sed
820 1477 1031 1542 majora
1060 1482 1291 1544 percepi.
1334 1478 1511 1530 Vincit
1562 1480 1876 1544 manifesta,

187 1562 350 1614 quam
381 1561 557 1608 cerno,
591 1545 812 1598 dulcedo
847 1546 1278 1611 magnitudinem
1323 1549 1667 1613 cogitationis
1714 1563 1875 1610 meae;

108 1635 116 1642 ·
185 1631 396 1669 sensum
427 1621 646 1682 Superat
677 1619 1063 1683 erpcctationis
1115 1619 1360 1684 affectus.
1416 1620 1483 1670 Et
1528 1634 1734 1681 revera,
1771 1623 1873 1671 ctc.

262 1687 376 1738 Ibid
390 1727 401 1737 .
437 1687 724 1739 distimari
746 1701 848 1738 non
879 1691 992 1754 pot-

187 1763 283 1809 est.
318 1755 563 1822 Habebit,
599 1763 706 1808 etc.
1065 1762 1156 1810 est.
1223 1758 1438 1811 Videbit
1497 1759 1648 1811 homo
1685 1761 1878 1810 merita

1063 1842 1164 1880 sua
1220 1829 1600 1895 insuspicabili
1643 1829 1880 1882 retribu-

191 1899 393 1967 tionum
447 1895 700 1960 largitate
759 1898 1047 1950 increscere
1096 1897 1251 1964 [C0d.
1304 1895 1645 1967 decrescere].
1706 1899 1881 1952 Habe—

192 1966 290 2029 bit,
315 1965 419 2018 etc.

863 2088 1035 2124 SERMO
1076 2087 1242 2126 CCLIX.

263 2159 507 2237 Legitur:
523 2159 582 2211 in
600 2159 743 2237 cod:
770 2160 1110 2237 (lassinsxu,
1142 2160 1288 2237 fpl._t
1310 2163 1389 2237 14.

263 2228 407 2282 Edit.
470 2229 532 2282 Ν.
589 2230 642 2282 4.
693 2230 828 2282 Nam
869 2231 1004 2296 quid
1147 2231 1277 2283 Cod.
1340 2235 1483 2283 Ante
1543 2230 1664 2283 haec
1717 2232 1885 2284 verba

189 2303 482 2366 faciemus,
517 2303 624 2353 etc.
1074 2299 1152 2352 sic
1183 2301 1384 2368 incipit
1411 2317 1423 2354 :
1456 2302 1589 2354 Nam
1620 2301 1748 2370 ipsa
1789 2303 1882 2353 Ve-

1073 2373 1212 2422 ritas
1242 2387 1336 2439 per
1371 2371 1609 2423 Ezechiel
1651 2373 1883 2440 prophe-

192 2448 305 2493 tam
360 2455 453 2494 nos
511 2439 757 2494 admonet
826 2441 1040 2494 dicens:
1099 2441 1161 2495 Si
1192 2444 1392 2510 impius
1419 2444 1587 2506 egerit
1615 2439 1885 2509 pozniten-

193 2514 346 2574 tiam,
375 2520 432 2561 et.
464 2511 668 2564 deinde
698 2512 766 2564 ad
816 2511 1050 2564 verbum
1098 2513 1367 2564 describit
1396 2513 1579 2563 locum
1619 2513 1887 2565 Ezechie-

195 2583 286 2645 lis,
318 2597 437 2650 cap.
495 2597 650 2646 Ivui,
701 2599 730 2633 ει
768 2597 818 2635 v.
869 2585 928 2635 2|
983 2583 1050 2634 ad
1083 2584 1170 2644 25,
1207 2588 1262 2633 et.
1297 2598 1520 2634 rursum
1556 2598 1587 2634 a
1617 2584 1685 2634 30
1713 2583 1783 2636 ad
1816 2584 1888 2636 II-

195 2667 324 2704 nem
357 2651 582 2718 capitis,
615 2668 678 2703 ac
710 2657 905 2720 postea
935 2651 1014 2704 sic
1047 2653 1274 2720 pergit:
1303 2653 1362 2707 Si
1403 2658 1583 2705 autem
1613 2653 1687 2704 ad
1715 2653 1888 2705 medi-

194 2728 495 2774 camentum
519 2725 845 2790 pcrnitentiae
873 2738 977 2774 non
1019 2726 1283 2788 fuerimus
1333 2725 1593 2788 conversi,
1645 2723 1782 2790 quid
1801 2727 1888 2789 fa-

191 2794 412 2856 ciemus,
433 2797 637 2856 fratres
657 2795 970 2846 carissimi?

269 2862 409 2915 Ibid.
461 2862 631 2927 Quam
690 2866 854 2917 Deum
882 2879 1003 2916 ma-
1155 2863 1236 2916 Id.
1273 2865 1446 2926 Quom
1485 2865 1768 2917 Dominum
1796 2865 1889 2916 De-

191 2932 366 2985 laisti.
400 2933 539 2985 Cum
578 2936 857 3002 expulsus,
893 2940 1001 2986 etc.
1082 2949 1171 2986 um
1200 2935 1462 2987 maluisti.
1504 2933 1614 2987 Sed
1661 2937 1891 3001 antiqua

1081 3008 1354 3071 praetereo.

196 3072 588 3138 misericordia,
604 3087 721 3126 cum
733 3074 1010 3142 expulsus,
1085 3079 1192 3126 etc.

274 3142 416 3197 Ibid.
450 3147 734 3198 Occisurus
771 3145 1008 3196 ascendi.
1157 3143 1239 3196 Id.
1309 3143 1592 3197 Occisurus
1657 3143 1890 3196 ascendi.

201 3213 339 3266 Cum
405 3229 568 3266 essem
633 3215 1012 3282 impossibilis,
1090 3215 1221 3269 Cum
1274 3228 1436 3266 essem
1491 3214 1893 3267 incommutabi-

203 3293 314 3334 etc.
1092 3285 1181 3343 lis,
1195 3299 1296 3352 pro
1309 3289 1356 3336 te
1377 3286 1527 3338 homo
1543 3288 1723 3349 factus
1745 3299 1860 3336 sum
1879 3301 1892 3342 :

1091 3356 1221 3409 Cum
1284 3368 1449 3407 essem
1515 3355 1892 3423 impassibilis.

278 3422 418 3477 Ibid.
473 3426 554 3478 Ab
611 3425 807 3478 auditu
874 3425 1014 3477 malo
1160 3425 1238 3477 Id.
1274 3425 1360 3477 Ab
1390 3422 1594 3476 audita
1622 3427 1762 3478 malo
1792 3440 1896 3477 non

198 3509 308 3548 non
326 3497 605 3547 mereberis
635 3496 876 3548 liberari.
911 3495 1015 3560 Qui
1087 3493 1366 3547 mereberis
1397 3495 1638 3559 liberari,
1665 3495 1760 3548 sed
1790 3511 1895 3547 au-

197 3572 328 3617 lunc
352 3568 475 3631 erit,
505 3573 614 3619 etc.
1086 3564 1301 3618 diturus
1331 3581 1447 3618 cum
1470 3569 1577 3620 tuis
1597 3566 1893 3619 similibus:

1089 3636 1360 3689 Discedite
1384 3652 1418 3688 a
1456 3652 1558 3702 me,
1600 3635 1895 3698 maledicti,

197 3708 254 3756 in
284 3707 463 3770 ignem
508 3711 786 3770 zternum,
833 3707 930 3774 qui
969 3711 1200 3774 paratus
1249 3712 1327 3759 est
1365 3706 1581 3759 diabolo
1604 3712 1654 3759 et
1690 3707 1898 3773 angelis

194 3776 349 3839 ejus;
399 3777 681 3830 descendes
727 3791 845 3828 cum
882 3777 976 3828 illo
1026 3778 1083 3827 in
1121 3781 1378 3828 aeternum
1411 3777 1662 3841 gehennae
1696 3779 1892 3841 ignem,

196 3861 359 3910 quem
401 3847 536 3900 mihi
559 3849 686 3899 vitae
729 3851 832 3900 tua:
879 3852 1070 3914 captus
1114 3846 1362 3899 dulcibus
1399 3848 1629 3914 laqueis,
1662 3853 1710 3900 et
1743 3849 1895 3899 bonis

190 3917 493 3977 fallacibus
521 3915 682 3988 [Cod.
715 3917 982 3981 fallaciis!
1004 3917 1315 3983 praetulisti.
1352 3919 1460 3982 Qui
1487 3923 1612 3971 tunc
1641 3920 1762 3983 erit,
1789 3923 1891 3972 etc.

881 4037 1055 4075 SERHO
1085 4038 1255 4075 CCLIII.

270 4109 506 4180 Legitur
551 4110 608 4163 in
663 4110 784 4164 cod.
819 4109 1032 4164 Cassin.
1084 4125 1156 4170 ιι,
1192 4109 1289 4163 fol.
1318 4111 1375 4175 2,
1403 4109 1499 4163 ubi
1523 4126 1580 4164 n.
1618 4115 1636 4164 I
1675 4110 1896 4180 probis

196 4196 388 4251 verbis
429 4214 574 4268 pene
621 4197 981 4252 acatholicis:
1031 4200 1171 4266 Quia
1221 4200 1324 4251 scit
1351 4214 1456 4251 non
1494 4213 1588 4252 nos
1613 4213 1769 4268 posse
1805 4214 1897 4252 re-

191 4284 340 4350 dire,
374 4289 472 4354 qui
493 4301 593 4355 per
620 4286 930 4355 superbiam
956 4287 1100 4356 lapsi
1119 4301 1326 4352 sumus,
1345 4287 1465 4340 hinc
1481 4286 1756 4340 catholica
1781 4302 1898 4340 ma-

194 4370 306 4439 gis,
334 4378 390 4425 et
422 4373 604 4442 magis
629 4373 839 4427 rationi
875 4381 1256 4428 consentanea
1289 4374 1610 4428 habentur:
1637 4375 1774 4440 Quia
1796 4377 1896 4428 scit

192 4475 300 4513 non
352 4476 450 4515 nos
493 4477 646 4532 posse
682 4463 884 4524 redire,
934 4465 1046 4517 nisi
1081 4479 1181 4532 per
1243 4463 1620 4529 humilitatem,
1672 4466 1770 4532 qui
1803 4479 1900 4532 per

189 4548 516 4615 superbiam
542 4550 687 4618 lapsi
717 4564 921 4603 sumus.

807 4671 982 4708 SERHO
1033 4670 1295 4727 ccum].

271 4759 512 4830 Legitur
534 4762 590 4813 in
626 4761 750 4813 cod.
791 4759 1009 4825 Cassia,
1051 4777 1149 4824 xu,
1191 4761 1286 4816 fol.
1325 4764 1446 4824 107,
1482 4762 1578 4815 ubi
1609 4762 1900 4831 incipitnb

187 4851 280 4902 his
350 4853 577 4901 tantum
626 4848 812 4902 verbis
870 4865 926 4902 [ι.
980 4853 1044 4902 I:
1108 4850 1380 4920 Scriptum
1409 4855 1523 4906 est:
1577 4853 1790 4904 Domini
1824 4859 1899 4905 est

189 4949 373 4999 terra,
413 4940 520 4988 etc.

266 5007 404 5060 non
456 5005 515 5058 N.
558 5011 603 5058 1.
660 5007 722 5060 Si
777 5004 1019 5072 dubitas,

266 5007 404 5060 Edit
456 5006 515 5058 N.
558 5011 603 5058 1.
660 5007 722 5060 Si
777 5006 1019 5072 dubitas,
1167 5008 1302 5062 Cod.
1337 5006 1398 5062 Si
1444 5007 1684 5074 dubitas,
1706 5007 1900 5077 perdi-

184 5074 519 5146 perdidisti.
537 5077 780 5141 Decimae,
806 5083 910 5130 etc.
1093 5079 1248 5132 disti.
1292 5078 1444 5132 Audi
1492 5086 1685 5139 tamen,
1721 5082 1900 5133 incre-

1093 5079 1248 5132 disti.
1292 5078 1444 5132 Audi
1492 5086 1685 5139 tamen,
1721 5082 1901 5133 incre-

1091 5149 1234 5214 dule,
1284 5151 1506 5202 Domino
1571 5152 1689 5217 ipso
1772 5149 1899 5202 red-

184 5234 357 5288 dente
394 5236 694 5288 rationem:
739 5235 939 5302 Otreres
985 5233 1146 5306 [Cod.
1187 5233 1369 5306 offer],
1416 5238 1618 5302 inquit,
1665 5235 1900 5306 decimas

180 5307 442 5374 omnium
459 5308 741 5370 fructuum
799 5312 1031 5370 tuorum,
1079 5313 1129 5360 et
1145 5309 1322 5360 veniet
1351 5308 1533 5369 levita,
1569 5307 1701 5374 quia
1732 5307 1896 5374 [Cud.

177 5371 314 5446 qui]
351 5390 463 5427 non
489 5381 568 5428 est
597 5377 681 5448 illi
707 5379 888 5442 portio
918 5393 1088 5444 neque
1137 5375 1296 5448 [Cod.
1344 5371 1595 5448 portione
1608 5371 1750 5448 qua]
1779 5391 1901 5448 sors

176 5455 394 5511 tecum,
411 5449 462 5498 et
479 5447 807 5513 proselytus,
825 5451 875 5500 et
895 5446 1192 5514 orphanus,
1207 5446 1437 5500 etvidua
1462 5465 1476 5509 ;
1495 5447 1902 5500 manducabunt

179 5522 232 5571 et
263 5516 759 5583 saturabuntur,et
792 5518 1060 5570 benedicet
1085 5524 1134 5572 te
1148 5519 1401 5572 Dominus
1428 5517 1570 5569 Deus
1589 5521 1713 5569 tuus
1734 5520 1901 5569 omni-

183 5588 291 5642 bus
340 5585 535 5641 diebus
585 5589 712 5641 vita
771 5591 876 5640 tute
932 5588 1102 5655 (Deut
1148 5604 1258 5649 xxv,
1299 5587 1710 5654 28,29).Audi
1738 5590 1900 5640 etiam

179 5661 637 5713 sacramentum:
680 5657 978 5729 Sacriﬁciis
1048 5657 1281 5717 libamen
1348 5659 1667 5729 imponitur.
1747 5657 1902 5712 Deci-

185 5742 315 5796 mae,
358 5731 470 5786 etc.

1520 299 1898 357 LECTIONES
1941 303 2340 357 \‘AIIIAN'I‘ES.

1139 1689 1218 1741 Id.
1276 1690 1560 1741 distimari
1611 1704 1717 1740 non
1764 1694 1877 1754 pot-
1910 1699 1948 1752 Β

1444 3005 1626 3058 Motus
1713 3010 1895 3072 P0819“
1940 3005 1978 3029 “¹
2010 3005 2421 3068 benedictionem
2484 3032 2653 3070 meam
2721 3018 2811 3070 de-

3529 303 3664 354 1238

2054 422 2195 478 Ibid.
2281 421 2432 488 Quod
2478 423 2527 474 si
2564 422 2797 475 decimas
2942 422 3022 475 Id.
3061 422 3287 487 Quodsi
3315 421 3548 474 decimas
3575 438 3684 474 non

1984 509 2090 546 non
2125 494 2283 547 habet
2321 497 2600 558 fructuum
2633 499 2795 544 terre-
2872 493 3032 544 habes
3115 498 3392 556 fructuum
3451 496 3685 545 omnium

1984 580 2194 629 norum,
2252 564 2396 632 quod
2443 563 2599 616 habet
2642 565 2794 627 agri.
2874 567 3222 632 terrenorum,
3273 565 3403 630 quia
3468 579 3572 615 non
3633 579 3684 616 es

1985 637 2126 687 cola.
2262 630 2276 632 ⁷
2874 630 3037 702 [ϐοά.
3065 631 3161 701 est]
3196 635 3458 697 agricola,

2059 703 2198 758 Ibid.
2252 703 2434 757 Redde
2469 705 2599 769 quia
2646 705 2798 755 nasci
2947 704 3021 755 Id.
3088 704 3300 755 Horum
3330 703 3452 755 loco
3477 703 3553 755 ita
3584 703 3684 755 ba-

1985 777 2249 828 meruisti.
2292 775 2382 828 Sic
2408 775 2572 839 enim,
2605 780 2659 824 et
2687 789 2794 824 cai-
2871 773 3000 824 bet:
3033 774 3212 827 Redde
3238 777 3368 840 quia
3402 777 3554 825 nasci
3575 789 3686 825 me-

1985 851 2105 898 tera
2149 860 2326 914 nsque
2373 847 2440 895 ad
2475 859 2533 896 n.
2567 843 2798 896 2.Audi
2869 846 3051 896 raisti.
3122 846 3247 908 Quae
3303 849 3364 896 ut
3409 859 3537 896 vera
3578 858 3687 896 esse

1986 931 2132 981 ergo,
2154 921 2259 967 etc.
2869 929 3174 980 cognoscas,
3270 921 3675 981 procuratorem

2869 999 3024 1037 saam
3064 985 3318 1037 Dominus
3352 987 3430 1036 sic
3457 999 3686 1050 praimo-

1985 1061 2074 1108 net
2101 1053 2424 1107 sacerdotem
2447 1055 2725 1122 :Accipies
2743 1054 3060 1107 oblationem
3076 1056 3310 1121 ﬁliorum
3332 1055 3499 1107 Israel
3507 1093 3520 1113 ,
3541 1054 3685 1121 quod

1987 1125 2195 1178 dabunt
2241 1128 2298 1177 in
2336 1127 2648 1178 visitatione
2689 1139 2808 1178 sua.
2862 1125 3076 1178 Dabunt
3106 1129 3155 1176 et
3193 1139 3293 1192 pro
3323 1124 3686 1191 redemptione

1987 1198 2294 1248 animarum
2322 1209 2565 1261 suarum,
2597 1201 2646 1246 et
2675 1210 2779 1246 non
2809 1199 2964 1246 erant
2997 1197 3051 1246 in
3081 1196 3155 1245 eis
3177 1194 3352 1246 morbi
3388 1209 3559 1261 neque
3587 1209 3676 1246 ca-

1987 1281 2077 1319 sus
2113 1265 2310 1333 (Exod.
2361 1280 2488 1330 xxx,
2544 1265 2648 1332 I2).
2700 1265 2820 1316 Hsec
2866 1270 3042 1317 autem
3083 1267 3186 1316 erit
3231 1264 3462 1316 oblatio:
3499 1264 3684 1318 Omnis

1987 1336 2279 1388 adveniens
2327 1351 2361 1386 a
2407 1335 2675 1388 vicennali
2714 1349 2854 1386 anno
2885 1344 2933 1386 et
2959 1349 3144 1400 supra.
3177 1333 3330 1386 dabit
3360 1334 3680 1387 oblationem

1991 1409 2097 1460 Deo
2117 1405 2279 1473 (Ibid.
2339 1405 2450 1470 14).
2499 1404 2640 1456 Ecce
2679 1405 2921 1467 legitima
2955 1411 3031 1456 est
3074 1404 3356 1470 afferendi.
3397 1405 3459 1458 Si
3490 1413 3678 1469 tecum,

1989 1492 2150 1527 senem
2221 1473 2557 1546 ]Cod.senes]
2627 1490 2809 1535 auore,
2879 1473 3198 1546 consideres.
3255 1478 3681 1541 nunquam-Deo

1988 1548 2198 1612 vixisti.
2221 1544 2398 1606 fidem,
2423 1545 2564 1596 idem
2595 1546 2847 1597 Dominus
2877 1544 3010 1598 dicit
3035 1560 3047 1596 :
3102 1547 3318 1597 Placate
3340 1561 3442 1613 pro
3469 1547 3680 1596 anima-

1993 1619 2088 1670 bus
2115 1618 2305 1668 restris
2331 1613 2523 1686 [Leuit
2558 1631 2684 1675 xvii,
2727 1619 2830 1681 II).
2881 1617 2949 1668 Et
2999 1618 3193 1667 iterum
3228 1614 3497 1668 sacerdoti
3516 1630 3535 1686 ξ
3567 1617 3682 1686 Ac-

1987 1681 2443 1759 cipeqpecuni‘am
2476 1687 2710 1759 ﬁliorum
2756 1687 2942 1750 Israel,
3004 1687 3298 1759 oblationes
3345 1701 3481 1751 quas
3515 1681 3680 1756 [ϐοά.

1993 1755 2160 1827 quod]
2193 1756 2399 1808 dabunt
2417 1758 2480 1827 in
2510 1756 2817 1823 placatione
2837 1770 2951 1814 sua,
2994 1761 3042 1807 et
3065 1755 3222 1807 dabis
3255 1772 3316 1807 ea
3347 1761 3403 1806 in
3434 1755 3568 1823 opus
3601 1761 3685 1807 ta-

1995 1826 2271 1880 bernaculi
2300 1826 2613 1891 testimonii,
2642 1830 2702 1878 ut
2721 1829 2833 1878 sint
2859 1827 2990 1892 ﬁliis
3017 1827 3185 1878 Israel
3203 1828 3257 1878 in
3280 1827 3610 1886 memoriam,
3637 1830 3687 1877 et

1993 1901 2050 1949 in
2095 1899 2452 1966 placationem
2496 1913 2597 1963 pro
2646 1899 2930 1948 animabus
2992 1900 3108 1949 suis
3161 1897 3343 1962 (Exod.
3401 1911 3527 1958 xxx,
3574 1896 3684 1962 16).

1995 1972 2043 2020 Α
2054 1968 2149 2019 udi
2173 1981 2316 2032 ergo,
2351 1975 2456 2018 etc.

2067 2039 2130 2090 N.
2189 2047 2242 2089 2.
2327 2038 2444 2090 Non
2523 2039 2805 2104 premium
2950 2035 3008 2088 Id
3063 2037 3182 2091 Non
3236 2039 3521 2105 praemium
3587 2051 3684 2105 po-

1989 2109 2248 2176 postulat,
2281 2107 2375 2160 sed
2404 2108 2805 2160 honorem.Non
2877 2107 3060 2164 stulat,
3127 2107 3221 2160 sed
3269 2110 3552 2171 honorem;
3585 2122 3690 2159 non

1993 2178 2059 2230 de
2091 2184 2178 2230 tu)
2203 2177 2417 2244 aliquid
2434 2179 2588 2244 petit.
2877 2177 3238 2230 oblationibus
3281 2181 3547 2245 pascitur,
3596 2177 3690 2230 sed

2875 2249 2978 2300 viai
3014 2247 3179 2317 {forte
3220 2244 3462 2316 decimae]
3493 2253 3688 2300 nostrae

1998 2317 2331 2438 oectggalteist
2382 2316 2525 2383 quod
2564 2317 2836 2383 offerimus
2878 2333 2981 2385 pro
3009 2316 3198 2370 Salute.
3232 2320 3348 2373 Non
3378 2319 3443 2369 de
3475 2323 3566 2369 tuo
3588 2318 3692 2368 ali-

1998 2403 2097 2438 aui
2159 2402 2222 2438 ne
2251 2403 2265 2436 ι
2301 2429 2311 2438 .

1997 2389 2138 2454 quid
2157 2389 2311 2454 petit.

2067 2458 2210 2510 Ibid.
2250 2459 2311 2509 Et
2338 2456 2530 2521 fallere
2577 2472 2658 2509 me
2688 2459 2808 2508 etri-
2956 2456 3032 2509 Id.
3068 2457 3137 2511 Et
3165 2458 3355 2520 fallere
3391 2473 3472 2509 me
3501 2458 3690 2509 emisti-

1997 2529 2257 2585 stimatis.
2289 2528 2440 2579 intus
2461 2529 2518 2579 in
2541 2528 2809 2579 thesauris
2885 2529 3068 2578 matis.
3093 2529 3288 2580 Annus
3293 2527 3422 2594 jam
3454 2542 3692 2580 consum-

1997 2599 2249 2650 vestriset
2270 2599 2329 2648 in
2348 2597 2596 2649 domibus
2617 2601 2810 2650 vestris
2880 2601 3010 2664 ptas
3041 2602 3137 2653 est.
3173 2602 3222 2648 et
3269 2597 3504 2649 decimas
3551 2611 3692 2649 meas

1996 2671 2098 2720 erit
2124 2669 2379 2734 direptio.
2435 2668 2606 2719 Dabis
2643 2669 2811 2736 impio
2885 2667 3150 2718 intulistis
3199 2669 3256 2716 in
3305 2669 3579 2718 thesauris
3605 2681 3691 2719 ee-

1997 2740 2184 2801 militi,
2217 2742 2322 2790 etc.
2883 2738 3030 2789 stris.
3052 2737 3314 2804 Quisquis
3341 2751 3481 2801 ergo,
3505 2751 3691 2800 arare,

2881 2805 3071 2858 divina
3091 2811 3357 2874 praecepta
3381 2809 3690 2869 contemnis,

2829 2877 2833 2880 ’
2882 2876 3042 2927 dabis
3068 2878 3237 2944 impio
3259 2877 3442 2943 militi,
3469 2882 3577 2928 etc.

2963 2947 3041 2999 Id.
3103 2949 3171 3000 Et
3231 2947 3506 3013 effundam
3545 2945 3695 2999 vobis

2889 3015 3301 3069 benedictionem
3361 3033 3532 3070 meum
3597 3017 3692 3070 de-

2886 3101 3067 3154 super,
3101 3087 3262 3140 donec
3299 3088 3574 3140 abundent
3601 3102 3692 3141 co-

2887 3156 2968 3209 bis
2998 3161 3176 3209 omnia
3199 3157 3354 3220 bona,
3378 3157 3698 3226 etseparabo

2889 3227 3040 3279 vobis
3105 3229 3178 3280 ad
3243 3230 3436 3290 cibum,
3505 3233 3557 3280 et
3593 3242 3698 3280 non

2891 3312 3230 3366 corrumpam
3275 3303 3512 3364 fructum
3544 3304 3699 3351 terra

2888 3375 3097 3421 vestrae.

2963 3439 3045 3492 Id.
3074 3441 3202 3492 Ecce
3248 3454 3423 3492 annus
3461 3453 3698 3492 consum-

2887 3514 3088 3571 matus,
3110 3515 3161 3562 et
3176 3512 3368 3578 incipit
3381 3511 3538 3564 alius.
3556 3508 3697 3564 Red-

2889 3579 2955 3632 de
2985 3583 3206 3632 Domino
3242 3582 3452 3648 pluenti
3478 3583 3695 3648 pensio-

2886 3664 3026 3701 nem.
3078 3651 3185 3703 Cur
3237 3651 3421 3702 reddis
3450 3650 3700 3704 Caesari?

2889 3724 2940 3770 et
2994 3719 3178 3786 pluere
3234 3735 3338 3772 non
3392 3725 3563 3786 potest
3593 3721 3697 3776 Cae-

2005 3802 2116 3840 sar.
2151 3789 2267 3842 Non
2321 3787 2504 3853 habes,
2557 3788 2784 3855 debitor,
2834 3802 2931 3854 per
2974 3791 3235 3844 Caesarem
3261 3789 3403 3856 quod
3428 3805 3644 3843 excuses
3675 3805 3690 3854 ;

2004 3861 2080 3909 sic
2107 3864 2156 3909 et
2183 3861 2294 3926 ipsi
2318 3873 2450 3926 pars
2474 3862 2627 3925 facta
2654 3863 2752 3921 est,
2783 3863 2843 3910 ut
2872 3865 2922 3911 et
2943 3858 3151 3912 decima
3203 3863 3421 3913 Domino
3462 3875 3567 3914 non
3596 3875 3694 3912 ne-

2004 3932 2175 3990 getur.
2213 3930 2352 3981 Dicit
2408 3931 2550 3982 enim
2603 3930 2861 3982 Dominus
2896 3931 3190 3984 Christus:
3246 3930 3470 3984 Reddite
3497 3930 3698 3986 Casari

2006 4013 2124 4066 quae
2167 4000 2407 4052 Caesaris
2455 4004 2603 4065 sunt,
2653 4005 2704 4052 et
2747 4001 2851 4053 Deo
2889 4016 3008 4068 qua
3040 4003 3129 4054 Dei
3152 4001 3524 4066 sunt(Matth.
3568 4015 3697 4062 χιιι,

2013 4071 2120 4131 12).
2158 4069 2336 4123 Caesar
2365 4085 2470 4121 non
2519 4073 2792 4138 particeps
2844 4071 2947 4122 Dei
2992 4076 3069 4123 est
3100 4074 3229 4138 quia
3258 4070 3495 4123 debitum
3524 4072 3702 4138 perci-

2004 4141 2110 4206 pit,
2144 4140 2226 4191 vel
2251 4143 2408 4207 prior
2430 4143 2509 4192 est
2539 4143 2866 4205 nominatus,
2885 4141 2978 4194 sed
3011 4144 3245 4194 homines
3286 4141 3518 4209 perﬁdos
3539 4141 3702 4196 Chri-

2007 4214 2139 4330 ita;
2147 4209 2384 4264 irridens
2410 4213 2656 4278 pratulit
2689 4209 2851 4281 [Cod.
2883 4210 3132 4282 pertulit]
3177 4212 3445 4278 religioni.
3480 4211 3699 4264 Redime

2031 4295 2076 4330 e.
2143 4294 2258 4330 omo

2010 4285 2076 4344 te,
2105 4285 2258 4332 homo

2081 4365 2227 4418 Ibid.
2295 4367 2479 4419 Vitam
2547 4367 2712 4419 simul
2775 4372 2824 4418 et
2972 4365 3048 4420 Id.
3089 4367 3266 4421 Vitam
3303 4369 3468 4421 simul
3495 4372 3544 4421 et
3574 4382 3702 4436 pre-

2004 4437 2240 4501 pretium
2266 4437 2484 4503 perdas.
2505 4437 2633 4490 Sine
2659 4451 2823 4489 causa
2900 4438 3031 4489 tium
3088 4437 3286 4506 perdas
3346 4437 3502 4506 qud.
3559 4439 3703 4491 male

2011 4507 2104 4579 hoc
2169 4506 2406 4560 dimittis
2462 4509 2646 4579 umori,
2706 4523 2825 4576 quae
2893 4505 3237 4579 perdidisti].
3302 4505 3538 4579 Frustra;
3579 4510 3705 4579 hoc

2007 4577 2196 4644 forsan
2219 4579 2449 4630 alterum
2471 4578 2685 4630 habebit
2707 4594 2820 4631 ma-
2897 4581 3082 4631 avaris
3154 4577 3299 4644 legas
3365 4577 3702 4643 heredibus;

2008 4642 2194 4700 ritum.
2230 4648 2354 4702 Sine
2382 4663 2547 4701 causa
2577 4649 2672 4701 hoc
2699 4664 2814 4702 ma-
2891 4651 3107 4713 frustra
3165 4642 3416 4717 nupturae
3469 4642 3706 4715 forsitan

2009 4720 2116 4770 rito
2159 4718 2412 4785 dimittis,
2469 4720 2683 4777 mulier,
2724 4723 2819 4788 qui
2894 4719 3149 4786 conjugi;
3235 4723 3448 4784 frustra
3510 4721 3706 4772 marito

2007 4790 2151 4854 forte
2189 4790 2356 4842 aliam
2404 4791 2520 4843 sine
2561 4803 2712 4842 mora
2740 4805 2821 4842 cu-
2895 4789 3123 4842 mandas
3157 4789 3286 4848 haec.
3353 4790 3567 4849 mulier,
3609 4792 3706 4855 qui

2009 4861 2092 4926 pit
2114 4858 2306 4913 habere
2333 4875 2570 4914 umorem.
2895 4861 3066 4913 aliam
3119 4860 3310 4912 ducere
3347 4863 3496 4927 cupit
3540 4857 3700 4928 [Cod.

2864 4934 3010 4984 mite
3043 4928 3223 5000 carpit]
3261 4944 3528 4983 umorem.

2080 2945 2221 2998 Ibid.
2257 2948 2323 2998 Et
2361 2947 2637 3014 effundam
2668 2948 2814 3000 vobis

2003 3101 2204 3154 super:
2263 3091 2313 3138 et
2357 3102 2464 3139 non
2516 3089 2667 3140 vobis
2695 3102 2811 3140 cor-

2002 3161 2321 3224 rumpentur
2383 3160 2596 3220 fructus
2658 3162 2813 3210 terras

2003 3234 2209 3278 rrstraT.

2081 3438 2118 3489 Ν
2182 3439 2232 3490 3.
2297 3438 2435 3491 Ecce
2491 3453 2667 3490 annus
2695 3440 2814 3506 jam

2005 3506 2201 3575 ﬁnitus
2255 3515 2354 3570 est,
2397 3508 2564 3562 redde
2594 3512 2814 3562 Domino

2002 3580 2212 3646 pluenti
2250 3579 2556 3631 mercedem.
2602 3579 2816 3632 Redime

2008 3653 2078 3712 te,
2112 3648 2282 3702 homo.

2659 5085 2830 5124 SERIO
2905 5087 3066 5124 CCCVI.

2086 5209 2318 5278 Legitur
2346 5208 2404 5262 in
2441 5209 2570 5262 cod.
2613 5209 2824 5263 Cassin.
2857 5227 2952 5275 xu,
2976 5210 3048 5263 fol
3087 5215 3207 5265 II7.

2085 5304 2229 5359 Edit.
2283 5304 2348 5357 Ν.
2405 5308 2450 5358 ε.
2501 5304 2594 5358 Ad
2629 5307 2825 5359 calcem
2968 5306 3105 5361 Cod.
3139 5308 3374 5376 Implere
3412 5313 3536 5363 totis
3571 5314 3706 5366 viri-

2012 5377 2236 5443 implere
2284 5377 2408 5428 totis
2461 5377 2669 5429 viribus
2706 5383 2824 5429 stu-
2898 5379 2994 5431 bus
3023 5377 3352 5432 studeamus.
3375 5380 3589 5434 Fratres
3613 5382 3705 5434 di-

2012 5446 2252 5499 deamus.
2336 5445 2550 5499 Deinde
2629 5445 2826 5514 incipit
2899 5449 3196 5510 lectissimi,
3223 5452 3274 5502 si
3290 5449 3707 5514 laboramuspro

2013 5469 2252 5499 ueumus.
2336 5469 2550 5499 ueluue
2629 5469 2826 5514 ιησιριι
2899 5469 3196 5510 lecussmu,
3223 5469 3707 5520 suaooramuspro

2013 5532 2072 5570 η.
2101 5519 2134 5570 2
2164 5516 2251 5570 his
2302 5515 2525 5570 verbis:
2585 5516 2666 5571 Et
2685 5517 2822 5583 ideo,
2898 5534 3058 5572 carne
3086 5524 3292 5583 nostra,
3338 5520 3637 5576 laboremus
3657 5528 3707 5575 et

2013 5594 2071 5640 et
2122 5592 2326 5640 cetera
2369 5602 2550 5657 usque
2580 5587 2650 5640 ad
2702 5603 2827 5640 me-
2896 5604 2997 5657 pro
3042 5591 3328 5645 animabus
3374 5595 3593 5646 nostris.
3645 5592 3708 5648 Si

2015 5657 2177 5730 dicm
2209 5673 2263 5711 n.
2306 5657 2378 5713 4:
2409 5658 2496 5730 Tu
2535 5657 2755 5712 umbras
2775 5662 2827 5712 et
2899 5663 3166 5715 cuirimus
3203 5676 3302 5730 pro
3330 5676 3508 5724 carne,
3541 5676 3708 5716 orna-

2018 5729 2239 5784 nebulas
2263 5727 2445 5782 steculi
2474 5728 2658 5799 hujus,
2693 5733 2819 5799 etc,.
2900 5743 3015 5783 mus
3129 5727 3361 5797 carnem,
3443 5733 3706 5788 satiamus
