  <div class='ocr_page' id='page_1' title='image "/cluster/home/n/w/nwhite01/storage/ocr_20150623/47/hvd.32044096580683/625.png"; bbox 0 0 4068 6192; ppageno 0'>
   <div class='ocr_carea' id='block_1_1' title="bbox 287 4239 639 4299">
    <p class='ocr_par' dir='ltr' id='par_1_1' title="bbox 287 4239 639 4299">
     <span class='ocr_line' id='line_1_1' title="bbox 287 4239 639 4299; baseline -0.003 -11"><span class='ocrx_word' id='word_1_1' title='bbox 287 4254 290 4257; x_wconf 56' lang='grc' dir='ltr'>λ</span> <span class='ocrx_word' id='word_1_2' title='bbox 357 4243 506 4299; x_wconf 82' lang='lat' dir='ltr'><strong><em>stem,</em></strong></span> <span class='ocrx_word' id='word_1_3' title='bbox 534 4239 639 4288; x_wconf 87' lang='lat' dir='ltr'><strong><em>etc.</em></strong></span> 
     </span>
    </p>
   </div>
   <div class='ocr_carea' id='block_1_2' title="bbox 342 260 475 310">
    <p class='ocr_par' dir='ltr' id='par_1_2' title="bbox 342 260 475 310">
     <span class='ocr_line' id='line_1_2' title="bbox 342 260 475 310; baseline 0 -2"><span class='ocrx_word' id='word_1_4' title='bbox 342 260 475 310; x_wconf 65' lang='lat' dir='ltr'><strong><em>I239</em></strong></span> 
     </span>
    </p>
   </div>
   <div class='ocr_carea' id='block_1_3' title="bbox 1632 241 2582 309">
    <p class='ocr_par' dir='ltr' id='par_1_3' title="bbox 1632 241 2582 309">
     <span class='ocr_line' id='line_1_3' title="bbox 1632 241 2582 309; baseline -0.008 -9"><span class='ocrx_word' id='word_1_5' title='bbox 1632 245 2044 300; x_wconf 73' lang='lat' dir='ltr'><strong><em>AI’PENDICIS</em></strong></span> <span class='ocrx_word' id='word_1_6' title='bbox 2082 241 2582 309; x_wconf 57' lang='lat' dir='ltr'><strong><em>AIEGUSTINIANI.</em></strong></span> 
     </span>
    </p>
   </div>
   <div class='ocr_carea' id='block_1_4' title="bbox 341 363 2950 450">
    <p class='ocr_par' dir='ltr' id='par_1_4' title="bbox 341 363 2950 450">
     <span class='ocr_line' id='line_1_4' title="bbox 341 363 2950 450; baseline -0.008 -18"><span class='ocrx_word' id='word_1_7' title='bbox 341 393 588 450; x_wconf 83' lang='lat' dir='ltr'><strong><em>quorum</em></strong></span> <span class='ocrx_word' id='word_1_8' title='bbox 623 378 747 450; x_wconf 81' lang='lat' dir='ltr'><strong><em>loco</em></strong></span> <span class='ocrx_word' id='word_1_9' title='bbox 781 375 1066 450; x_wconf 58' lang='lat' dir='ltr'><strong><em>habentur</em></strong></span> <span class='ocrx_word' id='word_1_10' title='bbox 1096 373 1151 424; x_wconf 85' lang='lat' dir='ltr'><strong><em>in</em></strong></span> <span class='ocrx_word' id='word_1_11' title='bbox 1229 385 1441 422; x_wconf 87' lang='lat' dir='ltr'><strong><em>carnem</em></strong></span> <span class='ocrx_word' id='word_1_12' title='bbox 1481 383 1662 450; x_wconf 62' lang='grc' dir='ltr'><strong><em>(ιιιᾳῖηΔ</em></strong></span> <span class='ocrx_word' id='word_1_13' title='bbox 1679 372 1803 450; x_wconf 75' lang='lat' dir='ltr'><strong><em>post</em></strong></span> <span class='ocrx_word' id='word_1_14' title='bbox 1831 382 2028 450; x_wconf 76' lang='lat' dir='ltr'><strong><em>paucos</em></strong></span> <span class='ocrx_word' id='word_1_15' title='bbox 2071 371 2111 421; x_wconf 81' lang='grc' dir='ltr'>Α</span> <span class='ocrx_word' id='word_1_16' title='bbox 2215 363 2387 450; x_wconf 40' lang='lat' dir='ltr'><strong><em>Ibi‘d.‘</em></strong></span> <span class='ocrx_word' id='word_1_17' title='bbox 2415 364 2614 429; x_wconf 84' lang='lat' dir='ltr'><strong><em>Magna</em></strong></span> <span class='ocrx_word' id='word_1_18' title='bbox 2642 363 2950 415; x_wconf 78' lang='lat' dir='ltr'><strong><em>constantia</em></strong></span> 
     </span>
    </p>
   </div>
   <div class='ocr_carea' id='block_1_5' title="bbox 1227 438 2028 504">
    <p class='ocr_par' dir='ltr' id='par_1_5' title="bbox 1227 438 2028 504">
     <span class='ocr_line' id='line_1_5' title="bbox 1227 438 2028 504; baseline -0.004 -12"><span class='ocrx_word' id='word_1_19' title='bbox 1227 454 1415 500; x_wconf 91' lang='lat' dir='ltr'><strong><em>annos,</em></strong></span> <span class='ocrx_word' id='word_1_20' title='bbox 1476 443 1572 492; x_wconf 91' lang='lat' dir='ltr'><strong><em>aut</em></strong></span> <span class='ocrx_word' id='word_1_21' title='bbox 1627 439 1864 504; x_wconf 82' lang='lat' dir='ltr'><strong><em>forsitan</em></strong></span> <span class='ocrx_word' id='word_1_22' title='bbox 1895 438 2028 502; x_wconf 89' lang='lat' dir='ltr'><strong><em>dies,</em></strong></span> 
     </span>
    </p>
   </div>
   <div class='ocr_carea' id='block_1_6' title="bbox 1225 509 2031 563">
    <p class='ocr_par' dir='ltr' id='par_1_6' title="bbox 1225 509 2031 563">
     <span class='ocr_line' id='line_1_6' title="bbox 1225 509 2031 563; baseline -0.005 0"><span class='ocrx_word' id='word_1_23' title='bbox 1225 524 1430 563; x_wconf 82' lang='lat' dir='ltr'><strong><em>vermes</em></strong></span> <span class='ocrx_word' id='word_1_24' title='bbox 1483 509 1815 562; x_wconf 82' lang='lat' dir='ltr'><strong><em>devorabunt</em></strong></span> <span class='ocrx_word' id='word_1_25' title='bbox 1857 509 1916 561; x_wconf 88' lang='lat' dir='ltr'><strong><em>in</em></strong></span> <span class='ocrx_word' id='word_1_26' title='bbox 1943 523 2031 560; x_wconf 88' lang='lat' dir='ltr'><strong><em>se-</em></strong></span> 
     </span>
    </p>
   </div>
   <div class='ocr_carea' id='block_1_7' title="bbox 1225 581 2031 650">
    <p class='ocr_par' dir='ltr' id='par_1_7' title="bbox 1225 581 2031 650">
     <span class='ocr_line' id='line_1_7' title="bbox 1225 581 2031 650; baseline -0.007 -16"><span class='ocrx_word' id='word_1_27' title='bbox 1225 583 1432 650; x_wconf 89' lang='lat' dir='ltr'><strong><em>pulcro,</em></strong></span> <span class='ocrx_word' id='word_1_28' title='bbox 1483 584 1712 650; x_wconf 90' lang='lat' dir='ltr'><strong><em>quanto_</em></strong></span> <span class='ocrx_word' id='word_1_29' title='bbox 1731 581 1903 650; x_wconf 76' lang='lat' dir='ltr'><strong><em>magis</em></strong></span> <span class='ocrx_word' id='word_1_30' title='bbox 1929 593 2031 650; x_wconf 86' lang='lat' dir='ltr'><strong><em>non</em></strong></span> 
     </span>
    </p>
   </div>
   <div class='ocr_carea' id='block_1_8' title="bbox 345 646 2028 724">
    <p class='ocr_par' dir='ltr' id='par_1_8' title="bbox 345 646 2028 724">
     <span class='ocr_line' id='line_1_8' title="bbox 345 646 2028 724; baseline -0.009 -10"><span class='ocrx_word' id='word_1_31' title='bbox 345 659 596 714; x_wconf 85' lang='lat' dir='ltr'><strong><em>debemus</em></strong></span> <span class='ocrx_word' id='word_1_32' title='bbox 647 657 916 724; x_wconf 74' lang='lat' dir='ltr'><strong><em>despicere</em></strong></span> <span class='ocrx_word' id='word_1_33' title='bbox 962 655 1200 724; x_wconf 82' lang='lat' dir='ltr'><strong><em>animum</em></strong></span> <span class='ocrx_word' id='word_1_34' title='bbox 1226 646 1509 711; x_wconf 46' lang='lat' dir='ltr'><strong><em>&#39;nostram,</em></strong></span> <span class='ocrx_word' id='word_1_35' title='bbox 1543 646 1861 724; x_wconf 30' lang='lat' dir='ltr'><strong><em>quz‘l&#39;Cod.</em></strong></span> <span class='ocrx_word' id='word_1_36' title='bbox 1884 649 2028 700; x_wconf 62' lang='lat' dir='ltr'><strong><em>malv-</em></strong></span> 
     </span>
    </p>
   </div>
   <div class='ocr_carea' id='block_1_9' title="bbox 347 719 2031 800">
    <p class='ocr_par' dir='ltr' id='par_1_9' title="bbox 347 719 2031 800">
     <span class='ocr_line' id='line_1_9' title="bbox 347 719 2031 800; baseline -0.009 -15"><span class='ocrx_word' id='word_1_37' title='bbox 347 727 535 800; x_wconf 87' lang='lat' dir='ltr'><strong><em>quam]</em></strong></span> <span class='ocrx_word' id='word_1_38' title='bbox 570 731 673 783; x_wconf 90' lang='lat' dir='ltr'><strong><em>Deo</em></strong></span> <span class='ocrx_word' id='word_1_39' title='bbox 698 719 754 779; x_wconf 77' lang='grc' dir='ltr'><strong><em>ρι’</em></strong></span> <span class='ocrx_word' id='word_1_40' title='bbox 776 725 982 800; x_wconf 79' lang='lat' dir='ltr'><strong><em>angelis</em></strong></span> <span class='ocrx_word' id='word_1_41' title='bbox 1013 726 1068 776; x_wconf 90' lang='lat' dir='ltr'><strong><em>in</em></strong></span> <span class='ocrx_word' id='word_1_42' title='bbox 1107 723 1239 800; x_wconf 69' lang='lat' dir='ltr'><strong><em>caelo</em></strong></span> <span class='ocrx_word' id='word_1_43' title='bbox 1264 727 1628 800; x_wconf 51' lang='lat' dir='ltr'><strong><em>pra’stqitatur</em></strong></span> <span class='ocrx_word' id='word_1_44' title='bbox 1653 719 1685 800; x_wconf 70' lang='grc' dir='ltr'><strong><em>ῬΔ</em></strong></span> <span class='ocrx_word' id='word_1_45' title='bbox 1710 722 2031 800; x_wconf 80' lang='lat' dir='ltr'><strong><em>Cogitemus,</em></strong></span> 
     </span>
    </p>
   </div>
   <div class='ocr_carea' id='block_1_10' title="bbox 343 789 2032 866">
    <p class='ocr_par' dir='ltr' id='par_1_10' title="bbox 343 789 2032 866">
     <span class='ocr_line' id='line_1_10' title="bbox 343 789 2032 866; baseline -0.008 -13"><span class='ocrx_word' id='word_1_46' title='bbox 343 789 567 866; x_wconf 71' lang='lat' dir='ltr'><strong><em>fratres.</em></strong></span> <span class='ocrx_word' id='word_1_47' title='bbox 591 800 722 866; x_wconf 89' lang='lat' dir='ltr'><strong><em>quia</em></strong></span> <span class='ocrx_word' id='word_1_48' title='bbox 740 789 883 866; x_wconf 81' lang='lat' dir='ltr'><strong><em>quod</em></strong></span> <span class='ocrx_word' id='word_1_49' title='bbox 904 811 1026 866; x_wconf 80' lang='lat' dir='ltr'><strong><em>caro</em></strong></span> <span class='ocrx_word' id='word_1_50' title='bbox 1039 796 1269 866; x_wconf 73' lang='lat' dir='ltr'><strong><em>copiosis</em></strong></span> <span class='ocrx_word' id='word_1_51' title='bbox 1286 793 1493 866; x_wconf 82' lang='lat' dir='ltr'><strong><em>deliciis</em></strong></span> <span class='ocrx_word' id='word_1_52' title='bbox 1517 793 1775 866; x_wconf 80' lang='lat' dir='ltr'><strong><em>satiatur,</em></strong></span> <span class='ocrx_word' id='word_1_53' title='bbox 1794 795 1842 841; x_wconf 80' lang='lat' dir='ltr'><strong><em>et</em></strong></span> <span class='ocrx_word' id='word_1_54' title='bbox 1863 789 2032 866; x_wconf 75' lang='lat' dir='ltr'><strong><em>abun-</em></strong></span> 
     </span>
    </p>
   </div>
   <div class='ocr_carea' id='block_1_11' title="bbox 347 859 2032 939">
    <p class='ocr_par' dir='ltr' id='par_1_11' title="bbox 347 859 2032 939">
     <span class='ocr_line' id='line_1_11' title="bbox 347 859 2032 939; baseline -0.008 -16"><span class='ocrx_word' id='word_1_55' title='bbox 347 859 509 923; x_wconf 83' lang='lat' dir='ltr'><strong><em>dante</em></strong></span> <span class='ocrx_word' id='word_1_56' title='bbox 537 859 661 923; x_wconf 78' lang='lat' dir='ltr'><strong><em>vino</em></strong></span> <span class='ocrx_word' id='word_1_57' title='bbox 689 859 848 939; x_wconf 69' lang='grc' dir='ltr'><strong><em>[(ἰυᾱ.</em></strong></span> <span class='ocrx_word' id='word_1_58' title='bbox 887 865 1032 918; x_wconf 83' lang='lat' dir='ltr'><strong><em>male</em></strong></span> <span class='ocrx_word' id='word_1_59' title='bbox 1064 859 1547 939; x_wconf 37' lang='lat' dir='ltr'><strong><em>vinumlinﬁpcitur</em></strong></span> <span class='ocrx_word' id='word_1_60' title='bbox 1567 862 1747 939; x_wconf 80' lang='lat' dir='ltr'><strong><em>nimis,</em></strong></span> <span class='ocrx_word' id='word_1_61' title='bbox 1776 859 2032 939; x_wconf 65' lang='lat' dir='ltr'><strong><em>pabulum</em></strong></span> 
     </span>
    </p>
   </div>
   <div class='ocr_carea' id='block_1_12' title="bbox 349 927 2036 1002">
    <p class='ocr_par' dir='ltr' id='par_1_12' title="bbox 349 927 2036 1002">
     <span class='ocr_line' id='line_1_12' title="bbox 349 927 2036 1002; baseline -0.007 -10"><span class='ocrx_word' id='word_1_62' title='bbox 349 941 582 994; x_wconf 66' lang='lat' dir='ltr'><strong><em>luxuriae</em></strong></span> <span class='ocrx_word' id='word_1_63' title='bbox 599 927 968 1000; x_wconf 73' lang='lat' dir='ltr'><strong><em>ministratur,</em></strong></span> <span class='ocrx_word' id='word_1_64' title='bbox 989 950 1105 989; x_wconf 88' lang='lat' dir='ltr'><strong><em>esca</em></strong></span> <span class='ocrx_word' id='word_1_65' title='bbox 1118 927 1384 986; x_wconf 51' lang='lat' dir='ltr'><strong><em>virm—ibus</em></strong></span> <span class='ocrx_word' id='word_1_66' title='bbox 1402 930 1559 1002; x_wconf 71' lang='grc' dir='ltr'><strong><em>[ϐοά.</em></strong></span> <span class='ocrx_word' id='word_1_67' title='bbox 1576 927 1860 999; x_wconf 73' lang='lat' dir='ltr'><strong><em>vermium]</em></strong></span> <span class='ocrx_word' id='word_1_68' title='bbox 1880 932 2036 981; x_wconf 88' lang='lat' dir='ltr'><strong><em>mini-</em></strong></span> 
     </span>
    </p>
   </div>
   <div class='ocr_carea' id='block_1_13' title="bbox 350 1002 2037 1076">
    <p class='ocr_par' dir='ltr' id='par_1_13' title="bbox 350 1002 2037 1076">
     <span class='ocr_line' id='line_1_13' title="bbox 350 1002 2037 1076; baseline -0.007 -13"><span class='ocrx_word' id='word_1_69' title='bbox 350 1016 580 1076; x_wconf 88' lang='lat' dir='ltr'><strong><em>stratur,</em></strong></span> <span class='ocrx_word' id='word_1_70' title='bbox 614 1025 677 1062; x_wconf 90' lang='lat' dir='ltr'><strong><em>ac</em></strong></span> <span class='ocrx_word' id='word_1_71' title='bbox 712 1005 1054 1076; x_wconf 82' lang='lat' dir='ltr'><strong><em>providetur.</em></strong></span> <span class='ocrx_word' id='word_1_72' title='bbox 1092 1006 1229 1076; x_wconf 54' lang='lat' dir='ltr'><strong><em>Itth</em></strong></span> <span class='ocrx_word' id='word_1_73' title='bbox 1255 1018 1383 1076; x_wconf 85' lang='lat' dir='ltr'><strong><em>rogo</em></strong></span> <span class='ocrx_word' id='word_1_74' title='bbox 1411 1002 2037 1076; x_wconf 75' lang='lat' dir='ltr'><strong><em>vos,_fratres,_aspicite</em></strong></span> 
     </span>
    </p>
   </div>
   <div class='ocr_carea' id='block_1_14' title="bbox 351 1072 2032 1149">
    <p class='ocr_par' dir='ltr' id='par_1_14' title="bbox 351 1072 2032 1149">
     <span class='ocr_line' id='line_1_14' title="bbox 351 1072 2032 1149; baseline -0.008 -14"><span class='ocrx_word' id='word_1_75' title='bbox 351 1082 425 1135; x_wconf 88' lang='lat' dir='ltr'><strong><em>ad</em></strong></span> <span class='ocrx_word' id='word_1_76' title='bbox 452 1072 697 1149; x_wconf 85' lang='lat' dir='ltr'><strong><em>sepulcra</em></strong></span> <span class='ocrx_word' id='word_1_77' title='bbox 712 1072 976 1140; x_wconf 68' lang='lat' dir='ltr'><strong><em>divitum,</em></strong></span> <span class='ocrx_word' id='word_1_78' title='bbox 1010 1082 1058 1128; x_wconf 90' lang='lat' dir='ltr'><strong><em>et</em></strong></span> <span class='ocrx_word' id='word_1_79' title='bbox 1081 1075 1285 1149; x_wconf 86' lang='lat' dir='ltr'><strong><em>quoties</em></strong></span> <span class='ocrx_word' id='word_1_80' title='bbox 1299 1074 1465 1149; x_wconf 72' lang='lat' dir='ltr'><strong><em>juarta</em></strong></span> <span class='ocrx_word' id='word_1_81' title='bbox 1496 1073 1592 1149; x_wconf 86' lang='lat' dir='ltr'><strong><em>illa</em></strong></span> <span class='ocrx_word' id='word_1_82' title='bbox 1618 1072 1886 1149; x_wconf 69' lang='lat' dir='ltr'><strong><em>transitis.</em></strong></span> <span class='ocrx_word' id='word_1_83' title='bbox 1905 1086 2032 1149; x_wconf 64' lang='lat' dir='ltr'><strong><em>eon-</em></strong></span> 
     </span>
    </p>
   </div>
   <div class='ocr_carea' id='block_1_15' title="bbox 353 1141 2034 1213">
    <p class='ocr_par' dir='ltr' id='par_1_15' title="bbox 353 1141 2034 1213">
     <span class='ocr_line' id='line_1_15' title="bbox 353 1141 2034 1213; baseline -0.008 -8"><span class='ocrx_word' id='word_1_84' title='bbox 353 1141 609 1213; x_wconf 80' lang='lat' dir='ltr'><strong><em>siderate,</em></strong></span> <span class='ocrx_word' id='word_1_85' title='bbox 643 1154 692 1201; x_wconf 90' lang='lat' dir='ltr'><strong><em>et</em></strong></span> <span class='ocrx_word' id='word_1_86' title='bbox 719 1149 1008 1213; x_wconf 60' lang='lat' dir='ltr'><strong><em>diligenter</em></strong></span> <span class='ocrx_word' id='word_1_87' title='bbox 1034 1141 1303 1212; x_wconf 81' lang='lat' dir='ltr'><strong><em>respicite,</em></strong></span> <span class='ocrx_word' id='word_1_88' title='bbox 1333 1145 1428 1197; x_wconf 88' lang='lat' dir='ltr'><strong><em>ubi</em></strong></span> <span class='ocrx_word' id='word_1_89' title='bbox 1458 1147 1582 1194; x_wconf 90' lang='lat' dir='ltr'><strong><em>sunt</em></strong></span> <span class='ocrx_word' id='word_1_90' title='bbox 1627 1142 1846 1213; x_wconf 84' lang='lat' dir='ltr'><strong><em>illorum</em></strong></span> <span class='ocrx_word' id='word_1_91' title='bbox 1872 1141 2034 1213; x_wconf 73' lang='lat' dir='ltr'><strong><em>divi-</em></strong></span> 
     </span>
    </p>
   </div>
   <div class='ocr_carea' id='block_1_16' title="bbox 353 1210 2035 1279">
    <p class='ocr_par' dir='ltr' id='par_1_16' title="bbox 353 1210 2035 1279">
     <span class='ocr_line' id='line_1_16' title="bbox 353 1210 2035 1279; baseline -0.008 -5"><span class='ocrx_word' id='word_1_92' title='bbox 353 1224 442 1275; x_wconf 62' lang='lat' dir='ltr'><strong><em>tim</em></strong></span> <span class='ocrx_word' id='word_1_93' title='bbox 464 1221 492 1276; x_wconf 77' lang='lat'><strong>?</strong></span> <span class='ocrx_word' id='word_1_94' title='bbox 522 1210 613 1272; x_wconf 80' lang='lat' dir='ltr'><strong><em>ubi</em></strong></span> <span class='ocrx_word' id='word_1_95' title='bbox 625 1210 938 1274; x_wconf 80' lang='lat' dir='ltr'><strong><em>ornamenta</em></strong></span> <span class='ocrx_word' id='word_1_96' title='bbox 960 1215 987 1268; x_wconf 84' lang='lat'><strong><em>‘?</em></strong></span> <span class='ocrx_word' id='word_1_97' title='bbox 1005 1217 1098 1268; x_wconf 90' lang='lat' dir='ltr'><strong><em>ubi</em></strong></span> <span class='ocrx_word' id='word_1_98' title='bbox 1117 1210 1325 1279; x_wconf 80' lang='lat' dir='ltr'><strong><em>annuli,</em></strong></span> <span class='ocrx_word' id='word_1_99' title='bbox 1349 1214 1429 1266; x_wconf 88' lang='lat' dir='ltr'><strong><em>vel</em></strong></span> <span class='ocrx_word' id='word_1_100' title='bbox 1452 1215 1670 1266; x_wconf 90' lang='lat' dir='ltr'><strong><em>inaures</em></strong></span> <span class='ocrx_word' id='word_1_101' title='bbox 1687 1216 1712 1265; x_wconf 68' lang='grc' dir='ltr'><strong><em>’ἐ</em></strong></span> <span class='ocrx_word' id='word_1_102' title='bbox 1739 1212 1833 1265; x_wconf 79' lang='lat' dir='ltr'><strong><em>ubi</em></strong></span> <span class='ocrx_word' id='word_1_103' title='bbox 1849 1210 2035 1264; x_wconf 85' lang='lat' dir='ltr'><strong><em>diade-</em></strong></span> 
     </span>
    </p>
   </div>
   <div class='ocr_carea' id='block_1_17' title="bbox 348 1281 2034 1358">
    <p class='ocr_par' dir='ltr' id='par_1_17' title="bbox 348 1281 2034 1358">
     <span class='ocr_line' id='line_1_17' title="bbox 348 1281 2034 1358; baseline -0.006 -14"><span class='ocrx_word' id='word_1_104' title='bbox 348 1295 496 1345; x_wconf 88' lang='lat' dir='ltr'><strong><em>mata</em></strong></span> <span class='ocrx_word' id='word_1_105' title='bbox 507 1289 781 1358; x_wconf 81' lang='lat' dir='ltr'><strong><em>pretiosa?</em></strong></span> <span class='ocrx_word' id='word_1_106' title='bbox 795 1289 888 1341; x_wconf 85' lang='lat' dir='ltr'><strong><em>ubi</em></strong></span> <span class='ocrx_word' id='word_1_107' title='bbox 906 1291 1071 1339; x_wconf 88' lang='lat' dir='ltr'><strong><em>honor</em></strong></span> <span class='ocrx_word' id='word_1_108' title='bbox 1087 1286 1342 1338; x_wconf 71' lang='lat' dir='ltr'><strong><em>vanitatis</em></strong></span> <span class='ocrx_word' id='word_1_109' title='bbox 1357 1284 1382 1333; x_wconf 76' lang='lat' dir='ltr'><strong><em>‘l</em></strong></span> <span class='ocrx_word' id='word_1_110' title='bbox 1398 1284 1490 1334; x_wconf 86' lang='lat' dir='ltr'><strong><em>ubi</em></strong></span> <span class='ocrx_word' id='word_1_111' title='bbox 1503 1285 1734 1358; x_wconf 50' lang='lat' dir='ltr'><strong><em>inauris?</em></strong></span> <span class='ocrx_word' id='word_1_112' title='bbox 1749 1283 1997 1358; x_wconf 50' lang='lat' dir='ltr'><strong><em>voluntas</em></strong></span> <span class='ocrx_word' id='word_1_113' title='bbox 2008 1281 2034 1334; x_wconf 81' lang='lat'><strong><em>‘?</em></strong></span> 
     </span>
    </p>
   </div>
   <div class='ocr_carea' id='block_1_18' title="bbox 343 1351 2033 1427">
    <p class='ocr_par' dir='ltr' id='par_1_18' title="bbox 343 1351 2033 1427">
     <span class='ocr_line' id='line_1_18' title="bbox 343 1351 2033 1427; baseline -0.008 -13"><span class='ocrx_word' id='word_1_114' title='bbox 343 1363 437 1414; x_wconf 89' lang='lat' dir='ltr'><strong><em>ubi</em></strong></span> <span class='ocrx_word' id='word_1_115' title='bbox 473 1351 798 1427; x_wconf 74' lang='lat' dir='ltr'><strong><em>spectacula,</em></strong></span> <span class='ocrx_word' id='word_1_116' title='bbox 827 1359 907 1408; x_wconf 80' lang='lat' dir='ltr'><strong><em>rel</em></strong></span> <span class='ocrx_word' id='word_1_117' title='bbox 941 1359 1174 1421; x_wconf 84' lang='lat' dir='ltr'><strong><em>furiosa,</em></strong></span> <span class='ocrx_word' id='word_1_118' title='bbox 1212 1359 1452 1427; x_wconf 81' lang='lat' dir='ltr'><strong><em>cruenta.</em></strong></span> <span class='ocrx_word' id='word_1_119' title='bbox 1496 1353 1602 1427; x_wconf 27' lang='lat' dir='ltr'><strong><em>veli</em></strong></span> <span class='ocrx_word' id='word_1_120' title='bbox 1620 1354 1804 1420; x_wconf 83' lang='lat' dir='ltr'><strong><em>turpia</em></strong></span> <span class='ocrx_word' id='word_1_121' title='bbox 1827 1351 1863 1427; x_wconf 63' lang='grc' dir='ltr'><strong><em>ῬΔ</em></strong></span> <span class='ocrx_word' id='word_1_122' title='bbox 1886 1352 1939 1405; x_wconf 76' lang='lat' dir='ltr'><strong><em>Ci</em></strong></span> <span class='ocrx_word' id='word_1_123' title='bbox 1953 1357 2033 1402; x_wconf 81' lang='lat' dir='ltr'><strong><em>rte</em></strong></span> 
     </span>
    </p>
   </div>
   <div class='ocr_carea' id='block_1_19' title="bbox 348 1423 2032 1492">
    <p class='ocr_par' dir='ltr' id='par_1_19' title="bbox 348 1423 2032 1492">
     <span class='ocr_line' id='line_1_19' title="bbox 348 1423 2032 1492; baseline -0.008 -8"><span class='ocrx_word' id='word_1_124' title='bbox 348 1423 681 1485; x_wconf 77' lang='lat' dir='ltr'><strong><em>transierunt</em></strong></span> <span class='ocrx_word' id='word_1_125' title='bbox 705 1430 812 1481; x_wconf 74' lang='lat' dir='ltr'><strong><em>haec</em></strong></span> <span class='ocrx_word' id='word_1_126' title='bbox 839 1431 1017 1480; x_wconf 83' lang='lat' dir='ltr'><strong><em>omnia</em></strong></span> <span class='ocrx_word' id='word_1_127' title='bbox 1047 1433 1303 1492; x_wconf 88' lang='lat' dir='ltr'><strong><em>tanquam</em></strong></span> <span class='ocrx_word' id='word_1_128' title='bbox 1327 1425 1535 1476; x_wconf 87' lang='lat' dir='ltr'><strong><em>umbra.</em></strong></span> <span class='ocrx_word' id='word_1_129' title='bbox 1559 1426 1628 1477; x_wconf 84' lang='lat' dir='ltr'><strong><em>Et</em></strong></span> <span class='ocrx_word' id='word_1_130' title='bbox 1657 1427 1706 1475; x_wconf 86' lang='lat' dir='ltr'><strong><em>si</em></strong></span> <span class='ocrx_word' id='word_1_131' title='bbox 1721 1423 2032 1490; x_wconf 74' lang='lat' dir='ltr'><strong><em>pmnitentia</em></strong></span> 
     </span>
    </p>
   </div>
   <div class='ocr_carea' id='block_1_20' title="bbox 344 1494 2027 1565">
    <p class='ocr_par' dir='ltr' id='par_1_20' title="bbox 344 1494 2027 1565">
     <span class='ocr_line' id='line_1_20' title="bbox 344 1494 2027 1565; baseline -0.008 -11"><span class='ocrx_word' id='word_1_132' title='bbox 344 1517 450 1554; x_wconf 89' lang='lat' dir='ltr'><strong><em>non</em></strong></span> <span class='ocrx_word' id='word_1_133' title='bbox 479 1501 800 1562; x_wconf 76' lang='lat' dir='ltr'><strong><em>subvenerit,</em></strong></span> <span class='ocrx_word' id='word_1_134' title='bbox 826 1499 939 1550; x_wconf 92' lang='lat' dir='ltr'><strong><em>sola</em></strong></span> <span class='ocrx_word' id='word_1_135' title='bbox 959 1499 1016 1549; x_wconf 88' lang='lat' dir='ltr'><strong><em>in</em></strong></span> <span class='ocrx_word' id='word_1_136' title='bbox 1043 1495 1607 1565; x_wconf 64' lang='lat' dir='ltr'><strong><em>perpetuottpprohria</em></strong></span> <span class='ocrx_word' id='word_1_137' title='bbox 1628 1498 1676 1565; x_wconf 83' lang='lat' dir='ltr'><strong><em>et</em></strong></span> <span class='ocrx_word' id='word_1_138' title='bbox 1697 1494 1923 1545; x_wconf 88' lang='lat' dir='ltr'><strong><em>crimina</em></strong></span> <span class='ocrx_word' id='word_1_139' title='bbox 1945 1508 2027 1565; x_wconf 80' lang='lat' dir='ltr'><strong><em>re-</em></strong></span> 
     </span>
    </p>
   </div>
   <div class='ocr_carea' id='block_1_21' title="bbox 344 1562 2032 1630">
    <p class='ocr_par' dir='ltr' id='par_1_21' title="bbox 344 1562 2032 1630">
     <span class='ocr_line' id='line_1_21' title="bbox 344 1562 2032 1630; baseline -0.007 -6"><span class='ocrx_word' id='word_1_140' title='bbox 344 1577 676 1625; x_wconf 86' lang='lat' dir='ltr'><strong><em>manserunt.</em></strong></span> <span class='ocrx_word' id='word_1_141' title='bbox 725 1562 1069 1622; x_wconf 68' lang='lat' dir='ltr'><strong><em>Considi-rate</em></strong></span> <span class='ocrx_word' id='word_1_142' title='bbox 1125 1567 1432 1630; x_wconf 75' lang='lat' dir='ltr'><strong><em>diligenter,</em></strong></span> <span class='ocrx_word' id='word_1_143' title='bbox 1483 1570 1532 1616; x_wconf 89' lang='lat' dir='ltr'><strong><em>et</em></strong></span> <span class='ocrx_word' id='word_1_144' title='bbox 1579 1563 1754 1615; x_wconf 78' lang='lat' dir='ltr'><strong><em>videte</em></strong></span> <span class='ocrx_word' id='word_1_145' title='bbox 1782 1562 2032 1630; x_wconf 86' lang='lat' dir='ltr'><strong><em>superbo-</em></strong></span> 
     </span>
    </p>
   </div>
   <div class='ocr_carea' id='block_1_22' title="bbox 345 1633 2033 1710">
    <p class='ocr_par' dir='ltr' id='par_1_22' title="bbox 345 1633 2033 1710">
     <span class='ocr_line' id='line_1_22' title="bbox 345 1633 2033 1710; baseline -0.007 -15"><span class='ocrx_word' id='word_1_146' title='bbox 345 1657 464 1694; x_wconf 88' lang='lat' dir='ltr'><strong><em>rum</em></strong></span> <span class='ocrx_word' id='word_1_147' title='bbox 487 1643 754 1710; x_wconf 82' lang='lat' dir='ltr'><strong><em>sepulcra,</em></strong></span> <span class='ocrx_word' id='word_1_148' title='bbox 778 1644 828 1692; x_wconf 91' lang='lat' dir='ltr'><strong><em>et</em></strong></span> <span class='ocrx_word' id='word_1_149' title='bbox 858 1640 1127 1710; x_wconf 82' lang='lat' dir='ltr'><strong><em>agnoscite</em></strong></span> <span class='ocrx_word' id='word_1_150' title='bbox 1157 1641 1286 1703; x_wconf 85' lang='lat' dir='ltr'><strong><em>quia</em></strong></span> <span class='ocrx_word' id='word_1_151' title='bbox 1315 1635 1561 1710; x_wconf 80' lang='lat' dir='ltr'><strong><em>nihil__in</em></strong></span> <span class='ocrx_word' id='word_1_152' title='bbox 1601 1638 1676 1685; x_wconf 88' lang='lat' dir='ltr'><strong><em>eis</em></strong></span> <span class='ocrx_word' id='word_1_153' title='bbox 1716 1634 1888 1697; x_wconf 80' lang='lat' dir='ltr'><strong><em>aliud,</em></strong></span> <span class='ocrx_word' id='word_1_154' title='bbox 1923 1633 2033 1710; x_wconf 83' lang='lat' dir='ltr'><strong><em>nisi</em></strong></span> 
     </span>
    </p>
   </div>
   <div class='ocr_carea' id='block_1_23' title="bbox 347 1705 2028 1773">
    <p class='ocr_par' dir='ltr' id='par_1_23' title="bbox 347 1705 2028 1773">
     <span class='ocr_line' id='line_1_23' title="bbox 347 1705 2028 1773; baseline -0.005 -10"><span class='ocrx_word' id='word_1_155' title='bbox 347 1713 448 1764; x_wconf 86' lang='lat' dir='ltr'><strong><em>soli</em></strong></span> <span class='ocrx_word' id='word_1_156' title='bbox 493 1705 711 1771; x_wconf 78' lang='lat' dir='ltr'><strong><em>cineres,</em></strong></span> <span class='ocrx_word' id='word_1_157' title='bbox 764 1714 813 1760; x_wconf 85' lang='lat' dir='ltr'><strong><em>et</em></strong></span> <span class='ocrx_word' id='word_1_158' title='bbox 841 1707 1042 1773; x_wconf 64' lang='lat' dir='ltr'><strong><em>fietida’</em></strong></span> <span class='ocrx_word' id='word_1_159' title='bbox 1084 1710 1349 1760; x_wconf 79' lang='lat' dir='ltr'><strong><em>vermium</em></strong></span> <span class='ocrx_word' id='word_1_160' title='bbox 1394 1705 1612 1770; x_wconf 79' lang='lat' dir='ltr'><strong><em>reliquae</em></strong></span> <span class='ocrx_word' id='word_1_161' title='bbox 1638 1706 2028 1755; x_wconf 83' lang='lat' dir='ltr'><strong><em>remanserunt.</em></strong></span> 
     </span>
    </p>
   </div>
   <div class='ocr_carea' id='block_1_24' title="bbox 351 1774 2034 1847">
    <p class='ocr_par' dir='ltr' id='par_1_24' title="bbox 351 1774 2034 1847">
     <span class='ocr_line' id='line_1_24' title="bbox 351 1774 2034 1847; baseline -0.007 -12"><span class='ocrx_word' id='word_1_162' title='bbox 351 1783 470 1835; x_wconf 68' lang='lat' dir='ltr'><strong><em>Haec</em></strong></span> <span class='ocrx_word' id='word_1_163' title='bbox 499 1797 644 1847; x_wconf 84' lang='lat' dir='ltr'><strong><em>ergo,</em></strong></span> <span class='ocrx_word' id='word_1_164' title='bbox 669 1782 838 1837; x_wconf 87' lang='lat' dir='ltr'><strong><em>homo.</em></strong></span> <span class='ocrx_word' id='word_1_165' title='bbox 872 1777 1160 1843; x_wconf 78' lang='lat' dir='ltr'><strong><em>diligenter</em></strong></span> <span class='ocrx_word' id='word_1_166' title='bbox 1190 1775 1424 1837; x_wconf 72' lang='lat' dir='ltr'><strong><em>attende,</em></strong></span> <span class='ocrx_word' id='word_1_167' title='bbox 1471 1780 1521 1827; x_wconf 88' lang='lat' dir='ltr'><strong><em>et</em></strong></span> <span class='ocrx_word' id='word_1_168' title='bbox 1553 1774 1646 1847; x_wconf 79' lang='lat' dir='ltr'><strong><em>dic</em></strong></span> <span class='ocrx_word' id='word_1_169' title='bbox 1675 1775 1794 1834; x_wconf 89' lang='lat' dir='ltr'><strong><em>tibi,</em></strong></span> <span class='ocrx_word' id='word_1_170' title='bbox 1834 1775 2034 1847; x_wconf 22' lang='lat' dir='ltr'><strong><em>tu‘ipse</em></strong></span> 
     </span>
    </p>
   </div>
   <div class='ocr_carea' id='block_1_25' title="bbox 346 1843 2034 1918">
    <p class='ocr_par' dir='ltr' id='par_1_25' title="bbox 346 1843 2034 1918">
     <span class='ocr_line' id='line_1_25' title="bbox 346 1843 2034 1918; baseline -0.007 -14"><span class='ocrx_word' id='word_1_171' title='bbox 346 1843 576 1918; x_wconf 50' lang='lat' dir='ltr'><strong><em>loquere&#39;</em></strong></span> <span class='ocrx_word' id='word_1_172' title='bbox 590 1843 755 1904; x_wconf 84' lang='lat' dir='ltr'><strong><em>tecum</em></strong></span> <span class='ocrx_word' id='word_1_173' title='bbox 780 1847 850 1904; x_wconf 89' lang='lat'><strong><em>:0</em></strong></span> <span class='ocrx_word' id='word_1_174' title='bbox 869 1851 1028 1900; x_wconf 83' lang='lat' dir='ltr'><strong><em>miser</em></strong></span> <span class='ocrx_word' id='word_1_175' title='bbox 1049 1847 1070 1899; x_wconf 75' lang='grc' dir='ltr'><em>Ι</em></span> <span class='ocrx_word' id='word_1_176' title='bbox 1097 1849 1157 1900; x_wconf 86' lang='lat' dir='ltr'><strong><em>Et</em></strong></span> <span class='ocrx_word' id='word_1_177' title='bbox 1182 1849 1281 1898; x_wconf 85' lang='lat' dir='ltr'><strong><em>iste</em></strong></span> <span class='ocrx_word' id='word_1_178' title='bbox 1298 1844 1597 1918; x_wconf 72' lang='lat' dir='ltr'><strong><em>aliquando</em></strong></span> <span class='ocrx_word' id='word_1_179' title='bbox 1613 1843 2034 1918; x_wconf 68' lang='lat' dir='ltr'><strong><em>procupiditate</em></strong></span> 
     </span>
    </p>
   </div>
   <div class='ocr_carea' id='block_1_26' title="bbox 347 1913 2032 1976">
    <p class='ocr_par' dir='ltr' id='par_1_26' title="bbox 347 1913 2032 1976">
     <span class='ocr_line' id='line_1_26' title="bbox 347 1913 2032 1976; baseline -0.005 -2"><span class='ocrx_word' id='word_1_180' title='bbox 347 1913 614 1974; x_wconf 76' lang='lat' dir='ltr'><strong><em>currebat.</em></strong></span> <span class='ocrx_word' id='word_1_181' title='bbox 647 1923 714 1974; x_wconf 90' lang='lat' dir='ltr'><strong><em>Et</em></strong></span> <span class='ocrx_word' id='word_1_182' title='bbox 739 1923 838 1972; x_wconf 88' lang='lat' dir='ltr'><strong><em>iste</em></strong></span> <span class='ocrx_word' id='word_1_183' title='bbox 867 1919 992 1971; x_wconf 89' lang='lat' dir='ltr'><strong><em>dum</em></strong></span> <span class='ocrx_word' id='word_1_184' title='bbox 1024 1920 1224 1969; x_wconf 73' lang='lat' dir='ltr'><strong><em>vireret</em></strong></span> <span class='ocrx_word' id='word_1_185' title='bbox 1264 1918 1321 1967; x_wconf 89' lang='lat' dir='ltr'><strong><em>in</em></strong></span> <span class='ocrx_word' id='word_1_186' title='bbox 1368 1917 1638 1976; x_wconf 58' lang='lat' dir='ltr'><strong><em>secutum,</em></strong></span> <span class='ocrx_word' id='word_1_187' title='bbox 1671 1913 1894 1966; x_wconf 75' lang='lat' dir='ltr'><strong><em>libidini</em></strong></span> <span class='ocrx_word' id='word_1_188' title='bbox 1923 1928 2032 1965; x_wconf 86' lang='lat' dir='ltr'><strong><em>ser-</em></strong></span> 
     </span>
    </p>
   </div>
   <div class='ocr_carea' id='block_1_27' title="bbox 348 1983 2035 2059">
    <p class='ocr_par' dir='ltr' id='par_1_27' title="bbox 348 1983 2035 2059">
     <span class='ocr_line' id='line_1_27' title="bbox 348 1983 2035 2059; baseline -0.006 -15"><span class='ocrx_word' id='word_1_189' title='bbox 348 1991 547 2059; x_wconf 83' lang='lat' dir='ltr'><strong><em>viebat,</em></strong></span> <span class='ocrx_word' id='word_1_190' title='bbox 578 1997 626 2044; x_wconf 91' lang='lat' dir='ltr'><strong><em>et</em></strong></span> <span class='ocrx_word' id='word_1_191' title='bbox 656 2005 766 2044; x_wconf 88' lang='lat' dir='ltr'><strong><em>ecce</em></strong></span> <span class='ocrx_word' id='word_1_192' title='bbox 795 1990 935 2041; x_wconf 86' lang='lat' dir='ltr'><strong><em>nihil</em></strong></span> <span class='ocrx_word' id='word_1_193' title='bbox 964 2003 1031 2040; x_wconf 75' lang='lat' dir='ltr'><strong><em>ea:</em></strong></span> <span class='ocrx_word' id='word_1_194' title='bbox 1054 1989 1168 2051; x_wconf 88' lang='lat' dir='ltr'><strong><em>illo,</em></strong></span> <span class='ocrx_word' id='word_1_195' title='bbox 1201 1985 1521 2059; x_wconf 74' lang='lat' dir='ltr'><strong><em>nisifwtidi</em></strong></span> <span class='ocrx_word' id='word_1_196' title='bbox 1540 1991 1589 2036; x_wconf 89' lang='lat' dir='ltr'><strong><em>et</em></strong></span> <span class='ocrx_word' id='word_1_197' title='bbox 1610 1984 1892 2059; x_wconf 76' lang='lat' dir='ltr'><strong><em>horribiles</em></strong></span> <span class='ocrx_word' id='word_1_198' title='bbox 1912 1983 2035 2050; x_wconf 88' lang='lat' dir='ltr'><strong><em>pul-</em></strong></span> 
     </span>
    </p>
   </div>
   <div class='ocr_carea' id='block_1_28' title="bbox 349 2054 2033 2121">
    <p class='ocr_par' dir='ltr' id='par_1_28' title="bbox 349 2054 2033 2121">
     <span class='ocr_line' id='line_1_28' title="bbox 349 2054 2033 2121; baseline -0.007 -6"><span class='ocrx_word' id='word_1_199' title='bbox 349 2077 497 2115; x_wconf 86' lang='lat' dir='ltr'><strong><em>veres</em></strong></span> <span class='ocrx_word' id='word_1_200' title='bbox 535 2054 934 2114; x_wconf 74' lang='lat' dir='ltr'><strong><em>remanserunt.</em></strong></span> <span class='ocrx_word' id='word_1_201' title='bbox 978 2059 1038 2112; x_wconf 90' lang='lat' dir='ltr'><strong><em>Si</em></strong></span> <span class='ocrx_word' id='word_1_202' title='bbox 1065 2059 1216 2121; x_wconf 82' lang='lat' dir='ltr'><strong><em>velis,</em></strong></span> <span class='ocrx_word' id='word_1_203' title='bbox 1245 2072 1273 2108; x_wconf 91' lang='grc' dir='ltr'><strong>ο</strong></span> <span class='ocrx_word' id='word_1_204' title='bbox 1313 2056 1481 2114; x_wconf 85' lang='lat' dir='ltr'><strong><em>homo,</em></strong></span> <span class='ocrx_word' id='word_1_205' title='bbox 1518 2054 1728 2120; x_wconf 87' lang='lat' dir='ltr'><strong><em>audire,</em></strong></span> <span class='ocrx_word' id='word_1_206' title='bbox 1761 2057 1880 2121; x_wconf 83' lang='lat' dir='ltr'><strong><em>ipsa</em></strong></span> <span class='ocrx_word' id='word_1_207' title='bbox 1915 2067 2033 2106; x_wconf 89' lang='lat' dir='ltr'><strong><em>ossa</em></strong></span> 
     </span>
    </p>
   </div>
   <div class='ocr_carea' id='block_1_29' title="bbox 349 2123 2034 2200">
    <p class='ocr_par' dir='ltr' id='par_1_29' title="bbox 349 2123 2034 2200">
     <span class='ocr_line' id='line_1_29' title="bbox 349 2123 2034 2200; baseline -0.005 -15"><span class='ocrx_word' id='word_1_208' title='bbox 349 2133 451 2185; x_wconf 84' lang='lat' dir='ltr'><strong><em>tibi</em></strong></span> <span class='ocrx_word' id='word_1_209' title='bbox 478 2131 642 2185; x_wconf 87' lang='lat' dir='ltr'><strong><em>arida</em></strong></span> <span class='ocrx_word' id='word_1_210' title='bbox 668 2134 919 2200; x_wconf 81' lang='lat' dir='ltr'><strong><em>poterunt</em></strong></span> <span class='ocrx_word' id='word_1_211' title='bbox 946 2127 1286 2200; x_wconf 27' lang='lat' dir='ltr'><strong><em>praedicares</em></strong></span> <span class='ocrx_word' id='word_1_212' title='bbox 1307 2127 1522 2200; x_wconf 81' lang='lat' dir='ltr'><strong><em>Clamat</em></strong></span> <span class='ocrx_word' id='word_1_213' title='bbox 1551 2125 1624 2177; x_wconf 88' lang='lat' dir='ltr'><strong><em>ad</em></strong></span> <span class='ocrx_word' id='word_1_214' title='bbox 1672 2130 1720 2177; x_wconf 89' lang='lat' dir='ltr'><strong><em>te</em></strong></span> <span class='ocrx_word' id='word_1_215' title='bbox 1744 2126 1924 2192; x_wconf 79' lang='lat' dir='ltr'><strong><em>pulvis</em></strong></span> <span class='ocrx_word' id='word_1_216' title='bbox 1954 2123 2034 2200; x_wconf 82' lang='lat' dir='ltr'><strong><em>al-_</em></strong></span> 
     </span>
    </p>
   </div>
   <div class='ocr_carea' id='block_1_30' title="bbox 352 2195 2038 2268">
    <p class='ocr_par' dir='ltr' id='par_1_30' title="bbox 352 2195 2038 2268">
     <span class='ocr_line' id='line_1_30' title="bbox 352 2195 2038 2268; baseline -0.005 -14"><span class='ocrx_word' id='word_1_217' title='bbox 352 2205 518 2255; x_wconf 82' lang='lat' dir='ltr'><strong><em>terius</em></strong></span> <span class='ocrx_word' id='word_1_218' title='bbox 550 2202 614 2254; x_wconf 90' lang='lat' dir='ltr'><strong><em>de</em></strong></span> <span class='ocrx_word' id='word_1_219' title='bbox 659 2195 900 2268; x_wconf 78' lang='lat' dir='ltr'><strong><em>sepulcro</em></strong></span> <span class='ocrx_word' id='word_1_220' title='bbox 925 2195 1039 2253; x_wconf 56' lang='lat' dir='ltr'><strong><em>{Ut</em></strong></span> <span class='ocrx_word' id='word_1_221' title='bbox 1083 2197 1236 2268; x_wconf 78' lang='lat' dir='ltr'><strong><em>quid,</em></strong></span> <span class='ocrx_word' id='word_1_222' title='bbox 1265 2198 1464 2268; x_wconf 66' lang='lat' dir='ltr'><strong><em>infitias</em></strong></span> <span class='ocrx_word' id='word_1_223' title='bbox 1490 2200 1697 2268; x_wconf 84' lang='lat' dir='ltr'><strong><em>tantum</em></strong></span> <span class='ocrx_word' id='word_1_224' title='bbox 1724 2211 1826 2268; x_wconf 88' lang='lat' dir='ltr'><strong><em>pro</em></strong></span> <span class='ocrx_word' id='word_1_225' title='bbox 1855 2195 2038 2268; x_wconf 59' lang='lat' dir='ltr'><strong><em>seaculi</em></strong></span> 
     </span>
    </p>
   </div>
   <div class='ocr_carea' id='block_1_31' title="bbox 349 2263 2030 2341">
    <p class='ocr_par' dir='ltr' id='par_1_31' title="bbox 349 2263 2030 2341">
     <span class='ocr_line' id='line_1_31' title="bbox 349 2263 2030 2341; baseline -0.005 -16"><span class='ocrx_word' id='word_1_226' title='bbox 349 2273 651 2341; x_wconf 85' lang='lat' dir='ltr'><strong><em>cupiditate</em></strong></span> <span class='ocrx_word' id='word_1_227' title='bbox 671 2263 935 2324; x_wconf 81' lang='lat' dir='ltr'><strong><em>discurris</em></strong></span> <span class='ocrx_word' id='word_1_228' title='bbox 955 2269 1071 2341; x_wconf 39' lang='lat' dir='ltr'><strong><em>‘?‘Ut</em></strong></span> <span class='ocrx_word' id='word_1_229' title='bbox 1091 2263 1226 2341; x_wconf 79' lang='lat' dir='ltr'><strong><em>quid</em></strong></span> <span class='ocrx_word' id='word_1_230' title='bbox 1237 2267 1502 2341; x_wconf 78' lang='lat' dir='ltr'><strong><em>superbiae</em></strong></span> <span class='ocrx_word' id='word_1_231' title='bbox 1523 2267 1603 2341; x_wconf 69' lang='lat' dir='ltr'><strong><em>vel</em></strong></span> <span class='ocrx_word' id='word_1_232' title='bbox 1627 2267 1860 2341; x_wconf 46' lang='lat' dir='ltr'><strong><em>iniuriae;</em></strong></span> <span class='ocrx_word' id='word_1_233' title='bbox 1873 2266 1882 2341; x_wconf 12' lang='grc' dir='ltr'><strong><em>γ’</em></strong></span> <span class='ocrx_word' id='word_1_234' title='bbox 1900 2263 2030 2341; x_wconf 66' lang='lat' dir='ltr'><strong><em>Cod.</em></strong></span> 
     </span>
    </p>
   </div>
   <div class='ocr_carea' id='block_1_32' title="bbox 348 2333 2038 2411">
    <p class='ocr_par' dir='ltr' id='par_1_32' title="bbox 348 2333 2038 2411">
     <span class='ocr_line' id='line_1_32' title="bbox 348 2333 2038 2411; baseline -0.006 -17"><span class='ocrx_word' id='word_1_235' title='bbox 348 2333 600 2411; x_wconf 77' lang='lat' dir='ltr'><strong><em>superbia</em></strong></span> <span class='ocrx_word' id='word_1_236' title='bbox 628 2342 714 2393; x_wconf 87' lang='lat' dir='ltr'><strong><em>vel</em></strong></span> <span class='ocrx_word' id='word_1_237' title='bbox 748 2335 1002 2411; x_wconf 71' lang='lat' dir='ltr'><strong><em>luxuria]</em></strong></span> <span class='ocrx_word' id='word_1_238' title='bbox 1020 2333 1282 2411; x_wconf 67' lang='lat' dir='ltr'><strong><em>infelicia</em></strong></span> <span class='ocrx_word' id='word_1_239' title='bbox 1306 2333 1446 2411; x_wconf 74' lang='lat' dir='ltr'><strong><em>colla</em></strong></span> <span class='ocrx_word' id='word_1_240' title='bbox 1465 2335 1788 2411; x_wconf 76' lang='lat' dir='ltr'><strong><em>submittis?</em></strong></span> <span class='ocrx_word' id='word_1_241' title='bbox 1815 2335 1879 2411; x_wconf 81' lang='lat' dir='ltr'><strong><em>Ut</em></strong></span> <span class='ocrx_word' id='word_1_242' title='bbox 1901 2333 2038 2411; x_wconf 76' lang='lat' dir='ltr'><strong><em>quid</em></strong></span> 
     </span>
    </p>
   </div>
   <div class='ocr_carea' id='block_1_33' title="bbox 351 2404 2035 2470">
    <p class='ocr_par' dir='ltr' id='par_1_33' title="bbox 351 2404 2035 2470">
     <span class='ocr_line' id='line_1_33' title="bbox 351 2404 2035 2470; baseline -0.004 -8"><span class='ocrx_word' id='word_1_243' title='bbox 351 2421 398 2464; x_wconf 87' lang='lat' dir='ltr'><strong><em>te</em></strong></span> <span class='ocrx_word' id='word_1_244' title='bbox 412 2404 496 2465; x_wconf 54' lang='lat' dir='ltr'><strong><em>&#39;ad</em></strong></span> <span class='ocrx_word' id='word_1_245' title='bbox 527 2410 864 2464; x_wconf 74' lang='lat' dir='ltr'><strong><em>serviendum</em></strong></span> <span class='ocrx_word' id='word_1_246' title='bbox 896 2404 1288 2461; x_wconf 69' lang='lat' dir='ltr'><strong><em>crudelissimis</em></strong></span> <span class='ocrx_word' id='word_1_247' title='bbox 1328 2406 1580 2470; x_wconf 87' lang='lat' dir='ltr'><strong><em>dominis,</em></strong></span> <span class='ocrx_word' id='word_1_248' title='bbox 1621 2404 1682 2456; x_wconf 97' lang='lat' dir='ltr'><strong><em>id</em></strong></span> <span class='ocrx_word' id='word_1_249' title='bbox 1711 2410 1786 2458; x_wconf 85' lang='lat' dir='ltr'><strong><em>est</em></strong></span> <span class='ocrx_word' id='word_1_250' title='bbox 1807 2407 1957 2456; x_wconf 85' lang='lat' dir='ltr'><strong><em>vitiis</em></strong></span> <span class='ocrx_word' id='word_1_251' title='bbox 1988 2409 2035 2455; x_wconf 86' lang='lat' dir='ltr'><strong><em>et</em></strong></span> 
     </span>
    </p>
   </div>
   <div class='ocr_carea' id='block_1_34' title="bbox 351 2474 2032 2544">
    <p class='ocr_par' dir='ltr' id='par_1_34' title="bbox 351 2474 2032 2544">
     <span class='ocr_line' id='line_1_34' title="bbox 351 2474 2032 2544; baseline -0.003 -13"><span class='ocrx_word' id='word_1_252' title='bbox 351 2481 666 2535; x_wconf 74' lang='lat' dir='ltr'><strong><em>criminibus</em></strong></span> <span class='ocrx_word' id='word_1_253' title='bbox 698 2479 874 2534; x_wconf 85' lang='lat' dir='ltr'><strong><em>tradis</em></strong></span> <span class='ocrx_word' id='word_1_254' title='bbox 893 2480 921 2532; x_wconf 80' lang='lat' dir='ltr'><strong><em>‘l</em></strong></span> <span class='ocrx_word' id='word_1_255' title='bbox 951 2480 1161 2534; x_wconf 88' lang='lat' dir='ltr'><strong><em>Clamat</em></strong></span> <span class='ocrx_word' id='word_1_256' title='bbox 1209 2476 1282 2528; x_wconf 88' lang='lat' dir='ltr'><strong><em>ad</em></strong></span> <span class='ocrx_word' id='word_1_257' title='bbox 1319 2481 1367 2529; x_wconf 88' lang='lat' dir='ltr'><strong><em>te</em></strong></span> <span class='ocrx_word' id='word_1_258' title='bbox 1393 2484 1633 2528; x_wconf 88' lang='lat' dir='ltr'><strong><em>mortuus</em></strong></span> <span class='ocrx_word' id='word_1_259' title='bbox 1665 2474 1729 2526; x_wconf 88' lang='lat' dir='ltr'><strong><em>de</em></strong></span> <span class='ocrx_word' id='word_1_260' title='bbox 1756 2475 2032 2544; x_wconf 81' lang='lat' dir='ltr'><strong><em>sepulcro:</em></strong></span> 
     </span>
    </p>
   </div>
   <div class='ocr_carea' id='block_1_35' title="bbox 355 2547 1569 2614">
    <p class='ocr_par' dir='ltr' id='par_1_35' title="bbox 355 2547 1569 2614">
     <span class='ocr_line' id='line_1_35' title="bbox 355 2547 1569 2614; baseline -0.005 -8"><span class='ocrx_word' id='word_1_261' title='bbox 355 2556 431 2606; x_wconf 86' lang='lat' dir='ltr'><strong><em>Tu</em></strong></span> <span class='ocrx_word' id='word_1_262' title='bbox 461 2552 681 2606; x_wconf 81' lang='lat' dir='ltr'><strong><em>umbras</em></strong></span> <span class='ocrx_word' id='word_1_263' title='bbox 711 2556 760 2604; x_wconf 91' lang='lat' dir='ltr'><strong><em>et</em></strong></span> <span class='ocrx_word' id='word_1_264' title='bbox 792 2551 1012 2603; x_wconf 86' lang='lat' dir='ltr'><strong><em>nebulas</em></strong></span> <span class='ocrx_word' id='word_1_265' title='bbox 1038 2547 1221 2602; x_wconf 72' lang='lat' dir='ltr'><strong><em>saeculi</em></strong></span> <span class='ocrx_word' id='word_1_266' title='bbox 1249 2547 1433 2614; x_wconf 84' lang='lat' dir='ltr'><strong><em>hujus,</em></strong></span> <span class='ocrx_word' id='word_1_267' title='bbox 1463 2554 1569 2600; x_wconf 81' lang='lat' dir='ltr'><strong><em>etc.</em></strong></span> 
     </span>
    </p>
   </div>
   <div class='ocr_carea' id='block_1_36' title="bbox 423 2622 1157 2688">
    <p class='ocr_par' dir='ltr' id='par_1_36' title="bbox 423 2622 1157 2688">
     <span class='ocr_line' id='line_1_36' title="bbox 423 2622 1157 2688; baseline -0.008 -11"><span class='ocrx_word' id='word_1_268' title='bbox 423 2622 490 2676; x_wconf 83' lang='lat' dir='ltr'><strong><em>N.</em></strong></span> <span class='ocrx_word' id='word_1_269' title='bbox 563 2625 612 2676; x_wconf 82' lang='grc'>5.</span> <span class='ocrx_word' id='word_1_270' title='bbox 679 2622 860 2675; x_wconf 77' lang='lat' dir='ltr'><strong><em>Nonne</em></strong></span> <span class='ocrx_word' id='word_1_271' title='bbox 926 2636 1018 2687; x_wconf 84' lang='lat' dir='ltr'><strong><em>ego</em></strong></span> <span class='ocrx_word' id='word_1_272' title='bbox 1041 2635 1157 2688; x_wconf 65' lang='lat' dir='ltr'><strong><em>quap</em></strong></span> 
     </span>
    </p>
   </div>
   <div class='ocr_carea' id='block_1_37' title="bbox 352 2689 1158 2760">
    <p class='ocr_par' dir='ltr' id='par_1_37' title="bbox 352 2689 1158 2760">
     <span class='ocr_line' id='line_1_37' title="bbox 352 2689 1158 2760; baseline 0.001 -19"><span class='ocrx_word' id='word_1_273' title='bbox 352 2695 555 2760; x_wconf 82' lang='lat' dir='ltr'><strong><em>accepi,</em></strong></span> <span class='ocrx_word' id='word_1_274' title='bbox 655 2697 868 2745; x_wconf 83' lang='lat' dir='ltr'><strong><em>terrena</em></strong></span> <span class='ocrx_word' id='word_1_275' title='bbox 929 2689 1158 2756; x_wconf 83' lang='lat' dir='ltr'><strong><em>accepi?</em></strong></span> 
     </span>
    </p>
   </div>
   <div class='ocr_carea' id='block_1_38' title="bbox 355 2760 1159 2827">
    <p class='ocr_par' dir='ltr' id='par_1_38' title="bbox 355 2760 1159 2827">
     <span class='ocr_line' id='line_1_38' title="bbox 355 2760 1159 2827; baseline -0.009 -9"><span class='ocrx_word' id='word_1_276' title='bbox 355 2764 595 2818; x_wconf 66' lang='lat' dir='ltr'><strong><em>Caelestia</em></strong></span> <span class='ocrx_word' id='word_1_277' title='bbox 688 2762 936 2827; x_wconf 80' lang='lat' dir='ltr'><strong><em>reddam,</em></strong></span> <span class='ocrx_word' id='word_1_278' title='bbox 1021 2760 1159 2812; x_wconf 87' lang='lat' dir='ltr'><strong><em>dabo</em></strong></span> 
     </span>
    </p>
   </div>
   <div class='ocr_carea' id='block_1_39' title="bbox 353 2834 1024 2901">
    <p class='ocr_par' dir='ltr' id='par_1_39' title="bbox 353 2834 1024 2901">
     <span class='ocr_line' id='line_1_39' title="bbox 353 2834 1024 2901; baseline -0.003 -15"><span class='ocrx_word' id='word_1_279' title='bbox 353 2839 606 2887; x_wconf 81' lang='lat' dir='ltr'><strong><em>aeternum</em></strong></span> <span class='ocrx_word' id='word_1_280' title='bbox 625 2834 927 2901; x_wconf 70' lang='lat' dir='ltr'><strong><em>praemium.</em></strong></span> <span class='ocrx_word' id='word_1_281' title='bbox 999 2872 1024 2901; x_wconf 82' lang='grc'><em>,</em></span> 
     </span>
    </p>
   </div>
   <div class='ocr_carea' id='block_1_40' title="bbox 342 445 985 518">
    <p class='ocr_par' dir='ltr' id='par_1_40' title="bbox 342 445 985 518">
     <span class='ocr_line' id='line_1_40' title="bbox 342 445 985 518; baseline -0.011 -15"><span class='ocrx_word' id='word_1_282' title='bbox 342 445 466 503; x_wconf 68' lang='lat' dir='ltr'><strong><em>cod.</em></strong></span> <span class='ocrx_word' id='word_1_283' title='bbox 493 463 623 518; x_wconf 55' lang='lat' dir='ltr'><strong><em>qua;</em></strong></span> <span class='ocrx_word' id='word_1_284' title='bbox 650 448 735 501; x_wconf 90' lang='lat' dir='ltr'><strong><em>hic</em></strong></span> <span class='ocrx_word' id='word_1_285' title='bbox 765 445 985 498; x_wconf 79' lang='lat' dir='ltr'><strong><em>adsunt.</em></strong></span> 
     </span>
    </p>
   </div>
   <div class='ocr_carea' id='block_1_41' title="bbox 1232 2687 2036 2755">
    <p class='ocr_par' dir='ltr' id='par_1_41' title="bbox 1232 2687 2036 2755">
     <span class='ocr_line' id='line_1_41' title="bbox 1232 2687 2036 2755; baseline -0.007 -15"><span class='ocrx_word' id='word_1_286' title='bbox 1232 2690 1348 2755; x_wconf 75' lang='lat' dir='ltr'><strong><em>copi</em></strong></span> <span class='ocrx_word' id='word_1_287' title='bbox 1375 2687 1583 2740; x_wconf 83' lang='lat' dir='ltr'><strong><em>reddo?</em></strong></span> <span class='ocrx_word' id='word_1_288' title='bbox 1605 2691 1812 2738; x_wconf 79' lang='lat' dir='ltr'><strong><em>terrena</em></strong></span> <span class='ocrx_word' id='word_1_289' title='bbox 1837 2687 2036 2752; x_wconf 76' lang='lat' dir='ltr'><strong><em>accepi,</em></strong></span> 
     </span>
    </p>
   </div>
   <div class='ocr_carea' id='block_1_42' title="bbox 1233 2756 2040 2811">
    <p class='ocr_par' dir='ltr' id='par_1_42' title="bbox 1233 2756 2040 2811">
     <span class='ocr_line' id='line_1_42' title="bbox 1233 2756 2040 2811; baseline -0.004 -1"><span class='ocrx_word' id='word_1_290' title='bbox 1233 2760 1470 2811; x_wconf 65' lang='lat' dir='ltr'><strong><em>caelestia</em></strong></span> <span class='ocrx_word' id='word_1_291' title='bbox 1498 2756 1684 2809; x_wconf 82' lang='lat' dir='ltr'><strong><em>reddo.</em></strong></span> <span class='ocrx_word' id='word_1_292' title='bbox 1715 2758 2040 2810; x_wconf 86' lang='lat' dir='ltr'><strong><em>Transitura</em></strong></span> 
     </span>
    </p>
   </div>
   <div class='ocr_carea' id='block_1_43' title="bbox 1234 2829 2034 2896">
    <p class='ocr_par' dir='ltr' id='par_1_43' title="bbox 1234 2829 2034 2896">
     <span class='ocr_line' id='line_1_43' title="bbox 1234 2829 2034 2896; baseline -0.004 -18"><span class='ocrx_word' id='word_1_293' title='bbox 1234 2830 1427 2896; x_wconf 83' lang='lat' dir='ltr'><strong><em>accepi.</em></strong></span> <span class='ocrx_word' id='word_1_294' title='bbox 1482 2833 1680 2879; x_wconf 70' lang='lat' dir='ltr'><strong><em>aeterna</em></strong></span> <span class='ocrx_word' id='word_1_295' title='bbox 1733 2829 2034 2879; x_wconf 83' lang='lat' dir='ltr'><strong><em>restituam.</em></strong></span> 
     </span>
    </p>
   </div>
   <div class='ocr_carea' id='block_1_44' title="bbox 1235 2896 2116 2978">
    <p class='ocr_par' dir='ltr' id='par_1_44' title="bbox 1235 2896 2116 2978">
     <span class='ocr_line' id='line_1_44' title="bbox 1235 2896 2116 2978; baseline -0.002 -28"><span class='ocrx_word' id='word_1_296' title='bbox 1235 2900 1595 2978; x_wconf 47' lang='grc' dir='ltr'><strong><em>[μνᾶμα-θερί.</em></strong></span> <span class='ocrx_word' id='word_1_297' title='bbox 1638 2901 1897 2966; x_wconf 86' lang='lat' dir='ltr'><strong><em>meipsum</em></strong></span> <span class='ocrx_word' id='word_1_298' title='bbox 1923 2896 2040 2948; x_wconf 89' lang='lat' dir='ltr'><strong><em>red-</em></strong></span> <span class='ocrx_word' id='word_1_299' title='bbox 2078 2928 2116 2978; x_wconf 59' lang='grc' dir='ltr'><strong><em>ε</em></strong></span> 
     </span>
    </p>
   </div>
   <div class='ocr_carea' id='block_1_45' title="bbox 1231 2968 1726 3034">
    <p class='ocr_par' dir='ltr' id='par_1_45' title="bbox 1231 2968 1726 3034">
     <span class='ocr_line' id='line_1_45' title="bbox 1231 2968 1726 3034; baseline -0.002 -13"><span class='ocrx_word' id='word_1_300' title='bbox 1231 2968 1317 3021; x_wconf 91' lang='lat' dir='ltr'><strong><em>do.</em></strong></span> <span class='ocrx_word' id='word_1_301' title='bbox 1360 2969 1507 3022; x_wconf 87' lang='lat' dir='ltr'><strong><em>Dabo</em></strong></span> <span class='ocrx_word' id='word_1_302' title='bbox 1531 2973 1616 3020; x_wconf 78' lang='lat' dir='ltr'><strong><em>aet.</em></strong></span> <span class='ocrx_word' id='word_1_303' title='bbox 1643 2983 1726 3034; x_wconf 87' lang='lat' dir='ltr'><strong><em>pr.</em></strong></span> 
     </span>
    </p>
   </div>
   <div class='ocr_carea' id='block_1_46' title="bbox 1307 3038 2037 3104">
    <p class='ocr_par' dir='ltr' id='par_1_46' title="bbox 1307 3038 2037 3104">
     <span class='ocr_line' id='line_1_46' title="bbox 1307 3038 2037 3104; baseline -0.005 -12"><span class='ocrx_word' id='word_1_304' title='bbox 1307 3040 1389 3092; x_wconf 96' lang='lat' dir='ltr'><strong><em>Id.</em></strong></span> <span class='ocrx_word' id='word_1_305' title='bbox 1441 3040 1585 3104; x_wconf 84' lang='lat' dir='ltr'><strong><em>Rogo</em></strong></span> <span class='ocrx_word' id='word_1_306' title='bbox 1645 3052 1755 3102; x_wconf 86' lang='lat' dir='ltr'><strong><em>vos,</em></strong></span> <span class='ocrx_word' id='word_1_307' title='bbox 1813 3038 2037 3101; x_wconf 79' lang='lat' dir='ltr'><strong><em>fratres,</em></strong></span> 
     </span>
    </p>
   </div>
   <div class='ocr_carea' id='block_1_47' title="bbox 1231 3107 2040 3170">
    <p class='ocr_par' dir='ltr' id='par_1_47' title="bbox 1231 3107 2040 3170">
     <span class='ocr_line' id='line_1_47' title="bbox 1231 3107 2040 3170; baseline -0.005 -9"><span class='ocrx_word' id='word_1_308' title='bbox 1231 3115 1290 3162; x_wconf 89' lang='lat' dir='ltr'><strong><em>ut</em></strong></span> <span class='ocrx_word' id='word_1_309' title='bbox 1355 3112 1460 3161; x_wconf 89' lang='lat' dir='ltr'><strong><em>ista</em></strong></span> <span class='ocrx_word' id='word_1_310' title='bbox 1525 3107 1842 3170; x_wconf 81' lang='lat' dir='ltr'><strong><em>admonitio,</em></strong></span> <span class='ocrx_word' id='word_1_311' title='bbox 1932 3109 2040 3158; x_wconf 92' lang='lat' dir='ltr'><strong><em>imo</em></strong></span> 
     </span>
    </p>
   </div>
   <div class='ocr_carea' id='block_1_48' title="bbox 1232 3179 2042 3246">
    <p class='ocr_par' dir='ltr' id='par_1_48' title="bbox 1232 3179 2042 3246">
     <span class='ocr_line' id='line_1_48' title="bbox 1232 3179 2042 3246; baseline -0.005 -14"><span class='ocrx_word' id='word_1_312' title='bbox 1232 3183 1501 3246; x_wconf 89' lang='lat' dir='ltr'><strong><em>suggestio</em></strong></span> <span class='ocrx_word' id='word_1_313' title='bbox 1551 3184 1757 3243; x_wconf 90' lang='lat' dir='ltr'><strong><em>nostra,</em></strong></span> <span class='ocrx_word' id='word_1_314' title='bbox 1795 3182 1874 3229; x_wconf 89' lang='lat' dir='ltr'><strong><em>ita</em></strong></span> <span class='ocrx_word' id='word_1_315' title='bbox 1902 3179 2042 3229; x_wconf 88' lang='lat' dir='ltr'><strong><em>reci-</em></strong></span> 
     </span>
    </p>
   </div>
   <div class='ocr_carea' id='block_1_49' title="bbox 1227 3249 2042 3320">
    <p class='ocr_par' dir='ltr' id='par_1_49' title="bbox 1227 3249 2042 3320">
     <span class='ocr_line' id='line_1_49' title="bbox 1227 3249 2042 3320; baseline -0.005 -17"><span class='ocrx_word' id='word_1_316' title='bbox 1227 3255 1420 3320; x_wconf 80' lang='lat' dir='ltr'><strong><em>piatur</em></strong></span> <span class='ocrx_word' id='word_1_317' title='bbox 1448 3253 1504 3301; x_wconf 87' lang='lat' dir='ltr'><strong><em>in</em></strong></span> <span class='ocrx_word' id='word_1_318' title='bbox 1532 3251 1734 3304; x_wconf 90' lang='lat' dir='ltr'><strong><em>animis</em></strong></span> <span class='ocrx_word' id='word_1_319' title='bbox 1755 3249 1966 3312; x_wconf 79' lang='lat' dir='ltr'><strong><em>vestris,</em></strong></span> <span class='ocrx_word' id='word_1_320' title='bbox 1994 3251 2042 3299; x_wconf 89' lang='lat' dir='ltr'><strong><em>et</em></strong></span> 
     </span>
    </p>
   </div>
   <div class='ocr_carea' id='block_1_50' title="bbox 1233 3319 1931 3389">
    <p class='ocr_par' dir='ltr' id='par_1_50' title="bbox 1233 3319 1931 3389">
     <span class='ocr_line' id='line_1_50' title="bbox 1233 3319 1931 3389; baseline -0.004 -17"><span class='ocrx_word' id='word_1_321' title='bbox 1233 3319 1313 3372; x_wconf 84' lang='lat' dir='ltr'><strong><em>ita</em></strong></span> <span class='ocrx_word' id='word_1_322' title='bbox 1339 3321 1588 3389; x_wconf 79' lang='lat' dir='ltr'><strong><em>proﬁciat</em></strong></span> <span class='ocrx_word' id='word_1_323' title='bbox 1612 3319 1931 3388; x_wconf 84' lang='lat' dir='ltr'><strong><em>peregrin-is.</em></strong></span> 
     </span>
    </p>
   </div>
   <div class='ocr_carea' id='block_1_51' title="bbox 422 3043 1157 3109">
    <p class='ocr_par' dir='ltr' id='par_1_51' title="bbox 422 3043 1157 3109">
     <span class='ocr_line' id='line_1_51' title="bbox 422 3043 1157 3109; baseline -0.007 -10"><span class='ocrx_word' id='word_1_324' title='bbox 422 3044 565 3100; x_wconf 89' lang='lat' dir='ltr'><strong><em>Ibid.</em></strong></span> <span class='ocrx_word' id='word_1_325' title='bbox 599 3046 742 3108; x_wconf 86' lang='lat' dir='ltr'><strong><em>Rogo</em></strong></span> <span class='ocrx_word' id='word_1_326' title='bbox 783 3057 895 3109; x_wconf 83' lang='lat' dir='ltr'><strong><em>vos,</em></strong></span> <span class='ocrx_word' id='word_1_327' title='bbox 930 3043 1157 3108; x_wconf 81' lang='lat' dir='ltr'><strong><em>fratres,</em></strong></span> 
     </span>
    </p>
   </div>
   <div class='ocr_carea' id='block_1_52' title="bbox 351 3114 1156 3182">
    <p class='ocr_par' dir='ltr' id='par_1_52' title="bbox 351 3114 1156 3182">
     <span class='ocr_line' id='line_1_52' title="bbox 351 3114 1156 3182; baseline -0.009 -14"><span class='ocrx_word' id='word_1_328' title='bbox 351 3120 409 3168; x_wconf 90' lang='lat' dir='ltr'><strong><em>ut</em></strong></span> <span class='ocrx_word' id='word_1_329' title='bbox 440 3119 547 3169; x_wconf 88' lang='lat' dir='ltr'><strong><em>ista</em></strong></span> <span class='ocrx_word' id='word_1_330' title='bbox 571 3116 896 3182; x_wconf 84' lang='lat' dir='ltr'><strong><em>recipiantm</em></strong></span> <span class='ocrx_word' id='word_1_331' title='bbox 937 3117 992 3164; x_wconf 87' lang='lat' dir='ltr'><strong><em>in</em></strong></span> <span class='ocrx_word' id='word_1_332' title='bbox 1027 3114 1156 3164; x_wconf 85' lang='lat' dir='ltr'><strong><em>ani-</em></strong></span> 
     </span>
    </p>
   </div>
   <div class='ocr_carea' id='block_1_53' title="bbox 354 3185 1157 3252">
    <p class='ocr_par' dir='ltr' id='par_1_53' title="bbox 354 3185 1157 3252">
     <span class='ocr_line' id='line_1_53' title="bbox 354 3185 1157 3252; baseline -0.005 -14"><span class='ocrx_word' id='word_1_333' title='bbox 354 3189 454 3240; x_wconf 89' lang='lat' dir='ltr'><strong><em>mis</em></strong></span> <span class='ocrx_word' id='word_1_334' title='bbox 473 3186 685 3250; x_wconf 85' lang='lat' dir='ltr'><strong><em>vestris,</em></strong></span> <span class='ocrx_word' id='word_1_335' title='bbox 707 3190 756 3238; x_wconf 88' lang='lat' dir='ltr'><strong><em>et</em></strong></span> <span class='ocrx_word' id='word_1_336' title='bbox 777 3189 855 3237; x_wconf 89' lang='lat' dir='ltr'><strong><em>ita</em></strong></span> <span class='ocrx_word' id='word_1_337' title='bbox 872 3185 1157 3252; x_wconf 76' lang='lat' dir='ltr'><strong><em>proﬁciant</em></strong></span> 
     </span>
    </p>
   </div>
   <div class='ocr_carea' id='block_1_54' title="bbox 351 3257 672 3326">
    <p class='ocr_par' dir='ltr' id='par_1_54' title="bbox 351 3257 672 3326">
     <span class='ocr_line' id='line_1_54' title="bbox 351 3257 672 3326; baseline 0.009 -21"><span class='ocrx_word' id='word_1_338' title='bbox 351 3257 672 3326; x_wconf 76' lang='lat' dir='ltr'><strong><em>peregrinis.</em></strong></span> 
     </span>
    </p>
   </div>
   <div class='ocr_carea' id='block_1_55' title="bbox 1001 3421 1407 3467">
    <p class='ocr_par' dir='ltr' id='par_1_55' title="bbox 1001 3421 1407 3467">
     <span class='ocr_line' id='line_1_55' title="bbox 1001 3421 1407 3467; baseline -0.002 -8"><span class='ocrx_word' id='word_1_339' title='bbox 1001 3424 1171 3467; x_wconf 71' lang='lat' dir='ltr'><strong><em>SERMO</em></strong></span> <span class='ocrx_word' id='word_1_340' title='bbox 1203 3421 1407 3459; x_wconf 68' lang='lat' dir='ltr'><strong><em>mcxvx.</em></strong></span> 
     </span>
    </p>
   </div>
   <div class='ocr_carea' id='block_1_56' title="bbox 435 3492 2041 3566">
    <p class='ocr_par' dir='ltr' id='par_1_56' title="bbox 435 3492 2041 3566">
     <span class='ocr_line' id='line_1_56' title="bbox 435 3492 2041 3566; baseline -0.005 -16"><span class='ocrx_word' id='word_1_341' title='bbox 435 3495 664 3566; x_wconf 77' lang='lat' dir='ltr'><strong><em>Legitur</em></strong></span> <span class='ocrx_word' id='word_1_342' title='bbox 692 3497 750 3550; x_wconf 90' lang='lat' dir='ltr'><strong><em>in</em></strong></span> <span class='ocrx_word' id='word_1_343' title='bbox 782 3495 907 3549; x_wconf 90' lang='lat' dir='ltr'><strong><em>cod.</em></strong></span> <span class='ocrx_word' id='word_1_344' title='bbox 945 3495 1157 3548; x_wconf 85' lang='lat' dir='ltr'><strong><em>Cassin.</em></strong></span> <span class='ocrx_word' id='word_1_345' title='bbox 1189 3509 1266 3560; x_wconf 75' lang='lat' dir='ltr'><strong><em>xi,</em></strong></span> <span class='ocrx_word' id='word_1_346' title='bbox 1300 3492 1394 3545; x_wconf 84' lang='lat' dir='ltr'><strong><em>fol.</em></strong></span> <span class='ocrx_word' id='word_1_347' title='bbox 1443 3495 1569 3556; x_wconf 73' lang='lat'><strong><em>‘238,</em></strong></span> <span class='ocrx_word' id='word_1_348' title='bbox 1615 3497 1669 3544; x_wconf 87' lang='lat' dir='ltr'><strong><em>et</em></strong></span> <span class='ocrx_word' id='word_1_349' title='bbox 1698 3492 1820 3545; x_wconf 91' lang='lat' dir='ltr'><strong><em>cod.</em></strong></span> <span class='ocrx_word' id='word_1_350' title='bbox 1855 3507 2041 3555; x_wconf 84' lang='lat' dir='ltr'><strong><em>cxxm,</em></strong></span> 
     </span>
    </p>
   </div>
   <div class='ocr_carea' id='block_1_57' title="bbox 363 3585 615 3637">
    <p class='ocr_par' dir='ltr' id='par_1_57' title="bbox 363 3585 615 3637">
     <span class='ocr_line' id='line_1_57' title="bbox 363 3585 615 3637; baseline -0.004 0"><span class='ocrx_word' id='word_1_351' title='bbox 363 3585 456 3637; x_wconf 69' lang='lat' dir='ltr'><strong><em>Iul.</em></strong></span> <span class='ocrx_word' id='word_1_352' title='bbox 499 3587 615 3637; x_wconf 74' lang='grc'><strong><em>152.</em></strong></span> 
     </span>
    </p>
   </div>
   <div class='ocr_carea' id='block_1_58' title="bbox 429 3671 1161 3726">
    <p class='ocr_par' dir='ltr' id='par_1_58' title="bbox 429 3671 1161 3726">
     <span class='ocr_line' id='line_1_58' title="bbox 429 3671 1161 3726; baseline -0.007 0"><span class='ocrx_word' id='word_1_353' title='bbox 429 3672 572 3726; x_wconf 83' lang='lat' dir='ltr'><strong><em>Edit.</em></strong></span> <span class='ocrx_word' id='word_1_354' title='bbox 605 3671 675 3725; x_wconf 85' lang='lat' dir='ltr'><strong><em>N.</em></strong></span> <span class='ocrx_word' id='word_1_355' title='bbox 709 3676 762 3724; x_wconf 95' lang='lat'><strong><em>1.</em></strong></span> <span class='ocrx_word' id='word_1_356' title='bbox 812 3671 1161 3724; x_wconf 86' lang='lat' dir='ltr'><strong><em>Laurentium</em></strong></span> 
     </span>
    </p>
   </div>
   <div class='ocr_carea' id='block_1_59' title="bbox 354 3742 1018 3810">
    <p class='ocr_par' dir='ltr' id='par_1_59' title="bbox 354 3742 1018 3810">
     <span class='ocr_line' id='line_1_59' title="bbox 354 3742 1018 3810; baseline -0.008 -14"><span class='ocrx_word' id='word_1_357' title='bbox 354 3747 663 3810; x_wconf 76' lang='lat' dir='ltr'><strong><em>martyrem,</em></strong></span> <span class='ocrx_word' id='word_1_358' title='bbox 705 3742 878 3807; x_wconf 83' lang='lat' dir='ltr'><strong><em>cujus,</em></strong></span> <span class='ocrx_word' id='word_1_359' title='bbox 913 3747 1018 3794; x_wconf 84' lang='lat' dir='ltr'><strong><em>etc.</em></strong></span> 
     </span>
    </p>
   </div>
   <div class='ocr_carea' id='block_1_60' title="bbox 429 3882 568 3936">
    <p class='ocr_par' dir='ltr' id='par_1_60' title="bbox 429 3882 568 3936">
     <span class='ocr_line' id='line_1_60' title="bbox 429 3882 568 3936; baseline -0.014 0"><span class='ocrx_word' id='word_1_360' title='bbox 429 3882 568 3936; x_wconf 89' lang='lat' dir='ltr'><strong><em>Ibid.</em></strong></span> 
     </span>
    </p>
   </div>
   <div class='ocr_carea' id='block_1_61' title="bbox 1307 3667 2045 3723">
    <p class='ocr_par' dir='ltr' id='par_1_61' title="bbox 1307 3667 2045 3723">
     <span class='ocr_line' id='line_1_61' title="bbox 1307 3667 2045 3723; baseline -0.003 -1"><span class='ocrx_word' id='word_1_361' title='bbox 1307 3667 1420 3722; x_wconf 90' lang='lat' dir='ltr'><strong><em>Cod</em></strong></span> <span class='ocrx_word' id='word_1_362' title='bbox 1438 3711 1450 3723; x_wconf 95' lang='lat'><strong><em>.</em></strong></span> <span class='ocrx_word' id='word_1_363' title='bbox 1487 3683 1671 3722; x_wconf 82' lang='lat' dir='ltr'><strong><em>cxxm.</em></strong></span> <span class='ocrx_word' id='word_1_364' title='bbox 1694 3669 2045 3722; x_wconf 85' lang='lat' dir='ltr'><strong><em>Laurentium</em></strong></span> 
     </span>
    </p>
   </div>
   <div class='ocr_carea' id='block_1_62' title="bbox 1236 3739 2044 3805">
    <p class='ocr_par' dir='ltr' id='par_1_62' title="bbox 1236 3739 2044 3805">
     <span class='ocr_line' id='line_1_62' title="bbox 1236 3739 2044 3805; baseline -0.002 -13"><span class='ocrx_word' id='word_1_365' title='bbox 1236 3739 1676 3792; x_wconf 86' lang='lat' dir='ltr'><strong><em>archidiaconum</em></strong></span> <span class='ocrx_word' id='word_1_366' title='bbox 1689 3745 1736 3791; x_wconf 89' lang='lat' dir='ltr'><strong><em>et</em></strong></span> <span class='ocrx_word' id='word_1_367' title='bbox 1749 3744 2044 3805; x_wconf 81' lang='lat' dir='ltr'><strong><em>martyrem</em></strong></span> 
     </span>
    </p>
   </div>
   <div class='ocr_carea' id='block_1_63' title="bbox 1237 3810 1758 3877">
    <p class='ocr_par' dir='ltr' id='par_1_63' title="bbox 1237 3810 1758 3877">
     <span class='ocr_line' id='line_1_63' title="bbox 1237 3810 1758 3877; baseline -0.004 -14"><span class='ocrx_word' id='word_1_368' title='bbox 1237 3811 1450 3871; x_wconf 89' lang='lat' dir='ltr'><strong><em>bonum,</em></strong></span> <span class='ocrx_word' id='word_1_369' title='bbox 1475 3810 1628 3877; x_wconf 86' lang='lat' dir='ltr'><strong><em>cujus</em></strong></span> <span class='ocrx_word' id='word_1_370' title='bbox 1653 3815 1758 3862; x_wconf 85' lang='lat' dir='ltr'><strong><em>etc.</em></strong></span> 
     </span>
    </p>
   </div>
   <div class='ocr_carea' id='block_1_64' title="bbox 1306 3879 2044 3948">
    <p class='ocr_par' dir='ltr' id='par_1_64' title="bbox 1306 3879 2044 3948">
     <span class='ocr_line' id='line_1_64' title="bbox 1306 3879 2044 3948; baseline 0 -16"><span class='ocrx_word' id='word_1_371' title='bbox 1306 3879 1388 3933; x_wconf 93' lang='lat' dir='ltr'><strong><em>Id.</em></strong></span> <span class='ocrx_word' id='word_1_372' title='bbox 1436 3881 1662 3948; x_wconf 77' lang='lat' dir='ltr'><strong><em>PrOpter</em></strong></span> <span class='ocrx_word' id='word_1_373' title='bbox 1709 3879 1852 3948; x_wconf 82' lang='lat' dir='ltr'><strong><em>quod</em></strong></span> <span class='ocrx_word' id='word_1_374' title='bbox 1898 3894 2044 3933; x_wconf 87' lang='lat' dir='ltr'><strong><em>coro-</em></strong></span> 
     </span>
    </p>
   </div>
   <div class='ocr_carea' id='block_1_65' title="bbox 355 3953 1655 4023">
    <p class='ocr_par' dir='ltr' id='par_1_65' title="bbox 355 3953 1655 4023">
     <span class='ocr_line' id='line_1_65' title="bbox 355 3953 1655 4023; baseline -0.004 -16"><span class='ocrx_word' id='word_1_375' title='bbox 355 3954 631 4023; x_wconf 79' lang='lat' dir='ltr'><strong><em>martyrii.</em></strong></span> <span class='ocrx_word' id='word_1_376' title='bbox 773 4022 776 4023; x_wconf 15' lang='grc' dir='ltr'><em>ν</em></span> <span class='ocrx_word' id='word_1_377' title='bbox 1235 3966 1362 4023; x_wconf 79' lang='lat' dir='ltr'><strong><em>nam</em></strong></span> <span class='ocrx_word' id='word_1_378' title='bbox 1383 3953 1655 4023; x_wconf 72' lang='lat' dir='ltr'><strong><em>martyrii.</em></strong></span> 
     </span>
    </p>
   </div>
   <div class='ocr_carea' id='block_1_66' title="bbox 431 4020 2044 4092">
    <p class='ocr_par' dir='ltr' id='par_1_66' title="bbox 431 4020 2044 4092">
     <span class='ocr_line' id='line_1_66' title="bbox 431 4020 2044 4092; baseline -0.002 -16"><span class='ocrx_word' id='word_1_379' title='bbox 431 4025 469 4076; x_wconf 73' lang='grc' dir='ltr'>Ν</span> <span class='ocrx_word' id='word_1_380' title='bbox 483 4020 561 4078; x_wconf 65' lang='grc'>.’2.</span> <span class='ocrx_word' id='word_1_381' title='bbox 587 4022 893 4092; x_wconf 88' lang='lat' dir='ltr'><strong><em>Sperabant</em></strong></span> <span class='ocrx_word' id='word_1_382' title='bbox 913 4037 1164 4089; x_wconf 90' lang='lat' dir='ltr'><strong><em>magnam</em></strong></span> <span class='ocrx_word' id='word_1_383' title='bbox 1310 4021 1485 4092; x_wconf 87' lang='lat' dir='ltr'><strong><em>Codd.</em></strong></span> <span class='ocrx_word' id='word_1_384' title='bbox 1530 4020 1834 4088; x_wconf 88' lang='lat' dir='ltr'><strong><em>Sperabant</em></strong></span> <span class='ocrx_word' id='word_1_385' title='bbox 1890 4036 2044 4092; x_wconf 89' lang='lat' dir='ltr'><strong><em>mag-</em></strong></span> 
     </span>
    </p>
   </div>
   <div class='ocr_carea' id='block_1_67' title="bbox 356 4091 2049 4159">
    <p class='ocr_par' dir='ltr' id='par_1_67' title="bbox 356 4091 2049 4159">
     <span class='ocr_line' id='line_1_67' title="bbox 356 4091 2049 4159; baseline -0.001 -15"><span class='ocrx_word' id='word_1_386' title='bbox 356 4091 678 4159; x_wconf 76' lang='lat' dir='ltr'><strong><em>claritatem,</em></strong></span> <span class='ocrx_word' id='word_1_387' title='bbox 731 4095 1020 4159; x_wconf 85' lang='lat' dir='ltr'><strong><em>gloriosam</em></strong></span> <span class='ocrx_word' id='word_1_388' title='bbox 1082 4108 1167 4145; x_wconf 87' lang='lat' dir='ltr'><strong><em>re-</em></strong></span> <span class='ocrx_word' id='word_1_389' title='bbox 1240 4107 1365 4143; x_wconf 87' lang='lat' dir='ltr'><strong><em>nam</em></strong></span> <span class='ocrx_word' id='word_1_390' title='bbox 1401 4091 1723 4156; x_wconf 87' lang='lat' dir='ltr'><strong><em>claritatem,</em></strong></span> <span class='ocrx_word' id='word_1_391' title='bbox 1756 4091 2049 4158; x_wconf 87' lang='lat' dir='ltr'><strong><em>sperabant</em></strong></span> 
     </span>
    </p>
   </div>
   <div class='ocr_carea' id='block_1_68' title="bbox 357 4162 2044 4234">
    <p class='ocr_par' dir='ltr' id='par_1_68' title="bbox 357 4162 2044 4234">
     <span class='ocr_line' id='line_1_68' title="bbox 357 4162 2044 4234; baseline -0.003 -16"><span class='ocrx_word' id='word_1_392' title='bbox 357 4167 568 4234; x_wconf 80' lang='lat' dir='ltr'><strong><em>quiem;</em></strong></span> <span class='ocrx_word' id='word_1_393' title='bbox 655 4163 947 4234; x_wconf 86' lang='lat' dir='ltr'><strong><em>sperabant</em></strong></span> <span class='ocrx_word' id='word_1_394' title='bbox 1025 4163 1168 4216; x_wconf 65' lang='lat' dir='ltr'><strong><em>caele-</em></strong></span> <span class='ocrx_word' id='word_1_395' title='bbox 1241 4162 1531 4234; x_wconf 84' lang='lat' dir='ltr'><strong><em>gloriosam</em></strong></span> <span class='ocrx_word' id='word_1_396' title='bbox 1568 4165 1823 4234; x_wconf 85' lang='lat' dir='ltr'><strong><em>requiem,</em></strong></span> <span class='ocrx_word' id='word_1_397' title='bbox 1851 4176 2044 4234; x_wconf 77' lang='lat' dir='ltr'><strong><em>spera—</em></strong></span> 
     </span>
    </p>
   </div>
   <div class='ocr_carea' id='block_1_69' title="bbox 1243 4230 2042 4298">
    <p class='ocr_par' dir='ltr' id='par_1_69' title="bbox 1243 4230 2042 4298">
     <span class='ocr_line' id='line_1_69' title="bbox 1243 4230 2042 4298; baseline 0.003 -16"><span class='ocrx_word' id='word_1_398' title='bbox 1243 4237 1369 4282; x_wconf 85' lang='lat' dir='ltr'><strong><em>tant</em></strong></span> <span class='ocrx_word' id='word_1_399' title='bbox 1387 4230 1531 4298; x_wconf 87' lang='lat' dir='ltr'><strong><em>quod</em></strong></span> <span class='ocrx_word' id='word_1_400' title='bbox 1559 4233 1739 4284; x_wconf 87' lang='lat' dir='ltr'><strong><em>oculus</em></strong></span> <span class='ocrx_word' id='word_1_401' title='bbox 1758 4246 1863 4285; x_wconf 88' lang='lat' dir='ltr'><strong><em>non</em></strong></span> <span class='ocrx_word' id='word_1_402' title='bbox 1883 4232 2042 4294; x_wconf 88' lang='lat' dir='ltr'><strong><em>vidit,</em></strong></span> 
     </span>
    </p>
   </div>
   <div class='ocr_carea' id='block_1_70' title="bbox 1239 4302 2045 4364">
    <p class='ocr_par' dir='ltr' id='par_1_70' title="bbox 1239 4302 2045 4364">
     <span class='ocr_line' id='line_1_70' title="bbox 1239 4302 2045 4364; baseline -0.001 -10"><span class='ocrx_word' id='word_1_403' title='bbox 1239 4317 1332 4354; x_wconf 86' lang='lat' dir='ltr'><strong><em>nec</em></strong></span> <span class='ocrx_word' id='word_1_404' title='bbox 1378 4304 1531 4354; x_wconf 89' lang='lat' dir='ltr'><strong><em>auris</em></strong></span> <span class='ocrx_word' id='word_1_405' title='bbox 1573 4302 1805 4364; x_wconf 83' lang='lat' dir='ltr'><strong><em>audivit,</em></strong></span> <span class='ocrx_word' id='word_1_406' title='bbox 1849 4317 1942 4355; x_wconf 88' lang='lat' dir='ltr'><strong><em>nec</em></strong></span> <span class='ocrx_word' id='word_1_407' title='bbox 1989 4306 2045 4353; x_wconf 89' lang='lat' dir='ltr'><strong><em>in</em></strong></span> 
     </span>
    </p>
   </div>
   <div class='ocr_carea' id='block_1_71' title="bbox 357 4372 2046 4440">
    <p class='ocr_par' dir='ltr' id='par_1_71' title="bbox 357 4372 2046 4440">
     <span class='ocr_line' id='line_1_71' title="bbox 357 4372 2046 4440; baseline -0.002 -14"><span class='ocrx_word' id='word_1_408' title='bbox 357 4390 448 4426; x_wconf 78' lang='lat' dir='ltr'><strong><em>eor</em></strong></span> <span class='ocrx_word' id='word_1_409' title='bbox 487 4373 714 4427; x_wconf 78' lang='lat' dir='ltr'><strong><em>hominis</em></strong></span> <span class='ocrx_word' id='word_1_410' title='bbox 761 4373 1022 4438; x_wconf 86' lang='lat' dir='ltr'><strong><em>ascendit,</em></strong></span> <span class='ocrx_word' id='word_1_411' title='bbox 1084 4387 1202 4440; x_wconf 67' lang='lat' dir='ltr'><strong><em>quae</em></strong></span> <span class='ocrx_word' id='word_1_412' title='bbox 1246 4373 1583 4440; x_wconf 71' lang='lat' dir='ltr'><strong><em>praeparavit</em></strong></span> <span class='ocrx_word' id='word_1_413' title='bbox 1610 4375 1746 4425; x_wconf 87' lang='lat' dir='ltr'><strong><em>Deus</em></strong></span> <span class='ocrx_word' id='word_1_414' title='bbox 1775 4372 2046 4439; x_wconf 87' lang='lat' dir='ltr'><strong><em>diligenti-</em></strong></span> 
     </span>
    </p>
   </div>
   <div class='ocr_carea' id='block_1_72' title="bbox 364 4443 1336 4512">
    <p class='ocr_par' dir='ltr' id='par_1_72' title="bbox 364 4443 1336 4512">
     <span class='ocr_line' id='line_1_72' title="bbox 364 4443 1336 4512; baseline -0.001 -16"><span class='ocrx_word' id='word_1_415' title='bbox 364 4446 461 4496; x_wconf 89' lang='lat' dir='ltr'><strong><em>bus</em></strong></span> <span class='ocrx_word' id='word_1_416' title='bbox 493 4458 566 4506; x_wconf 89' lang='lat' dir='ltr'><strong><em>se,</em></strong></span> <span class='ocrx_word' id='word_1_417' title='bbox 599 4443 894 4512; x_wconf 85' lang='lat' dir='ltr'><strong><em>sperabant</em></strong></span> <span class='ocrx_word' id='word_1_418' title='bbox 925 4444 1204 4509; x_wconf 78' lang='lat' dir='ltr'><strong><em>calestem,</em></strong></span> <span class='ocrx_word' id='word_1_419' title='bbox 1233 4449 1336 4496; x_wconf 85' lang='lat' dir='ltr'><strong><em>etc.</em></strong></span> 
     </span>
    </p>
   </div>
   <div class='ocr_carea' id='block_1_73' title="bbox 1310 4509 2047 4581">
    <p class='ocr_par' dir='ltr' id='par_1_73' title="bbox 1310 4509 2047 4581">
     <span class='ocr_line' id='line_1_73' title="bbox 1310 4509 2047 4581; baseline 0 -17"><span class='ocrx_word' id='word_1_420' title='bbox 1310 4509 1413 4564; x_wconf 90' lang='lat' dir='ltr'><strong><em>Iid.</em></strong></span> <span class='ocrx_word' id='word_1_421' title='bbox 1515 4513 1719 4581; x_wconf 87' lang='lat' dir='ltr'><strong><em>Tropea</em></strong></span> <span class='ocrx_word' id='word_1_422' title='bbox 1800 4513 2047 4565; x_wconf 79' lang='lat' dir='ltr'><strong><em>victricia</em></strong></span> 
     </span>
    </p>
   </div>
   <div class='ocr_carea' id='block_1_74' title="bbox 1239 4582 2047 4651">
    <p class='ocr_par' dir='ltr' id='par_1_74' title="bbox 1239 4582 2047 4651">
     <span class='ocr_line' id='line_1_74' title="bbox 1239 4582 2047 4651; baseline -0.002 -15"><span class='ocrx_word' id='word_1_423' title='bbox 1239 4587 1604 4651; x_wconf 88' lang='lat' dir='ltr'><strong><em>reportarunt.</em></strong></span> <span class='ocrx_word' id='word_1_424' title='bbox 1632 4582 1831 4636; x_wconf 78' lang='lat' dir='ltr'><strong><em>Ibidem</em></strong></span> <span class='ocrx_word' id='word_1_425' title='bbox 1864 4582 2047 4635; x_wconf 82' lang='lat' dir='ltr'><strong><em>beatus</em></strong></span> 
     </span>
    </p>
   </div>
   <div class='ocr_carea' id='block_1_75' title="bbox 1239 4653 2050 4721">
    <p class='ocr_par' dir='ltr' id='par_1_75' title="bbox 1239 4653 2050 4721">
     <span class='ocr_line' id='line_1_75' title="bbox 1239 4653 2050 4721; baseline -0.002 -16"><span class='ocrx_word' id='word_1_426' title='bbox 1239 4655 1470 4705; x_wconf 77' lang='lat' dir='ltr'><strong><em>Joannes</em></strong></span> <span class='ocrx_word' id='word_1_427' title='bbox 1521 4655 1806 4721; x_wconf 81' lang='lat' dir='ltr'><strong><em>apostolus</em></strong></span> <span class='ocrx_word' id='word_1_428' title='bbox 1834 4654 1952 4720; x_wconf 88' lang='lat' dir='ltr'><strong><em>jam</em></strong></span> <span class='ocrx_word' id='word_1_429' title='bbox 1985 4653 2050 4705; x_wconf 82' lang='lat' dir='ltr'><strong><em>de</em></strong></span> 
     </span>
    </p>
   </div>
   <div class='ocr_carea' id='block_1_76' title="bbox 1240 4723 2048 4790">
    <p class='ocr_par' dir='ltr' id='par_1_76' title="bbox 1240 4723 2048 4790">
     <span class='ocr_line' id='line_1_76' title="bbox 1240 4723 2048 4790; baseline 0.001 -15"><span class='ocrx_word' id='word_1_430' title='bbox 1240 4725 1377 4790; x_wconf 81' lang='lat' dir='ltr'><strong><em>ipsis</em></strong></span> <span class='ocrx_word' id='word_1_431' title='bbox 1419 4723 1707 4776; x_wconf 78' lang='lat' dir='ltr'><strong><em>audiverat</em></strong></span> <span class='ocrx_word' id='word_1_432' title='bbox 1745 4725 1802 4776; x_wconf 91' lang='lat' dir='ltr'><strong><em>in</em></strong></span> <span class='ocrx_word' id='word_1_433' title='bbox 1833 4727 2048 4790; x_wconf 70' lang='lat' dir='ltr'><strong><em>Apoca-</em></strong></span> 
     </span>
    </p>
   </div>
   <div class='ocr_carea' id='block_1_77' title="bbox 362 4793 2049 4864">
    <p class='ocr_par' dir='ltr' id='par_1_77' title="bbox 362 4793 2049 4864">
     <span class='ocr_line' id='line_1_77' title="bbox 362 4793 2049 4864; baseline -0.001 -16"><span class='ocrx_word' id='word_1_434' title='bbox 362 4796 507 4864; x_wconf 87' lang='lat' dir='ltr'><strong><em>lypsi</em></strong></span> <span class='ocrx_word' id='word_1_435' title='bbox 531 4793 747 4847; x_wconf 89' lang='lat' dir='ltr'><strong><em>dicens:</em></strong></span> <span class='ocrx_word' id='word_1_436' title='bbox 807 4793 877 4846; x_wconf 85' lang='lat' dir='ltr'><strong><em>Hi</em></strong></span> <span class='ocrx_word' id='word_1_437' title='bbox 918 4798 1041 4845; x_wconf 87' lang='lat' dir='ltr'><strong><em>sunt</em></strong></span> <span class='ocrx_word' id='word_1_438' title='bbox 1095 4795 1193 4861; x_wconf 86' lang='lat' dir='ltr'><strong><em>qui</em></strong></span> <span class='ocrx_word' id='word_1_439' title='bbox 1215 4799 1472 4848; x_wconf 84' lang='lat' dir='ltr'><strong><em>venerunt</em></strong></span> <span class='ocrx_word' id='word_1_440' title='bbox 1500 4810 1567 4845; x_wconf 74' lang='lat' dir='ltr'><strong><em>ev</em></strong></span> <span class='ocrx_word' id='word_1_441' title='bbox 1596 4809 1795 4859; x_wconf 91' lang='lat' dir='ltr'><strong><em>magna</em></strong></span> <span class='ocrx_word' id='word_1_442' title='bbox 1827 4794 2049 4847; x_wconf 87' lang='lat' dir='ltr'><strong><em>tribula-</em></strong></span> 
     </span>
    </p>
   </div>
   <div class='ocr_carea' id='block_1_78' title="bbox 363 4864 2048 4930">
    <p class='ocr_par' dir='ltr' id='par_1_78' title="bbox 363 4864 2048 4930">
     <span class='ocr_line' id='line_1_78' title="bbox 363 4864 2048 4930; baseline 0 -13"><span class='ocrx_word' id='word_1_443' title='bbox 363 4873 523 4930; x_wconf 83' lang='lat' dir='ltr'><strong><em>tione,</em></strong></span> <span class='ocrx_word' id='word_1_444' title='bbox 557 4870 608 4917; x_wconf 91' lang='lat' dir='ltr'><strong><em>et</em></strong></span> <span class='ocrx_word' id='word_1_445' title='bbox 629 4867 885 4916; x_wconf 88' lang='lat' dir='ltr'><strong><em>lavarunt</em></strong></span> <span class='ocrx_word' id='word_1_446' title='bbox 915 4864 1079 4916; x_wconf 90' lang='lat' dir='ltr'><strong><em>stolas</em></strong></span> <span class='ocrx_word' id='word_1_447' title='bbox 1109 4879 1258 4930; x_wconf 89' lang='lat' dir='ltr'><strong><em>suas,</em></strong></span> <span class='ocrx_word' id='word_1_448' title='bbox 1290 4870 1339 4917; x_wconf 84' lang='lat' dir='ltr'><strong><em>et</em></strong></span> <span class='ocrx_word' id='word_1_449' title='bbox 1392 4864 1656 4918; x_wconf 88' lang='lat' dir='ltr'><strong><em>candidas</em></strong></span> <span class='ocrx_word' id='word_1_450' title='bbox 1685 4867 1928 4930; x_wconf 84' lang='lat' dir='ltr'><strong><em>fecerunt</em></strong></span> <span class='ocrx_word' id='word_1_451' title='bbox 1960 4878 2048 4917; x_wconf 88' lang='lat' dir='ltr'><strong><em>eas</em></strong></span> 
     </span>
    </p>
   </div>
   <div class='ocr_carea' id='block_1_79' title="bbox 363 4935 1580 5002">
    <p class='ocr_par' dir='ltr' id='par_1_79' title="bbox 363 4935 1580 5002">
     <span class='ocr_line' id='line_1_79' title="bbox 363 4935 1580 5002; baseline 0.001 -15"><span class='ocrx_word' id='word_1_452' title='bbox 363 4942 417 4990; x_wconf 80' lang='lat' dir='ltr'><strong><em>in</em></strong></span> <span class='ocrx_word' id='word_1_453' title='bbox 451 4936 720 5002; x_wconf 84' lang='lat' dir='ltr'><strong><em>sanguine</em></strong></span> <span class='ocrx_word' id='word_1_454' title='bbox 747 4935 916 4999; x_wconf 84' lang='lat' dir='ltr'><strong><em>Agni.</em></strong></span> <span class='ocrx_word' id='word_1_455' title='bbox 949 4935 1226 4988; x_wconf 89' lang='lat' dir='ltr'><strong><em>Laverunt</em></strong></span> <span class='ocrx_word' id='word_1_456' title='bbox 1255 4935 1445 5000; x_wconf 86' lang='lat' dir='ltr'><strong><em>stolas,</em></strong></span> <span class='ocrx_word' id='word_1_457' title='bbox 1475 4942 1580 4988; x_wconf 84' lang='lat' dir='ltr'><strong><em>etc.</em></strong></span> 
     </span>
    </p>
   </div>
   <div class='ocr_carea' id='block_1_80' title="bbox 432 5005 2048 5074">
    <p class='ocr_par' dir='ltr' id='par_1_80' title="bbox 432 5005 2048 5074">
     <span class='ocr_line' id='line_1_80' title="bbox 432 5005 2048 5074; baseline -0.003 -14"><span class='ocrx_word' id='word_1_458' title='bbox 432 5005 577 5061; x_wconf 89' lang='lat' dir='ltr'><strong><em>Ibid.</em></strong></span> <span class='ocrx_word' id='word_1_459' title='bbox 632 5006 969 5058; x_wconf 82' lang='lat' dir='ltr'><strong><em>Christianis</em></strong></span> <span class='ocrx_word' id='word_1_460' title='bbox 1027 5020 1172 5074; x_wconf 87' lang='lat' dir='ltr'><strong><em>pau-</em></strong></span> <span class='ocrx_word' id='word_1_461' title='bbox 1318 5005 1414 5056; x_wconf 88' lang='lat' dir='ltr'><strong><em>Iib.</em></strong></span> <span class='ocrx_word' id='word_1_462' title='bbox 1451 5005 1777 5058; x_wconf 79' lang='lat' dir='ltr'><strong><em>Christianis</em></strong></span> <span class='ocrx_word' id='word_1_463' title='bbox 1811 5005 2048 5071; x_wconf 82' lang='lat' dir='ltr'><strong><em>artiﬁci-</em></strong></span> 
     </span>
    </p>
   </div>
   <div class='ocr_carea' id='block_1_81' title="bbox 359 5074 2052 5146">
    <p class='ocr_par' dir='ltr' id='par_1_81' title="bbox 359 5074 2052 5146">
     <span class='ocr_line' id='line_1_81' title="bbox 359 5074 2052 5146; baseline -0.002 -15"><span class='ocrx_word' id='word_1_464' title='bbox 359 5078 578 5146; x_wconf 86' lang='lat' dir='ltr'><strong><em>peribus</em></strong></span> <span class='ocrx_word' id='word_1_465' title='bbox 607 5077 862 5143; x_wconf 88' lang='lat' dir='ltr'><strong><em>erogasti.</em></strong></span> <span class='ocrx_word' id='word_1_466' title='bbox 1247 5074 1343 5127; x_wconf 87' lang='lat' dir='ltr'><strong><em>bus</em></strong></span> <span class='ocrx_word' id='word_1_467' title='bbox 1374 5075 1691 5141; x_wconf 77' lang='lat' dir='ltr'><strong><em>vendidisti,</em></strong></span> <span class='ocrx_word' id='word_1_468' title='bbox 1720 5075 2052 5143; x_wconf 72' lang='lat' dir='ltr'><strong><em>pauperibus</em></strong></span> 
     </span>
    </p>
   </div>
   <div class='ocr_carea' id='block_1_82' title="bbox 1246 5147 1501 5211">
    <p class='ocr_par' dir='ltr' id='par_1_82' title="bbox 1246 5147 1501 5211">
     <span class='ocr_line' id='line_1_82' title="bbox 1246 5147 1501 5211; baseline 0.004 -13"><span class='ocrx_word' id='word_1_469' title='bbox 1246 5147 1501 5211; x_wconf 89' lang='lat' dir='ltr'><strong><em>erogasti.</em></strong></span> 
     </span>
    </p>
   </div>
   <div class='ocr_carea' id='block_1_83' title="bbox 433 5215 2052 5284">
    <p class='ocr_par' dir='ltr' id='par_1_83' title="bbox 433 5215 2052 5284">
     <span class='ocr_line' id='line_1_83' title="bbox 433 5215 2052 5284; baseline -0.001 -14"><span class='ocrx_word' id='word_1_470' title='bbox 433 5215 573 5270; x_wconf 83' lang='lat' dir='ltr'><strong><em>Ibid.</em></strong></span> <span class='ocrx_word' id='word_1_471' title='bbox 609 5218 680 5270; x_wconf 85' lang='lat' dir='ltr'><strong><em>Et</em></strong></span> <span class='ocrx_word' id='word_1_472' title='bbox 711 5216 1059 5284; x_wconf 88' lang='lat' dir='ltr'><strong><em>Ilippolytum</em></strong></span> <span class='ocrx_word' id='word_1_473' title='bbox 1101 5215 1176 5268; x_wconf 89' lang='lat' dir='ltr'><strong><em>ad</em></strong></span> <span class='ocrx_word' id='word_1_474' title='bbox 1319 5216 1419 5268; x_wconf 85' lang='lat' dir='ltr'><strong><em>Iid.</em></strong></span> <span class='ocrx_word' id='word_1_475' title='bbox 1518 5217 1588 5269; x_wconf 91' lang='lat' dir='ltr'><strong><em>Et</em></strong></span> <span class='ocrx_word' id='word_1_476' title='bbox 1676 5215 2052 5284; x_wconf 82' lang='lat' dir='ltr'><strong><em>Hippolytum.</em></strong></span> 
     </span>
    </p>
   </div>
   <div class='ocr_carea' id='block_1_84' title="bbox 361 5284 2055 5354">
    <p class='ocr_par' dir='ltr' id='par_1_84' title="bbox 361 5284 2055 5354">
     <span class='ocr_line' id='line_1_84' title="bbox 361 5284 2055 5354; baseline -0.001 -14"><span class='ocrx_word' id='word_1_477' title='bbox 361 5286 520 5354; x_wconf 73' lang='lat' dir='ltr'><strong><em>ﬁdem</em></strong></span> <span class='ocrx_word' id='word_1_478' title='bbox 581 5287 785 5342; x_wconf 88' lang='lat' dir='ltr'><strong><em>Christi</em></strong></span> <span class='ocrx_word' id='word_1_479' title='bbox 845 5287 1174 5339; x_wconf 86' lang='lat' dir='ltr'><strong><em>mirabiliter</em></strong></span> <span class='ocrx_word' id='word_1_480' title='bbox 1244 5284 1514 5339; x_wconf 88' lang='lat' dir='ltr'><strong><em>custodem</em></strong></span> <span class='ocrx_word' id='word_1_481' title='bbox 1561 5291 1730 5351; x_wconf 89' lang='lat' dir='ltr'><strong><em>tuum,</em></strong></span> <span class='ocrx_word' id='word_1_482' title='bbox 1773 5287 1846 5340; x_wconf 90' lang='lat' dir='ltr'><strong><em>ad</em></strong></span> <span class='ocrx_word' id='word_1_483' title='bbox 1894 5286 2055 5353; x_wconf 80' lang='lat' dir='ltr'><strong><em>ﬁdem</em></strong></span> 
     </span>
    </p>
   </div>
   <div class='ocr_carea' id='block_1_85' title="bbox 367 5356 2050 5478">
    <p class='ocr_par' dir='ltr' id='par_1_85' title="bbox 367 5356 2050 5478">
     <span class='ocr_line' id='line_1_85' title="bbox 367 5356 2050 5478; baseline -0.001 -68"><span class='ocrx_word' id='word_1_484' title='bbox 367 5357 733 5411; x_wconf 86' lang='lat' dir='ltr'><strong><em>convertebas.</em></strong></span> <span class='ocrx_word' id='word_1_485' title='bbox 829 5403 835 5408; x_wconf 91' lang='lat'><strong><em>.</em></strong></span> <span class='ocrx_word' id='word_1_486' title='bbox 1243 5357 1451 5478; x_wconf 54' lang='lat' dir='ltr'><strong><em>flzristi</em></strong></span> <span class='ocrx_word' id='word_1_487' title='bbox 1470 5356 1802 5410; x_wconf 86' lang='lat' dir='ltr'><strong><em>mirabiliter</em></strong></span> <span class='ocrx_word' id='word_1_488' title='bbox 1835 5371 2050 5409; x_wconf 54' lang='lat' dir='ltr'><strong><em>conver.</em></strong></span> 
     </span>
     <span class='ocr_line' id='line_1_86' title="bbox 1268 5441 1416 5478; baseline 0 0"><span class='ocrx_word' id='word_1_489' title='bbox 1268 5442 1293 5478; x_wconf 79' lang='grc' dir='ltr'><em>ε</em></span> <span class='ocrx_word' id='word_1_490' title='bbox 1331 5441 1416 5478; x_wconf 89' lang='lat' dir='ltr'><strong><em>as.</em></strong></span> 
     </span>
    </p>
   </div>
   <div class='ocr_carea' id='block_1_86' title="bbox 1243 5431 1416 5480">
    <p class='ocr_par' dir='ltr' id='par_1_86' title="bbox 1243 5431 1416 5480">
     <span class='ocr_line' id='line_1_87' title="bbox 1243 5431 1416 5480; baseline -0.006 0"><span class='ocrx_word' id='word_1_491' title='bbox 1243 5431 1416 5480; x_wconf 83' lang='lat' dir='ltr'><strong><em>tebas.</em></strong></span> 
     </span>
    </p>
   </div>
   <div class='ocr_carea' id='block_1_87' title="bbox 1316 5497 2057 5562">
    <p class='ocr_par' dir='ltr' id='par_1_87' title="bbox 1316 5497 2057 5562">
     <span class='ocr_line' id='line_1_88' title="bbox 1316 5497 2057 5562; baseline 0 -13"><span class='ocrx_word' id='word_1_492' title='bbox 1316 5497 1450 5549; x_wconf 64' lang='lat' dir='ltr'><strong><em>(Iud.</em></strong></span> <span class='ocrx_word' id='word_1_493' title='bbox 1498 5511 1679 5550; x_wconf 79' lang='lat' dir='ltr'><strong><em>cxxm.</em></strong></span> <span class='ocrx_word' id='word_1_494' title='bbox 1741 5498 1800 5549; x_wconf 89' lang='lat' dir='ltr'><strong><em>In</em></strong></span> <span class='ocrx_word' id='word_1_495' title='bbox 1853 5499 2057 5562; x_wconf 84' lang='lat' dir='ltr'><strong><em>confes-</em></strong></span> 
     </span>
    </p>
   </div>
   <div class='ocr_carea' id='block_1_88' title="bbox 1247 5569 2054 5634">
    <p class='ocr_par' dir='ltr' id='par_1_88' title="bbox 1247 5569 2054 5634">
     <span class='ocr_line' id='line_1_89' title="bbox 1247 5569 2054 5634; baseline -0.005 -12"><span class='ocrx_word' id='word_1_496' title='bbox 1247 5569 1395 5622; x_wconf 86' lang='lat' dir='ltr'><strong><em>sione</em></strong></span> <span class='ocrx_word' id='word_1_497' title='bbox 1458 5573 1754 5634; x_wconf 81' lang='lat' dir='ltr'><strong><em>martyrem</em></strong></span> <span class='ocrx_word' id='word_1_498' title='bbox 1822 5569 2054 5622; x_wconf 87' lang='lat' dir='ltr'><strong><em>Christi-</em></strong></span> 
     </span>
    </p>
   </div>
   <div class='ocr_carea' id='block_1_89' title="bbox 1247 5637 2060 5708">
    <p class='ocr_par' dir='ltr' id='par_1_89' title="bbox 1247 5637 2060 5708">
     <span class='ocr_line' id='line_1_90' title="bbox 1247 5637 2060 5708; baseline 0 -18"><span class='ocrx_word' id='word_1_499' title='bbox 1247 5640 1503 5705; x_wconf 86' lang='lat' dir='ltr'><strong><em>primum,</em></strong></span> <span class='ocrx_word' id='word_1_500' title='bbox 1574 5637 1785 5694; x_wconf 84' lang='lat' dir='ltr'><strong><em>beatum</em></strong></span> <span class='ocrx_word' id='word_1_501' title='bbox 1843 5638 2060 5708; x_wconf 82' lang='lat' dir='ltr'><strong><em>Stepha-</em></strong></span> 
     </span>
    </p>
   </div>
   <div class='ocr_carea' id='block_1_90' title="bbox 1247 5722 1394 5762">
    <p class='ocr_par' dir='ltr' id='par_1_90' title="bbox 1247 5722 1394 5762">
     <span class='ocr_line' id='line_1_91' title="bbox 1247 5722 1394 5762; baseline 0 0"><span class='ocrx_word' id='word_1_502' title='bbox 1247 5722 1394 5762; x_wconf 83' lang='lat' dir='ltr'><strong><em>num.</em></strong></span> 
     </span>
    </p>
   </div>
   <div class='ocr_carea' id='block_1_91' title="bbox 663 3882 1163 3948">
    <p class='ocr_par' dir='ltr' id='par_1_91' title="bbox 663 3882 1163 3948">
     <span class='ocr_line' id='line_1_92' title="bbox 663 3882 1163 3948; baseline -0.006 -12"><span class='ocrx_word' id='word_1_503' title='bbox 663 3882 815 3948; x_wconf 87' lang='lat' dir='ltr'><strong><em>Quod</em></strong></span> <span class='ocrx_word' id='word_1_504' title='bbox 915 3896 1163 3935; x_wconf 88' lang='lat' dir='ltr'><strong><em>coronam</em></strong></span> 
     </span>
    </p>
   </div>
   <div class='ocr_carea' id='block_1_92' title="bbox 429 4513 1166 4581">
    <p class='ocr_par' dir='ltr' id='par_1_92' title="bbox 429 4513 1166 4581">
     <span class='ocr_line' id='line_1_93' title="bbox 429 4513 1166 4581; baseline -0.004 -14"><span class='ocrx_word' id='word_1_505' title='bbox 429 4513 572 4567; x_wconf 88' lang='lat' dir='ltr'><strong><em>Ibid.</em></strong></span> <span class='ocrx_word' id='word_1_506' title='bbox 626 4516 849 4581; x_wconf 79' lang='lat' dir='ltr'><strong><em>Tropaea</em></strong></span> <span class='ocrx_word' id='word_1_507' title='bbox 913 4515 1166 4566; x_wconf 84' lang='lat' dir='ltr'><strong><em>victricia</em></strong></span> 
     </span>
    </p>
   </div>
   <div class='ocr_carea' id='block_1_93' title="bbox 359 4584 1163 4654">
    <p class='ocr_par' dir='ltr' id='par_1_93' title="bbox 359 4584 1163 4654">
     <span class='ocr_line' id='line_1_94' title="bbox 359 4584 1163 4654; baseline 0 -18"><span class='ocrx_word' id='word_1_508' title='bbox 359 4589 724 4654; x_wconf 84' lang='lat' dir='ltr'><strong><em>reportarunt.</em></strong></span> <span class='ocrx_word' id='word_1_509' title='bbox 755 4584 1163 4637; x_wconf 84' lang='lat' dir='ltr'><strong><em>Laveruntsan-</em></strong></span> 
     </span>
    </p>
   </div>
   <div class='ocr_carea' id='block_1_94' title="bbox 361 4655 774 4720">
    <p class='ocr_par' dir='ltr' id='par_1_94' title="bbox 361 4655 774 4720">
     <span class='ocr_line' id='line_1_95' title="bbox 361 4655 774 4720; baseline -0.005 -12"><span class='ocrx_word' id='word_1_510' title='bbox 361 4657 433 4710; x_wconf 74' lang='lat' dir='ltr'><strong><em>cli</em></strong></span> <span class='ocrx_word' id='word_1_511' title='bbox 455 4655 642 4720; x_wconf 87' lang='lat' dir='ltr'><strong><em>stolas,</em></strong></span> <span class='ocrx_word' id='word_1_512' title='bbox 670 4659 774 4707; x_wconf 84' lang='lat' dir='ltr'><strong><em>etc.</em></strong></span> 
     </span>
    </p>
   </div>
   <div class='ocr_carea' id='block_1_95' title="bbox 440 5495 1171 5561">
    <p class='ocr_par' dir='ltr' id='par_1_95' title="bbox 440 5495 1171 5561">
     <span class='ocr_line' id='line_1_96' title="bbox 440 5495 1171 5561; baseline 0.001 -13"><span class='ocrx_word' id='word_1_513' title='bbox 440 5495 477 5548; x_wconf 70' lang='grc' dir='ltr'><strong>Ν</strong></span> <span class='ocrx_word' id='word_1_514' title='bbox 572 5498 622 5549; x_wconf 88' lang='lat'><strong><em>3.</em></strong></span> <span class='ocrx_word' id='word_1_515' title='bbox 702 5497 764 5550; x_wconf 90' lang='lat' dir='ltr'><strong><em>In</em></strong></span> <span class='ocrx_word' id='word_1_516' title='bbox 843 5497 1171 5561; x_wconf 79' lang='lat' dir='ltr'><strong><em>confessione</em></strong></span> 
     </span>
    </p>
   </div>
   <div class='ocr_carea' id='block_1_96' title="bbox 368 5566 949 5635">
    <p class='ocr_par' dir='ltr' id='par_1_96' title="bbox 368 5566 949 5635">
     <span class='ocr_line' id='line_1_97' title="bbox 368 5566 949 5635; baseline 0.002 -14"><span class='ocrx_word' id='word_1_517' title='bbox 368 5568 577 5621; x_wconf 62' lang='lat' dir='ltr'><strong><em>beatum</em></strong></span> <span class='ocrx_word' id='word_1_518' title='bbox 598 5566 949 5635; x_wconf 79' lang='lat' dir='ltr'><strong><em>Stephanum.</em></strong></span> 
     </span>
    </p>
   </div>
   <div class='ocr_carea' id='block_1_97' title="bbox 1303 2609 2094 2684">
    <p class='ocr_par' dir='ltr' id='par_1_97' title="bbox 1303 2609 2094 2684">
     <span class='ocr_line' id='line_1_98' title="bbox 1303 2609 2094 2684; baseline -0.009 -13"><span class='ocrx_word' id='word_1_519' title='bbox 1303 2609 1383 2671; x_wconf 67' lang='grc' dir='ltr'><strong><em>ιὶι.</em></strong></span> <span class='ocrx_word' id='word_1_520' title='bbox 1423 2609 1621 2670; x_wconf 70' lang='lat' dir='ltr'><strong><em>Nonne</em></strong></span> <span class='ocrx_word' id='word_1_521' title='bbox 1649 2631 1741 2680; x_wconf 85' lang='lat' dir='ltr'><strong><em>ego</em></strong></span> <span class='ocrx_word' id='word_1_522' title='bbox 1781 2613 1924 2684; x_wconf 86' lang='lat' dir='ltr'><strong><em>quod</em></strong></span> <span class='ocrx_word' id='word_1_523' title='bbox 1955 2631 2039 2666; x_wconf 81' lang='lat' dir='ltr'><strong><em>ac-</em></strong></span> <span class='ocrx_word' id='word_1_524' title='bbox 2083 2609 2094 2620; x_wconf 84' lang='grc'><em>’</em></span> 
     </span>
    </p>
   </div>
   <div class='ocr_carea' id='block_1_98' title="bbox 2139 437 2463 502">
    <p class='ocr_par' dir='ltr' id='par_1_98' title="bbox 2139 437 2463 502">
     <span class='ocr_line' id='line_1_99' title="bbox 2139 437 2463 502; baseline -0.006 -14"><span class='ocrx_word' id='word_1_525' title='bbox 2139 437 2463 502; x_wconf 82' lang='lat' dir='ltr'><strong><em>conﬁtentes.</em></strong></span> 
     </span>
    </p>
   </div>
   <div class='ocr_carea' id='block_1_99' title="bbox 3698 239 3838 290">
    <p class='ocr_par' dir='ltr' id='par_1_99' title="bbox 3698 239 3838 290">
     <span class='ocr_line' id='line_1_100' title="bbox 3698 239 3838 290; baseline -0.007 -1"><span class='ocrx_word' id='word_1_526' title='bbox 3698 239 3838 290; x_wconf 71' lang='grc'><strong>1240</strong></span> 
     </span>
    </p>
   </div>
   <div class='ocr_carea' id='block_1_100' title="bbox 3094 359 3838 426">
    <p class='ocr_par' dir='ltr' id='par_1_100' title="bbox 3094 359 3838 426">
     <span class='ocr_line' id='line_1_101' title="bbox 3094 359 3838 426; baseline -0.001 -14"><span class='ocrx_word' id='word_1_527' title='bbox 3094 360 3178 412; x_wconf 88' lang='lat' dir='ltr'><strong><em>Id.</em></strong></span> <span class='ocrx_word' id='word_1_528' title='bbox 3215 361 3420 426; x_wconf 80' lang='lat' dir='ltr'><strong><em>Magna</em></strong></span> <span class='ocrx_word' id='word_1_529' title='bbox 3468 359 3671 426; x_wconf 80' lang='lat' dir='ltr'><strong><em>ﬁducia</em></strong></span> <span class='ocrx_word' id='word_1_530' title='bbox 3710 375 3838 412; x_wconf 42' lang='lat' dir='ltr'><strong><em>eoa-</em></strong></span> 
     </span>
    </p>
   </div>
   <div class='ocr_carea' id='block_1_101' title="bbox 3022 429 3251 499">
    <p class='ocr_par' dir='ltr' id='par_1_101' title="bbox 3022 429 3251 499">
     <span class='ocr_line' id='line_1_102' title="bbox 3022 429 3251 499; baseline -0.004 -16"><span class='ocrx_word' id='word_1_531' title='bbox 3022 429 3251 499; x_wconf 78' lang='lat' dir='ltr'><strong><em>ﬁtentes.</em></strong></span> 
     </span>
    </p>
   </div>
   <div class='ocr_carea' id='block_1_102' title="bbox 2211 605 3766 648">
    <p class='ocr_par' dir='ltr' id='par_1_102' title="bbox 2211 605 3766 648">
     <span class='ocr_line' id='line_1_103' title="bbox 2211 605 3766 648; baseline -0.004 -1"><span class='ocrx_word' id='word_1_532' title='bbox 2211 610 2361 648; x_wconf 75' lang='lat' dir='ltr'><strong><em>LIBER</em></strong></span> <span class='ocrx_word' id='word_1_533' title='bbox 2425 608 2491 646; x_wconf 85' lang='lat' dir='ltr'><strong><em>DE</em></strong></span> <span class='ocrx_word' id='word_1_534' title='bbox 2545 606 2890 644; x_wconf 73' lang='lat' dir='ltr'><strong><em>RECTITUDINE</em></strong></span> <span class='ocrx_word' id='word_1_535' title='bbox 2943 605 3242 642; x_wconf 67' lang='lat' dir='ltr'><strong><em>CATHOLICE</em></strong></span> <span class='ocrx_word' id='word_1_536' title='bbox 3291 605 3766 642; x_wconf 70' lang='lat' dir='ltr'><strong><em>CONVEBSATIONIS.</em></strong></span> 
     </span>
    </p>
   </div>
   <div class='ocr_carea' id='block_1_103' title="bbox 2213 743 3842 817">
    <p class='ocr_par' dir='ltr' id='par_1_103' title="bbox 2213 743 3842 817">
     <span class='ocr_line' id='line_1_104' title="bbox 2213 743 3842 817; baseline -0.002 -15"><span class='ocrx_word' id='word_1_537' title='bbox 2213 749 2445 817; x_wconf 80' lang='lat' dir='ltr'><strong><em>Legitur</em></strong></span> <span class='ocrx_word' id='word_1_538' title='bbox 2485 748 2555 800; x_wconf 84' lang='lat' dir='ltr'><strong><em>ab</em></strong></span> <span class='ocrx_word' id='word_1_539' title='bbox 2603 747 2772 800; x_wconf 84' lang='lat' dir='ltr'><strong><em>initio</em></strong></span> <span class='ocrx_word' id='word_1_540' title='bbox 2821 747 2938 800; x_wconf 82' lang='lat' dir='ltr'><strong><em>fere.</em></strong></span> <span class='ocrx_word' id='word_1_541' title='bbox 2971 763 3024 800; x_wconf 89' lang='lat' dir='ltr'><strong><em>n.</em></strong></span> <span class='ocrx_word' id='word_1_542' title='bbox 3085 749 3148 799; x_wconf 89' lang='lat'><strong><em>16</em></strong></span> <span class='ocrx_word' id='word_1_543' title='bbox 3200 761 3387 814; x_wconf 84' lang='lat' dir='ltr'><strong><em>usque</em></strong></span> <span class='ocrx_word' id='word_1_544' title='bbox 3430 744 3498 798; x_wconf 84' lang='lat' dir='ltr'><strong><em>ad</em></strong></span> <span class='ocrx_word' id='word_1_545' title='bbox 3547 743 3745 811; x_wconf 83' lang='lat' dir='ltr'><strong><em>ﬁnem,</em></strong></span> <span class='ocrx_word' id='word_1_546' title='bbox 3782 748 3842 798; x_wconf 87' lang='lat' dir='ltr'><strong><em>in</em></strong></span> 
     </span>
    </p>
   </div>
   <div class='ocr_carea' id='block_1_104' title="bbox 2146 835 3332 906">
    <p class='ocr_par' dir='ltr' id='par_1_104' title="bbox 2146 835 3332 906">
     <span class='ocr_line' id='line_1_105' title="bbox 2146 835 3332 906; baseline -0.004 -15"><span class='ocrx_word' id='word_1_547' title='bbox 2146 839 2282 891; x_wconf 77' lang='lat' dir='ltr'><strong><em>Bibl.</em></strong></span> <span class='ocrx_word' id='word_1_548' title='bbox 2344 839 2631 904; x_wconf 85' lang='lat' dir='ltr'><strong><em>I.aurent.,</em></strong></span> <span class='ocrx_word' id='word_1_549' title='bbox 2686 836 2826 906; x_wconf 86' lang='lat' dir='ltr'><strong><em>plut.</em></strong></span> <span class='ocrx_word' id='word_1_550' title='bbox 2887 850 3060 888; x_wconf 79' lang='lat' dir='ltr'><strong>xxxm</strong></span> <span class='ocrx_word' id='word_1_551' title='bbox 3126 835 3332 899; x_wconf 83' lang='lat' dir='ltr'><strong><em>sinist.,</em></strong></span> 
     </span>
    </p>
   </div>
   <div class='ocr_carea' id='block_1_105' title="bbox 2141 925 2288 978">
    <p class='ocr_par' dir='ltr' id='par_1_105' title="bbox 2141 925 2288 978">
     <span class='ocr_line' id='line_1_106' title="bbox 2141 925 2288 978; baseline 0 0"><span class='ocrx_word' id='word_1_552' title='bbox 2141 927 2209 978; x_wconf 65' lang='lat' dir='ltr'><strong><em>Si</em></strong></span> <span class='ocrx_word' id='word_1_553' title='bbox 2240 925 2288 978; x_wconf 89' lang='lat' dir='ltr'><strong><em>b.</em></strong></span> 
     </span>
    </p>
   </div>
   <div class='ocr_carea' id='block_1_106' title="bbox 2212 1011 2948 1067">
    <p class='ocr_par' dir='ltr' id='par_1_106' title="bbox 2212 1011 2948 1067">
     <span class='ocr_line' id='line_1_107' title="bbox 2212 1011 2948 1067; baseline -0.004 -2"><span class='ocrx_word' id='word_1_554' title='bbox 2212 1012 2355 1067; x_wconf 77' lang='lat' dir='ltr'><strong><em>Edil.</em></strong></span> <span class='ocrx_word' id='word_1_555' title='bbox 2395 1013 2459 1066; x_wconf 80' lang='grc' dir='ltr'><strong><em>Ν.</em></strong></span> <span class='ocrx_word' id='word_1_556' title='bbox 2496 1014 2578 1065; x_wconf 88' lang='lat'><strong><em>16.</em></strong></span> <span class='ocrx_word' id='word_1_557' title='bbox 2616 1015 2744 1064; x_wconf 87' lang='lat' dir='ltr'><strong><em>Dum</em></strong></span> <span class='ocrx_word' id='word_1_558' title='bbox 2785 1011 2948 1063; x_wconf 86' lang='lat' dir='ltr'><strong><em>habes</em></strong></span> 
     </span>
    </p>
   </div>
   <div class='ocr_carea' id='block_1_107' title="bbox 2140 1085 2670 1150">
    <p class='ocr_par' dir='ltr' id='par_1_107' title="bbox 2140 1085 2670 1150">
     <span class='ocr_line' id='line_1_108' title="bbox 2140 1085 2670 1150; baseline -0.004 -14"><span class='ocrx_word' id='word_1_559' title='bbox 2140 1085 2431 1140; x_wconf 80' lang='lat' dir='ltr'><strong><em>licentiam.</em></strong></span> <span class='ocrx_word' id='word_1_560' title='bbox 2458 1086 2670 1150; x_wconf 67' lang='lat' dir='ltr'><strong><em>paenite.</em></strong></span> 
     </span>
    </p>
   </div>
   <div class='ocr_carea' id='block_1_108' title="bbox 2213 1153 2947 1218">
    <p class='ocr_par' dir='ltr' id='par_1_108' title="bbox 2213 1153 2947 1218">
     <span class='ocr_line' id='line_1_109' title="bbox 2213 1153 2947 1218; baseline -0.004 -12"><span class='ocrx_word' id='word_1_561' title='bbox 2213 1154 2350 1206; x_wconf 90' lang='lat' dir='ltr'><strong><em>Ibid.</em></strong></span> <span class='ocrx_word' id='word_1_562' title='bbox 2389 1154 2528 1218; x_wconf 84' lang='lat' dir='ltr'><strong><em>Quia</em></strong></span> <span class='ocrx_word' id='word_1_563' title='bbox 2557 1153 2708 1205; x_wconf 90' lang='lat' dir='ltr'><strong><em>nulla</em></strong></span> <span class='ocrx_word' id='word_1_564' title='bbox 2737 1156 2813 1204; x_wconf 87' lang='lat' dir='ltr'><strong><em>est</em></strong></span> <span class='ocrx_word' id='word_1_565' title='bbox 2838 1156 2947 1204; x_wconf 87' lang='lat' dir='ltr'><strong><em>tam</em></strong></span> 
     </span>
    </p>
   </div>
   <div class='ocr_carea' id='block_1_109' title="bbox 2139 1223 2591 1290">
    <p class='ocr_par' dir='ltr' id='par_1_109' title="bbox 2139 1223 2591 1290">
     <span class='ocr_line' id='line_1_110' title="bbox 2139 1223 2591 1290; baseline -0.004 -14"><span class='ocrx_word' id='word_1_566' title='bbox 2139 1224 2370 1288; x_wconf 82' lang='lat' dir='ltr'><strong><em>grandis</em></strong></span> <span class='ocrx_word' id='word_1_567' title='bbox 2409 1223 2591 1290; x_wconf 89' lang='lat' dir='ltr'><strong><em>culpa.</em></strong></span> 
     </span>
    </p>
   </div>
   <div class='ocr_carea' id='block_1_110' title="bbox 2213 1290 2948 1360">
    <p class='ocr_par' dir='ltr' id='par_1_110' title="bbox 2213 1290 2948 1360">
     <span class='ocr_line' id='line_1_111' title="bbox 2213 1290 2948 1360; baseline -0.003 -14"><span class='ocrx_word' id='word_1_568' title='bbox 2213 1295 2350 1346; x_wconf 82' lang='lat' dir='ltr'><strong><em>Ibid.</em></strong></span> <span class='ocrx_word' id='word_1_569' title='bbox 2382 1295 2757 1360; x_wconf 78' lang='lat' dir='ltr'><strong><em>Unusquisque</em></strong></span> <span class='ocrx_word' id='word_1_570' title='bbox 2804 1290 2948 1360; x_wconf 88' lang='lat' dir='ltr'><strong><em>quod</em></strong></span> 
     </span>
    </p>
   </div>
   <div class='ocr_carea' id='block_1_111' title="bbox 2137 1364 2946 1429">
    <p class='ocr_par' dir='ltr' id='par_1_111' title="bbox 2137 1364 2946 1429">
     <span class='ocr_line' id='line_1_112' title="bbox 2137 1364 2946 1429; baseline 0.002 -17"><span class='ocrx_word' id='word_1_571' title='bbox 2137 1367 2327 1428; x_wconf 73' lang='lat' dir='ltr'><strong><em>fecerit</em></strong></span> <span class='ocrx_word' id='word_1_572' title='bbox 2359 1364 2569 1424; x_wconf 83' lang='lat' dir='ltr'><strong><em>bonum,</em></strong></span> <span class='ocrx_word' id='word_1_573' title='bbox 2595 1365 2688 1415; x_wconf 83' lang='lat' dir='ltr'><strong><em>hoc</em></strong></span> <span class='ocrx_word' id='word_1_574' title='bbox 2719 1364 2946 1429; x_wconf 82' lang='lat' dir='ltr'><strong><em>accipiet</em></strong></span> 
     </span>
    </p>
   </div>
   <div class='ocr_carea' id='block_1_112' title="bbox 2139 1436 2445 1487">
    <p class='ocr_par' dir='ltr' id='par_1_112' title="bbox 2139 1436 2445 1487">
     <span class='ocr_line' id='line_1_113' title="bbox 2139 1436 2445 1487; baseline -0.007 -1"><span class='ocrx_word' id='word_1_575' title='bbox 2139 1451 2169 1486; x_wconf 90' lang='lat' dir='ltr'><strong><em>a</em></strong></span> <span class='ocrx_word' id='word_1_576' title='bbox 2209 1436 2445 1487; x_wconf 83' lang='lat' dir='ltr'><strong><em>Domino.</em></strong></span> 
     </span>
    </p>
   </div>
   <div class='ocr_carea' id='block_1_113' title="bbox 2213 1503 2942 1566">
    <p class='ocr_par' dir='ltr' id='par_1_113' title="bbox 2213 1503 2942 1566">
     <span class='ocr_line' id='line_1_114' title="bbox 2213 1503 2942 1566; baseline -0.004 -11"><span class='ocrx_word' id='word_1_577' title='bbox 2213 1505 2353 1556; x_wconf 87' lang='lat' dir='ltr'><strong><em>Ibid.</em></strong></span> <span class='ocrx_word' id='word_1_578' title='bbox 2389 1505 2508 1556; x_wconf 60' lang='lat' dir='ltr'><strong><em>&quot;me</em></strong></span> <span class='ocrx_word' id='word_1_579' title='bbox 2531 1507 2598 1566; x_wconf 82' lang='lat' dir='ltr'><strong><em>te,</em></strong></span> <span class='ocrx_word' id='word_1_580' title='bbox 2631 1503 2942 1564; x_wconf 86' lang='lat' dir='ltr'><strong><em>christiane,</em></strong></span> 
     </span>
    </p>
   </div>
   <div class='ocr_carea' id='block_1_114' title="bbox 2138 1577 2693 1642">
    <p class='ocr_par' dir='ltr' id='par_1_114' title="bbox 2138 1577 2693 1642">
     <span class='ocr_line' id='line_1_115' title="bbox 2138 1577 2693 1642; baseline -0.002 -16"><span class='ocrx_word' id='word_1_581' title='bbox 2138 1579 2404 1642; x_wconf 59' lang='lat' dir='ltr'><strong><em>prlecepta</em></strong></span> <span class='ocrx_word' id='word_1_582' title='bbox 2433 1577 2693 1625; x_wconf 77' lang='lat' dir='ltr'><strong><em>revocent.</em></strong></span> 
     </span>
    </p>
   </div>
   <div class='ocr_carea' id='block_1_115' title="bbox 2072 1645 2945 1708">
    <p class='ocr_par' dir='ltr' id='par_1_115' title="bbox 2072 1645 2945 1708">
     <span class='ocr_line' id='line_1_116' title="bbox 2072 1645 2945 1708; baseline -0.005 -10"><span class='ocrx_word' id='word_1_583' title='bbox 2072 1647 2112 1699; x_wconf 82' lang='grc' dir='ltr'><strong>Β</strong></span> <span class='ocrx_word' id='word_1_584' title='bbox 2214 1645 2353 1696; x_wconf 86' lang='lat' dir='ltr'><strong><em>Ibid.</em></strong></span> <span class='ocrx_word' id='word_1_585' title='bbox 2400 1646 2498 1697; x_wconf 64' lang='grc' dir='ltr'><strong><em>νιν</em></strong></span> <span class='ocrx_word' id='word_1_586' title='bbox 2535 1645 2812 1708; x_wconf 86' lang='lat' dir='ltr'><strong><em>linguosus</em></strong></span> <span class='ocrx_word' id='word_1_587' title='bbox 2841 1657 2945 1694; x_wconf 89' lang='lat' dir='ltr'><strong><em>non</em></strong></span> 
     </span>
    </p>
   </div>
   <div class='ocr_carea' id='block_1_116' title="bbox 2143 1716 2700 1781">
    <p class='ocr_par' dir='ltr' id='par_1_116' title="bbox 2143 1716 2700 1781">
     <span class='ocr_line' id='line_1_117' title="bbox 2143 1716 2700 1781; baseline -0.004 -14"><span class='ocrx_word' id='word_1_588' title='bbox 2143 1716 2419 1781; x_wconf 83' lang='lat' dir='ltr'><strong><em>dirigetur</em></strong></span> <span class='ocrx_word' id='word_1_589' title='bbox 2450 1717 2506 1765; x_wconf 89' lang='lat' dir='ltr'><strong><em>in</em></strong></span> <span class='ocrx_word' id='word_1_590' title='bbox 2538 1719 2700 1777; x_wconf 84' lang='lat' dir='ltr'><strong><em>terra.</em></strong></span> 
     </span>
    </p>
   </div>
   <div class='ocr_carea' id='block_1_117' title="bbox 2218 1782 2952 1837">
    <p class='ocr_par' dir='ltr' id='par_1_117' title="bbox 2218 1782 2952 1837">
     <span class='ocr_line' id='line_1_118' title="bbox 2218 1782 2952 1837; baseline -0.001 0"><span class='ocrx_word' id='word_1_591' title='bbox 2218 1786 2280 1837; x_wconf 72' lang='grc' dir='ltr'>Ν.</span> <span class='ocrx_word' id='word_1_592' title='bbox 2352 1789 2431 1837; x_wconf 84' lang='lat'><strong><em>17.</em></strong></span> <span class='ocrx_word' id='word_1_593' title='bbox 2464 1785 2541 1836; x_wconf 87' lang='lat' dir='ltr'><strong><em>Et</em></strong></span> <span class='ocrx_word' id='word_1_594' title='bbox 2603 1782 2805 1836; x_wconf 88' lang='lat' dir='ltr'><strong><em>sanabo</em></strong></span> <span class='ocrx_word' id='word_1_595' title='bbox 2830 1797 2952 1836; x_wconf 87' lang='lat' dir='ltr'><strong><em>con-</em></strong></span> 
     </span>
    </p>
   </div>
   <div class='ocr_carea' id='block_1_118' title="bbox 2144 1856 2646 1908">
    <p class='ocr_par' dir='ltr' id='par_1_118' title="bbox 2144 1856 2646 1908">
     <span class='ocr_line' id='line_1_119' title="bbox 2144 1856 2646 1908; baseline -0.002 -1"><span class='ocrx_word' id='word_1_596' title='bbox 2144 1856 2388 1908; x_wconf 89' lang='lat' dir='ltr'><strong><em>tritiones</em></strong></span> <span class='ocrx_word' id='word_1_597' title='bbox 2419 1861 2646 1906; x_wconf 76' lang='lat' dir='ltr'><strong><em>vestras.</em></strong></span> 
     </span>
    </p>
   </div>
   <div class='ocr_carea' id='block_1_119' title="bbox 2215 1924 2956 1992">
    <p class='ocr_par' dir='ltr' id='par_1_119' title="bbox 2215 1924 2956 1992">
     <span class='ocr_line' id='line_1_120' title="bbox 2215 1924 2956 1992; baseline -0.004 -15"><span class='ocrx_word' id='word_1_598' title='bbox 2215 1925 2356 1979; x_wconf 88' lang='lat' dir='ltr'><strong><em>Ibid.</em></strong></span> <span class='ocrx_word' id='word_1_599' title='bbox 2412 1925 2520 1976; x_wconf 85' lang='lat' dir='ltr'><strong><em>Sed</em></strong></span> <span class='ocrx_word' id='word_1_600' title='bbox 2574 1928 2876 1992; x_wconf 86' lang='lat' dir='ltr'><strong><em>peccatores</em></strong></span> <span class='ocrx_word' id='word_1_601' title='bbox 2897 1924 2956 1974; x_wconf 86' lang='lat' dir='ltr'><strong><em>in</em></strong></span> 
     </span>
    </p>
   </div>
   <div class='ocr_carea' id='block_1_120' title="bbox 2142 1996 2528 2061">
    <p class='ocr_par' dir='ltr' id='par_1_120' title="bbox 2142 1996 2528 2061">
     <span class='ocr_line' id='line_1_121' title="bbox 2142 1996 2528 2061; baseline 0.018 -20"><span class='ocrx_word' id='word_1_602' title='bbox 2142 1996 2528 2061; x_wconf 48' lang='lat' dir='ltr'><strong><em>painitentiam.</em></strong></span> 
     </span>
    </p>
   </div>
   <div class='ocr_carea' id='block_1_121' title="bbox 2216 2063 2958 2128">
    <p class='ocr_par' dir='ltr' id='par_1_121' title="bbox 2216 2063 2958 2128">
     <span class='ocr_line' id='line_1_122' title="bbox 2216 2063 2958 2128; baseline -0.005 -11"><span class='ocrx_word' id='word_1_603' title='bbox 2216 2065 2356 2118; x_wconf 89' lang='lat' dir='ltr'><strong><em>Ibid.</em></strong></span> <span class='ocrx_word' id='word_1_604' title='bbox 2414 2063 2557 2128; x_wconf 74' lang='grc' dir='ltr'><strong><em>Οιι.ἀ</em></strong></span> <span class='ocrx_word' id='word_1_605' title='bbox 2595 2063 2669 2115; x_wconf 83' lang='lat' dir='ltr'><strong><em>ad</em></strong></span> <span class='ocrx_word' id='word_1_606' title='bbox 2703 2063 2814 2115; x_wconf 63' lang='lat' dir='ltr'><strong><em>haec</em></strong></span> <span class='ocrx_word' id='word_1_607' title='bbox 2843 2077 2958 2113; x_wconf 85' lang='lat' dir='ltr'><strong><em>res-</em></strong></span> 
     </span>
    </p>
   </div>
   <div class='ocr_carea' id='block_1_122' title="bbox 2141 2133 2958 2204">
    <p class='ocr_par' dir='ltr' id='par_1_122' title="bbox 2141 2133 2958 2204">
     <span class='ocr_line' id='line_1_123' title="bbox 2141 2133 2958 2204; baseline 0.002 -21"><span class='ocrx_word' id='word_1_608' title='bbox 2141 2135 2338 2204; x_wconf 83' lang='lat' dir='ltr'><strong><em>pondet</em></strong></span> <span class='ocrx_word' id='word_1_609' title='bbox 2366 2136 2601 2187; x_wconf 88' lang='lat' dir='ltr'><strong><em>humana</em></strong></span> <span class='ocrx_word' id='word_1_610' title='bbox 2630 2133 2912 2204; x_wconf 84' lang='lat' dir='ltr'><strong><em>fragilitas</em></strong></span> <span class='ocrx_word' id='word_1_611' title='bbox 2932 2133 2958 2185; x_wconf 84' lang='lat'><strong>?</strong></span> 
     </span>
    </p>
   </div>
   <div class='ocr_carea' id='block_1_123' title="bbox 2221 2203 2954 2271">
    <p class='ocr_par' dir='ltr' id='par_1_123' title="bbox 2221 2203 2954 2271">
     <span class='ocr_line' id='line_1_124' title="bbox 2221 2203 2954 2271; baseline -0.003 -14"><span class='ocrx_word' id='word_1_612' title='bbox 2221 2205 2357 2257; x_wconf 85' lang='lat' dir='ltr'><strong><em>Ibid.</em></strong></span> <span class='ocrx_word' id='word_1_613' title='bbox 2454 2205 2638 2271; x_wconf 84' lang='lat' dir='ltr'><strong><em>Neque</em></strong></span> <span class='ocrx_word' id='word_1_614' title='bbox 2729 2203 2954 2267; x_wconf 59' lang='lat' dir='ltr'><strong><em>divitiis,</em></strong></span> 
     </span>
    </p>
   </div>
   <div class='ocr_carea' id='block_1_124' title="bbox 2146 2273 2960 2342">
    <p class='ocr_par' dir='ltr' id='par_1_124' title="bbox 2146 2273 2960 2342">
     <span class='ocr_line' id='line_1_125' title="bbox 2146 2273 2960 2342; baseline -0.002 -16"><span class='ocrx_word' id='word_1_615' title='bbox 2146 2291 2264 2342; x_wconf 71' lang='lat' dir='ltr'><strong><em>quae</em></strong></span> <span class='ocrx_word' id='word_1_616' title='bbox 2297 2291 2438 2327; x_wconf 88' lang='lat' dir='ltr'><strong><em>nunc</em></strong></span> <span class='ocrx_word' id='word_1_617' title='bbox 2486 2277 2542 2326; x_wconf 89' lang='lat' dir='ltr'><strong><em>in</em></strong></span> <span class='ocrx_word' id='word_1_618' title='bbox 2580 2274 2800 2340; x_wconf 87' lang='lat' dir='ltr'><strong><em>angulis</em></strong></span> <span class='ocrx_word' id='word_1_619' title='bbox 2845 2273 2960 2324; x_wconf 84' lang='lat' dir='ltr'><strong><em>abs-</em></strong></span> 
     </span>
    </p>
   </div>
   <div class='ocr_carea' id='block_1_125' title="bbox 2146 2344 2395 2397">
    <p class='ocr_par' dir='ltr' id='par_1_125' title="bbox 2146 2344 2395 2397">
     <span class='ocr_line' id='line_1_126' title="bbox 2146 2344 2395 2397; baseline 0.024 -6"><span class='ocrx_word' id='word_1_620' title='bbox 2146 2344 2395 2397; x_wconf 51' lang='lat' dir='ltr'><strong><em>mandit“.</em></strong></span> 
     </span>
    </p>
   </div>
   <div class='ocr_carea' id='block_1_126' title="bbox 2224 2414 2958 2480">
    <p class='ocr_par' dir='ltr' id='par_1_126' title="bbox 2224 2414 2958 2480">
     <span class='ocr_line' id='line_1_127' title="bbox 2224 2414 2958 2480; baseline -0.004 -13"><span class='ocrx_word' id='word_1_621' title='bbox 2224 2415 2363 2467; x_wconf 84' lang='lat' dir='ltr'><strong><em>Ibid.</em></strong></span> <span class='ocrx_word' id='word_1_622' title='bbox 2398 2416 2467 2468; x_wconf 87' lang='lat' dir='ltr'><strong><em>Et</em></strong></span> <span class='ocrx_word' id='word_1_623' title='bbox 2497 2414 2759 2465; x_wconf 80' lang='lat' dir='ltr'><strong><em>advenam</em></strong></span> <span class='ocrx_word' id='word_1_624' title='bbox 2790 2419 2840 2464; x_wconf 87' lang='lat' dir='ltr'><strong><em>et</em></strong></span> <span class='ocrx_word' id='word_1_625' title='bbox 2855 2428 2958 2480; x_wconf 89' lang='lat' dir='ltr'><strong><em>pu-</em></strong></span> 
     </span>
    </p>
   </div>
   <div class='ocr_carea' id='block_1_127' title="bbox 2141 2485 2957 2554">
    <p class='ocr_par' dir='ltr' id='par_1_127' title="bbox 2141 2485 2957 2554">
     <span class='ocr_line' id='line_1_128' title="bbox 2141 2485 2957 2554; baseline -0.001 -17"><span class='ocrx_word' id='word_1_626' title='bbox 2141 2487 2336 2554; x_wconf 81' lang='lat' dir='ltr'><strong><em>pillum</em></strong></span> <span class='ocrx_word' id='word_1_627' title='bbox 2394 2485 2556 2536; x_wconf 85' lang='lat' dir='ltr'><strong><em>nolite</em></strong></span> <span class='ocrx_word' id='word_1_628' title='bbox 2605 2485 2957 2554; x_wconf 86' lang='lat' dir='ltr'><strong><em>calumniari.</em></strong></span> 
     </span>
    </p>
   </div>
   <div class='ocr_carea' id='block_1_128' title="bbox 2225 2553 2961 2619">
    <p class='ocr_par' dir='ltr' id='par_1_128' title="bbox 2225 2553 2961 2619">
     <span class='ocr_line' id='line_1_129' title="bbox 2225 2553 2961 2619; baseline -0.001 -12"><span class='ocrx_word' id='word_1_629' title='bbox 2225 2557 2287 2607; x_wconf 78' lang='grc' dir='ltr'><strong><em>Ν.</em></strong></span> <span class='ocrx_word' id='word_1_630' title='bbox 2337 2557 2419 2607; x_wconf 89' lang='lat'><strong><em>18.</em></strong></span> <span class='ocrx_word' id='word_1_631' title='bbox 2453 2554 2532 2607; x_wconf 83' lang='grc' dir='ltr'><strong><em>Ει</em></strong></span> <span class='ocrx_word' id='word_1_632' title='bbox 2579 2553 2644 2605; x_wconf 81' lang='lat' dir='ltr'><strong><em>de</em></strong></span> <span class='ocrx_word' id='word_1_633' title='bbox 2673 2556 2961 2619; x_wconf 84' lang='lat' dir='ltr'><strong><em>cegitatio—</em></strong></span> 
     </span>
    </p>
   </div>
   <div class='ocr_carea' id='block_1_129' title="bbox 2147 2624 2564 2692">
    <p class='ocr_par' dir='ltr' id='par_1_129' title="bbox 2147 2624 2564 2692">
     <span class='ocr_line' id='line_1_130' title="bbox 2147 2624 2564 2692; baseline -0.01 -14"><span class='ocrx_word' id='word_1_634' title='bbox 2147 2628 2307 2678; x_wconf 85' lang='lat' dir='ltr'><strong><em>nibus</em></strong></span> <span class='ocrx_word' id='word_1_635' title='bbox 2329 2624 2564 2692; x_wconf 82' lang='lat' dir='ltr'><strong><em>judicat.</em></strong></span> 
     </span>
    </p>
   </div>
   <div class='ocr_carea' id='block_1_130' title="bbox 2222 2694 2958 2761">
    <p class='ocr_par' dir='ltr' id='par_1_130' title="bbox 2222 2694 2958 2761">
     <span class='ocr_line' id='line_1_131' title="bbox 2222 2694 2958 2761; baseline -0.005 -13"><span class='ocrx_word' id='word_1_636' title='bbox 2222 2696 2364 2748; x_wconf 89' lang='lat' dir='ltr'><strong><em>Ibid.</em></strong></span> <span class='ocrx_word' id='word_1_637' title='bbox 2419 2695 2573 2758; x_wconf 83' lang='lat' dir='ltr'><strong><em>Dico,</em></strong></span> <span class='ocrx_word' id='word_1_638' title='bbox 2627 2694 2828 2761; x_wconf 89' lang='lat' dir='ltr'><strong><em>inquit,</em></strong></span> <span class='ocrx_word' id='word_1_639' title='bbox 2876 2707 2958 2744; x_wconf 87' lang='lat' dir='ltr'><strong><em>vo-</em></strong></span> 
     </span>
    </p>
   </div>
   <div class='ocr_carea' id='block_1_131' title="bbox 2151 2764 2956 2832">
    <p class='ocr_par' dir='ltr' id='par_1_131' title="bbox 2151 2764 2956 2832">
     <span class='ocr_line' id='line_1_132' title="bbox 2151 2764 2956 2832; baseline -0.005 -14"><span class='ocrx_word' id='word_1_640' title='bbox 2151 2767 2228 2818; x_wconf 78' lang='lat' dir='ltr'><strong><em>bis</em></strong></span> <span class='ocrx_word' id='word_1_641' title='bbox 2283 2781 2389 2818; x_wconf 87' lang='lat' dir='ltr'><strong><em>non</em></strong></span> <span class='ocrx_word' id='word_1_642' title='bbox 2448 2766 2642 2832; x_wconf 83' lang='lat' dir='ltr'><strong><em>jurare</em></strong></span> <span class='ocrx_word' id='word_1_643' title='bbox 2723 2764 2956 2826; x_wconf 86' lang='lat' dir='ltr'><strong><em>omnino,</em></strong></span> 
     </span>
    </p>
   </div>
   <div class='ocr_carea' id='block_1_132' title="bbox 2148 2841 2692 2904">
    <p class='ocr_par' dir='ltr' id='par_1_132' title="bbox 2148 2841 2692 2904">
     <span class='ocr_line' id='line_1_133' title="bbox 2148 2841 2692 2904; baseline 0 -15"><span class='ocrx_word' id='word_1_644' title='bbox 2148 2852 2318 2903; x_wconf 84' lang='lat' dir='ltr'><strong><em>neque</em></strong></span> <span class='ocrx_word' id='word_1_645' title='bbox 2343 2851 2440 2904; x_wconf 88' lang='lat' dir='ltr'><strong><em>per</em></strong></span> <span class='ocrx_word' id='word_1_646' title='bbox 2471 2841 2692 2889; x_wconf 87' lang='lat' dir='ltr'><strong><em>terram.</em></strong></span> 
     </span>
    </p>
   </div>
   <div class='ocr_carea' id='block_1_133' title="bbox 2227 2972 2956 3028">
    <p class='ocr_par' dir='ltr' id='par_1_133' title="bbox 2227 2972 2956 3028">
     <span class='ocr_line' id='line_1_134' title="bbox 2227 2972 2956 3028; baseline -0.004 0"><span class='ocrx_word' id='word_1_647' title='bbox 2227 2975 2365 3028; x_wconf 92' lang='lat' dir='ltr'><strong><em>Ibid.</em></strong></span> <span class='ocrx_word' id='word_1_648' title='bbox 2433 2974 2577 3028; x_wconf 85' lang='lat' dir='ltr'><strong><em>Illud</em></strong></span> <span class='ocrx_word' id='word_1_649' title='bbox 2641 2972 2956 3028; x_wconf 87' lang='lat' dir='ltr'><strong><em>omnimodis</em></strong></span> 
     </span>
    </p>
   </div>
   <div class='ocr_carea' id='block_1_134' title="bbox 2151 3051 2526 3116">
    <p class='ocr_par' dir='ltr' id='par_1_134' title="bbox 2151 3051 2526 3116">
     <span class='ocr_line' id='line_1_135' title="bbox 2151 3051 2526 3116; baseline -0.005 -17"><span class='ocrx_word' id='word_1_650' title='bbox 2151 3051 2526 3116; x_wconf 68' lang='lat' dir='ltr'><strong><em>praecaventes.</em></strong></span> 
     </span>
    </p>
   </div>
   <div class='ocr_carea' id='block_1_135' title="bbox 2227 3112 2964 3170">
    <p class='ocr_par' dir='ltr' id='par_1_135' title="bbox 2227 3112 2964 3170">
     <span class='ocr_line' id='line_1_136' title="bbox 2227 3112 2964 3170; baseline -0.004 -2"><span class='ocrx_word' id='word_1_651' title='bbox 2227 3117 2368 3169; x_wconf 90' lang='lat' dir='ltr'><strong><em>Ibid.</em></strong></span> <span class='ocrx_word' id='word_1_652' title='bbox 2446 3117 2654 3170; x_wconf 86' lang='lat' dir='ltr'><strong><em>Necnon</em></strong></span> <span class='ocrx_word' id='word_1_653' title='bbox 2713 3118 2762 3167; x_wconf 88' lang='lat' dir='ltr'><strong><em>et</em></strong></span> <span class='ocrx_word' id='word_1_654' title='bbox 2823 3112 2964 3166; x_wconf 87' lang='lat' dir='ltr'><strong><em>illud</em></strong></span> 
     </span>
    </p>
   </div>
   <div class='ocr_carea' id='block_1_136' title="bbox 2152 3183 2962 3254">
    <p class='ocr_par' dir='ltr' id='par_1_136' title="bbox 2152 3183 2962 3254">
     <span class='ocr_line' id='line_1_137' title="bbox 2152 3183 2962 3254; baseline -0.004 -15"><span class='ocrx_word' id='word_1_655' title='bbox 2152 3186 2296 3254; x_wconf 90' lang='lat' dir='ltr'><strong><em>quod</em></strong></span> <span class='ocrx_word' id='word_1_656' title='bbox 2377 3201 2499 3238; x_wconf 90' lang='lat' dir='ltr'><strong><em>voce</em></strong></span> <span class='ocrx_word' id='word_1_657' title='bbox 2578 3183 2830 3238; x_wconf 86' lang='lat' dir='ltr'><strong><em>veritatis</em></strong></span> <span class='ocrx_word' id='word_1_658' title='bbox 2905 3186 2962 3236; x_wconf 87' lang='lat' dir='ltr'><strong><em>in</em></strong></span> 
     </span>
    </p>
   </div>
   <div class='ocr_carea' id='block_1_137' title="bbox 2157 3257 2851 3323">
    <p class='ocr_par' dir='ltr' id='par_1_137' title="bbox 2157 3257 2851 3323">
     <span class='ocr_line' id='line_1_138' title="bbox 2157 3257 2851 3323; baseline -0.007 -12"><span class='ocrx_word' id='word_1_659' title='bbox 2157 3257 2445 3323; x_wconf 84' lang='lat' dir='ltr'><strong><em>Evangelia</em></strong></span> <span class='ocrx_word' id='word_1_660' title='bbox 2473 3258 2851 3309; x_wconf 87' lang='lat' dir='ltr'><strong><em>comminatur.</em></strong></span> 
     </span>
    </p>
   </div>
   <div class='ocr_carea' id='block_1_138' title="bbox 2225 3325 2963 3393">
    <p class='ocr_par' dir='ltr' id='par_1_138' title="bbox 2225 3325 2963 3393">
     <span class='ocr_line' id='line_1_139' title="bbox 2225 3325 2963 3393; baseline -0.007 -12"><span class='ocrx_word' id='word_1_661' title='bbox 2225 3327 2362 3381; x_wconf 91' lang='lat' dir='ltr'><strong><em>Ibid.</em></strong></span> <span class='ocrx_word' id='word_1_662' title='bbox 2426 3329 2493 3380; x_wconf 89' lang='lat' dir='ltr'><strong><em>Et</em></strong></span> <span class='ocrx_word' id='word_1_663' title='bbox 2551 3328 2646 3393; x_wconf 86' lang='lat' dir='ltr'><strong><em>qui</em></strong></span> <span class='ocrx_word' id='word_1_664' title='bbox 2689 3325 2842 3378; x_wconf 85' lang='lat' dir='ltr'><strong><em>modo</em></strong></span> <span class='ocrx_word' id='word_1_665' title='bbox 2869 3339 2963 3377; x_wconf 88' lang='lat' dir='ltr'><strong><em>nec</em></strong></span> 
     </span>
    </p>
   </div>
   <div class='ocr_carea' id='block_1_139' title="bbox 2150 3395 2958 3463">
    <p class='ocr_par' dir='ltr' id='par_1_139' title="bbox 2150 3395 2958 3463">
     <span class='ocr_line' id='line_1_140' title="bbox 2150 3395 2958 3463; baseline -0.005 -12"><span class='ocrx_word' id='word_1_666' title='bbox 2150 3413 2316 3451; x_wconf 90' lang='lat' dir='ltr'><strong><em>unum</em></strong></span> <span class='ocrx_word' id='word_1_667' title='bbox 2347 3396 2562 3463; x_wconf 88' lang='lat' dir='ltr'><strong><em>quidem</em></strong></span> <span class='ocrx_word' id='word_1_668' title='bbox 2586 3395 2776 3462; x_wconf 81' lang='lat' dir='ltr'><strong><em>suffert</em></strong></span> <span class='ocrx_word' id='word_1_669' title='bbox 2807 3395 2958 3460; x_wconf 86' lang='lat' dir='ltr'><strong><em>digi—</em></strong></span> 
     </span>
    </p>
   </div>
   <div class='ocr_carea' id='block_1_140' title="bbox 2153 3467 2802 3531">
    <p class='ocr_par' dir='ltr' id='par_1_140' title="bbox 2153 3467 2802 3531">
     <span class='ocr_line' id='line_1_141' title="bbox 2153 3467 2802 3531; baseline -0.005 -10"><span class='ocrx_word' id='word_1_670' title='bbox 2153 3475 2263 3521; x_wconf 89' lang='lat' dir='ltr'><strong><em>tum</em></strong></span> <span class='ocrx_word' id='word_1_671' title='bbox 2294 3469 2352 3520; x_wconf 89' lang='lat' dir='ltr'><strong><em>in</em></strong></span> <span class='ocrx_word' id='word_1_672' title='bbox 2381 3469 2556 3531; x_wconf 84' lang='lat' dir='ltr'><strong><em>ignem</em></strong></span> <span class='ocrx_word' id='word_1_673' title='bbox 2576 3467 2802 3518; x_wconf 85' lang='lat' dir='ltr'><strong><em>mittere.</em></strong></span> 
     </span>
    </p>
   </div>
   <div class='ocr_carea' id='block_1_141' title="bbox 2228 3536 2962 3590">
    <p class='ocr_par' dir='ltr' id='par_1_141' title="bbox 2228 3536 2962 3590">
     <span class='ocr_line' id='line_1_142' title="bbox 2228 3536 2962 3590; baseline -0.003 0"><span class='ocrx_word' id='word_1_674' title='bbox 2228 3539 2290 3590; x_wconf 82' lang='lat' dir='ltr'><strong><em>N.</em></strong></span> <span class='ocrx_word' id='word_1_675' title='bbox 2352 3540 2434 3590; x_wconf 84' lang='lat'><strong><em>19.</em></strong></span> <span class='ocrx_word' id='word_1_676' title='bbox 2481 3536 2591 3589; x_wconf 87' lang='lat' dir='ltr'><strong><em>Sed</em></strong></span> <span class='ocrx_word' id='word_1_677' title='bbox 2635 3541 2694 3588; x_wconf 91' lang='lat' dir='ltr'><strong><em>ut</em></strong></span> <span class='ocrx_word' id='word_1_678' title='bbox 2722 3541 2962 3589; x_wconf 89' lang='lat' dir='ltr'><strong><em>reverta-</em></strong></span> 
     </span>
    </p>
   </div>
   <div class='ocr_carea' id='block_1_142' title="bbox 2156 3610 2518 3661">
    <p class='ocr_par' dir='ltr' id='par_1_142' title="bbox 2156 3610 2518 3661">
     <span class='ocr_line' id='line_1_143' title="bbox 2156 3610 2518 3661; baseline 0.003 -3"><span class='ocrx_word' id='word_1_679' title='bbox 2156 3615 2245 3661; x_wconf 82' lang='lat' dir='ltr'><strong><em>tur</em></strong></span> <span class='ocrx_word' id='word_1_680' title='bbox 2273 3612 2322 3661; x_wconf 90' lang='lat' dir='ltr'><strong><em>et</em></strong></span> <span class='ocrx_word' id='word_1_681' title='bbox 2353 3610 2518 3660; x_wconf 81' lang='lat' dir='ltr'><strong><em>vivat.</em></strong></span> 
     </span>
    </p>
   </div>
   <div class='ocr_carea' id='block_1_143' title="bbox 2228 3677 2960 3742">
    <p class='ocr_par' dir='ltr' id='par_1_143' title="bbox 2228 3677 2960 3742">
     <span class='ocr_line' id='line_1_144' title="bbox 2228 3677 2960 3742; baseline -0.003 -11"><span class='ocrx_word' id='word_1_682' title='bbox 2228 3677 2368 3731; x_wconf 90' lang='lat' dir='ltr'><strong><em>Ibid.</em></strong></span> <span class='ocrx_word' id='word_1_683' title='bbox 2422 3677 2650 3742; x_wconf 82' lang='lat' dir='ltr'><strong><em>Quando</em></strong></span> <span class='ocrx_word' id='word_1_684' title='bbox 2678 3691 2960 3730; x_wconf 85' lang='lat' dir='ltr'><strong><em>conversus</em></strong></span> 
     </span>
    </p>
   </div>
   <div class='ocr_carea' id='block_1_144' title="bbox 2153 3748 2854 3814">
    <p class='ocr_par' dir='ltr' id='par_1_144' title="bbox 2153 3748 2854 3814">
     <span class='ocr_line' id='line_1_145' title="bbox 2153 3748 2854 3814; baseline 0.001 -15"><span class='ocrx_word' id='word_1_685' title='bbox 2153 3749 2494 3814; x_wconf 82' lang='lat' dir='ltr'><strong><em>ingemueris,</em></strong></span> <span class='ocrx_word' id='word_1_686' title='bbox 2519 3748 2700 3802; x_wconf 88' lang='lat' dir='ltr'><strong><em>salvus</em></strong></span> <span class='ocrx_word' id='word_1_687' title='bbox 2730 3752 2854 3800; x_wconf 86' lang='lat' dir='ltr'><strong><em>eris.</em></strong></span> 
     </span>
    </p>
   </div>
   <div class='ocr_carea' id='block_1_145' title="bbox 2228 3886 2967 3955">
    <p class='ocr_par' dir='ltr' id='par_1_145' title="bbox 2228 3886 2967 3955">
     <span class='ocr_line' id='line_1_146' title="bbox 2228 3886 2967 3955; baseline -0.001 -14"><span class='ocrx_word' id='word_1_688' title='bbox 2228 3886 2369 3941; x_wconf 91' lang='lat' dir='ltr'><strong><em>Ibid.</em></strong></span> <span class='ocrx_word' id='word_1_689' title='bbox 2406 3888 2513 3951; x_wconf 88' lang='lat' dir='ltr'><strong><em>Qui</em></strong></span> <span class='ocrx_word' id='word_1_690' title='bbox 2552 3888 2796 3941; x_wconf 87' lang='lat' dir='ltr'><strong><em>observat</em></strong></span> <span class='ocrx_word' id='word_1_691' title='bbox 2817 3887 2967 3955; x_wconf 87' lang='lat' dir='ltr'><strong><em>jugi-</em></strong></span> 
     </span>
    </p>
   </div>
   <div class='ocr_carea' id='block_1_146' title="bbox 2158 3961 2602 4026">
    <p class='ocr_par' dir='ltr' id='par_1_146' title="bbox 2158 3961 2602 4026">
     <span class='ocr_line' id='line_1_147' title="bbox 2158 3961 2602 4026; baseline 0 -16"><span class='ocrx_word' id='word_1_692' title='bbox 2158 3964 2237 4012; x_wconf 87' lang='lat' dir='ltr'><strong><em>ter</em></strong></span> <span class='ocrx_word' id='word_1_693' title='bbox 2266 3973 2388 4026; x_wconf 78' lang='lat' dir='ltr'><strong><em>quae</em></strong></span> <span class='ocrx_word' id='word_1_694' title='bbox 2411 3961 2602 4022; x_wconf 87' lang='lat' dir='ltr'><strong><em>egerit.</em></strong></span> 
     </span>
    </p>
   </div>
   <div class='ocr_carea' id='block_1_147' title="bbox 2228 4028 2967 4094">
    <p class='ocr_par' dir='ltr' id='par_1_147' title="bbox 2228 4028 2967 4094">
     <span class='ocr_line' id='line_1_148' title="bbox 2228 4028 2967 4094; baseline -0.001 -13"><span class='ocrx_word' id='word_1_695' title='bbox 2228 4028 2350 4082; x_wconf 87' lang='lat' dir='ltr'><strong><em>Ibid</em></strong></span> <span class='ocrx_word' id='word_1_696' title='bbox 2416 4031 2484 4082; x_wconf 86' lang='lat' dir='ltr'><strong><em>Et</em></strong></span> <span class='ocrx_word' id='word_1_697' title='bbox 2550 4042 2642 4081; x_wconf 85' lang='lat' dir='ltr'><strong><em>vos</em></strong></span> <span class='ocrx_word' id='word_1_698' title='bbox 2706 4041 2848 4094; x_wconf 91' lang='lat' dir='ltr'><strong><em>ergo,</em></strong></span> <span class='ocrx_word' id='word_1_699' title='bbox 2916 4030 2967 4081; x_wconf 90' lang='lat' dir='ltr'><strong><em>si</em></strong></span> 
     </span>
    </p>
   </div>
   <div class='ocr_carea' id='block_1_148' title="bbox 2154 4097 2964 4165">
    <p class='ocr_par' dir='ltr' id='par_1_148' title="bbox 2154 4097 2964 4165">
     <span class='ocr_line' id='line_1_149' title="bbox 2154 4097 2964 4165; baseline -0.001 -13"><span class='ocrx_word' id='word_1_700' title='bbox 2154 4100 2297 4164; x_wconf 87' lang='lat' dir='ltr'><strong><em>forte</em></strong></span> <span class='ocrx_word' id='word_1_701' title='bbox 2315 4100 2631 4165; x_wconf 87' lang='lat' dir='ltr'><strong><em>ignoranter</em></strong></span> <span class='ocrx_word' id='word_1_702' title='bbox 2642 4097 2964 4152; x_wconf 89' lang='lat' dir='ltr'><strong><em>admisistis.</em></strong></span> 
     </span>
    </p>
   </div>
   <div class='ocr_carea' id='block_1_149' title="bbox 2087 4204 2966 4293">
    <p class='ocr_par' dir='ltr' id='par_1_149' title="bbox 2087 4204 2966 4293">
     <span class='ocr_line' id='line_1_150' title="bbox 2087 4204 2966 4293; baseline -0.001 0"><span class='ocrx_word' id='word_1_703' title='bbox 2087 4204 2128 4257; x_wconf 64' lang='grc' dir='ltr'>ῃ</span> <span class='ocrx_word' id='word_1_704' title='bbox 2232 4239 2296 4293; x_wconf 90' lang='grc' dir='ltr'><strong>Ν.</strong></span> <span class='ocrx_word' id='word_1_705' title='bbox 2350 4240 2439 4292; x_wconf 79' lang='lat'><strong><em>20.</em></strong></span> <span class='ocrx_word' id='word_1_706' title='bbox 2500 4239 2801 4293; x_wconf 88' lang='lat' dir='ltr'><strong><em>Sanitatem</em></strong></span> <span class='ocrx_word' id='word_1_707' title='bbox 2861 4253 2966 4292; x_wconf 89' lang='lat' dir='ltr'><strong><em>ser-</em></strong></span> 
     </span>
    </p>
   </div>
   <div class='ocr_carea' id='block_1_150' title="bbox 2155 4311 2602 4363">
    <p class='ocr_par' dir='ltr' id='par_1_150' title="bbox 2155 4311 2602 4363">
     <span class='ocr_line' id='line_1_151' title="bbox 2155 4311 2602 4363; baseline -0.002 0"><span class='ocrx_word' id='word_1_708' title='bbox 2155 4325 2285 4363; x_wconf 78' lang='lat' dir='ltr'><strong><em>vare</em></strong></span> <span class='ocrx_word' id='word_1_709' title='bbox 2309 4325 2412 4363; x_wconf 89' lang='lat' dir='ltr'><strong><em>non</em></strong></span> <span class='ocrx_word' id='word_1_710' title='bbox 2440 4311 2602 4362; x_wconf 88' lang='lat' dir='ltr'><strong><em>valet.</em></strong></span> 
     </span>
    </p>
   </div>
   <div class='ocr_carea' id='block_1_151' title="bbox 2231 4448 2969 4515">
    <p class='ocr_par' dir='ltr' id='par_1_151' title="bbox 2231 4448 2969 4515">
     <span class='ocr_line' id='line_1_152' title="bbox 2231 4448 2969 4515; baseline 0 -13"><span class='ocrx_word' id='word_1_711' title='bbox 2231 4448 2372 4503; x_wconf 90' lang='lat' dir='ltr'><strong><em>Ibid.</em></strong></span> <span class='ocrx_word' id='word_1_712' title='bbox 2427 4450 2567 4504; x_wconf 89' lang='lat' dir='ltr'><strong><em>Nam</em></strong></span> <span class='ocrx_word' id='word_1_713' title='bbox 2624 4463 2969 4515; x_wconf 72' lang='lat' dir='ltr'><strong><em>quaecumque</em></strong></span> 
     </span>
    </p>
   </div>
   <div class='ocr_carea' id='block_1_152' title="bbox 2156 4518 2968 4573">
    <p class='ocr_par' dir='ltr' id='par_1_152' title="bbox 2156 4518 2968 4573">
     <span class='ocr_line' id='line_1_153' title="bbox 2156 4518 2968 4573; baseline -0.001 -2"><span class='ocrx_word' id='word_1_714' title='bbox 2156 4521 2302 4572; x_wconf 88' lang='lat' dir='ltr'><strong><em>mala</em></strong></span> <span class='ocrx_word' id='word_1_715' title='bbox 2330 4533 2440 4573; x_wconf 87' lang='lat' dir='ltr'><strong><em>esse</em></strong></span> <span class='ocrx_word' id='word_1_716' title='bbox 2497 4518 2753 4573; x_wconf 86' lang='lat' dir='ltr'><strong><em>videntur</em></strong></span> <span class='ocrx_word' id='word_1_717' title='bbox 2790 4524 2838 4570; x_wconf 90' lang='lat' dir='ltr'><strong><em>et</em></strong></span> <span class='ocrx_word' id='word_1_718' title='bbox 2871 4533 2968 4571; x_wconf 85' lang='lat' dir='ltr'><strong><em>no-</em></strong></span> 
     </span>
    </p>
   </div>
   <div class='ocr_carea' id='block_1_153' title="bbox 2158 4594 2293 4642">
    <p class='ocr_par' dir='ltr' id='par_1_153' title="bbox 2158 4594 2293 4642">
     <span class='ocr_line' id='line_1_154' title="bbox 2158 4594 2293 4642; baseline -0.007 0"><span class='ocrx_word' id='word_1_719' title='bbox 2158 4594 2293 4642; x_wconf 83' lang='lat' dir='ltr'><strong><em>cent.</em></strong></span> 
     </span>
    </p>
   </div>
   <div class='ocr_carea' id='block_1_154' title="bbox 2229 4658 2972 4727">
    <p class='ocr_par' dir='ltr' id='par_1_154' title="bbox 2229 4658 2972 4727">
     <span class='ocr_line' id='line_1_155' title="bbox 2229 4658 2972 4727; baseline -0.004 -15"><span class='ocrx_word' id='word_1_720' title='bbox 2229 4658 2368 4712; x_wconf 88' lang='lat' dir='ltr'><strong><em>Ibid.</em></strong></span> <span class='ocrx_word' id='word_1_721' title='bbox 2422 4661 2520 4712; x_wconf 84' lang='lat' dir='ltr'><strong><em>Per</em></strong></span> <span class='ocrx_word' id='word_1_722' title='bbox 2565 4674 2725 4726; x_wconf 87' lang='lat' dir='ltr'><strong><em>quam</em></strong></span> <span class='ocrx_word' id='word_1_723' title='bbox 2772 4661 2972 4727; x_wconf 73' lang='lat' dir='ltr'><strong><em>reperi-</em></strong></span> 
     </span>
    </p>
   </div>
   <div class='ocr_carea' id='block_1_155' title="bbox 2159 4729 2753 4783">
    <p class='ocr_par' dir='ltr' id='par_1_155' title="bbox 2159 4729 2753 4783">
     <span class='ocr_line' id='line_1_156' title="bbox 2159 4729 2753 4783; baseline -0.003 0"><span class='ocrx_word' id='word_1_724' title='bbox 2159 4736 2248 4783; x_wconf 88' lang='lat' dir='ltr'><strong><em>tur</em></strong></span> <span class='ocrx_word' id='word_1_725' title='bbox 2274 4735 2474 4783; x_wconf 77' lang='lat' dir='ltr'><strong><em>acterna</em></strong></span> <span class='ocrx_word' id='word_1_726' title='bbox 2503 4729 2753 4782; x_wconf 86' lang='lat' dir='ltr'><strong><em>latitudo.</em></strong></span> 
     </span>
    </p>
   </div>
   <div class='ocr_carea' id='block_1_156' title="bbox 2233 4799 2972 4868">
    <p class='ocr_par' dir='ltr' id='par_1_156' title="bbox 2233 4799 2972 4868">
     <span class='ocr_line' id='line_1_157' title="bbox 2233 4799 2972 4868; baseline -0.001 -16"><span class='ocrx_word' id='word_1_727' title='bbox 2233 4799 2373 4852; x_wconf 88' lang='lat' dir='ltr'><strong><em>Ibid.</em></strong></span> <span class='ocrx_word' id='word_1_728' title='bbox 2434 4801 2510 4854; x_wconf 82' lang='lat' dir='ltr'><strong><em>At</em></strong></span> <span class='ocrx_word' id='word_1_729' title='bbox 2567 4815 2735 4866; x_wconf 90' lang='lat' dir='ltr'><strong><em>quare</em></strong></span> <span class='ocrx_word' id='word_1_730' title='bbox 2755 4814 2972 4868; x_wconf 87' lang='lat' dir='ltr'><strong><em>pauper</em></strong></span> 
     </span>
    </p>
   </div>
   <div class='ocr_carea' id='block_1_157' title="bbox 2160 4870 2580 4936">
    <p class='ocr_par' dir='ltr' id='par_1_157' title="bbox 2160 4870 2580 4936">
     <span class='ocr_line' id='line_1_158' title="bbox 2160 4870 2580 4936; baseline 0 -14"><span class='ocrx_word' id='word_1_731' title='bbox 2160 4870 2449 4936; x_wconf 80' lang='lat' dir='ltr'><strong><em>vobiscum,</em></strong></span> <span class='ocrx_word' id='word_1_732' title='bbox 2475 4875 2580 4922; x_wconf 87' lang='lat' dir='ltr'><strong><em>etc.</em></strong></span> 
     </span>
    </p>
   </div>
   <div class='ocr_carea' id='block_1_158' title="bbox 2231 4940 2967 5008">
    <p class='ocr_par' dir='ltr' id='par_1_158' title="bbox 2231 4940 2967 5008">
     <span class='ocr_line' id='line_1_159' title="bbox 2231 4940 2967 5008; baseline -0.001 -15"><span class='ocrx_word' id='word_1_733' title='bbox 2231 4940 2372 4993; x_wconf 91' lang='lat' dir='ltr'><strong><em>Ibid.</em></strong></span> <span class='ocrx_word' id='word_1_734' title='bbox 2473 4942 2543 4994; x_wconf 88' lang='lat' dir='ltr'><strong><em>Et</em></strong></span> <span class='ocrx_word' id='word_1_735' title='bbox 2641 4940 2967 5008; x_wconf 84' lang='lat' dir='ltr'><strong><em>Apostolus:</em></strong></span> 
     </span>
    </p>
   </div>
   <div class='ocr_carea' id='block_1_159' title="bbox 2165 5012 2861 5078">
    <p class='ocr_par' dir='ltr' id='par_1_159' title="bbox 2165 5012 2861 5078">
     <span class='ocr_line' id='line_1_160' title="bbox 2165 5012 2861 5078; baseline 0 -15"><span class='ocrx_word' id='word_1_736' title='bbox 2165 5013 2507 5078; x_wconf 86' lang='lat' dir='ltr'><strong><em>Deponentes,</em></strong></span> <span class='ocrx_word' id='word_1_737' title='bbox 2529 5012 2731 5077; x_wconf 87' lang='lat' dir='ltr'><strong><em>inquit,</em></strong></span> <span class='ocrx_word' id='word_1_738' title='bbox 2756 5016 2861 5063; x_wconf 85' lang='lat' dir='ltr'><strong><em>etc.</em></strong></span> 
     </span>
    </p>
   </div>
   <div class='ocr_carea' id='block_1_160' title="bbox 2235 5079 2971 5135">
    <p class='ocr_par' dir='ltr' id='par_1_160' title="bbox 2235 5079 2971 5135">
     <span class='ocr_line' id='line_1_161' title="bbox 2235 5079 2971 5135; baseline -0.001 -2"><span class='ocrx_word' id='word_1_739' title='bbox 2235 5079 2298 5134; x_wconf 87' lang='lat' dir='ltr'><strong><em>N.</em></strong></span> <span class='ocrx_word' id='word_1_740' title='bbox 2331 5083 2418 5134; x_wconf 73' lang='grc'><strong><em>24.</em></strong></span> <span class='ocrx_word' id='word_1_741' title='bbox 2455 5081 2522 5135; x_wconf 87' lang='lat' dir='ltr'><strong><em>Ut</em></strong></span> <span class='ocrx_word' id='word_1_742' title='bbox 2551 5095 2668 5133; x_wconf 86' lang='lat' dir='ltr'><strong><em>eum</em></strong></span> <span class='ocrx_word' id='word_1_743' title='bbox 2713 5081 2836 5133; x_wconf 87' lang='lat' dir='ltr'><strong><em>hinc</em></strong></span> <span class='ocrx_word' id='word_1_744' title='bbox 2867 5081 2971 5132; x_wconf 85' lang='lat' dir='ltr'><strong><em>mi-</em></strong></span> 
     </span>
    </p>
   </div>
   <div class='ocr_carea' id='block_1_161' title="bbox 2163 5153 2470 5218">
    <p class='ocr_par' dir='ltr' id='par_1_161' title="bbox 2163 5153 2470 5218">
     <span class='ocr_line' id='line_1_162' title="bbox 2163 5153 2470 5218; baseline 0.01 -17"><span class='ocrx_word' id='word_1_745' title='bbox 2163 5153 2470 5218; x_wconf 84' lang='lat' dir='ltr'><strong><em>graveritis.</em></strong></span> 
     </span>
    </p>
   </div>
   <div class='ocr_carea' id='block_1_162' title="bbox 2237 5221 2976 5289">
    <p class='ocr_par' dir='ltr' id='par_1_162' title="bbox 2237 5221 2976 5289">
     <span class='ocr_line' id='line_1_163' title="bbox 2237 5221 2976 5289; baseline -0.003 -15"><span class='ocrx_word' id='word_1_746' title='bbox 2237 5221 2376 5276; x_wconf 90' lang='lat' dir='ltr'><strong><em>Ibid.</em></strong></span> <span class='ocrx_word' id='word_1_747' title='bbox 2433 5222 2494 5275; x_wconf 87' lang='lat' dir='ltr'><strong><em>Si</em></strong></span> <span class='ocrx_word' id='word_1_748' title='bbox 2562 5222 2706 5285; x_wconf 88' lang='lat' dir='ltr'><strong><em>forte</em></strong></span> <span class='ocrx_word' id='word_1_749' title='bbox 2765 5221 2976 5289; x_wconf 83' lang='lat' dir='ltr'><strong><em>putatis</em></strong></span> 
     </span>
    </p>
   </div>
   <div class='ocr_carea' id='block_1_163' title="bbox 2165 5289 2706 5360">
    <p class='ocr_par' dir='ltr' id='par_1_163' title="bbox 2165 5289 2706 5360">
     <span class='ocr_line' id='line_1_164' title="bbox 2165 5289 2706 5360; baseline -0.004 -16"><span class='ocrx_word' id='word_1_750' title='bbox 2165 5290 2308 5359; x_wconf 90' lang='lat' dir='ltr'><strong><em>quod</em></strong></span> <span class='ocrx_word' id='word_1_751' title='bbox 2337 5289 2466 5360; x_wconf 79' lang='lat' dir='ltr'><strong><em>ﬁnis</em></strong></span> <span class='ocrx_word' id='word_1_752' title='bbox 2497 5290 2706 5344; x_wconf 89' lang='lat' dir='ltr'><strong><em>mundi.</em></strong></span> 
     </span>
    </p>
   </div>
   <div class='ocr_carea' id='block_1_164' title="bbox 2237 5359 2974 5428">
    <p class='ocr_par' dir='ltr' id='par_1_164' title="bbox 2237 5359 2974 5428">
     <span class='ocr_line' id='line_1_165' title="bbox 2237 5359 2974 5428; baseline -0.003 -14"><span class='ocrx_word' id='word_1_753' title='bbox 2237 5359 2375 5414; x_wconf 87' lang='lat' dir='ltr'><strong><em>Ibid.</em></strong></span> <span class='ocrx_word' id='word_1_754' title='bbox 2407 5362 2679 5428; x_wconf 75' lang='lat' dir='ltr'><strong><em>Multaque</em></strong></span> <span class='ocrx_word' id='word_1_755' title='bbox 2736 5361 2793 5412; x_wconf 88' lang='lat' dir='ltr'><strong><em>in</em></strong></span> <span class='ocrx_word' id='word_1_756' title='bbox 2819 5359 2974 5426; x_wconf 90' lang='lat' dir='ltr'><strong><em>longo</em></strong></span> 
     </span>
    </p>
   </div>
   <div class='ocr_carea' id='block_1_165' title="bbox 2169 5431 2969 5500">
    <p class='ocr_par' dir='ltr' id='par_1_165' title="bbox 2169 5431 2969 5500">
     <span class='ocr_line' id='line_1_166' title="bbox 2169 5431 2969 5500; baseline 0.003 -17"><span class='ocrx_word' id='word_1_757' title='bbox 2169 5439 2400 5500; x_wconf 80' lang='lat' dir='ltr'><strong><em>tempore</em></strong></span> <span class='ocrx_word' id='word_1_758' title='bbox 2459 5431 2700 5499; x_wconf 88' lang='lat' dir='ltr'><strong><em>disponit</em></strong></span> <span class='ocrx_word' id='word_1_759' title='bbox 2734 5431 2969 5496; x_wconf 86' lang='lat' dir='ltr'><strong><em>agenda.</em></strong></span> 
     </span>
    </p>
   </div>
   <div class='ocr_carea' id='block_1_166' title="bbox 2242 5571 2970 5642">
    <p class='ocr_par' dir='ltr' id='par_1_166' title="bbox 2242 5571 2970 5642">
     <span class='ocr_line' id='line_1_167' title="bbox 2242 5571 2970 5642; baseline -0.003 -18"><span class='ocrx_word' id='word_1_760' title='bbox 2242 5571 2382 5626; x_wconf 88' lang='lat' dir='ltr'><strong><em>Ibid.</em></strong></span> <span class='ocrx_word' id='word_1_761' title='bbox 2417 5572 2615 5642; x_wconf 88' lang='lat' dir='ltr'><strong><em>Statim</em></strong></span> <span class='ocrx_word' id='word_1_762' title='bbox 2657 5576 2752 5625; x_wconf 90' lang='lat' dir='ltr'><strong><em>aut</em></strong></span> <span class='ocrx_word' id='word_1_763' title='bbox 2779 5572 2837 5625; x_wconf 88' lang='lat' dir='ltr'><strong><em>in</em></strong></span> <span class='ocrx_word' id='word_1_764' title='bbox 2864 5585 2970 5642; x_wconf 85' lang='lat' dir='ltr'><strong><em>pa-</em></strong></span> 
     </span>
    </p>
   </div>
   <div class='ocr_carea' id='block_1_167' title="bbox 2169 5641 2974 5712">
    <p class='ocr_par' dir='ltr' id='par_1_167' title="bbox 2169 5641 2974 5712">
     <span class='ocr_line' id='line_1_168' title="bbox 2169 5641 2974 5712; baseline 0.006 -17"><span class='ocrx_word' id='word_1_765' title='bbox 2169 5643 2356 5696; x_wconf 86' lang='lat' dir='ltr'><strong><em>radiso</em></strong></span> <span class='ocrx_word' id='word_1_766' title='bbox 2416 5657 2516 5712; x_wconf 87' lang='lat' dir='ltr'><strong><em>pro</em></strong></span> <span class='ocrx_word' id='word_1_767' title='bbox 2559 5641 2710 5697; x_wconf 86' lang='lat' dir='ltr'><strong><em>bonis</em></strong></span> <span class='ocrx_word' id='word_1_768' title='bbox 2745 5643 2974 5700; x_wconf 79' lang='lat' dir='ltr'><strong><em>meritis.</em></strong></span> 
     </span>
    </p>
   </div>
   <div class='ocr_carea' id='block_1_168' title="bbox 2172 5717 2560 5775">
    <p class='ocr_par' dir='ltr' id='par_1_168' title="bbox 2172 5717 2560 5775">
     <span class='ocr_line' id='line_1_169' title="bbox 2172 5717 2560 5775; baseline 0.003 -9"><span class='ocrx_word' id='word_1_769' title='bbox 2172 5717 2270 5768; x_wconf 87' lang='lat' dir='ltr'><strong><em>aut</em></strong></span> <span class='ocrx_word' id='word_1_770' title='bbox 2281 5717 2432 5775; x_wconf 83' lang='lat' dir='ltr'><strong><em>certe,</em></strong></span> <span class='ocrx_word' id='word_1_771' title='bbox 2455 5717 2560 5768; x_wconf 87' lang='lat' dir='ltr'><strong><em>etc.</em></strong></span> 
     </span>
    </p>
   </div>
   <div class='ocr_carea' id='block_1_169' title="bbox 3419 832 3838 893">
    <p class='ocr_par' dir='ltr' id='par_1_169' title="bbox 3419 832 3838 893">
     <span class='ocr_line' id='line_1_170' title="bbox 3419 832 3838 893; baseline 0.002 -8"><span class='ocrx_word' id='word_1_772' title='bbox 3419 833 3546 889; x_wconf 86' lang='lat' dir='ltr'><strong><em>cod.</em></strong></span> <span class='ocrx_word' id='word_1_773' title='bbox 3605 849 3672 893; x_wconf 78' lang='lat' dir='ltr'><strong><em>IV,</em></strong></span> <span class='ocrx_word' id='word_1_774' title='bbox 3737 832 3838 887; x_wconf 82' lang='lat' dir='ltr'><strong><em>fol.</em></strong></span> 
     </span>
    </p>
   </div>
   <div class='ocr_carea' id='block_1_170' title="bbox 3094 1009 3838 1072">
    <p class='ocr_par' dir='ltr' id='par_1_170' title="bbox 3094 1009 3838 1072">
     <span class='ocr_line' id='line_1_171' title="bbox 3094 1009 3838 1072; baseline -0.007 -10"><span class='ocrx_word' id='word_1_775' title='bbox 3094 1010 3228 1062; x_wconf 74' lang='lat' dir='ltr'><strong><em>Cod.</em></strong></span> <span class='ocrx_word' id='word_1_776' title='bbox 3283 1009 3427 1062; x_wconf 87' lang='lat' dir='ltr'><strong><em>Dum</em></strong></span> <span class='ocrx_word' id='word_1_777' title='bbox 3477 1015 3553 1060; x_wconf 87' lang='lat' dir='ltr'><strong><em>est</em></strong></span> <span class='ocrx_word' id='word_1_778' title='bbox 3596 1009 3838 1072; x_wconf 82' lang='lat' dir='ltr'><strong><em>licentia,</em></strong></span> 
     </span>
    </p>
   </div>
   <div class='ocr_carea' id='block_1_171' title="bbox 3019 1082 3234 1148">
    <p class='ocr_par' dir='ltr' id='par_1_171' title="bbox 3019 1082 3234 1148">
     <span class='ocr_line' id='line_1_172' title="bbox 3019 1082 3234 1148; baseline 0.005 -17"><span class='ocrx_word' id='word_1_779' title='bbox 3019 1082 3234 1148; x_wconf 67' lang='lat' dir='ltr'><strong><em>poenite.</em></strong></span> 
     </span>
    </p>
   </div>
   <div class='ocr_carea' id='block_1_172' title="bbox 3095 1146 3839 1213">
    <p class='ocr_par' dir='ltr' id='par_1_172' title="bbox 3095 1146 3839 1213">
     <span class='ocr_line' id='line_1_173' title="bbox 3095 1146 3839 1213; baseline -0.005 -10"><span class='ocrx_word' id='word_1_780' title='bbox 3095 1150 3173 1203; x_wconf 93' lang='lat' dir='ltr'><strong><em>Id.</em></strong></span> <span class='ocrx_word' id='word_1_781' title='bbox 3242 1150 3386 1213; x_wconf 86' lang='lat' dir='ltr'><strong><em>Quia</em></strong></span> <span class='ocrx_word' id='word_1_782' title='bbox 3441 1146 3595 1201; x_wconf 86' lang='lat' dir='ltr'><strong><em>nulla</em></strong></span> <span class='ocrx_word' id='word_1_783' title='bbox 3621 1155 3701 1202; x_wconf 86' lang='lat' dir='ltr'><strong><em>est</em></strong></span> <span class='ocrx_word' id='word_1_784' title='bbox 3723 1153 3839 1201; x_wconf 87' lang='lat' dir='ltr'><strong><em>tam</em></strong></span> 
     </span>
    </p>
   </div>
   <div class='ocr_carea' id='block_1_173' title="bbox 3018 1221 3433 1286">
    <p class='ocr_par' dir='ltr' id='par_1_173' title="bbox 3018 1221 3433 1286">
     <span class='ocr_line' id='line_1_174' title="bbox 3018 1221 3433 1286; baseline -0.007 -14"><span class='ocrx_word' id='word_1_785' title='bbox 3018 1222 3204 1286; x_wconf 77' lang='lat' dir='ltr'><strong><em>gravis</em></strong></span> <span class='ocrx_word' id='word_1_786' title='bbox 3249 1221 3409 1286; x_wconf 82' lang='lat' dir='ltr'><strong><em>culpa</em></strong></span> <span class='ocrx_word' id='word_1_787' title='bbox 3428 1265 3433 1269; x_wconf 90' lang='lat'><strong><em>.</em></strong></span> 
     </span>
    </p>
   </div>
   <div class='ocr_carea' id='block_1_174' title="bbox 3090 1289 3840 1357">
    <p class='ocr_par' dir='ltr' id='par_1_174' title="bbox 3090 1289 3840 1357">
     <span class='ocr_line' id='line_1_175' title="bbox 3090 1289 3840 1357; baseline -0.004 -14"><span class='ocrx_word' id='word_1_788' title='bbox 3090 1290 3173 1343; x_wconf 91' lang='lat' dir='ltr'><strong><em>Id.</em></strong></span> <span class='ocrx_word' id='word_1_789' title='bbox 3249 1291 3630 1357; x_wconf 85' lang='lat' dir='ltr'><strong><em>Unusquisque</em></strong></span> <span class='ocrx_word' id='word_1_790' title='bbox 3668 1289 3840 1356; x_wconf 87' lang='lat' dir='ltr'><strong><em>quod-</em></strong></span> 
     </span>
    </p>
   </div>
   <div class='ocr_carea' id='block_1_175' title="bbox 3019 1362 3843 1427">
    <p class='ocr_par' dir='ltr' id='par_1_175' title="bbox 3019 1362 3843 1427">
     <span class='ocr_line' id='line_1_176' title="bbox 3019 1362 3843 1427; baseline -0.001 -16"><span class='ocrx_word' id='word_1_791' title='bbox 3019 1375 3246 1427; x_wconf 85' lang='lat' dir='ltr'><strong><em>cumque</em></strong></span> <span class='ocrx_word' id='word_1_792' title='bbox 3269 1363 3463 1423; x_wconf 77' lang='lat' dir='ltr'><strong><em>fecerit</em></strong></span> <span class='ocrx_word' id='word_1_793' title='bbox 3496 1362 3713 1426; x_wconf 88' lang='lat' dir='ltr'><strong><em>bonum,</em></strong></span> <span class='ocrx_word' id='word_1_794' title='bbox 3747 1365 3843 1410; x_wconf 81' lang='lat' dir='ltr'><strong><em>hoc</em></strong></span> 
     </span>
    </p>
   </div>
   <div class='ocr_carea' id='block_1_176' title="bbox 3019 1432 3501 1496">
    <p class='ocr_par' dir='ltr' id='par_1_176' title="bbox 3019 1432 3501 1496">
     <span class='ocr_line' id='line_1_177' title="bbox 3019 1432 3501 1496; baseline 0 -14"><span class='ocrx_word' id='word_1_795' title='bbox 3019 1434 3158 1496; x_wconf 76' lang='lat' dir='ltr'><strong><em>feret</em></strong></span> <span class='ocrx_word' id='word_1_796' title='bbox 3191 1447 3223 1482; x_wconf 91' lang='lat' dir='ltr'><strong><em>a</em></strong></span> <span class='ocrx_word' id='word_1_797' title='bbox 3257 1432 3501 1483; x_wconf 86' lang='lat' dir='ltr'><strong><em>Domino.</em></strong></span> 
     </span>
    </p>
   </div>
   <div class='ocr_carea' id='block_1_177' title="bbox 3094 1500 3843 1554">
    <p class='ocr_par' dir='ltr' id='par_1_177' title="bbox 3094 1500 3843 1554">
     <span class='ocr_line' id='line_1_178' title="bbox 3094 1500 3843 1554; baseline -0.005 0"><span class='ocrx_word' id='word_1_798' title='bbox 3094 1501 3183 1554; x_wconf 91' lang='lat' dir='ltr'><strong><em>Id.</em></strong></span> <span class='ocrx_word' id='word_1_799' title='bbox 3254 1501 3375 1553; x_wconf 67' lang='lat' dir='ltr'><strong><em>Haec</em></strong></span> <span class='ocrx_word' id='word_1_800' title='bbox 3445 1506 3492 1551; x_wconf 90' lang='lat' dir='ltr'><strong><em>te</em></strong></span> <span class='ocrx_word' id='word_1_801' title='bbox 3523 1500 3843 1554; x_wconf 84' lang='lat' dir='ltr'><strong><em>Christiana</em></strong></span> 
     </span>
    </p>
   </div>
   <div class='ocr_carea' id='block_1_178' title="bbox 3016 1575 3584 1640">
    <p class='ocr_par' dir='ltr' id='par_1_178' title="bbox 3016 1575 3584 1640">
     <span class='ocr_line' id='line_1_179' title="bbox 3016 1575 3584 1640; baseline -0.004 -17"><span class='ocrx_word' id='word_1_802' title='bbox 3016 1575 3296 1640; x_wconf 65' lang='lat' dir='ltr'><strong><em>praecepta</em></strong></span> <span class='ocrx_word' id='word_1_803' title='bbox 3324 1575 3584 1622; x_wconf 86' lang='lat' dir='ltr'><strong><em>revocent.</em></strong></span> 
     </span>
    </p>
   </div>
   <div class='ocr_carea' id='block_1_179' title="bbox 3099 1641 3842 1706">
    <p class='ocr_par' dir='ltr' id='par_1_179' title="bbox 3099 1641 3842 1706">
     <span class='ocr_line' id='line_1_180' title="bbox 3099 1641 3842 1706; baseline -0.007 -12"><span class='ocrx_word' id='word_1_804' title='bbox 3099 1641 3176 1694; x_wconf 89' lang='lat' dir='ltr'><strong><em>Id.</em></strong></span> <span class='ocrx_word' id='word_1_805' title='bbox 3248 1641 3346 1692; x_wconf 75' lang='lat' dir='ltr'><strong><em>Vir</em></strong></span> <span class='ocrx_word' id='word_1_806' title='bbox 3413 1641 3687 1706; x_wconf 87' lang='lat' dir='ltr'><strong><em>linguosus</em></strong></span> <span class='ocrx_word' id='word_1_807' title='bbox 3735 1655 3842 1690; x_wconf 81' lang='lat' dir='ltr'><strong><em>non</em></strong></span> 
     </span>
    </p>
   </div>
   <div class='ocr_carea' id='block_1_180' title="bbox 3027 1711 3727 1777">
    <p class='ocr_par' dir='ltr' id='par_1_180' title="bbox 3027 1711 3727 1777">
     <span class='ocr_line' id='line_1_181' title="bbox 3027 1711 3727 1777; baseline -0.004 -14"><span class='ocrx_word' id='word_1_808' title='bbox 3027 1711 3300 1777; x_wconf 86' lang='lat' dir='ltr'><strong><em>dirigetur</em></strong></span> <span class='ocrx_word' id='word_1_809' title='bbox 3319 1725 3482 1777; x_wconf 85' lang='lat' dir='ltr'><strong><em>super</em></strong></span> <span class='ocrx_word' id='word_1_810' title='bbox 3508 1716 3727 1763; x_wconf 76' lang='lat' dir='ltr'><strong><em>terram.</em></strong></span> 
     </span>
    </p>
   </div>
   <div class='ocr_carea' id='block_1_181' title="bbox 3104 1782 3840 1833">
    <p class='ocr_par' dir='ltr' id='par_1_181' title="bbox 3104 1782 3840 1833">
     <span class='ocr_line' id='line_1_182' title="bbox 3104 1782 3840 1833; baseline -0.003 -1"><span class='ocrx_word' id='word_1_811' title='bbox 3104 1782 3179 1832; x_wconf 85' lang='lat' dir='ltr'><strong><em>Id.</em></strong></span> <span class='ocrx_word' id='word_1_812' title='bbox 3213 1783 3277 1833; x_wconf 89' lang='lat' dir='ltr'><strong><em>Et</em></strong></span> <span class='ocrx_word' id='word_1_813' title='bbox 3307 1782 3508 1832; x_wconf 84' lang='lat' dir='ltr'><strong><em>sonabo</em></strong></span> <span class='ocrx_word' id='word_1_814' title='bbox 3536 1782 3840 1832; x_wconf 73' lang='lat' dir='ltr'><strong><em>eversiones</em></strong></span> 
     </span>
    </p>
   </div>
   <div class='ocr_carea' id='block_1_182' title="bbox 3027 1850 3830 1903">
    <p class='ocr_par' dir='ltr' id='par_1_182' title="bbox 3027 1850 3830 1903">
     <span class='ocr_line' id='line_1_183' title="bbox 3027 1850 3830 1903; baseline 0 -2"><span class='ocrx_word' id='word_1_815' title='bbox 3027 1855 3251 1903; x_wconf 82' lang='lat' dir='ltr'><strong><em>vestras.</em></strong></span> <span class='ocrx_word' id='word_1_816' title='bbox 3298 1851 3418 1903; x_wconf 78' lang='lat' dir='ltr'><strong><em>Vid.</em></strong></span> <span class='ocrx_word' id='word_1_817' title='bbox 3471 1866 3585 1903; x_wconf 78' lang='lat' dir='ltr'><strong><em>var.</em></strong></span> <span class='ocrx_word' id='word_1_818' title='bbox 3650 1850 3830 1902; x_wconf 70' lang='lat' dir='ltr'><strong><em>litant.</em></strong></span> 
     </span>
    </p>
   </div>
   <div class='ocr_carea' id='block_1_183' title="bbox 3101 1919 3842 1988">
    <p class='ocr_par' dir='ltr' id='par_1_183' title="bbox 3101 1919 3842 1988">
     <span class='ocr_line' id='line_1_184' title="bbox 3101 1919 3842 1988; baseline -0.003 -15"><span class='ocrx_word' id='word_1_819' title='bbox 3101 1921 3184 1973; x_wconf 90' lang='lat' dir='ltr'><strong><em>Id.</em></strong></span> <span class='ocrx_word' id='word_1_820' title='bbox 3241 1920 3346 1974; x_wconf 81' lang='lat' dir='ltr'><strong><em>Sed</em></strong></span> <span class='ocrx_word' id='word_1_821' title='bbox 3407 1926 3710 1988; x_wconf 83' lang='lat' dir='ltr'><strong><em>peccatores</em></strong></span> <span class='ocrx_word' id='word_1_822' title='bbox 3767 1919 3842 1972; x_wconf 89' lang='lat' dir='ltr'><strong><em>ad</em></strong></span> 
     </span>
    </p>
   </div>
   <div class='ocr_carea' id='block_1_184' title="bbox 3025 1992 3423 2058">
    <p class='ocr_par' dir='ltr' id='par_1_184' title="bbox 3025 1992 3423 2058">
     <span class='ocr_line' id='line_1_185' title="bbox 3025 1992 3423 2058; baseline 0.003 -15"><span class='ocrx_word' id='word_1_823' title='bbox 3025 1992 3394 2058; x_wconf 72' lang='lat' dir='ltr'><strong><em>pmm’tentiam</em></strong></span> <span class='ocrx_word' id='word_1_824' title='bbox 3409 2031 3423 2044; x_wconf 94' lang='lat'><strong><em>.</em></strong></span> 
     </span>
    </p>
   </div>
   <div class='ocr_carea' id='block_1_185' title="bbox 3102 2060 3839 2127">
    <p class='ocr_par' dir='ltr' id='par_1_185' title="bbox 3102 2060 3839 2127">
     <span class='ocr_line' id='line_1_186' title="bbox 3102 2060 3839 2127; baseline -0.003 -14"><span class='ocrx_word' id='word_1_825' title='bbox 3102 2061 3182 2114; x_wconf 89' lang='lat' dir='ltr'><strong><em>Id.</em></strong></span> <span class='ocrx_word' id='word_1_826' title='bbox 3218 2061 3366 2123; x_wconf 86' lang='lat' dir='ltr'><strong><em>Quid</em></strong></span> <span class='ocrx_word' id='word_1_827' title='bbox 3387 2060 3462 2113; x_wconf 89' lang='lat' dir='ltr'><strong><em>ad</em></strong></span> <span class='ocrx_word' id='word_1_828' title='bbox 3503 2061 3610 2112; x_wconf 60' lang='lat' dir='ltr'><strong><em>hec</em></strong></span> <span class='ocrx_word' id='word_1_829' title='bbox 3625 2074 3839 2127; x_wconf 82' lang='lat' dir='ltr'><strong><em>respon-</em></strong></span> 
     </span>
    </p>
   </div>
   <div class='ocr_carea' id='block_1_186' title="bbox 3030 2130 3770 2197">
    <p class='ocr_par' dir='ltr' id='par_1_186' title="bbox 3030 2130 3770 2197">
     <span class='ocr_line' id='line_1_187' title="bbox 3030 2130 3770 2197; baseline -0.003 -13"><span class='ocrx_word' id='word_1_830' title='bbox 3030 2131 3141 2191; x_wconf 88' lang='lat' dir='ltr'><strong><em>des,</em></strong></span> <span class='ocrx_word' id='word_1_831' title='bbox 3169 2133 3406 2184; x_wconf 89' lang='lat' dir='ltr'><strong><em>humana</em></strong></span> <span class='ocrx_word' id='word_1_832' title='bbox 3435 2133 3718 2197; x_wconf 86' lang='lat' dir='ltr'><strong><em>fragilitas</em></strong></span> <span class='ocrx_word' id='word_1_833' title='bbox 3741 2130 3770 2182; x_wconf 88' lang='lat'><strong>?</strong></span> 
     </span>
    </p>
   </div>
   <div class='ocr_carea' id='block_1_187' title="bbox 3107 2201 3838 2268">
    <p class='ocr_par' dir='ltr' id='par_1_187' title="bbox 3107 2201 3838 2268">
     <span class='ocr_line' id='line_1_188' title="bbox 3107 2201 3838 2268; baseline -0.003 -15"><span class='ocrx_word' id='word_1_834' title='bbox 3107 2201 3181 2254; x_wconf 92' lang='lat' dir='ltr'><strong><em>Id.</em></strong></span> <span class='ocrx_word' id='word_1_835' title='bbox 3243 2203 3423 2268; x_wconf 88' lang='lat' dir='ltr'><strong><em>Neque</em></strong></span> <span class='ocrx_word' id='word_1_836' title='bbox 3473 2201 3678 2253; x_wconf 75' lang='lat' dir='ltr'><strong><em>divitiae</em></strong></span> <span class='ocrx_word' id='word_1_837' title='bbox 3702 2215 3838 2267; x_wconf 87' lang='lat' dir='ltr'><strong><em>quas</em></strong></span> 
     </span>
    </p>
   </div>
   <div class='ocr_carea' id='block_1_188' title="bbox 3032 2271 3830 2338">
    <p class='ocr_par' dir='ltr' id='par_1_188' title="bbox 3032 2271 3830 2338">
     <span class='ocr_line' id='line_1_189' title="bbox 3032 2271 3830 2338; baseline -0.001 -14"><span class='ocrx_word' id='word_1_838' title='bbox 3032 2287 3172 2324; x_wconf 88' lang='lat' dir='ltr'><strong><em>nunc</em></strong></span> <span class='ocrx_word' id='word_1_839' title='bbox 3227 2274 3283 2323; x_wconf 89' lang='lat' dir='ltr'><strong><em>in</em></strong></span> <span class='ocrx_word' id='word_1_840' title='bbox 3336 2273 3553 2338; x_wconf 90' lang='lat' dir='ltr'><strong><em>angulis</em></strong></span> <span class='ocrx_word' id='word_1_841' title='bbox 3616 2271 3830 2323; x_wconf 88' lang='lat' dir='ltr'><strong><em>abscon-</em></strong></span> 
     </span>
    </p>
   </div>
   <div class='ocr_carea' id='block_1_189' title="bbox 3033 2342 3184 2394">
    <p class='ocr_par' dir='ltr' id='par_1_189' title="bbox 3033 2342 3184 2394">
     <span class='ocr_line' id='line_1_190' title="bbox 3033 2342 3184 2394; baseline 0.007 -2"><span class='ocrx_word' id='word_1_842' title='bbox 3033 2342 3184 2394; x_wconf 85' lang='lat' dir='ltr'><strong><em>ditis.</em></strong></span> 
     </span>
    </p>
   </div>
   <div class='ocr_carea' id='block_1_190' title="bbox 3107 2411 3836 2479">
    <p class='ocr_par' dir='ltr' id='par_1_190' title="bbox 3107 2411 3836 2479">
     <span class='ocr_line' id='line_1_191' title="bbox 3107 2411 3836 2479; baseline -0.004 -15"><span class='ocrx_word' id='word_1_843' title='bbox 3107 2413 3185 2464; x_wconf 88' lang='lat' dir='ltr'><strong><em>Id.</em></strong></span> <span class='ocrx_word' id='word_1_844' title='bbox 3249 2413 3318 2464; x_wconf 89' lang='lat' dir='ltr'><strong><em>Et</em></strong></span> <span class='ocrx_word' id='word_1_845' title='bbox 3365 2412 3635 2479; x_wconf 85' lang='lat' dir='ltr'><strong><em>pupillum</em></strong></span> <span class='ocrx_word' id='word_1_846' title='bbox 3665 2417 3713 2462; x_wconf 83' lang='lat' dir='ltr'><strong><em>et</em></strong></span> <span class='ocrx_word' id='word_1_847' title='bbox 3745 2411 3836 2462; x_wconf 85' lang='lat' dir='ltr'><strong><em>ad-</em></strong></span> 
     </span>
    </p>
   </div>
   <div class='ocr_carea' id='block_1_191' title="bbox 3033 2483 3828 2535">
    <p class='ocr_par' dir='ltr' id='par_1_191' title="bbox 3033 2483 3828 2535">
     <span class='ocr_line' id='line_1_192' title="bbox 3033 2483 3828 2535; baseline -0.005 0"><span class='ocrx_word' id='word_1_848' title='bbox 3033 2497 3222 2535; x_wconf 79' lang='lat' dir='ltr'><strong><em>venam</em></strong></span> <span class='ocrx_word' id='word_1_849' title='bbox 3269 2483 3434 2534; x_wconf 79' lang='lat' dir='ltr'><strong><em>nolite</em></strong></span> <span class='ocrx_word' id='word_1_850' title='bbox 3462 2483 3609 2533; x_wconf 34' lang='lat' dir='ltr'><strong><em>cond!</em></strong></span> <span class='ocrx_word' id='word_1_851' title='bbox 3627 2496 3828 2533; x_wconf 87' lang='lat' dir='ltr'><strong><em>mnare.</em></strong></span> 
     </span>
    </p>
   </div>
   <div class='ocr_carea' id='block_1_192' title="bbox 3110 2552 3835 2616">
    <p class='ocr_par' dir='ltr' id='par_1_192' title="bbox 3110 2552 3835 2616">
     <span class='ocr_line' id='line_1_193' title="bbox 3110 2552 3835 2616; baseline -0.003 -11"><span class='ocrx_word' id='word_1_852' title='bbox 3110 2553 3188 2605; x_wconf 88' lang='lat' dir='ltr'><strong><em>Id.</em></strong></span> <span class='ocrx_word' id='word_1_853' title='bbox 3231 2553 3299 2606; x_wconf 85' lang='lat' dir='ltr'><strong><em>Et</em></strong></span> <span class='ocrx_word' id='word_1_854' title='bbox 3323 2552 3388 2603; x_wconf 87' lang='lat' dir='ltr'><strong><em>de</em></strong></span> <span class='ocrx_word' id='word_1_855' title='bbox 3426 2552 3835 2616; x_wconf 81' lang='lat' dir='ltr'><strong><em>cogitationibus</em></strong></span> 
     </span>
    </p>
   </div>
   <div class='ocr_carea' id='block_1_193' title="bbox 3033 2621 3450 2689">
    <p class='ocr_par' dir='ltr' id='par_1_193' title="bbox 3033 2621 3450 2689">
     <span class='ocr_line' id='line_1_194' title="bbox 3033 2621 3450 2689; baseline -0.002 -14"><span class='ocrx_word' id='word_1_856' title='bbox 3033 2623 3195 2675; x_wconf 87' lang='lat' dir='ltr'><strong><em>malis</em></strong></span> <span class='ocrx_word' id='word_1_857' title='bbox 3213 2621 3450 2689; x_wconf 89' lang='lat' dir='ltr'><strong><em>judicat.</em></strong></span> 
     </span>
    </p>
   </div>
   <div class='ocr_carea' id='block_1_194' title="bbox 3103 2691 3842 2759">
    <p class='ocr_par' dir='ltr' id='par_1_194' title="bbox 3103 2691 3842 2759">
     <span class='ocr_line' id='line_1_195' title="bbox 3103 2691 3842 2759; baseline -0.001 -14"><span class='ocrx_word' id='word_1_858' title='bbox 3103 2693 3160 2746; x_wconf 91' lang='lat' dir='ltr'><strong><em>Id</em></strong></span> <span class='ocrx_word' id='word_1_859' title='bbox 3219 2695 3361 2750; x_wconf 85' lang='lat' dir='ltr'><strong><em>Dico.</em></strong></span> <span class='ocrx_word' id='word_1_860' title='bbox 3436 2695 3637 2759; x_wconf 74' lang='lat' dir='ltr'><strong><em>inquit,</em></strong></span> <span class='ocrx_word' id='word_1_861' title='bbox 3695 2691 3842 2744; x_wconf 84' lang='lat' dir='ltr'><strong><em>vobis</em></strong></span> 
     </span>
    </p>
   </div>
   <div class='ocr_carea' id='block_1_195' title="bbox 3031 2763 3844 2830">
    <p class='ocr_par' dir='ltr' id='par_1_195' title="bbox 3031 2763 3844 2830">
     <span class='ocr_line' id='line_1_196' title="bbox 3031 2763 3844 2830; baseline -0.004 -14"><span class='ocrx_word' id='word_1_862' title='bbox 3031 2777 3136 2816; x_wconf 89' lang='lat' dir='ltr'><strong><em>non</em></strong></span> <span class='ocrx_word' id='word_1_863' title='bbox 3175 2763 3370 2830; x_wconf 87' lang='lat' dir='ltr'><strong><em>jurare</em></strong></span> <span class='ocrx_word' id='word_1_864' title='bbox 3411 2765 3643 2823; x_wconf 76' lang='lat' dir='ltr'><strong><em>omnino,</em></strong></span> <span class='ocrx_word' id='word_1_865' title='bbox 3676 2777 3844 2828; x_wconf 83' lang='lat' dir='ltr'><strong><em>neque</em></strong></span> 
     </span>
    </p>
   </div>
   <div class='ocr_carea' id='block_1_196' title="bbox 3025 2835 3836 2900">
    <p class='ocr_par' dir='ltr' id='par_1_196' title="bbox 3025 2835 3836 2900">
     <span class='ocr_line' id='line_1_197' title="bbox 3025 2835 3836 2900; baseline -0.005 -14"><span class='ocrx_word' id='word_1_866' title='bbox 3025 2848 3126 2900; x_wconf 88' lang='lat' dir='ltr'><strong><em>per</em></strong></span> <span class='ocrx_word' id='word_1_867' title='bbox 3154 2835 3358 2896; x_wconf 68' lang='lat' dir='ltr'><strong><em>calum,</em></strong></span> <span class='ocrx_word' id='word_1_868' title='bbox 3389 2847 3556 2900; x_wconf 86' lang='lat' dir='ltr'><strong><em>neque</em></strong></span> <span class='ocrx_word' id='word_1_869' title='bbox 3597 2847 3698 2900; x_wconf 85' lang='lat' dir='ltr'><strong><em>per</em></strong></span> <span class='ocrx_word' id='word_1_870' title='bbox 3729 2839 3836 2883; x_wconf 74' lang='lat' dir='ltr'><strong><em>ter-</em></strong></span> 
     </span>
    </p>
   </div>
   <div class='ocr_carea' id='block_1_197' title="bbox 3028 2918 3171 2956">
    <p class='ocr_par' dir='ltr' id='par_1_197' title="bbox 3028 2918 3171 2956">
     <span class='ocr_line' id='line_1_198' title="bbox 3028 2918 3171 2956; baseline 0.007 -1"><span class='ocrx_word' id='word_1_871' title='bbox 3028 2918 3171 2956; x_wconf 89' lang='lat' dir='ltr'><strong><em>ram.</em></strong></span> 
     </span>
    </p>
   </div>
   <div class='ocr_carea' id='block_1_198' title="bbox 3103 2971 3842 3026">
    <p class='ocr_par' dir='ltr' id='par_1_198' title="bbox 3103 2971 3842 3026">
     <span class='ocr_line' id='line_1_199' title="bbox 3103 2971 3842 3026; baseline -0.003 0"><span class='ocrx_word' id='word_1_872' title='bbox 3103 2973 3182 3026; x_wconf 90' lang='lat' dir='ltr'><strong><em>Id.</em></strong></span> <span class='ocrx_word' id='word_1_873' title='bbox 3216 2971 3361 3026; x_wconf 87' lang='lat' dir='ltr'><strong><em>Illud</em></strong></span> <span class='ocrx_word' id='word_1_874' title='bbox 3387 2973 3631 3026; x_wconf 90' lang='lat' dir='ltr'><strong><em>omnibus</em></strong></span> <span class='ocrx_word' id='word_1_875' title='bbox 3669 2971 3842 3024; x_wconf 88' lang='lat' dir='ltr'><strong><em>modis</em></strong></span> 
     </span>
    </p>
   </div>
   <div class='ocr_carea' id='block_1_199' title="bbox 3024 3048 3400 3111">
    <p class='ocr_par' dir='ltr' id='par_1_199' title="bbox 3024 3048 3400 3111">
     <span class='ocr_line' id='line_1_200' title="bbox 3024 3048 3400 3111; baseline -0.005 -15"><span class='ocrx_word' id='word_1_876' title='bbox 3024 3048 3400 3111; x_wconf 62' lang='lat' dir='ltr'><strong><em>precaventes.</em></strong></span> 
     </span>
    </p>
   </div>
   <div class='ocr_carea' id='block_1_200' title="bbox 3121 3111 3848 3180">
    <p class='ocr_par' dir='ltr' id='par_1_200' title="bbox 3121 3111 3848 3180">
     <span class='ocr_line' id='line_1_201' title="bbox 3121 3111 3848 3180; baseline -0.001 -14"><span class='ocrx_word' id='word_1_877' title='bbox 3121 3114 3197 3166; x_wconf 92' lang='lat' dir='ltr'><strong><em>Id.</em></strong></span> <span class='ocrx_word' id='word_1_878' title='bbox 3232 3115 3445 3168; x_wconf 79' lang='lat' dir='ltr'><strong><em>Necnon</em></strong></span> <span class='ocrx_word' id='word_1_879' title='bbox 3474 3117 3524 3165; x_wconf 89' lang='lat' dir='ltr'><strong><em>et</em></strong></span> <span class='ocrx_word' id='word_1_880' title='bbox 3541 3111 3678 3165; x_wconf 86' lang='lat' dir='ltr'><strong><em>illud</em></strong></span> <span class='ocrx_word' id='word_1_881' title='bbox 3703 3112 3848 3180; x_wconf 88' lang='lat' dir='ltr'><strong><em>quod</em></strong></span> 
     </span>
    </p>
   </div>
   <div class='ocr_carea' id='block_1_201' title="bbox 3035 3183 3845 3248">
    <p class='ocr_par' dir='ltr' id='par_1_201' title="bbox 3035 3183 3845 3248">
     <span class='ocr_line' id='line_1_202' title="bbox 3035 3183 3845 3248; baseline 0 -12"><span class='ocrx_word' id='word_1_882' title='bbox 3035 3199 3141 3237; x_wconf 70' lang='lat' dir='ltr'><strong><em>vos:</em></strong></span> <span class='ocrx_word' id='word_1_883' title='bbox 3165 3185 3413 3236; x_wconf 86' lang='lat' dir='ltr'><strong><em>veritatis</em></strong></span> <span class='ocrx_word' id='word_1_884' title='bbox 3461 3186 3518 3235; x_wconf 83' lang='lat' dir='ltr'><strong><em>in</em></strong></span> <span class='ocrx_word' id='word_1_885' title='bbox 3540 3183 3845 3248; x_wconf 83' lang='lat' dir='ltr'><strong><em>Evangelia</em></strong></span> 
     </span>
    </p>
   </div>
   <div class='ocr_carea' id='block_1_202' title="bbox 3036 3256 3417 3308">
    <p class='ocr_par' dir='ltr' id='par_1_202' title="bbox 3036 3256 3417 3308">
     <span class='ocr_line' id='line_1_203' title="bbox 3036 3256 3417 3308; baseline -0.003 -1"><span class='ocrx_word' id='word_1_886' title='bbox 3036 3256 3417 3308; x_wconf 82' lang='lat' dir='ltr'><strong><em>comminatur.</em></strong></span> 
     </span>
    </p>
   </div>
   <div class='ocr_carea' id='block_1_203' title="bbox 3107 3323 3847 3391">
    <p class='ocr_par' dir='ltr' id='par_1_203' title="bbox 3107 3323 3847 3391">
     <span class='ocr_line' id='line_1_204' title="bbox 3107 3323 3847 3391; baseline -0.004 -13"><span class='ocrx_word' id='word_1_887' title='bbox 3107 3325 3186 3378; x_wconf 89' lang='lat' dir='ltr'><strong><em>Id.</em></strong></span> <span class='ocrx_word' id='word_1_888' title='bbox 3255 3326 3323 3378; x_wconf 87' lang='lat' dir='ltr'><strong><em>Et</em></strong></span> <span class='ocrx_word' id='word_1_889' title='bbox 3384 3325 3480 3391; x_wconf 90' lang='lat' dir='ltr'><strong><em>qui</em></strong></span> <span class='ocrx_word' id='word_1_890' title='bbox 3543 3323 3697 3376; x_wconf 88' lang='lat' dir='ltr'><strong><em>modo</em></strong></span> <span class='ocrx_word' id='word_1_891' title='bbox 3753 3338 3847 3375; x_wconf 90' lang='lat' dir='ltr'><strong><em>nec</em></strong></span> 
     </span>
    </p>
   </div>
   <div class='ocr_carea' id='block_1_204' title="bbox 3037 3393 3843 3462">
    <p class='ocr_par' dir='ltr' id='par_1_204' title="bbox 3037 3393 3843 3462">
     <span class='ocr_line' id='line_1_205' title="bbox 3037 3393 3843 3462; baseline -0.001 -16"><span class='ocrx_word' id='word_1_892' title='bbox 3037 3409 3201 3447; x_wconf 91' lang='lat' dir='ltr'><strong><em>unum</em></strong></span> <span class='ocrx_word' id='word_1_893' title='bbox 3215 3393 3429 3462; x_wconf 88' lang='lat' dir='ltr'><strong><em>quidem</em></strong></span> <span class='ocrx_word' id='word_1_894' title='bbox 3443 3393 3679 3460; x_wconf 85' lang='lat' dir='ltr'><strong><em>digitum</em></strong></span> <span class='ocrx_word' id='word_1_895' title='bbox 3689 3408 3843 3446; x_wconf 86' lang='lat' dir='ltr'><strong><em>suum</em></strong></span> 
     </span>
    </p>
   </div>
   <div class='ocr_carea' id='block_1_205' title="bbox 3033 3464 3699 3533">
    <p class='ocr_par' dir='ltr' id='par_1_205' title="bbox 3033 3464 3699 3533">
     <span class='ocr_line' id='line_1_206' title="bbox 3033 3464 3699 3533; baseline -0.003 -15"><span class='ocrx_word' id='word_1_896' title='bbox 3033 3464 3226 3533; x_wconf 64' lang='lat' dir='ltr'><strong><em>suffert</em></strong></span> <span class='ocrx_word' id='word_1_897' title='bbox 3247 3467 3304 3517; x_wconf 89' lang='lat' dir='ltr'><strong><em>in</em></strong></span> <span class='ocrx_word' id='word_1_898' title='bbox 3334 3467 3510 3532; x_wconf 85' lang='lat' dir='ltr'><strong><em>ignem</em></strong></span> <span class='ocrx_word' id='word_1_899' title='bbox 3538 3466 3699 3516; x_wconf 86' lang='lat' dir='ltr'><strong><em>mitti.</em></strong></span> 
     </span>
    </p>
   </div>
   <div class='ocr_carea' id='block_1_206' title="bbox 3110 3534 3847 3590">
    <p class='ocr_par' dir='ltr' id='par_1_206' title="bbox 3110 3534 3847 3590">
     <span class='ocr_line' id='line_1_207' title="bbox 3110 3534 3847 3590; baseline -0.001 -2"><span class='ocrx_word' id='word_1_900' title='bbox 3110 3535 3188 3588; x_wconf 91' lang='lat' dir='ltr'><strong><em>Id.</em></strong></span> <span class='ocrx_word' id='word_1_901' title='bbox 3218 3534 3323 3590; x_wconf 90' lang='lat' dir='ltr'><strong><em>Sed</em></strong></span> <span class='ocrx_word' id='word_1_902' title='bbox 3374 3541 3435 3588; x_wconf 86' lang='lat' dir='ltr'><strong><em>ut</em></strong></span> <span class='ocrx_word' id='word_1_903' title='bbox 3503 3538 3847 3587; x_wconf 80' lang='lat' dir='ltr'><strong><em>convertatur</em></strong></span> 
     </span>
    </p>
   </div>
   <div class='ocr_carea' id='block_1_207' title="bbox 3036 3609 3292 3660">
    <p class='ocr_par' dir='ltr' id='par_1_207' title="bbox 3036 3609 3292 3660">
     <span class='ocr_line' id='line_1_208' title="bbox 3036 3609 3292 3660; baseline -0.008 -2"><span class='ocrx_word' id='word_1_904' title='bbox 3036 3611 3084 3659; x_wconf 86' lang='lat' dir='ltr'><strong><em>et</em></strong></span> <span class='ocrx_word' id='word_1_905' title='bbox 3117 3609 3292 3660; x_wconf 85' lang='lat' dir='ltr'><strong><em>vivat.</em></strong></span> 
     </span>
    </p>
   </div>
   <div class='ocr_carea' id='block_1_208' title="bbox 3107 3675 3842 3745">
    <p class='ocr_par' dir='ltr' id='par_1_208' title="bbox 3107 3675 3842 3745">
     <span class='ocr_line' id='line_1_209' title="bbox 3107 3675 3842 3745; baseline -0.004 -16"><span class='ocrx_word' id='word_1_906' title='bbox 3107 3676 3186 3729; x_wconf 93' lang='lat' dir='ltr'><strong><em>Id.</em></strong></span> <span class='ocrx_word' id='word_1_907' title='bbox 3265 3675 3493 3745; x_wconf 76' lang='lat' dir='ltr'><strong><em>Quando</em></strong></span> <span class='ocrx_word' id='word_1_908' title='bbox 3556 3688 3842 3728; x_wconf 84' lang='lat' dir='ltr'><strong><em>conversus</em></strong></span> 
     </span>
    </p>
   </div>
   <div class='ocr_carea' id='block_1_209' title="bbox 3041 3746 3849 3813">
    <p class='ocr_par' dir='ltr' id='par_1_209' title="bbox 3041 3746 3849 3813">
     <span class='ocr_line' id='line_1_210' title="bbox 3041 3746 3849 3813; baseline -0.002 -14"><span class='ocrx_word' id='word_1_909' title='bbox 3041 3748 3216 3811; x_wconf 86' lang='lat' dir='ltr'><strong><em>fueris</em></strong></span> <span class='ocrx_word' id='word_1_910' title='bbox 3245 3753 3295 3798; x_wconf 87' lang='lat' dir='ltr'><strong><em>et</em></strong></span> <span class='ocrx_word' id='word_1_911' title='bbox 3343 3746 3687 3813; x_wconf 83' lang='lat' dir='ltr'><strong><em>ingemueris,</em></strong></span> <span class='ocrx_word' id='word_1_912' title='bbox 3723 3750 3849 3797; x_wconf 88' lang='lat' dir='ltr'><strong><em>tunc</em></strong></span> 
     </span>
    </p>
   </div>
   <div class='ocr_carea' id='block_1_210' title="bbox 3041 3817 3380 3870">
    <p class='ocr_par' dir='ltr' id='par_1_210' title="bbox 3041 3817 3380 3870">
     <span class='ocr_line' id='line_1_211' title="bbox 3041 3817 3380 3870; baseline -0.006 -1"><span class='ocrx_word' id='word_1_913' title='bbox 3041 3817 3224 3870; x_wconf 88' lang='lat' dir='ltr'><strong><em>salvus</em></strong></span> <span class='ocrx_word' id='word_1_914' title='bbox 3252 3818 3380 3868; x_wconf 87' lang='lat' dir='ltr'><strong><em>eris.</em></strong></span> 
     </span>
    </p>
   </div>
   <div class='ocr_carea' id='block_1_211' title="bbox 3111 3885 3852 3952">
    <p class='ocr_par' dir='ltr' id='par_1_211' title="bbox 3111 3885 3852 3952">
     <span class='ocr_line' id='line_1_212' title="bbox 3111 3885 3852 3952; baseline -0.004 -12"><span class='ocrx_word' id='word_1_915' title='bbox 3111 3886 3192 3940; x_wconf 91' lang='lat' dir='ltr'><strong><em>Id.</em></strong></span> <span class='ocrx_word' id='word_1_916' title='bbox 3227 3886 3335 3952; x_wconf 84' lang='lat' dir='ltr'><strong><em>Qui</em></strong></span> <span class='ocrx_word' id='word_1_917' title='bbox 3363 3885 3609 3940; x_wconf 84' lang='lat' dir='ltr'><strong><em>observat</em></strong></span> <span class='ocrx_word' id='word_1_918' title='bbox 3640 3886 3852 3952; x_wconf 86' lang='lat' dir='ltr'><strong><em>jugiter</em></strong></span> 
     </span>
    </p>
   </div>
   <div class='ocr_carea' id='block_1_212' title="bbox 3040 3961 3351 4025">
    <p class='ocr_par' dir='ltr' id='par_1_212' title="bbox 3040 3961 3351 4025">
     <span class='ocr_line' id='line_1_213' title="bbox 3040 3961 3351 4025; baseline -0.013 -13"><span class='ocrx_word' id='word_1_919' title='bbox 3040 3972 3167 4025; x_wconf 74' lang='lat' dir='ltr'><strong><em>qua:</em></strong></span> <span class='ocrx_word' id='word_1_920' title='bbox 3195 3961 3351 4022; x_wconf 88' lang='lat' dir='ltr'><strong><em>gerit.</em></strong></span> 
     </span>
    </p>
   </div>
   <div class='ocr_carea' id='block_1_213' title="bbox 3111 4025 3852 4094">
    <p class='ocr_par' dir='ltr' id='par_1_213' title="bbox 3111 4025 3852 4094">
     <span class='ocr_line' id='line_1_214' title="bbox 3111 4025 3852 4094; baseline -0.004 -14"><span class='ocrx_word' id='word_1_921' title='bbox 3111 4027 3191 4080; x_wconf 89' lang='lat' dir='ltr'><strong><em>Id.</em></strong></span> <span class='ocrx_word' id='word_1_922' title='bbox 3225 4029 3290 4081; x_wconf 87' lang='lat' dir='ltr'><strong><em>Et</em></strong></span> <span class='ocrx_word' id='word_1_923' title='bbox 3335 4042 3426 4080; x_wconf 81' lang='lat' dir='ltr'><strong><em>vos</em></strong></span> <span class='ocrx_word' id='word_1_924' title='bbox 3475 4041 3599 4092; x_wconf 87' lang='lat' dir='ltr'><strong><em>ergo</em></strong></span> <span class='ocrx_word' id='word_1_925' title='bbox 3636 4027 3687 4078; x_wconf 88' lang='lat' dir='ltr'><strong><em>si</em></strong></span> <span class='ocrx_word' id='word_1_926' title='bbox 3716 4025 3852 4094; x_wconf 88' lang='lat' dir='ltr'><strong><em>quid</em></strong></span> 
     </span>
    </p>
   </div>
   <div class='ocr_carea' id='block_1_214' title="bbox 3040 4097 3852 4164">
    <p class='ocr_par' dir='ltr' id='par_1_214' title="bbox 3040 4097 3852 4164">
     <span class='ocr_line' id='line_1_215' title="bbox 3040 4097 3852 4164; baseline -0.005 -13"><span class='ocrx_word' id='word_1_927' title='bbox 3040 4099 3182 4164; x_wconf 86' lang='lat' dir='ltr'><strong><em>forte</em></strong></span> <span class='ocrx_word' id='word_1_928' title='bbox 3285 4100 3599 4164; x_wconf 85' lang='lat' dir='ltr'><strong><em>ignorantia</em></strong></span> <span class='ocrx_word' id='word_1_929' title='bbox 3670 4097 3852 4148; x_wconf 87' lang='lat' dir='ltr'><strong><em>admi-</em></strong></span> 
     </span>
    </p>
   </div>
   <div class='ocr_carea' id='block_1_215' title="bbox 3041 4171 3210 4221">
    <p class='ocr_par' dir='ltr' id='par_1_215' title="bbox 3041 4171 3210 4221">
     <span class='ocr_line' id='line_1_216' title="bbox 3041 4171 3210 4221; baseline -0.006 0"><span class='ocrx_word' id='word_1_930' title='bbox 3041 4171 3210 4221; x_wconf 87' lang='lat' dir='ltr'><strong><em>sistis.</em></strong></span> 
     </span>
    </p>
   </div>
   <div class='ocr_carea' id='block_1_216' title="bbox 3113 4238 3855 4293">
    <p class='ocr_par' dir='ltr' id='par_1_216' title="bbox 3113 4238 3855 4293">
     <span class='ocr_line' id='line_1_217' title="bbox 3113 4238 3855 4293; baseline -0.007 -1"><span class='ocrx_word' id='word_1_931' title='bbox 3113 4239 3174 4293; x_wconf 91' lang='lat' dir='ltr'><strong><em>Id</em></strong></span> <span class='ocrx_word' id='word_1_932' title='bbox 3229 4240 3300 4291; x_wconf 88' lang='lat' dir='ltr'><strong><em>Et</em></strong></span> <span class='ocrx_word' id='word_1_933' title='bbox 3347 4251 3562 4290; x_wconf 85' lang='lat' dir='ltr'><strong><em>servare</em></strong></span> <span class='ocrx_word' id='word_1_934' title='bbox 3589 4238 3855 4289; x_wconf 83' lang='lat' dir='ltr'><strong><em>saturita-</em></strong></span> 
     </span>
    </p>
   </div>
   <div class='ocr_carea' id='block_1_217' title="bbox 3044 4307 3853 4361">
    <p class='ocr_par' dir='ltr' id='par_1_217' title="bbox 3044 4307 3853 4361">
     <span class='ocr_line' id='line_1_218' title="bbox 3044 4307 3853 4361; baseline -0.004 0"><span class='ocrx_word' id='word_1_935' title='bbox 3044 4314 3146 4361; x_wconf 89' lang='lat' dir='ltr'><strong><em>tem</em></strong></span> <span class='ocrx_word' id='word_1_936' title='bbox 3197 4323 3304 4360; x_wconf 86' lang='lat' dir='ltr'><strong><em>non</em></strong></span> <span class='ocrx_word' id='word_1_937' title='bbox 3356 4309 3516 4360; x_wconf 83' lang='lat' dir='ltr'><strong><em>valet.</em></strong></span> <span class='ocrx_word' id='word_1_938' title='bbox 3571 4307 3707 4359; x_wconf 85' lang='lat' dir='ltr'><strong><em>Vide</em></strong></span> <span class='ocrx_word' id='word_1_939' title='bbox 3734 4322 3853 4358; x_wconf 72' lang='lat' dir='ltr'><strong><em>var.</em></strong></span> 
     </span>
    </p>
   </div>
   <div class='ocr_carea' id='block_1_218' title="bbox 3047 4381 3220 4432">
    <p class='ocr_par' dir='ltr' id='par_1_218' title="bbox 3047 4381 3220 4432">
     <span class='ocr_line' id='line_1_219' title="bbox 3047 4381 3220 4432; baseline -0.012 0"><span class='ocrx_word' id='word_1_940' title='bbox 3047 4381 3220 4432; x_wconf 81' lang='lat' dir='ltr'><strong><em>Maur.</em></strong></span> 
     </span>
    </p>
   </div>
   <div class='ocr_carea' id='block_1_219' title="bbox 3114 4446 3858 4515">
    <p class='ocr_par' dir='ltr' id='par_1_219' title="bbox 3114 4446 3858 4515">
     <span class='ocr_line' id='line_1_220' title="bbox 3114 4446 3858 4515; baseline -0.007 -14"><span class='ocrx_word' id='word_1_941' title='bbox 3114 4449 3195 4501; x_wconf 92' lang='lat' dir='ltr'><strong><em>Id.</em></strong></span> <span class='ocrx_word' id='word_1_942' title='bbox 3238 4449 3498 4515; x_wconf 83' lang='lat' dir='ltr'><strong><em>Namque,</em></strong></span> <span class='ocrx_word' id='word_1_943' title='bbox 3559 4460 3677 4498; x_wconf 89' lang='lat' dir='ltr'><strong><em>cum</em></strong></span> <span class='ocrx_word' id='word_1_944' title='bbox 3708 4446 3858 4497; x_wconf 82' lang='lat' dir='ltr'><strong><em>mata</em></strong></span> 
     </span>
    </p>
   </div>
   <div class='ocr_carea' id='block_1_220' title="bbox 3042 4519 3756 4572">
    <p class='ocr_par' dir='ltr' id='par_1_220' title="bbox 3042 4519 3756 4572">
     <span class='ocr_line' id='line_1_221' title="bbox 3042 4519 3756 4572; baseline -0.003 -1"><span class='ocrx_word' id='word_1_945' title='bbox 3042 4533 3154 4572; x_wconf 87' lang='lat' dir='ltr'><strong><em>esse</em></strong></span> <span class='ocrx_word' id='word_1_946' title='bbox 3178 4519 3434 4571; x_wconf 86' lang='lat' dir='ltr'><strong><em>videntur</em></strong></span> <span class='ocrx_word' id='word_1_947' title='bbox 3466 4521 3515 4569; x_wconf 89' lang='lat' dir='ltr'><strong><em>et</em></strong></span> <span class='ocrx_word' id='word_1_948' title='bbox 3536 4520 3756 4569; x_wconf 73' lang='lat' dir='ltr'><strong><em>nocent.</em></strong></span> 
     </span>
    </p>
   </div>
   <div class='ocr_carea' id='block_1_221' title="bbox 3115 4657 3862 4726">
    <p class='ocr_par' dir='ltr' id='par_1_221' title="bbox 3115 4657 3862 4726">
     <span class='ocr_line' id='line_1_222' title="bbox 3115 4657 3862 4726; baseline -0.005 -15"><span class='ocrx_word' id='word_1_949' title='bbox 3115 4658 3194 4711; x_wconf 92' lang='lat' dir='ltr'><strong><em>Id.</em></strong></span> <span class='ocrx_word' id='word_1_950' title='bbox 3233 4659 3330 4711; x_wconf 88' lang='lat' dir='ltr'><strong><em>Per</em></strong></span> <span class='ocrx_word' id='word_1_951' title='bbox 3357 4672 3520 4726; x_wconf 90' lang='lat' dir='ltr'><strong><em>quam</em></strong></span> <span class='ocrx_word' id='word_1_952' title='bbox 3556 4657 3862 4724; x_wconf 81' lang='lat' dir='ltr'><strong><em>reperietur</em></strong></span> 
     </span>
    </p>
   </div>
   <div class='ocr_carea' id='block_1_222' title="bbox 3043 4726 3518 4782">
    <p class='ocr_par' dir='ltr' id='par_1_222' title="bbox 3043 4726 3518 4782">
     <span class='ocr_line' id='line_1_223' title="bbox 3043 4726 3518 4782; baseline -0.008 0"><span class='ocrx_word' id='word_1_953' title='bbox 3043 4734 3243 4782; x_wconf 76' lang='lat' dir='ltr'><strong><em>azterna</em></strong></span> <span class='ocrx_word' id='word_1_954' title='bbox 3269 4726 3518 4781; x_wconf 88' lang='lat' dir='ltr'><strong><em>latitudo.</em></strong></span> 
     </span>
    </p>
   </div>
   <div class='ocr_carea' id='block_1_223' title="bbox 3119 4799 3858 4865">
    <p class='ocr_par' dir='ltr' id='par_1_223' title="bbox 3119 4799 3858 4865">
     <span class='ocr_line' id='line_1_224' title="bbox 3119 4799 3858 4865; baseline -0.005 -14"><span class='ocrx_word' id='word_1_955' title='bbox 3119 4799 3198 4851; x_wconf 91' lang='lat' dir='ltr'><strong><em>Id.</em></strong></span> <span class='ocrx_word' id='word_1_956' title='bbox 3253 4799 3367 4852; x_wconf 84' lang='lat' dir='ltr'><strong><em>Aut</em></strong></span> <span class='ocrx_word' id='word_1_957' title='bbox 3421 4811 3589 4865; x_wconf 87' lang='lat' dir='ltr'><strong><em>quare</em></strong></span> <span class='ocrx_word' id='word_1_958' title='bbox 3644 4811 3858 4863; x_wconf 81' lang='lat' dir='ltr'><strong><em>pauper</em></strong></span> 
     </span>
    </p>
   </div>
   <div class='ocr_carea' id='block_1_224' title="bbox 3047 4870 3462 4928">
    <p class='ocr_par' dir='ltr' id='par_1_224' title="bbox 3047 4870 3462 4928">
     <span class='ocr_line' id='line_1_225' title="bbox 3047 4870 3462 4928; baseline -0.007 -6"><span class='ocrx_word' id='word_1_959' title='bbox 3047 4870 3339 4928; x_wconf 82' lang='lat' dir='ltr'><strong><em>vobiscum.</em></strong></span> <span class='ocrx_word' id='word_1_960' title='bbox 3362 4873 3462 4919; x_wconf 90' lang='lat' dir='ltr'><strong><em>etc.</em></strong></span> 
     </span>
    </p>
   </div>
   <div class='ocr_carea' id='block_1_225' title="bbox 3119 4935 3857 5004">
    <p class='ocr_par' dir='ltr' id='par_1_225' title="bbox 3119 4935 3857 5004">
     <span class='ocr_line' id='line_1_226' title="bbox 3119 4935 3857 5004; baseline -0.005 -12"><span class='ocrx_word' id='word_1_961' title='bbox 3119 4939 3198 4992; x_wconf 89' lang='lat' dir='ltr'><strong><em>Id.</em></strong></span> <span class='ocrx_word' id='word_1_962' title='bbox 3259 4937 3406 4992; x_wconf 89' lang='lat' dir='ltr'><strong><em>Unde</em></strong></span> <span class='ocrx_word' id='word_1_963' title='bbox 3441 4942 3489 4989; x_wconf 87' lang='lat' dir='ltr'><strong><em>et</em></strong></span> <span class='ocrx_word' id='word_1_964' title='bbox 3521 4935 3816 5004; x_wconf 79' lang='lat' dir='ltr'><strong><em>Apostolus</em></strong></span> <span class='ocrx_word' id='word_1_965' title='bbox 3844 4952 3857 4988; x_wconf 93' lang='lat'>:</span> 
     </span>
    </p>
   </div>
   <div class='ocr_carea' id='block_1_226' title="bbox 3049 5008 3744 5077">
    <p class='ocr_par' dir='ltr' id='par_1_226' title="bbox 3049 5008 3744 5077">
     <span class='ocr_line' id='line_1_227' title="bbox 3049 5008 3744 5077; baseline -0.01 -15"><span class='ocrx_word' id='word_1_966' title='bbox 3049 5011 3390 5077; x_wconf 77' lang='lat' dir='ltr'><strong><em>Deponentes,</em></strong></span> <span class='ocrx_word' id='word_1_967' title='bbox 3414 5008 3613 5075; x_wconf 88' lang='lat' dir='ltr'><strong><em>inquit,</em></strong></span> <span class='ocrx_word' id='word_1_968' title='bbox 3639 5012 3744 5058; x_wconf 85' lang='lat' dir='ltr'><strong><em>etc.</em></strong></span> 
     </span>
    </p>
   </div>
   <div class='ocr_carea' id='block_1_227' title="bbox 3127 5076 3863 5145">
    <p class='ocr_par' dir='ltr' id='par_1_227' title="bbox 3127 5076 3863 5145">
     <span class='ocr_line' id='line_1_228' title="bbox 3127 5076 3863 5145; baseline -0.005 -13"><span class='ocrx_word' id='word_1_969' title='bbox 3127 5079 3202 5145; x_wconf 66' lang='lat' dir='ltr'><strong><em>Id,</em></strong></span> <span class='ocrx_word' id='word_1_970' title='bbox 3241 5079 3307 5132; x_wconf 89' lang='lat' dir='ltr'><strong><em>Ut</em></strong></span> <span class='ocrx_word' id='word_1_971' title='bbox 3339 5092 3457 5129; x_wconf 83' lang='lat' dir='ltr'><strong><em>eum</em></strong></span> <span class='ocrx_word' id='word_1_972' title='bbox 3489 5076 3556 5129; x_wconf 90' lang='lat' dir='ltr'><strong><em>ab</em></strong></span> <span class='ocrx_word' id='word_1_973' title='bbox 3610 5077 3711 5138; x_wconf 64' lang='lat' dir='ltr'><strong><em>hac</em></strong></span> <span class='ocrx_word' id='word_1_974' title='bbox 3742 5078 3863 5129; x_wconf 83' lang='lat' dir='ltr'><strong><em>vita</em></strong></span> 
     </span>
    </p>
   </div>
   <div class='ocr_carea' id='block_1_228' title="bbox 3049 5150 3437 5214">
    <p class='ocr_par' dir='ltr' id='par_1_228' title="bbox 3049 5150 3437 5214">
     <span class='ocr_line' id='line_1_229' title="bbox 3049 5150 3437 5214; baseline -0.008 -12"><span class='ocrx_word' id='word_1_975' title='bbox 3049 5150 3437 5214; x_wconf 88' lang='lat' dir='ltr'><strong><em>migraveritis.</em></strong></span> 
     </span>
    </p>
   </div>
   <div class='ocr_carea' id='block_1_229' title="bbox 3120 5217 3585 5282">
    <p class='ocr_par' dir='ltr' id='par_1_229' title="bbox 3120 5217 3585 5282">
     <span class='ocr_line' id='line_1_230' title="bbox 3120 5217 3585 5282; baseline -0.011 -10"><span class='ocrx_word' id='word_1_976' title='bbox 3120 5219 3203 5272; x_wconf 91' lang='lat' dir='ltr'><strong><em>Id.</em></strong></span> <span class='ocrx_word' id='word_1_977' title='bbox 3278 5217 3383 5272; x_wconf 91' lang='lat' dir='ltr'><strong><em>Sed</em></strong></span> <span class='ocrx_word' id='word_1_978' title='bbox 3444 5218 3585 5282; x_wconf 85' lang='lat' dir='ltr'><strong><em>forte</em></strong></span> 
     </span>
    </p>
   </div>
   <div class='ocr_carea' id='block_1_230' title="bbox 3047 5286 3571 5358">
    <p class='ocr_par' dir='ltr' id='par_1_230' title="bbox 3047 5286 3571 5358">
     <span class='ocr_line' id='line_1_231' title="bbox 3047 5286 3571 5358; baseline -0.002 -17"><span class='ocrx_word' id='word_1_979' title='bbox 3047 5288 3192 5358; x_wconf 89' lang='lat' dir='ltr'><strong><em>quod</em></strong></span> <span class='ocrx_word' id='word_1_980' title='bbox 3217 5290 3343 5357; x_wconf 75' lang='lat' dir='ltr'><strong><em>ﬁnis</em></strong></span> <span class='ocrx_word' id='word_1_981' title='bbox 3365 5286 3571 5340; x_wconf 88' lang='lat' dir='ltr'><strong><em>mundi.</em></strong></span> 
     </span>
    </p>
   </div>
   <div class='ocr_carea' id='block_1_231' title="bbox 3119 5356 3869 5425">
    <p class='ocr_par' dir='ltr' id='par_1_231' title="bbox 3119 5356 3869 5425">
     <span class='ocr_line' id='line_1_232' title="bbox 3119 5356 3869 5425; baseline -0.009 -11"><span class='ocrx_word' id='word_1_982' title='bbox 3119 5356 3224 5413; x_wconf 69' lang='lat' dir='ltr'><strong><em>Id.</em></strong></span> <span class='ocrx_word' id='word_1_983' title='bbox 3316 5358 3602 5425; x_wconf 76' lang='lat' dir='ltr'><strong><em>Multaque</em></strong></span> <span class='ocrx_word' id='word_1_984' title='bbox 3674 5356 3869 5422; x_wconf 80' lang='lat' dir='ltr'><strong><em>longo</em></strong></span> 
     </span>
    </p>
   </div>
   <div class='ocr_carea' id='block_1_232' title="bbox 3047 5427 3863 5499">
    <p class='ocr_par' dir='ltr' id='par_1_232' title="bbox 3047 5427 3863 5499">
     <span class='ocr_line' id='line_1_233' title="bbox 3047 5427 3863 5499; baseline -0.007 -16"><span class='ocrx_word' id='word_1_985' title='bbox 3047 5434 3282 5499; x_wconf 87' lang='lat' dir='ltr'><strong><em>tempore</em></strong></span> <span class='ocrx_word' id='word_1_986' title='bbox 3328 5428 3572 5494; x_wconf 77' lang='lat' dir='ltr'><strong><em>disponit</em></strong></span> <span class='ocrx_word' id='word_1_987' title='bbox 3624 5427 3863 5492; x_wconf 81' lang='lat' dir='ltr'><strong><em>agenda.</em></strong></span> 
     </span>
    </p>
   </div>
   <div class='ocr_carea' id='block_1_233' title="bbox 3046 5499 3542 5553">
    <p class='ocr_par' dir='ltr' id='par_1_233' title="bbox 3046 5499 3542 5553">
     <span class='ocr_line' id='line_1_234' title="bbox 3046 5499 3542 5553; baseline -0.008 0"><span class='ocrx_word' id='word_1_988' title='bbox 3046 5499 3172 5553; x_wconf 86' lang='lat' dir='ltr'><strong><em>Vid.</em></strong></span> <span class='ocrx_word' id='word_1_989' title='bbox 3213 5513 3329 5553; x_wconf 78' lang='lat' dir='ltr'><strong><em>var.</em></strong></span> <span class='ocrx_word' id='word_1_990' title='bbox 3364 5500 3542 5552; x_wconf 78' lang='lat' dir='ltr'><strong><em>Maur.</em></strong></span> 
     </span>
    </p>
   </div>
   <div class='ocr_carea' id='block_1_234' title="bbox 3119 5569 3867 5634">
    <p class='ocr_par' dir='ltr' id='par_1_234' title="bbox 3119 5569 3867 5634">
     <span class='ocr_line' id='line_1_235' title="bbox 3119 5569 3867 5634; baseline -0.011 -9"><span class='ocrx_word' id='word_1_991' title='bbox 3119 5569 3202 5625; x_wconf 91' lang='lat' dir='ltr'><strong><em>Id.</em></strong></span> <span class='ocrx_word' id='word_1_992' title='bbox 3243 5570 3440 5626; x_wconf 84' lang='lat' dir='ltr'><strong><em>Statim</em></strong></span> <span class='ocrx_word' id='word_1_993' title='bbox 3474 5572 3569 5622; x_wconf 89' lang='lat' dir='ltr'><strong><em>aut</em></strong></span> <span class='ocrx_word' id='word_1_994' title='bbox 3596 5569 3652 5618; x_wconf 86' lang='lat' dir='ltr'><strong><em>in</em></strong></span> <span class='ocrx_word' id='word_1_995' title='bbox 3681 5581 3867 5634; x_wconf 83' lang='lat' dir='ltr'><strong><em>paru-</em></strong></span> 
     </span>
    </p>
   </div>
   <div class='ocr_carea' id='block_1_235' title="bbox 3050 5637 3848 5709">
    <p class='ocr_par' dir='ltr' id='par_1_235' title="bbox 3050 5637 3848 5709">
     <span class='ocr_line' id='line_1_236' title="bbox 3050 5637 3848 5709; baseline -0.008 -15"><span class='ocrx_word' id='word_1_996' title='bbox 3050 5639 3170 5694; x_wconf 84' lang='lat' dir='ltr'><strong><em>diso</em></strong></span> <span class='ocrx_word' id='word_1_997' title='bbox 3187 5655 3288 5709; x_wconf 85' lang='lat' dir='ltr'><strong><em>pro</em></strong></span> <span class='ocrx_word' id='word_1_998' title='bbox 3329 5639 3480 5694; x_wconf 85' lang='lat' dir='ltr'><strong><em>bonis</em></strong></span> <span class='ocrx_word' id='word_1_999' title='bbox 3523 5637 3732 5691; x_wconf 80' lang='lat' dir='ltr'><strong><em>meritis</em></strong></span> <span class='ocrx_word' id='word_1_1000' title='bbox 3760 5637 3848 5689; x_wconf 89' lang='lat' dir='ltr'><strong><em>col</em></strong></span> 
     </span>
    </p>
   </div>
   <div class='ocr_carea' id='block_1_236' title="bbox 3051 5710 3726 5777">
    <p class='ocr_par' dir='ltr' id='par_1_236' title="bbox 3051 5710 3726 5777">
     <span class='ocr_line' id='line_1_237' title="bbox 3051 5710 3726 5777; baseline -0.01 -11"><span class='ocrx_word' id='word_1_1001' title='bbox 3051 5711 3278 5777; x_wconf 84' lang='lat' dir='ltr'><strong><em>locatur,</em></strong></span> <span class='ocrx_word' id='word_1_1002' title='bbox 3312 5714 3406 5764; x_wconf 86' lang='lat' dir='ltr'><strong><em>aut</em></strong></span> <span class='ocrx_word' id='word_1_1003' title='bbox 3437 5712 3593 5768; x_wconf 81' lang='lat' dir='ltr'><strong><em>certe.</em></strong></span> <span class='ocrx_word' id='word_1_1004' title='bbox 3674 5710 3726 5760; x_wconf 85' lang='lat' dir='ltr'><strong><em>tc</em></strong></span> 
     </span>
    </p>
   </div>
   <div class='ocr_carea' id='block_1_237' title="bbox 3629 5184 3864 5284">
    <p class='ocr_par' dir='ltr' id='par_1_237' title="bbox 3629 5184 3864 5284">
     <span class='ocr_line' id='line_1_238' title="bbox 3629 5184 3864 5284; baseline -0.004 -15"><span class='ocrx_word' id='word_1_1005' title='bbox 3629 5184 3639 5204; x_wconf 28' lang='grc' dir='ltr'>ί</span> <span class='ocrx_word' id='word_1_1006' title='bbox 3645 5217 3864 5284; x_wconf 84' lang='lat' dir='ltr'><strong><em>putatis</em></strong></span> 
     </span>
    </p>
   </div>
  </div>
