4004 6182
189 275 322 332 12H

249 399 390 453 Ibid.
424 400 490 454 Et
520 400 616 452 hoc
635 397 757 467 'jam
785 401 841 454 in
869 401 986 454 vita

173 475 352 524 vestra
383 471 468 522 hic
489 469 773 538 disponite.

247 539 386 594 Ibid.
434 541 611 594 Nolite
659 556 802 605 ergo,
863 541 985 606 fra-

173 617 304 676 tres,
333 610 594 663 mundum
608 611 728 677 jam
760 611 988 678 diligeie

173 696 329 748 quem
377 686 537 732 tanta
592 683 815 735 cernitis
869 696 990 734 cum

172 753 454 804 velocitate
511 753 762 804 transire.
813 752 991 806 Nolite

176 827 232 873 in
303 821 418 887 ejus
469 836 648 873 amore
701 823 992 875 anchoram

175 891 355 944 cordis
414 907 534 958 1am
592 889 776 959 ﬁgere,
837 905 992 958 quem

177 964 257 1015 sic
284 960 357 1012 ad
384 964 561 1027 linem,
587 967 689 1012 etc.

256 1031 319 1084 N.
371 1034 457 1083 22.
541 1033 711 1096 Nerua
758 1032 816 1083 in
887 1030 995 1083 loco

183 1102 276 1153 illo
315 1101 544 1166 glorioso
585 1103 796 1167 indiget
835 1102 995 1154 vesti-

186 1187 300 1223 men
309 1177 360 1223 to
367 1212 379 1223 .

263 1242 324 1294 Ν.
365 1243 452 1294 23.
509 1241 861 1307 Omniumque
902 1241 994 1292 ho-

184 1313 392 1363 minum
430 1311 752 1374 erubescere,
783 1312 879 1377 qui
909 1311 994 1362 hic

182 1396 282 1433 nec
306 1397 472 1434 unum
496 1381 712 1448 quidem
734 1382 994 1433 hominem

181 1453 240 1504 in
266 1465 322 1504 se
347 1455 652 1519 peccantem
690 1453 808 1504 vult
843 1453 995 1518 aspi-

189 1536 320 1574 cere.

257 1589 396 1643 Ibid.
494 1592 639 1644 Tunc
735 1592 994 1642 nimirum

179 1661 599 1783 prfcinentibus
664 1661 994 1726 Angelorum

207 1747 244 1783 u
284 1746 352 1783 is.
739 1769 748 1777 .

185 1733 352 1785 tubis.
739 1769 748 1777 .

252 1799 391 1854 Ibid.
441 1802 503 1853 In
543 1815 600 1854 eo
645 1815 778 1853 serra
823 1815 991 1854 unus-

182 1873 410 1938 quisque
438 1886 542 1937 quo
569 1875 730 1923 natus
760 1872 891 1934 fuit.

253 1941 370 1994 Ibid
382 1980 394 1993 .
419 1941 558 1993 Cum
575 1943 778 1994 virtute
792 1956 994 2007 magna

182 2017 231 2064 et
259 2011 561 2078 majestate.

256 2080 398 2134 Ibid.
433 2083 501 2134 Et
535 2080 795 2148 plangent
832 2095 995 2149 super

185 2165 240 2204 se
270 2165 445 2205 omnes
469 2151 644 2204 tribus
676 2156 847 2204 terra.

261 2219 399 2273 Ibid.
475 2221 668 2274 Postea
742 2222 994 2274 misertus

185 2305 305 2343 sum
334 2292 433 2350 tui.
457 2305 670 2344 carnem
701 2294 991 2359 assumpsi.

257 2359 399 2414 Ibid.
443 2361 711 2414 Conditus
753 2362 892 2414 latui
936 2363 994 2414 in

185 2432 447 2498 sepulcro.

258 2501 400 2553 Ibid.
474 2503 620 2554 Tunc
688 2504 791 2554 erit
853 2501 996 2555 dura

183 2572 476 2639 separatio.

258 2641 377 2694 Ibid
392 2680 406 2695 .
463 2642 755 2708 Nunquam
811 2654 995 2712 pomus

184 2713 419 2782 ﬁnituri.

260 2782 397 2835 Ibid.
419 2782 602 2834 Juxta
620 2797 743 2835 vero
757 2783 996 2850 qualitao

186 2856 288 2905 tem
364 2853 554 2919 culpas,
638 2868 850 2921 primum
913 2854 995 2906 ibi

185 2924 560 2991 unusquisque
611 2925 842 2976 sustinet
903 2938 990 2989 ge-

186 2995 388 3046 hennae.
477 2993 594 3047 Non
676 2994 755 3047 ibi
827 2995 992 3046 audi-

187 3067 297 3129 tur,
325 3067 411 3116 etc

266 3273 332 3327 N.
381 3275 468 3327 24.
539 3273 822 3342 Supplicia
893 3276 995 3328 im-

184 3346 402 3414 piorum
432 3349 481 3396 et
505 3347 680 3410 gloria
699 3344 994 3411 justorum.

188 3417 314 3468 Jam
333 3428 475 3478 vero,
498 3421 603 3466 etc.

263 3483 405 3538 Ibid.
490 3485 742 3538 Dominus
812 3490 998 3539 autem

186 3558 457 3622 quantum
493 3557 673 3622 patris
702 3556 919 3623 pietate.
959 3594 995 3620 .,

187 3630 400 3678 tantum
507 3625 737 3692 judicis.
824 3627 996 3693 maje-

185 3700 344 3758 state,
380 3698 486 3746 etc.

255 3764 401 3819 Ibid.
475 3765 651 3818 Potest
715 3766 1000 3833 pmnitenti

185 3837 402 3903 gratias
430 3834 728 3901 indulgere.
863 3848 872 3857 ·

259 3974 326 4027 Ν.
358 3975 447 4028 25.
481 3974 598 4028 Non
635 3989 726 4028 vos
750 3974 871 4042 jam
909 3973 997 4028 di-

184 4047 451 4099 vitiarum
477 4059 658 4110 onera,
694 4049 800 4098 etc.

260 4115 330 4168 N.
364 4117 452 4168 26.
485 4115 584 4169 Cui
618 4117 783 4168 vicem
812 4130 998 4183 repen-

185 4185 317 4239 dere
342 4200 449 4238 non
472 4199 771 4252 possumus.

261 4254 403 4308 Ibid.
451 4257 590 4321 Quia
617 4257 766 4309 mitis
804 4270 920 4308 sum
952 4259 1002 4308 et

189 4325 417 4378 humilis
445 4325 618 4379 corde.
653 4325 872 4394 Oportet
893 4327 999 4392 igi-

189 4401 302 4459 tur,
329 4400 434 4448 etc.

260 4532 408 4588 Ibid.
469 4534 574 4590 Sed
623 4533 843 4588 divinus
907 4550 1002 4590 nos

188 4608 440 4673 aspectus
475 4619 683 4674 semper
717 4621 750 4658 a
770 4608 1002 4674 peccatis

188 4679 394 4734 arceat.

263 4743 408 4798 Ibid.
443 4743 550 4798 Sed
585 4747 748 4797 etiam
797 4748 1001 4812 cogita—

188 4817 364 4870 tiones
411 4815 718 4867 considerat
748 4819 798 4867 et
835 4817 1000 4869 videt.

264 4884 411 4938 Ibid.
457 4885 680 4940 Nullum
724 4891 1004 4953 ponentem

185 4969 413 5010 manum
446 4957 503 5007 in
531 4961 738 5008 aratro.

264 5024 330 5078 N.
364 5027 451 5077 27.
505 5025 582 5078 lbi
618 5040 742 5092 ergo
782 5027 1004 5090 festine-

187 5109 312 5148 mus
340 5096 436 5146 τ·ὁί
458 5095 580 5162 jam
617 5111 723 5149 non
765 5099 999 5151 timetur.
1077 5097 1173 5151 ubi
1202 5111 1344 5152 mors
1368 5097 1488 5164 jam
1509 5095 1896 5150 nontimetur..

1512 273 1892 332 LECTIONES
1930 271 2332 329 VARIAN'I‘ES.

1132 398 1210 452 Id.
1247 401 1316 453 Et
1355 399 1449 454 hoc
1481 400 1601 467 jam
1652 381 1708 453 in
1753 401 1866 452 vita
1898 403 1940 456 Α

1058 475 1238 522 vestra
1265 470 1554 537 disponite.

1135 540 1213 593 Id.
1247 541 1419 594 Nolite
1461 556 1606 606 ergo,
1645 541 1871 604 fratres,

1061 610 1323 663 mundum
1417 611 1538 677 jam
1649 610 1874 674 diligere

1064 696 1220 747 quem
1267 683 1344 734 sic
1389 681 1463 733 ad
1522 679 1704 748 ﬁnem.
1766 687 1869 731 etc.

1065 752 1278 804 CIBICNI
1319 751 1665 803 addiderunt
1709 751 1872 802 Bene-

1064 820 1262 874 dictiui
1289 836 1351 873 ex
1403 821 1546 873 libro
1590 821 1658 873 de
1709 820 1872 872 Vani-

1064 895 1177 942 tate
1209 892 1421 956 saeculi,
1446 892 1539 944 sed
1573 891 1778 943 dcsuut
1817 890 1874 942 in

1064 960 1270 1014 codice.

1141 1031 1219 1084 Id.
1257 1031 1414 1085 Nemo
1456 1031 1568 1083 illic
1598 1030 1705 1081 ullo
1755 1029 1876 1095 glo-

1067 1100 1209 1154 rioso
1239 1100 1447 1167 indiget
1474 1104 1800 1154 vestimento.

1142 1240 1198 1294 Id
1210 1281 1222 1293 .
1285 1241 1642 1306 Omniumque
1704 1238 1849 1292 homi
1859 1269 1875 1280 ο

1069 1327 1198 1364 num
1236 1316 1286 1364 et
1326 1311 1637 1376 angelorum
1685 1309 1874 1361 erube-

1068 1395 1228 1447 εοιτε,
1278 1383 1374 1448 qui
1438 1381 1524 1433 hic
1578 1395 1671 1432 nec
1711 1394 1878 1432 unum

1069 1451 1285 1519 quidem
1359 1452 1623 1502 hominem
1691 1449 1876 1517 inspe-

1070 1527 1299 1574 ctantem
1327 1521 1444 1573 vult
1469 1521 1750 1587 inspicere.

1141 1592 1216 1644 Id.
1258 1593 1401 1644 Tunc
1429 1593 1688 1642 nimirum
1734 1604 1876 1643 reso-

2052 397 2185 465 Cup.
2224 413 2260 452 1.
2303 397 2548 465 Obsecro,
2597 403 2656 452 ut
2693 414 2792 467 Iro

1983 483 2064 520 me
2103 472 2507 535 interprecetur.

2059 539 2197 591 Ibid.
2221 539 2494 603 Quantum
2521 538 2664 590 Deus
2693 539 2790 592 do-

1983 611 2230 673 maverit,
2253 611 2402 676 loqui
2421 611 2786 675 suscipientes.

2057 679 2196 732 Ibid.
2239 679 2346 731 Sed
2383 682 2512 745 quia
2545 679 2792 746 quecdam

1983 749 2269 815 Scriptura
2309 757 2498 802 sancta
2551 749 2790 815 indaga—

1985 821 2187 872 tionum
2240 820 2439 872 studiis
2503 820 2790 888 quwrxnda

1981 891 2222 956 reliquit.

2059 961 2197 1012 Ibid.
2240 960 2376 1012 Dum
2408 975 2535 1011 vera
2564 959 2795 1026 indaga-

1985 1031 2126 1082 tione
2153 1032 2361 1094 fuerint
2385 1033 2682 1096 patefacta.

2061 1099 2195 1152 Ibid.
2233 1103 2300 1154 Et
2326 1103 2613 1167 mysticum
2644 1099 2795 1153 intel-

1985 1169 2175 1222 lectum
2203 1172 2460 1224 insinuet.

2058 1309 2186 1378 Cap.
2242 1325 2299 1361 ιι.
2349 1309 2440 1362 Ad
2482 1309 2626 1376 quod
2671 1311 2794 1378 ipsa

1985 1380 2355 1432 convenientia
2385 1382 2482 1434 rei.
2519 1385 2618 1431 etc.

2062 1448 2195 1502 Ibid.
2238 1448 2386 1502 Unde
2414 1449 2600 1502 divina
2639 1449 2793 1503 Scri-

1981 1524 2150 1588 ptura
2178 1520 2317 1572 nihil
2354 1520 2701 1573 commendat.

2062 1589 2200 1643 Ibid.
2252 1589 2376 1644 Sine
2434 1605 2544 1657 qua
2589 1604 2795 1643 necesse

1064 1662 1320 1715 nantibus
1352 1661 1678 1728 Angelorum
1707 1661 1866 1714 tubis.
1911 1672 1952 1725 Β
1989 1663 2068 1713 est
2103 1675 2197 1713 nec
2244 1661 2424 1713 valeat
2478 1662 2791 1714 auctoritas.

1137 1802 1213 1854 Id.
1246 1803 1309 1855 In
1337 1816 1394 1854 eo
1423 1815 1556 1854 sexu
1586 1803 1876 1870 unusquis-

1069 1887 1170 1940 que
1190 1874 1247 1923 in
1277 1886 1380 1938 quo
1399 1876 1561 1924 natus
1587 1873 1718 1935 fuit.

1136 1942 1216 1994 Id.
1265 1944 1410 1994 Cum
1459 1943 1661 1994 virtute
1705 1941 1876 1994 multa

1065 2018 1117 2065 et
1139 2013 1439 2078 majestate.

1141 2082 1220 2135 Id.
1248 2085 1315 2135 Et
1343 2082 1601 2149 plangent
1619 2095 1674 2134 se
1699 2096 1876 2135 omnes

1068 2153 1240 2204 tribus
1274 2157 1452 2204 terra.

1139 2221 1221 2275 Id.
1266 2223 1452 2275 Postea
1491 2222 1744 2274 misertus
1798 2223 1880 2274 tui

1067 2307 1279 2346 carnem
1310 2292 1596 2359 assumpsi.

1141 2362 1220 2415 Id.
1279 2361 1538 2417 Conditus
1601 2361 1760 2429 jacui
1819 2361 1876 2412 in

1067 2433 1326 2500 sepulcro.

1141 2502 1222 2555 Id.
1275 2504 1418 2556 Tunc
1479 2502 1583 2555 erit
1624 2501 1772 2554 mala
1826 2505 1876 2554 et

1067 2571 1217 2627 dura
1239 2573 1535 2640 separatio.

1140 2642 1220 2694 Id.
1254 2645 1545 2712 Nunquam
1569 2655 1756 2710 poenas
1780 2642 1874 2706 fu-

1067 2713 1259 2781 gituri.

1139 2781 1219 2835 Id.
1252 2782 1436 2834 Juxta
1464 2795 1586 2834 vero
1634 2782 1871 2848 qualita-

1067 2857 1169 2906 tem
1237 2853 1424 2919 culpze,
1498 2866 1711 2920 pcenam
1793 2851 1873 2904 ibi

2059 1799 2194 1869 Cap.
2265 1815 2343 1853 ιιι.
2403 1799 2560 1865 Quod
2623 1801 2674 1854 si
2731 1799 2796 1853 de

1985 1876 2151 1924 morte
2180 1869 2400 1923 dicitur.

2057 1941 2171 2009 Cap
2203 1956 2272 1993 iv.
2318 1942 2634 1994 Erumnam
2675 1941 2791 1993 Ma-

1983 2012 2070 2068 ria
2101 2009 2378 2063 sustinuit.

2057 2080 2198 2133 Ibid.
2225 2082 2332 2134 Hoc
2355 2081 2497 2134 enim
2512 2082 2691 2148 potuit
2710 2083 2791 2147 ef-

1978 2151 2140 2217 ﬁcere
2177 2149 2242 2204 de
2281 2155 2472 2216 matre,
2505 2152 2636 2217 quia
2681 2152 2791 2204 ele-

1983 2222 2084 2287 git,
2117 2225 2222 2273 etc.

2057 2289 2198 2343 Ibid.
2275 2289 2549 2353 Quantum
2609 2291 2794 2354 gratia

1984 2360 2176 2412 Mariae
2205 2358 2556 2419 demonstrat.
2587 2368 2690 2412 etc.

2057 2430 2187 2499 Cap.
2221 2446 2270 2484 v.
2308 2431 2426 2498 Ipse
2471 2445 2595 2496 ergo
2623 2429 2790 2482 idem-

1984 2515 2086 2568 que
2154 2500 2305 2553 caelos
2377 2501 2660 2563 ascendit;
2737 2503 2794 2552 et

1984 2569 2190 2624 deinde
2247 2570 2506 2639 sequitur
2569 2584 2794 2640 semper

1985 2640 2149 2694 tertia
2173 2655 2435 2709 persona.

2059 2709 2198 2763 Ibid.
2231 2709 2273 2764 O
2310 2725 2562 2776 magnam
2590 2714 2640 2762 et
2662 2712 2792 2763 inte-

1984 2780 2307 2834 stimabilem
2339 2781 2627 2833 bonitatem
2658 2781 2754 2832 Dei
2770 2780 2788 2832 !

2056 2851 2190 2919 Cap.
2250 2866 2322 2903 VI.
2371 2851 2645 2914 Quantum
2689 2851 2791 2915 igi-

1065 2924 1435 2997 unusquisque
1483 2925 1717 2997 sustinet
1781 2936 1871 2997 ge-
1909 2941 1949 2997 ο
1989 2925 2372 2997 tur-contueor.

1069 2993 1271 3056 hennae,
1337 2997 1388 3045 et
1444 2994 1639 3045 similis
1704 2994 1873 3060 culpa

1067 3065 1148 3116 rei
1178 3065 1291 3116 suis
1328 3062 1596 3116 similibus
1627 3062 1873 3129 jungun-

1071 3138 1161 3187 tur
1181 3132 1476 3186 cruciandi.
1507 3134 1625 3190 Non
1664 3134 1744 3185 ibi
1773 3147 1876 3185 au-

1069 3203 1240 3270 ditur,
1265 3208 1368 3257 etc.

1141 3273 1220 3328 Id.
1261 3272 1544 3342 Supplicia
1585 3272 1876 3340 impiorum

1068 3349 1120 3398 et
1174 3345 1348 3410 gloria
1399 3343 1673 3410 justorum
1727 3343 1875 3396 vobis

1069 3414 1390 3469 denuntiata
1418 3418 1563 3467 sunt.

1142 3485 1199 3538 Id
1211 3525 1224 3538 .
1337 3485 1599 3538 Dominus
1699 3487 1876 3537 autem

1069 3559 1271 3624 quanto
1307 3557 1485 3621 patris
1524 3555 1792 3622 pietate...
1812 3593 1844 3605 ..
1860 3594 1874 3619 ,

1071 3631 1220 3680 tanto
1229 3626 1436 3694 judicis
1451 3626 1752 3692 majestate,
1768 3629 1872 3678 etc.

1142 3764 1224 3818 Id.
1289 3766 1462 3818 Potest
1509 3765 1877 3831 pamitmliam

1069 3837 1246 3901 gratis
1277 3835 1571 3899 indulgere.
1603 3834 1721 3886 Vid.
1759 3850 1873 3888 var.

1075 3906 1194 3959 Mau
1206 3920 1250 3958 r.

1144 3975 1224 4027 Id.
1269 3975 1387 4028 Non
1438 3988 1534 4026 nos
1572 3973 1684 4038 iam
1732 3973 1874 4026 divi-

1073 4047 1273 4100 tiarum
1299 4059 1479 4109 onera,
1513 4048 1618 4097 etc.

1143 4116 1219 4169 Id.
1259 4116 1368 4167 Cui
1394 4116 1559 4168 vicem
1596 4128 1878 4182 repensare

1070 4201 1176 4240 non
1202 4199 1502 4254 possumus.

1146 4255 1223 4310 Id.
1283 4257 1424 4321 Quia
1471 4255 1618 4308 mitis
1673 4267 1791 4307 sum
1827 4258 1877 4306 et

1074 4327 1295 4379 humilis
1323 4324 1497 4391 corde,
1529 4330 1578 4378 et
1598 4325 1880 4377 invenietis

1071 4397 1310 4464 requiem
1340 4395 1624 4448 animabus
1662 4395 1876 4448 vestris.

1075 4465 1293 4535 Oportet
1317 4468 1510 4532 igitur,
1545 4470 1650 4517 etc.

1146 4536 1227 4590 Id.
1262 4536 1367 4591 Sed
1395 4536 1616 4589 divinus
1652 4549 1748 4588 nos
1793 4549 1879 4587 re-

1074 4611 1282 4676 spectus
1319 4621 1526 4676 semper
1566 4622 1601 4659 a
1647 4607 1880 4674 peccatis

1075 4681 1278 4732 arceat.

1148 4747 1228 4800 Id.
1295 4745 1402 4801 Sed
1455 4748 1619 4799 etiam
1681 4748 1883 4798 secreta

1073 4816 1253 4871 cordis
1295 4817 1597 4870 considerat
1627 4819 1675 4868 et
1713 4814 1879 4868 videt.

1151 4887 1230 4940 Id.
1321 4888 1542 4940 Nullum
1605 4889 1884 4954 ponentem

1078 4973 1296 5012 manum
1325 4959 1381 5009 in
1411 4960 1675 5009 aratrum.

1151 5027 1227 5081 Id.
1257 5027 1340 5081 Ibi
1367 5041 1491 5092 ergo
1522 5027 1880 5096 suspiremus,

333 5181 538 5236 LIBER
580 5184 667 5236 DE
703 5183 1184 5238 ASSUMPTIONE
1229 5185 1467 5238 BEAT/E
1515 5183 1754 5236 MARIAS

713 5315 718 5318 .
884 5271 1207 5326 VIIIGINIS.

270 5355 500 5426 Legitur
529 5357 587 5411 in
640 5357 781 5412 Bibl.
833 5358 1176 5429 Magliabecb
1206 5401 1221 5426 ,
1257 5358 1382 5413 cod.
1425 5374 1606 5422 LXXXI,
1663 5357 1760 5412 fol.
1795 5359 1884 5412 68.

273 5443 415 5498 Edit.
456 5446 618 5500 Praef.
653 5446 860 5512 Quibus
895 5462 1005 5501 cre-

199 5513 442 5570 didimus
470 5522 520 5569 et
549 5519 684 5570 certi
712 5531 915 5570 sumus.

195 5611 202 5616 -
272 5585 416 5641 Ibid.
463 5589 660 5641 Tamen
704 5589 884 5642 ipsum
940 5603 1010 5642 ea:

1153 5447 1289 5501 Cod.
1353 5447 1559 5510 Quibus
1616 5445 1887 5500 credimus

1080 5521 1130 5572 et
1161 5519 1296 5571 certi
1317 5531 1520 5570 sumus.

1155 5587 1234 5642 Id.
1292 5591 1493 5658 Tamen
1560 5588 1741 5658 ipsum
1823 5601 1891 5640 ea:

2060 2990 2200 3044 Ibid.
2255 2992 2378 3044 Post
2440 3005 2689 3056 vermem,
2733 2992 2792 3041 ut

1983 3060 2210 3128 dignum
2264 3065 2362 3126 est,
2398 3061 2792 3129 abjectissimus

2025 3133 2183 3185 ulvis.

1981 3147 2183 3200 puteis.

2057 3203 2189 3270 Cap.
2229 3217 2323 3254 vn.
2377 3199 2439 3255 Si
2487 3202 2627 3253 enim
2680 3200 2789 3254 hac

1984 3271 2252 3341 generalis
2279 3272 2562 3325 sententia.

2056 3341 2195 3395 Ibid.
2229 3341 2413 3396 Omnis
2452 3343 2549 3409 qui
2592 3355 2789 3395 sanum

1985 3415 2150 3481 sapit,
2172 3413 2450 3482 intelligit.

2056 3482 2202 3536 Ibid.
2243 3483 2305 3536 In
2346 3481 2606 3551 presepio
2635 3481 2790 3535 recli-

1984 3556 2159 3606 navit.

2057 3623 2196 3677 Ibid.
2230 3624 2346 3677 Non
2373 3624 2649 3676 recesserit
2676 3636 2793 3676 con-

1985 3699 2205 3757 sectata,
2242 3709 2347 3746 non
2376 3694 2547 3746 solum
2587 3694 2793 3758 gressi-

1986 3765 2082 3818 bus
2116 3764 2336 3833 pedum,
2367 3768 2471 3816 etc.

1985 3901 2294 3956 divinitatis
2349 3903 2462 3971 eius
2520 3902 2630 3954 nisi
2683 3915 2794 3954 esse

1987 3974 2228 4026 credula.

2059 4045 2191 4112 Cap.
2247 4057 2361 4095 vm.
2416 4040 2792 4095 Consideratis

1986 4115 2157 4179 igitur
2182 4114 2266 4166 his
2282 4114 2569 4175 universis,
2593 4115 2644 4165 et
2665 4127 2794 4165 vera

1986 4185 2216 4248 ratione,
2266 4182 2628 4251 conﬁtendum
2675 4198 2792 4235 cen-

1988 4267 2093 4308 860.

2058 4323 2178 4378 Ibid
2193 4365 2205 4377 .
2285 4321 2453 4391 Apud
2522 4322 2794 4377 Christum

1987 4396 2215 4462 gloriose
2235 4393 2308 4446 ad
2326 4394 2646 4447 aeternitatis
2665 4406 2796 4458 gau-

1989 4464 2082 4518 dia
2137 4468 2491 4532 assumptum,
2549 4463 2794 4531 benigni-

1989 4539 2115 4597 tate,
2151 4539 2258 4588 etc.

2055 4606 2188 4674 Cap.
2229 4620 2326 4674 ιιι.Δ
2356 4603 2529 4667 Quam
2567 4617 2650 4656 me
2677 4616 2797 4655 cum

1992 4671 2246 4743 Apostolo
2290 4671 2478 4743 digna,
2497 4675 2797 4726 reverentia

1989 4742 2175 4798 videor
2203 4744 2388 4798 debere
2407 4742 2698 4807 admirari,
2717 4743 2800 4795 di-

1991 4829 2130 4869 cens.

2064 4883 2207 4938 Ibid.
2239 4885 2434 4937 Tamen
2455 4881 2802 4951 quemadmo-

1991 4954 2122 5008 dum
2184 4969 2267 5008 me
2323 4953 2500 5007 dicere
2550 4952 2800 5007 debuisse

1991 5024 2220 5078 credidi.

2066 5095 2205 5148 Ibid.
2246 5093 2306 5150 Si
2353 5097 2530 5146 autem
2587 5097 2646 5145 ut
2694 5107 2802 5145 non

1993 5164 2176 5233 debui,
2217 5167 2426 5230 ignosce
2472 5168 2531 5215 tu
2587 5167 2637 5216 et
2683 5163 2802 5217 tui?

2058 3779 2082 3818 s
2116 3764 2336 3843 pedum,
2367 3768 2471 3816 etc.
2509 3834 2520 3844 .
2762 3833 2771 3842 .
2833 3815 2835 3817 ,
2866 3761 2963 3815 bus

2057 3834 2199 3887 Ibid.
2259 3835 2378 3887 Non
2432 3846 2573 3884 enim
2618 3835 2838 3900 potuit-
2937 3831 2956 3884 Ι

3544 276 3677 332 1242

2939 399 3020 453 Id.
3063 399 3305 466 Obsecro,
3345 405 3405 456 ut
3453 417 3552 471 pro
3595 419 3672 456 ine

2865 471 3183 539 interpellet.

2939 539 3018 594 Id.
3073 541 3344 605 Quantum
3401 544 3532 595 Deus
3576 543 3671 596 do-

2865 613 3055 676 cuerit,
3091 613 3239 678 loqui
3268 613 3600 680 incipientes.

2940 681 3017 734 Id.
3083 682 3187 736 Sed
3241 685 3372 748 quia
3426 683 3674 750 quaedam

2865 751 3151 818 Scriptura
3182 759 3370 805 sancta
3388 769 3572 806 verum
3592 769 3672 805 in-

2864 820 3194 885 dagantibus
3222 822 3510 890 quaerenda
3543 826 3669 876 reli-

2864 894 3002 958 quit.

2939 963 3016 1014 Id.
3073 960 3200 1014 Cum
3255 976 3382 1014 vera
3438 962 3672 1028 indaga-

2870 1032 3008 1083 lione
3036 1034 3240 1096 fuerint
3268 1035 3563 1099 patefacta.

2939 1101 3012 1153 Id.
3052 1101 3122 1152 Et
3154 1104 3436 1168 mysticum
3465 1103 3671 1155 intelle-

2865 1175 3008 1222 ctum
3064 1173 3318 1225 instruat.
3375 1172 3492 1225 Vid.
3545 1173 3668 1226 Var.

2866 1241 3037 1292 Maur.

2939 1310 2998 1362 Id
3054 1310 3144 1364 Ad
3180 1325 3298 1377 quae
3331 1313 3454 1380 ipsa
3486 1326 3669 1366 conve-

2865 1382 3071 1432 nientia
3093 1382 3194 1443 rei,
3236 1387 3341 1434 etc.

2941 1450 3021 1504 Id.
3063 1453 3130 1503 De
3163 1466 3272 1518 qua
3310 1450 3500 1504 divina
3531 1453 3671 1505 Scri-

2860 1524 3031 1588 ptura
3061 1520 3203 1573 nihil
3232 1521 3584 1575 commendat.

2937 1589 3059 1642 Ibid
3111 1590 3238 1645 Sine
3275 1606 3385 1658 qua
3419 1591 3560 1644 nihil
3598 1596 3676 1645 est

2867 1674 2961 1713 nec
2988 1661 3130 1713 valet
3177 1661 3499 1717 auctoritas.
3551 1662 3672 1715 Vid.

2868 1745 2984 1782 var.
3022 1731 3193 1784 Maur.

2939 1800 3018 1854 Id.
3053 1800 3209 1866 Quod
3232 1803 3283 1854 si
3307 1801 3372 1854 de
3391 1806 3558 1855 morte
3585 1801 3672 1855 di-

2867 1875 3042 1923 catur.

2938 1940 3014 1994 Id.
3049 1943 3337 1995 Erumnas
3360 1943 3537 1995 Maria
3566 1956 3676 1995 sus-

2865 2011 3048 2064 tinuit.

2939 2081 3018 2135 Id.
3055 2082 3163 2134 Hoc
3191 2083 3333 2134 enim
3368 2083 3547 2150 potuit
3588 2082 3670 2146 ef-

2864 2147 3023 2219 ﬁcere
3077 2151 3143 2204 de
3187 2147 3384 2213 matre,
3433 2153 3531 2219 qui
3569 2153 3672 2205 ele-

2863 2223 2962 2287 git,
2998 2225 3104 2273 etc.

2939 2291 3018 2343 Id.
3055 2291 3328 2355 Quantum
3366 2292 3550 2357 gratia
3581 2292 3675 2344 Dei

2865 2361 3057 2414 Maria
3077 2367 3361 2423 monstrat,
3386 2367 3491 2415 etc.

2940 2431 3015 2483 Id.
3086 2432 3204 2500 Ipse
3261 2447 3354 2497 ego
3427 2431 3676 2499 idemque

2865 2501 3016 2553 cwlos
3055 2501 3300 2554 escendi:
3358 2505 3416 2554 et
3467 2501 3674 2554 deinde

2866 2569 3123 2639 sequitur
3197 2586 3423 2640 semper
3489 2569 3676 2640 prima.

2866 2653 3132 2710 persona.

2937 2709 3020 2763 Id.
3077 2710 3118 2765 O
3154 2724 3408 2776 magnam
3453 2714 3502 2762 et
3530 2711 3664 2763 inae-

2863 2779 3183 2834 stimabitem
3203 2782 3521 2833 charilatem
3551 2783 3668 2838 Dei.

2937 2850 3018 2903 Id.
3074 2849 3344 2916 Quantum
3390 2865 3515 2918 ergo
3577 2854 3666 2903 in-

2867 2925 3033 2974 tueor.

2941 2990 3016 3043 Id.
3055 2989 3183 3042 Post
3211 3003 3459 3054 vermem,
3488 2994 3551 3044 ut
3581 2989 3670 3043 di-

2865 3066 3006 3113 ctum
3020 3064 3119 3128 est,
3140 3059 3536 3127 abjectissimus
3552 3062 3674 3129 pul-

2859 3146 2962 3184 vis.

2934 3200 3012 3254 Id.
3049 3201 3116 3255 Si
3138 3204 3216 3254 est
3235 3201 3375 3254 enim
3400 3202 3668 3268 generalis

2863 3271 2970 3324 haec
2999 3273 3281 3324 sententia.

2934 3340 3011 3395 Id.
3038 3340 3222 3398 Omnis
3243 3343 3339 3409 qui
3353 3353 3482 3395 sane
3499 3344 3670 3411 sapit,

2864 3411 3138 3478 intelligit.

2937 3482 3016 3536 Id.
3057 3483 3118 3536 In
3169 3495 3404 3550 przsepe
3440 3482 3671 3536 reclina-

2864 3554 2960 3606 vit.

2938 3621 3018 3675 Id.
3061 3623 3177 3677 Non
3221 3624 3516 3687 recesserit,
3548 3636 3669 3674 con-

2866 3696 3067 3746 sectata
3114 3706 3220 3744 non
3256 3692 3426 3746 solum
3469 3693 3670 3759 gressi-

2991 3761 3207 3828 pedum,
3232 3766 3336 3814 etc.

2937 3831 3019 3884 Id.
3069 3831 3184 3886 Non
3248 3833 3390 3885 enim
3469 3831 3668 3900 potuit,

2863 3902 2974 4025 rdiis'i
3016 3900 3327 3955 divinitatis
3391 3915 3502 3955 esse
3565 3915 3672 3954 cre-

2905 3987 3015 4025 ua.

2905 3973 3015 4025 u’a.

2935 4041 2993 4095 Id
3005 4080 3017 4092 .
3105 4039 3466 4096 Consideratis
3547 4055 3672 4105 ergo

2865 4111 2950 4165 his
2978 4113 3265 4175 universis,
3295 4125 3423 4164 vera
3464 4112 3676 4166 ratione

2865 4181 3221 4250 conﬁtendum
3243 4195 3441 4235 censeo.

2938 4321 3020 4374 Id.
3075 4319 3247 4389 Apud
3287 4321 3561 4377 Christum
3601 4319 3676 4374 ad

2868 4393 3114 4457 gloriosae
3166 4394 3481 4444 aeternitatis
3537 4407 3674 4458 guu-

2867 4461 2964 4515 dia
3019 4467 3373 4530 assumptum,
3437 4463 3676 4527 benigni-

2871 4535 2998 4594 tate,
3031 4536 3136 4584 etc.

2940 4601 3023 4655 Id.
3055 4600 3224 4666 Quam
3255 4615 3335 4653 me
3370 4615 3490 4654 enm
3521 4602 3678 4668 Apo-

2868 4672 3001 4725 stolo
3051 4670 3221 4736 digna
3257 4671 3556 4724 reverentia
3595 4671 3679 4722 vi-

2871 4741 2999 4794 deor
3039 4740 3225 4795 debere
3265 4740 3559 4806 admirari,
3591 4739 3681 4792 di-

2872 4816 3034 4866 cente.

2945 4882 3025 4935 Id.
3075 4881 3272 4935 Tamen
3301 4883 3563 4948 quantum
3601 4893 3682 4932 me

2872 4950 3046 5006 dicere
3075 4950 3317 5005 debuisse
3344 4949 3571 5004 credidi.

2944 5090 3024 5145 Id.
3058 5090 3119 5144 Si
3159 5094 3335 5143 autem
3374 5104 3482 5143 non
3506 5093 3566 5143 ut
3593 5085 3683 5143 de-

2876 5162 2989 5226 bui,
3016 5163 3226 5227 ignosce
3257 5165 3313 5214 tu
3337 5167 3387 5214 et
3421 5162 3521 5213 tui.

2215 5250 2577 5307 SERMONES
2612 5251 2706 5304 AD
2749 5249 3060 5305 FRATRES
3097 5249 3165 5302 IN
3207 5248 3462 5304 EREMO.

2677 5353 2849 5391 SBRIO
2889 5353 3009 5390 XLV.

2069 5426 2300 5497 Legitur
2348 5424 2409 5480 in
2483 5424 2621 5479 Bibl.
2685 5425 2970 5492 Laurent.,
3045 5423 3189 5494 plut.
3263 5439 3374 5490 xvr,
3424 5422 3526 5477 cod
3594 5437 3686 5488 xx,

1997 5514 2093 5569 fol.
2131 5516 2253 5569 I38.

2072 5586 2218 5640 Edit.
2266 5583 2370 5650 Qui
2397 5583 2472 5636 ad
2512 5584 2810 5638 conversio-

195 5611 202 5616 -
275 5602 416 5641 ιωα.
463 5602 660 5641 tamen
698 5602 884 5710 (ipsum
940 5603 1010 5642 ea:
1158 5602 1234 5642 Ia.
1292 5602 1493 5643 Tamen
1560 5602 1741 5658 ipsum
1823 5602 1891 5640 ea:
2072 5602 2218 5640 uati.
2266 5602 2367 5650 ψη
2397 5602 2470 5636 aa
2512 5602 2537 5636 ο

195 5659 360 5725 parte
388 5656 533 5726 quod
561 5661 658 5722 est,
741 5658 917 5712 icatur
955 5661 1014 5713 ut
1081 5663 1242 5728 parte
1284 5657 1430 5728 quod
1477 5661 1574 5725 est,
1616 5657 1792 5712 dicam
1832 5660 1892 5712 ut
1999 5671 2117 5728 nem
2145 5669 2238 5728 nos
2273 5657 2540 5707 admonet.

192 5731 300 5782 est.

1082 5733 1178 5784 est.

559 5799 833 5867 PATROL.
877 5800 1127 5867 XLVII.

2076 5726 2218 5783 Ibid.
2252 5728 2317 5783 Et
2369 5729 2565 5781 iterum
2608 5727 2806 5794 surgit.

2951 5580 3088 5637 Cod.
3125 5581 3229 5649 Qui
3256 5579 3322 5635 de
3353 5582 3690 5636 conversione

2881 5667 2976 5708 nos
3004 5652 3273 5708 admonet.

2952 5724 3034 5782 Id.
3089 5726 3161 5781 Et
3203 5725 3400 5778 iterum
3432 5721 3688 5788 resurgit.

3231 5795 3336 5862 39'
