4068 6192
320 294 454 348 1243

381 418 524 472 Ibid.
561 419 740 485 Neque
752 418 937 486 justus
967 415 1117 469 debet

313 504 422 542 esse
463 504 700 556 securus,
743 504 833 542 nec
875 493 1120 557 peccator

313 561 620 628 desperare.

389 627 524 683 Ibid.
560 630 715 683 Multi
764 628 990 681 divitias
1034 627 1118 680 dev

313 701 648 768 relinquunt,
676 701 813 751 vitia
838 715 942 751 non
964 701 1122 750 relin-

315 777 505 838 quant.

389 841 526 893 Ibid.
561 838 703 902 Quid
731 839 868 891 mihi
885 838 1122 906 prodest,

315 925 432 962 cum
465 911 678 977 jejunio
724 911 775 962 si
814 911 1125 962 luxuriosus

314 995 431 1032 sum
447 983 472 1030 't

1554 292 1967 348 AI‘PENDICIS
2007 291 2512 350 AUGUS'I‘INIANI.

1266 416 1344 469 Id.
1398 418 1574 483 Neque
1613 418 1798 482 justus
1844 417 1995 470 ιιυιρι
2035 420 2075 472 Α

1192 501 1300 539 esSe
1318 503 1552 547 securus,
1575 504 1739 554 neque
1760 495 2002 556 peccator

1193 557 1283 609 des
1289 573 1494 622 furare.

1270 628 1342 679 Id.
1425 629 1580 681 Mulli
1635 628 1862 680 diritias
1914 642 2004 679 re-

1201 699 1474 764 linquunt,
1508 700 1643 750 vitia
1689 714 1794 751 non
1845 701 2006 750 relin-

1201 775 1386 836 quant.

1273 839 1348 890 Id.
1403 837 1544 902 Quid
1589 839 1724 890 mihi
1769 838 2006 906 prodest,

1201 909 1344 976 quod
1367 910 1576 975 jejuno,
1618 912 1666 961 si
1696 909 2008 961 luxuriosus

1200 983 1359 1031 sum?

965 1082 1139 1118 SERMO
1180 1083 1360 1118 XLVIII.

389 1153 619 1222 Legitur
649 1154 706 1207 in
741 1154 880 1208 Bibl.
916 1154 1101 1217 A‘Idil.,
1138 1155 1260 1206 cod.
1305 1171 1358 1217 χ,
1397 1152 1492 1205 fol.
1528 1157 1612 1206 tit).

390 1243 530 1296 Edit.
561 1245 627 1295 In
651 1246 766 1310 ipso
788 1243 1016 1309 denique
1039 1245 1125 1294 ho-

319 1315 457 1366 mine
485 1313 730 1380 deposita
758 1318 894 1365 erat.

391 1383 528 1436 Ibid.
566 1385 668 1437 .Vec
707 1385 763 1435 in
803 1383 978 1436 eadem
1023 1387 1127 1434 sla-

318 1457 376 1506 tu
441 1468 780 1521 permanens,
847 1469 986 1506 nunc
1041 1453 1124 1504 di-

315 1539 425 1582 ves,
457 1529 561 1576 etc.

393 1592 533 1646 Ibid.
583 1595 708 1646 Ecce
730 1593 988 1660 quomodo
1019 1598 1124 1645 sta-

320 1661 464 1728 bilis,
488 1679 597 1716 ecce
627 1663 883 1730 quomodo
913 1678 1124 1731 perma-

317 1748 466 1785 nam.

394 1802 530 1855 Ibid.
552 1804 783 1868 Ignarus
801 1805 896 1857 Dei
915 1806 1119 1869 gratia;

317 1873 444 1926 etin
465 1889 578 1924 var.
600 1889 612 1925 :
633 1874 884 1927 Fortasse
899 1877 1122 1938 ignarus

317 1945 384 1996 de
412 1945 614 2008 gratia.

395 2013 531 2065 Ibid.
577 2016 642 2067 Ut
693 2015 1125 2081 quotiescumque

317 2083 610 2136 comederes
641 2100 707 2135 θέε
735 2085 900 2150 ligno.

392 2153 529 2206 Ibid.
572 2154 848 2220 Numquid
896 2153 1126 2208 ludendo

314 2224 408 2275 hoc
440 2223 613 2276 edixit
631 2225 660 2276 ?

392 2293 529 2346 Ibid.
578 2295 733 2348 Ratio
774 2295 918 2359 ignis
950 2296 1006 2346 in
1035 2309 1124 2345 ca-

320 2365 428 2414 lore
457 2379 468 2416 :
502 2367 554 2415 et
588 2367 694 2417 hzec
733 2369 970 2430 quatuor
997 2379 1123 2415 mon.-

319 2437 440 2501 post
506 2440 782 2500 peccatum
848 2435 922 2486 ad
987 2436 1126 2486 inri-

320 2519 451 2563 cem,
487 2510 592 2556 etc.

395 2572 533 2626 Ibid.
581 2574 746 2640 Quid,
778 2576 999 2640 fratres,
1035 2576 1125 2627 in-

317 2646 580 2705 venimus,
613 2646 694 2696 vel
727 2660 844 2711 qua
859 2647 887 2697 ‘t

395 2714 530 2767 Ibid.
574 2716 638 2767 In
688 2721 871 2767 ventre
926 2729 1128 2767 vermes

320 2787 696 2853 scaturientes,
734 2791 1012 2850 generatos
1063 2800 1129 2836 ea:

320 2855 630 2908 visceribus.

395 2924 537 2978 Ibid.
566 2923 704 2978 Ecce
750 2925 884 2993 quid
923 2939 1127 2990 sumus,

319 2998 369 3048 et
407 2994 543 3063 quid
567 2997 691 3064 jam
725 2999 942 3050 erimus.

397 3066 534 3118 Ibid.
568 3070 879 3134 Antequam
908 3068 1128 3119 veniant

321 3134 437 3188 dies
459 3137 544 3190 illi
571 3139 768 3200 amari,
807 3139 955 3206 pleni
984 3139 1132 3190 mise-

318 3221 433 3260 rue

393 3277 535 3330 Ibid.
570 3279 694 3333 Nisi
722 3278 1127 3330 concordaveri-

325 3362 444 3401 mus
469 3362 586 3401 cum
620 3349 812 3401 vetulis
841 3351 1057 3402 nostris.

399 3487 536 3540 Ibid.
618 3487 788 3552 Caius
862 3490 1129 3555 sapientia

322 3557 737 3611 demonstratur.

397 3628 534 3680 Ibid.
604 3630 705 3681 Nec
770 3628 1128 3697 pauperibus,

325 3703 381 3750 at
445 3699 715 3765 jusseras,
797 3700 1131 3768 sufﬁcienter

323 3768 624 3822 tribuendo.

319 3909 422 3968 dit,
454 3913 634 3961 omnia
681 3911 990 3976 periclitari
1043 3924 1128 3961 as-

317 3982 486 4043 seris;
525 3983 575 4032 si
612 3983 914 4048 temperiem
944 3979 1129 4032 adesse

315 4052 601 4117 prospicis,
656 4051 814 4103 solem
873 4053 954 4103 vel
999 4051 1124 4115 plu-

317 4123 462 4172 viam
494 4121 679 4174 adesse
699 4121 1051 4174 desiderabis.

393 4190 531 4244 Ibid.
567 4192 764 4244 Adhuc
793 4192 977 4244 calum
1007 4206 1121 4243 am-

319 4260 420 4324 bis,
471 4268 518 4313 et
607 4264 786 4330 ipsum
844 4265 1126 4329 penetrare

315 4331 558 4398 affectas.

387 4539 525 4594 Ibid.
564 4541 641 4595 Et
675 4543 812 4595 sicut
848 4541 1118 4607 voluistis,

311 4613 395 4664 ita
415 4613 534 4678 ﬁat.

389 4681 526 4734 Ibid.
579 4682 620 4734 t)
649 4681 994 4735 admirabilis
1033 4685 1117 4735 in-

308 4753 542 4820 ﬁdelitas
564 4754 583 4805 !

381 4961 520 5017 Ibid.
569 4965 668 5018 Pro
705 4961 902 5032 quibus
946 4965 1113 5018 Deum

305 5033 552 5102 offendis.

1275 1241 1410 1293 Cod.
1487 1243 1544 1293 In
1617 1244 1731 1308 ipso
1782 1241 2012 1308 denique

1200 1312 1409 1365 homine
1431 1313 1667 1378 reposita
1696 1317 1828 1362 erat.

1276 1382 1349 1434 Id.
1389 1383 1466 1435 Et
1507 1396 1787 1446 nunquam
1838 1384 1893 1432 in
1932 1396 2010 1432 eo-

1198 1452 1317 1504 dem
1355 1458 1502 1503 statu
1540 1465 1835 1519 permotus,
1872 1466 2008 1504 nunc

1199 1523 1371 1582 diues,
1395 1528 1499 1573 etc.

1270 1593 1345 1644 Id.
1386 1594 1514 1644 Ecce
1543 1591 1804 1658 quomodo
1837 1592 2006 1644 stabi-

1199 1664 1264 1714 lis
1310 1677 1382 1726 es,
1431 1677 1543 1715 ecce
1586 1661 1847 1728 quomodo
1887 1677 2001 1730 per-

1196 1746 1374 1785 171lllll'5

1273 1804 1348 1854 Id.
1413 1803 1640 1864 Ignarus
1688 1801 1752 1854 de
1797 1803 2001 1866 gratia.

1200 1873 1332 1925 Hinc.
1357 1874 1728 1924 conﬁrmatur
1747 1873 2006 1940 supposi-

1200 1944 1279 1995 tio
1317 1943 1701 1994 Beumtictluox
1721 1959 1835 1994 um.

1271 2013 1346 2064 Id.
1399 2013 1464 2064 Ut
1501 2028 1834 2079 quacumque
1875 2013 2007 2064 hora

1198 2081 1491 2137 comederes
1516 2083 1582 2134 de
1610 2083 1772 2148 ligno.

1271 2154 1346 2205 id.
1422 2153 1700 2220 Numquid
1777 2151 2007 2205 ludendo

1199 2224 1291 2275 hoc
1317 2222 1463 2274 etimit
1478 2223 1504 2276 '?

1276 2293 1354 2345 Id.
1391 2295 1547 2346 Ratio
1581 2294 1724 2356 ignis
1757 2295 1814 2344 in
1833 2292 2008 2344 calore

1199 2377 1309 2414 esse
1346 2362 1548 2414 dicitur
1581 2379 1592 2414 :
1626 2367 1862 2430 quatuor
1899 2363 2008 2415 haec

1198 2439 1375 2485 autem
1421 2439 1540 2499 post
1566 2439 1843 2500 peccatum
1884 2448 2008 2484 mae

1200 2504 1270 2556 (ιιι
1298 2505 1541 2562 invicem.
1575 2508 1678 2555 etc.
1966 2536 1972 2541 -

1279 2573 1354 2625 Id.
1391 2573 1556 2637 Quid,
1588 2576 1813 2638 fratres,
1867 2575 2005 2625 inve-

1201 2646 1426 2699 niemus.
1462 2646 1540 2695 rel
1570 2659 1688 2710 qua:
1714 2645 1736 2697 ἓν

1274 2715 1353 2766 Id.
1390 2715 1448 2767 In
1484 2715 1779 2766 visceribus
1808 2728 2009 2766 vermes

1202 2787 1571 2849 scaturientcs,
1612 2789 1888 2851 generatos
1943 2800 2010 2836 ac

1203 2857 1298 2907 eis.
1922 2897 1928 2901 .

1279 2925 1352 2977 Id.
1401 2925 1540 2977 Ecce
1604 2924 1739 2992 quid
1783 2939 2008 2988 sumus;

1202 3009 1313 3048 ecce
1341 2995 1476 3062 quid
1497 2996 1617 3060 jam
1647 2997 1865 3048 erimus.

1277 3065 1352 3118 Id.
1451 3067 1758 3134 Antequam
1828 3067 2010 3117 veniat

1203 3135 1317 3188 dies
1349 3136 1448 3189 illa
1477 3151 1686 3200 amara,
1717 3137 1878 3204 plena
1906 3137 2006 3188 mi-

1202 3221 1374 3260 smnw.

1279 3277 1352 3329 Id.
1455 3278 1575 3331 Nisi
1674 3276 2012 3329 concordiam

1202 3361 1320 3399 cum
1390 3349 1587 3400 vetulis
1653 3350 1853 3401 nostris
1919 3349 2012 3400 ha-

1205 3417 1322 3469 bere
1345 3421 1655 3484 poterimus.

1281 3488 1355 3539 Id.
1391 3490 1561 3553 Cuius
1608 3490 1872 3552 sapientia
1910 3490 2009 3541 uti-

1205 3573 1305 3626 que
1332 3557 1749 3612 demonstratur.

1281 3629 1357 3680 Id.
1401 3631 1502 3681 Ncc
1544 3629 1896 3696 pauperibus.
1953 3635 2010 3681 ut

1207 3700 1465 3763 iusseras,
1516 3701 1786 3766 sapienttr
1822 3699 2010 3751 distri-

395 3770 624 3822 ‘buendo.
1145 3817 1154 3824 .
1205 3770 1312 3822 bui.

395 3839 527 3892 Ibid.
583 3842 644 3894 Si
695 3840 886 3907 pluvia
919 3838 1162 3901 desceny
1278 3842 1312 3892 Ι(

1278 3840 1351 3892 Id.
1380 3841 1440 3894 Si
1456 3838 1666 3906 pluvia,
1695 3840 1874 3891 omnia
1899 3855 2010 3904 per-

1201 3911 1339 3970 dita,
1365 3912 1588 3971 asseris;
1623 3912 1670 3961 si
1707 3912 2008 3976 temperiem

1201 3980 1385 4032 adesse
1413 3983 1697 4046 prospicis,
1728 3996 1823 4046 per
1848 3982 2006 4032 solem

1200 4051 1280 4102 vel
1317 4051 1559 4117 pluviam
1594 4051 1772 4102 venire
1813 4051 2008 4117 praedi-

1200 4120 1367 4172 cabis.

1271 4191 1343 4242 Id.
1382 4189 1577 4242 Adhuc
1608 4189 1788 4241 calum
1816 4195 1997 4255 aptas;

1197 4261 1290 4312 sed
1319 4262 1368 4312 si
1388 4266 1606 4324 terram,
1635 4274 1798 4321 mare,
1829 4240 2001 4312 ἀρηξιὴ
2040 4240 2079 4293 D

1197 4335 1246 4382 et
1292 4332 1475 4382 eertum
1532 4330 1782 4382 habueris
1843 4331 1995 4397 [Cod

1197 4397 1421 4469 ambis],
1437 4400 1612 4452 adhuc
1628 4401 1802 4467 ipsum
1818 4401 2001 4454 caelum

1195 4477 1477 4538 penetrare
1495 4471 1736 4536 affectas.

1271 4541 1346 4595 Id.
1379 4544 1444 4594 Et
1475 4544 1611 4593 sicut
1632 4540 1894 4603 voluistis,
1923 4541 2000 4593 ita

1194 4609 1296 4680 ﬁat
1328 4612 1486 4664 vobis,

1266 4682 1342 4734 Id.
1379 4683 1421 4736 0
1452 4680 1736 4737 mirabilis,
1767 4681 1877 4733 sive
1906 4683 2000 4732 mi-

1159 4751 1443 4805 'serabilis
1492 4751 1783 4808 inﬁdelitas
1810 4750 1836 4802 ’ἶ
1889 4752 2000 4803 IIoc

1195 4828 1385 4876 notam
1459 4837 1578 4873 esse
1640 4821 1997 4873 rescribentis

1191 4891 1546 4945 crediderim.

1263 4963 1341 5016 Id.
1400 4965 1498 5016 Pro
1557 4962 1751 5029 quibus
1832 4963 1991 5014 Decun

1188 5049 1325 5100 saepe
1345 5032 1592 5100 offendis.

2181 416 2320 469 Ibid.
2362 417 2477 469 Duo
2508 431 2715 484 quoque
2753 417 2922 480 fame-

2113 489 2206 540 lici
2257 488 2616 554 pascebantur
2661 489 2716 538 in
2765 490 2922 552 fovea

2113 559 2412 610 oculorum.

2187 627 2325 680 Ibid.
2360 629 2460 680 Ubi
2479 625 2670 694 capilli
2690 626 2922 679 Solares?

2183 698 2323 750 Ibid.
2391 698 2636 759 Ubinam,
2723 712 2919 763 quzeso,

2113 774 2238 821 sunt
2271 769 2378 820 haec
2408 770 2607 830 omnia,
2640 782 2672 817 a
2703 783 2805 833 quo
2845 783 2922 820 re-

2116 841 2272 892 cessit
2298 844 2450 889 tanta
2474 839 2751 903 jactanlia
2772 838 2800 889 ?

2190 907 2327 961 Ibid.
2385 908 2473 960 Ad
2503 906 2635 974 quid
2687 910 2923 960 venimus

2113 981 2424 1047 prospicite.

2192 1049 2326 1100 Ibid.
2383 1049 2540 1100 Filios
2573 1061 2703 1113 quos
2739 1051 2922 1115 patres

2117 1135 2318 1171 summe
2349 1145 2376 1169 ρ.
2389 1122 2671 1169 flexerunt.

2193 1189 2332 1240 Ibid.
2376 1190 2444 1240 Et
2503 1187 2925 1254 chirographum

2118 1259 2519 1326 inﬁrmantibus
2549 1259 2763 1324 praebet.

2192 1329 2330 1382 Ibid.
2373 1331 2438 1380 Et
2466 1330 2544 1379 sic
2586 1329 2781 1380 divites
2812 1343 2924 1379 mo-

2119 1403 2339 1451 riuntur
2367 1401 2421 1449 in
2452 1399 2688 1462 inferno.

2193 1469 2329 1521 Ibid.
2359 1473 2510 1533 Aan
2537 1469 2925 1536 penitentiam,

2118 1540 2376 1605 disponas
2407 1539 2619 1590 domum
2651 1543 2818 1590 tuam.

2194 1608 2333 1662 Ibid.
2393 1610 2482 1670 De
2513 1609 2780 1660 stomacho
2831 1623 2928 1672 pro

2049 1691 2085 1745 Β
2119 1684 2333 1746 peccato
2375 1680 2534 1740 gulte,
2569 1678 2633 1729 de
2663 1682 2929 1746 sper-male

2117 1766 2303 1803 renum
2339 1751 2663 1816 srorpiones,
2698 1755 2801 1802 etc.

2187 1958 2328 2012 Ibid.
2353 1961 2538 2012 Domos
2563 1963 2764 2010 vestras
2785 1974 2852 2026 pa
2862 1973 2922 2010 u-

2110 2029 2332 2098 peribus
2409 2032 2633 2096 aperite,
2718 2034 2774 2079 et
2848 2027 2926 2080 sic

2115 2099 2384 2168 deinceps
2407 2115 2535 2152 cum
2567 2098 2922 2168 imperativo.

3677 294 3823 347 I‘l'i's

3067 415 3146 468 Id.
3185 418 3296 468 Duo
3323 430 3531 484 quoque
3566 417 3825 480 famelici

2993 489 3352 552 pascebantur
3391 490 3446 537 in
3476 489 3649 550 foveis
3699 502 3823 539 ocu-

2997 557 3193 608 lorum.

3069 627 3145 678 Id.
3192 626 3291 679 Ubi
3339 626 3519 693 lapilli
3558 627 3764 678 sotares
3795 625 3824 679 ?

3070 697 3147 749 Id.
3184 697 3430 760 Ubinam,
3461 711 3656 762 quaso,
3681 702 3818 748 sunt

2997 767 3104 818 haec
3163 767 3384 820 omnia?
3440 766 3552 830 Quo
3594 769 3819 819 recessit

2998 841 3151 890 tanta
3174 838 3493 903 jactantia?

3069 907 3141 958 Id.
3177 907 3264 958 Art
3310 907 3443 973 quid
3472 906 3818 958 devenit’mus

2991 978 3326 1045 prospicite‘?

3071 1047 3150 1099 Id.
3209 1049 3373 1102 Filios
3431 1060 3563 1114 quos
3621 1051 3815 1114 patres

2996 1131 3198 1170 summe
3221 1117 3545 1169 (litera-ant.

3074 1188 3150 1238 Id.
3183 1188 3254 1239 Et
3275 1188 3701 1254 chirographum
3727 1188 3818 1239 iu-

2997 1258 3342 1326 firmantibus
3364 1259 3662 1309 constituit.

3071 1327 3148 1379 Id.
3177 1330 3242 1381 Et
3263 1331 3340 1380 sic
3361 1327 3553 1379 divites
3575 1329 3826 1380 moriun-

3002 1402 3091 1451 tur
3101 1403 3150 1448 et
3162 1400 3494 1465 sepeliuntur
3505 1400 3562 1449 in
3573 1399 3821 1462 inferno.

3078 1468 3154 1520 Id.
3223 1469 3266 1521 Α
3277 1481 3374 1533 gas
3418 1469 3824 1535 penitentiam.

3002 1537 3226 1604 dispone
3254 1539 3468 1590 domum
3501 1543 3668 1590 tuam.

3081 1609 3160 1660 Id.
3202 1609 3282 1660 De
3311 1610 3580 1661 stomacho
3617 1612 3828 1660 ascmi-

3001 1679 3092 1732 des
3120 1676 3236 1749 [Sic
3259 1677 3407 1742 cod.,
3433 1679 3576 1730 forte
3599 1681 3827 1731 canthu-

3000 1747 3166 1818 ridest
3222 1764 3321 1816 pro
3375 1755 3587 1814 peccato
3652 1751 3820 1814 gulw,

2997 1819 3063 1872 de
3092 1821 3252 1886 spina
3272 1833 3457 1872 renum
3485 1821 3818 1886 scorpiones,

2997 1892 3103 1942 etc.

3070 1959 3144 2011 Id.
3190 1961 3374 2012 Domos
3421 1963 3628 2011 vestras
3674 1974 3816 2026 pau-

2996 2030 3214 2098 peribus
3274 2031 3563 2096 aperiatis,
3621 2037 3681 2082 et
3739 2030 3819 2081 sic

2999 2100 3406 2170 deincepscnm
3431 2098 3812 2169 subjunctivo.

2810 2202 2978 2238 SERIO
3020 2203 3101 2240 LV.

2187 2274 2416 2343 Legitur
2439 2274 2494 2327 in
2541 2275 2679 2328 Bibl.
2715 2274 2902 2340 .+IdiI.,
2943 2275 3066 2329 cod.
3102 2291 3152 2341 x,
3186 2275 3282 2330 fol.
3315 2280 3379 2330 5'2
3413 2277 3457 2329 b.

2191 2363 2332 2416 Edit.
2374 2363 2730 2416 Commendat
2761 2365 2923 2416 nomi-

2115 2436 2202 2486 nis
2225 2435 2566 2501 sapientiam.

2190 2572 2328 2626 Ibid.
2353 2574 2614 2640 Frcqaens
2639 2574 2752 2638 fuit
2774 2574 2926 2627 lectio

2117 2651 2166 2698 et
2195 2645 2522 2696 exhortatio.

2195 2715 2331 2767 Ibid.
2394 2715 2460 2768 Ut
2505 2729 2652 2782 ergo,
2701 2716 2923 2779 fratres,

2119 2786 2395 2838 distinctio
2461 2787 2628 2836 trium
2691 2789 2929 2837 statuam

2119 2857 2319 2908 clarius
2371 2854 2648 2918 elucescat,
2708 2859 2929 2907 conatus

2121 2928 2193 2978 eis
2225 2925 2674 2977 accommodemus
2702 2925 2761 2977 in
2793 2926 2930 2977 hanc

2041 2971 2080 3026 θ
2119 2995 2353 3049 modum.

2195 3065 2334 3118 Ibid.
2370 3066 2440 3118 Et
2487 3063 2782 3119 introducit
2813 3081 2930 3118 eum

2119 3139 2178 3189 in
2205 3151 2428 3201 regnum
2458 3137 2570 3189 Dei.

2194 3206 2334 3258 Ibid.
2385 3205 2675 3258 Deducitur
2712 3206 2926 3271 justus,

2119 3281 2178 3330 ut
2205 3280 2282 3329 sic
2311 3277 2555 3332 Christus
2587 3292 2704 3330 cum
2734 3292 2810 3330 eo.

2106 3446 2117 3460 ι
2189 3416 2330 3469 Ibid.
2394 3417 2459 3470 Et
2526 3418 2690 3470 Latro
2752 3432 2925 3470 secum

2118 3487 2275 3540 habet
2303 3487 2592 3542 Christum.

2190 3557 2325 3610 Ibid.
2383 3559 2442 3610 In
2469 3559 2797 3620 confessione
2838 3572 2926 3611 ru-

2119 3628 2230 3693 bor,
2250 3631 2306 3680 in
2330 3629 2626 3694 afflictione
2657 3627 2826 3680 labor.

2189 3767 2331 3822 Ibid.
2370 3769 2534 3824 Tunc,
2576 3766 2804 3819 dedumit
2835 3769 2927 3820 Do-

2115 3842 2298 3891 minus
2323 3853 2420 3906 per
2442 3841 2560 3891 vias
2581 3845 2770 3896 rectas,
2798 3853 2925 3890 can-

2116 3914 2233 3961 tare
2258 3911 2571 3976 poterimus,
2603 3911 2824 3974 fratres.

2189 4048 2328 4101 Ibid.
2383 4048 2648 4112 Quoniam
2687 4048 2760 4099 ad
2809 4050 2928 4116 phi-

2116 4121 2417 4187 losOphiam
2434 4122 2615 4183 factus
2644 4135 2747 4172 non
2776 4135 2848 4172 es.

2186 4257 2327 4310 Ibid.
2363 4257 2454 4310 Ad
2479 4273 2636 4312 usum
2657 4274 2775 4312 cum
2803 4259 2923 4311 bru-

2115 4331 2182 4381 tis
2219 4330 2420 4396 posuit,
2454 4344 2564 4384 non
2594 4329 2667 4382 ad
2703 4329 2927 4383 oblecta-

2112 4403 2367 4452 mentum.

2184 4469 2322 4521 Ibid.
2361 4471 2430 4522 Et
2462 4471 2514 4523 si
2545 4469 2752 4523 dicetur
2783 4485 2816 4522 a
2837 4475 2924 4522 no-

2112 4539 2214 4602 bis,
2253 4541 2486 4604 Domine,
2535 4540 2672 4607 quid
2699 4542 2868 4606 facies
2889 4541 2917 4592 ?

2182 4609 2321 4663 Ibid.
2367 4611 2489 4664 Haec
2538 4616 2718 4663 autem
2769 4625 2919 4676 gene-

2111 4681 2301 4732 raliter
2337 4682 2603 4748 exposita,
2653 4683 2917 4748 spiritua-

2109 4751 2234 4802 liler
2263 4756 2438 4803 tamen
2491 4751 2565 4803 αλ
2617 4766 2919 4804 commemo-

2108 4823 2384 4872 rationem.

2183 4889 2320 4942 Ibid.
2376 4891 2507 4944 Post
2546 4891 2760 4944 modum
2801 4907 2918 4958 per-

2101 4961 2264 5013 duxit
2295 4976 2411 5013 eum
2440 4977 2538 5028 per
2565 4964 2713 5015 riam
2739 4961 2914 5014 admi-

2101 5035 2351 5084 rationis.

3071 2363 3206 2417 Cod.
3240 2363 3582 2420 Commindut
3634 2364 3812 2416 homi—

2996 2437 3085 2487 nis
3127 2437 3472 2502 sapientium.
3526 2435 3691 2486 Forte
3741 2437 3815 2485 In-

2999 2506 3248 2572 gendum
3275 2506 3499 2566 homini,
3522 2506 3604 2557 vel
3630 2505 3804 2556 nobis.

3075 2575 3150 2628 Id.
3190 2575 3462 2641 Frequens
3491 2576 3604 2637 fuit
3632 2576 3810 2639 lectio,

2999 2646 3255 2712 frequens
3285 2647 3616 2698 exhortatio.

3078 2718 3154 2768 Id.
3233 2717 3297 2769 Ut
3381 2731 3524 2782 ergo,
3585 2717 3815 2780 fratres.

3002 2783 3248 2852 deﬁnitio
3292 2787 3459 2838 trium
3503 2789 3815 2839 statuam...

3002 2870 3262 2920 congruos
3300 2858 3413 2909 sive
3451 2858 3691 2922 cognitos
3741 2859 3818 2907 eis

3005 2925 3268 2994 (conatus)
3363 2926 3818 2980 accommodemus

3004 2999 3060 3048 in
3090 2997 3229 3048 hunc
3257 2997 3486 3049 modum.

3077 3066 3155 3120 Id.
3201 3068 3540 3121 I-ntroducens
3592 3083 3714 3120 eum
3761 3069 3817 3118 in

3001 3153 3223 3203 regnum
3257 3141 3371 3192 Dei.

3079 3207 3155 3260 Id.
3205 3208 3495 3261 Deducitu‘r
3530 3208 3716 3273 justus
3758 3215 3819 3258 ut

2999 3282 3072 3331 sit
3093 3292 3211 3331 cum
3231 3280 3470 3344 Christo,
3495 3285 3544 3331 et
3566 3279 3818 3332 Christus

2999 3363 3218 3402 cumtm.

3073 3419 3146 3471 Id.
3198 3421 3360 3472 Latro
3419 3432 3595 3471 secum
3641 3419 3817 3471 habe—

2999 3487 3092 3540 bat
3112 3490 3398 3542 Christum.

3073 3559 3150 3612 Id.
3179 3560 3235 3611 In
3258 3559 3582 3622 confessione
3601 3558 3815 3624 μυιῶν.

3000 3630 3057 3680 in
3109 3631 3401 3696 afﬂictione
3431 3634 3540 3680 sive
3571 3630 3816 3692 satis/u-

2998 3701 3167 3752 ctione
3193 3699 3362 3751 labor.

3073 3769 3150 3822 Id.
3205 3771 3347 3822 Tunc
3417 3767 3633 3820 deducit
3690 3784 3815 3821 enim

3002 3839 3262 3892 Dominus
3293 3855 3388 3907 per
3435 3842 3552 3892 vius
3591 3845 3765 3891 rectas
3794 3855 3808 3900 ;

3001 3914 3122 3961 tunc
3199 3916 3419 3962 cantare
3491 3913 3810 3976 poterimus,

2995 3982 3219 4046 fratres.

3073 4049 3152 4102 Id.
3202 4050 3464 4114 Quoniam
3509 4049 3584 4102 ad
3626 4050 3808 4116 philo-

2996 4121 3244 4188 sophiam
3284 4122 3367 4174 vel
3410 4121 3693 4188 physicam
3722 4122 3810 4184 fa-

2997 4197 3111 4244 ctus
3134 4206 3239 4243 non
3267 4206 3340 4244 es.

3071 4262 3151 4314 Id.
3174 4261 3267 4314 Ad
3283 4275 3436 4313 usum
3460 4264 3664 4313 tantum
3687 4275 3810 4312 cum

3000 4331 3178 4384 bruti:
3228 4334 3429 4399 posuit,
3479 4346 3584 4383 non
3616 4330 3691 4382 ad
3725 4332 3812 4383 ob-

2999 4403 3366 4454 lectamentum
3378 4441 3389 4452 .

3070 4471 3150 4524 Id.
3187 4474 3254 4525 Et
3273 4474 3324 4524 si
3342 4471 3551 4523 dicetur
3569 4485 3603 4522 a
3622 4470 3805 4535 nobis,

2991 4543 3230 4599 Domine.
3253 4542 3389 4608 quid
3406 4543 3548 4607 facis
3566 4541 3591 4592 Ρ

3067 4613 3145 4665 Id.
3193 4614 3314 4666 Haec
3362 4618 3540 4665 autem
3578 4625 3812 4676 genera-

2994 4682 3122 4735 liter
3187 4687 3456 4750 emposita,
3497 4681 3814 4749 specialiter

2997 4757 3173 4806 tamen
3237 4752 3311 4805 ad
3389 4750 3812 4806 commendatio-

2989 4839 3127 4876 nan.

3066 4892 3143 4945 Id.
3206 4895 3327 4946 Post
3407 4891 3624 4944 modum
3690 4907 3812 4959 per-

2990 4963 3154 5016 dwrit
3214 4979 3352 5022 eum,
3422 4965 3533 5014 sive
3605 4963 3808 5014 eduxit

2986 5049 3084 5102 per
3113 5036 3259 5086 virm
3289 5034 3694 5085 admirationis.

439 5139 902 5206 VABIAN'I‘ES
943 5140 1388 5205 SIZBMONUM
1439 5140 1600 5205 AUT
1642 5139 2045 5204 TBACTA'I‘I

2055 5139 2193 5202 IUM
2245 5139 2556 5203 SANC'I‘O
2598 5139 3059 5205 AUGUS'I‘INO
3111 5139 3661 5217 TBIBUI‘ORUM,

1513 5266 1771 5312 QUORUM
1823 5265 1966 5303 NOTI

641 5406 844 5461 LIBER
886 5406 973 5459 DE
1014 5406 1171 5460 FIDE
1217 5406 1312 5459 AD
1352 5407 1650 5461 PETRUM.

363 5492 472 5555 (Est
499 5493 662 5540 sancti
695 5492 952 5553 Fulgentii
986 5493 1039 5540 in
1079 5494 1368 5555 appendice
1409 5494 1575 5542 sancti
1609 5493 1930 5556 Augustini.)

373 5571 600 5639 Legitur
643 5573 699 5625 in
756 5574 981 5625 duobus
1027 5574 1189 5626 codd.
1251 5575 1525 5637 Florent.,
1593 5591 1800 5643 nempe
1843 5575 1985 5628 Bibl.

301 5661 599 5722 Laureul.,
645 5662 788 5727 plut.
841 5676 967 5718 xui,
1011 5659 1136 5712 cod.
1189 5677 1371 5724 xxxix,
1428 5662 1526 5716 fol.
1571 5665 1688 5729 I‘Zb',
1735 5668 1793 5716 et
1843 5663 1979 5716 Bibl.

297 5747 462 5804 Ασῖάιι.
502 5746 629 5804 cod.
658 5761 797 5812 cxu,
828 5746 925 5800 fol.
969 5748 1056 5800 I21
1094 5747 1143 5802 b.
1179 5747 1275 5802 ubi
1300 5747 1545 5802 habetur
1569 5765 1599 5803 a
1630 5766 1683 5803 η.
1719 5751 1769 5804 i.

2015 5263 2176 5302 SUNT
2226 5263 2576 5304 AUCTORES.

2176 5404 2317 5457 Edil.
2376 5405 2438 5458 N.
2482 5406 2532 5458 4.
2586 5407 2730 5471 Quia
2761 5421 2912 5461 nemo

2100 5475 2269 5527 alium
2320 5480 2417 5529 aut
2462 5477 2718 5544 praecedit
2763 5482 2911 5531 aeter-

2096 5559 2129 5596 n
2139 5548 2283 5596 itote.

2170 5616 2231 5667 .\'.
2296 5617 2347 5667 8.
2417 5617 2478 5670 Et
2545 5619 2674 5685 quin
2717 5617 2906 5672 dicina

2093 5683 2239 5738 dicta
2271 5691 2417 5740 sunt.

3056 5407 3226 5460 Codd.
3244 5408 3380 5473 Quia
3397 5423 3546 5461 nemo
3568 5409 3660 5460 alb
3678 5423 3803 5462 rum

2983 5485 3080 5532 aut
3106 5479 3361 5548 praecedit
3384 5482 3703 5533 aeternitate.

3055 5618 3154 5674 Iid.
3185 5621 3247 5674 Et
3275 5622 3406 5689 quia
3429 5618 3613 5671 etirina
3641 5625 3795 5673 sunt.
