4068 6192
335 250 425 277 vIZ'I

335 252 425 277 "Iuv

306 252 430 300 lo'l’

367 372 429 423 Ν.
466 374 544 425 I8.
590 373 741 437 Quod
778 375 892 426 nisi
913 391 981 426 ea:
1011 391 1103 427 na-

293 446 416 493 tura
446 444 620 495 Patris
651 448 810 496 natus
840 450 991 498 esset.

363 582 501 635 Ibid.
526 584 589 635 In
638 584 1003 637 similitudine
1023 587 1104 638 ho-

290 656 363 703 mi
367 668 491 704 num
518 656 718 715 factus.

362 724 427 777 Ν.
455 726 541 776 2t).
575 724 807 777 Proinde
846 725 952 777 haec
984 740 1100 776 om—

292 794 385 843 nia
433 809 550 859 qum
596 794 839 847 diruimus
873 795 937 847 de
970 796 1101 847 Filio

293 864 384 914 Ιιυί
448 866 763 931 ﬁrmissima
821 865 926 931 ﬁde
964 867 1101 917 reti-

286 948 414 985 nens
429 974 437 983 .

360 1003 496 1055 Ibid.
530 1004 645 1056 Non
700 1006 843 1057 enim
887 1007 1101 1071 rapina

285 1076 398 1133 fuit
429 1075 545 1126 illa.

359 1143 495 1195 Ibid.
547 1144 624 1196 De
677 1159 782 1210 quo
830 1149 992 1197 natus
1018 1150 1095 1198 est

282 1229 436 1265 verus
467 1219 516 1265 et
550 1216 760 1267 Veritas
779 1216 931 1267 Deus.

355 1282 491 1336 Ibid.
532 1284 729 1337 Eodem
769 1292 945 1338 antmn
986 1301 1093 1337 non

283 1353 526 1416 habente,
576 1370 669 1407 nos
698 1357 884 1421 procul
930 1355 1092 1409 dubio

281 1423 419 1476 nihil
444 1439 716 1493 possemus
748 1428 1011 1494 accipere.

354 1775 393 1827 N
455 1779 538 1828 2t.
590 1778 753 1829 Prout
792 1779 909 1845 ipse
955 1794 1094 1844 prte-

282 1847 534 1912 cipiebat,
566 1847 863 1900 obedientes
909 1854 957 1900 et
980 1863 1090 1901 ver-

284 1916 363 1968 bis
392 1921 440 1968 et
470 1918 660 1980 factis.

354 1986 415 2037 Ν.
448 1990 537 2040 22.
568 1989 688 2043 Non
743 1992 920 2041 autem
944 1988 1088 2042 solus

283 2059 434 2121 Deus,
469 2058 600 2125 quia
623 2059 740 2124 hoc,
771 2062 874 2111 etc.

1620 257 2000 315 LI‘JCI'IONES
2042 263 2443 319 VAIIIAN’I‘I'IS.

1250 377 1347 430 Iid.
1385 380 1530 441 Quia
1557 378 1667 432 msi
1689 396 1753 433 ea:
1786 385 1985 434 natura
2016 388 2059 438 Α

1178 447 1368 501 Patris
1386 455 1546 502 natus
1557 456 1706 503 esset.
1727 451 1846 504 Vid.
1867 469 1982 505 var.

1178 517 1348 570 Maur.

1247 588 1381 640 Cod.
1438 604 1623 641 xxxix.
1686 592 1746 643 In
1786 592 1982 644 simili-

1176 658 1414 710 tudinem
1445 660 1716 712 hominum
1741 666 1941 724 factus.

1248 728 1305 779 Id
1365 730 1592 783 Proinde
1643 733 1749 783 haec
1803 734 1983 784 omnia

1175 813 1291 864 qua?
1328 798 1575 851 discimus
1615 801 1679 852 de
1714 802 1849 854 Filio
1893 804 1985 855 Dei

1174 868 1485 934 ﬁrmissimo
1513 871 1618 936 ﬁde
1646 873 1835 924 retine.
1857 873 1975 925 Vid.

1174 954 1292 992 var.
1324 940 1499 992 Maur.

1246 1009 1322 1061 Id.
1358 1011 1471 1062 Non
1490 1011 1627 1062 mzim
1650 1014 1850 1078 rapina
1870 1014 1983 1077 fuit

1170 1079 1287 1131 illa.
1322 1079 1447 1132 Vid.
1488 1096 1600 1132 var.
1628 1081 1801 1133 Maur.

1247 1149 1324 1202 Id.
1365 1152 1431 1201 De
1458 1166 1560 1216 quo
1590 1157 1750 1203 natus
1789 1157 1867 1206 est
1900 1168 1978 1204 ve-

1168 1233 1260 1271 rus
1290 1224 1339 1272 et
1368 1221 1578 1273 Veritas
1613 1223 1780 1275 Filius
1820 1226 1976 1275 Deus.

1242 1289 1326 1341 Id.
1404 1291 1601 1343 Eodem
1651 1297 1829 1344 autem
1876 1309 1979 1344 non

1167 1358 1390 1411 habente
1451 1362 1606 1421 Filio,
1664 1364 1979 1427 ﬁrmissima

1165 1428 1270 1495 ﬁde
1297 1432 1483 1494 retine,
1531 1432 1675 1499 quod
1713 1435 1818 1485 haec
1862 1436 1973 1484 uti-

1168 1514 1268 1565 que
1286 1502 1463 1553 omnia
1478 1503 1531 1553 in
1551 1505 1757 1555 unitate
1768 1509 1977 1555 natura

1595 1570 1754 1641 [Cod.

1168 1584 1270 1621 non
1327 1571 1549 1623 habente
1595 1571 1754 1625 lCod.
1828 1575 1973 1625 male

2172 385 2290 439 Ibid
2345 388 2450 440 Sed
2482 393 2590 441 tota
2637 391 2691 441 in
2738 408 2794 441 eo
2830 395 2905 442 est

2090 456 2370 522 plenitudo

2169 527 2305 578 Ibid.
2343 529 2417 580 Et
2438 529 2568 595 ﬁdes
2589 531 2903 583 cinctorium

2097 598 2396 651 lumborum
2428 594 2565 666 ejus:

2166 669 2303 721 Ibid.
2339 670 2397 721 In
2430 670 2583 734 cujus
2622 670 2754 720 ovile
2779 685 2903 737 par-

2090 736 2191 789 dus
2216 753 2333 790 cum
2365 739 2512 791 ha:ch
2543 740 2779 793 accubat.

2163 808 2306 861 Ibid.
2369 812 2634 861 Permixti
2697 810 2901 862 scilicet

2088 878 2303 931 subdoli
2359 896 2476 931 cum
2529 880 2896 946 peccatoribus

2088 949 2184 1011 ibi,
2220 954 2276 1000 ut
2307 951 2468 1002 etiam
2496 951 2697 1001 vitulus
2720 967 2785 1002 ea:
2803 953 2900 1001 cir-

2089 1020 2425 1071 cumcisione.
2440 1062 2449 1071 .
2465 1060 2470 1068 .
2594 1026 2893 1071 morantur.

2160 1089 2300 1141 Ibid.
2336 1090 2475 1152 Quia
2501 1092 2748 1156 princeps
2781 1108 2899 1142 cum

2086 1159 2338 1225 subjectis
2386 1160 2628 1226 plebibus
2673 1176 2898 1211 comma-

2086 1246 2201 1280 nem
2234 1231 2429 1281 habent
2451 1230 2769 1282 doctrinam.
2798 1233 2899 1282 De-

2087 1300 2366 1352 lectabitur
2397 1315 2623 1367 quoque,
2653 1307 2757 1351 etc.

2162 1370 2295 1422 Ibid.
2332 1370 2504 1436 Super
2558 1371 2643 1421 his
2684 1372 2780 1436 qui
2800 1371 2892 1433 fu-

2084 1441 2264 1503 gm‘iul
2282 1441 2345 1492 de
2363 1442 2534 1503 Moab,
2573 1447 2621 1492 et
2634 1443 2897 1507 reliquias

2085 1517 2239 1562 terra:
2247 1553 2257 1562 .

2156 1581 2293 1632 Ibid.
2349 1582 2452 1645 Qui
2502 1581 2637 1633 tollit
2675 1586 2897 1648 peccata

1168 1640 1414 1719 "Q’innsl,
1468 1656 1562 1693 ηυδ
1592 1640 1780 1719 Prom!
1813 1643 1973 1695 dubi“
2012 1655 2048 1707 Β
2086 1652 2294 1715 mundi,
2344 1640 2439 1719 qui
2480 1640 2793 1703 dominatur
2839 1652 2898 1703 in

1165 1709 1307 1762 nihil
1334 1726 1604 1777 possemus
1636 1716 1897 1779 accipere.

1242 1780 1316 1832 Id.
1346 1783 1507 1833 I‘rout
1559 1785 1671 1849 ipse
1692 1798 1759 1849 pr
1770 1786 1975 1851 recipie-

1167 1848 1276 1908 bat,
1308 1856 1355 1903 et
1382 1852 1555 1904 verbis
1576 1848 1634 1904 et
1662 1848 1843 1916 factis.

1238 1990 1313 2043 Id.
1383 1993 1497 2045 Non
1579 1999 1755 2044 autem
1831 1994 1975 2045 Solus

1169 2062 1303 2113 Deus
1345 2063 1533 2127 Filius,
1570 2068 1698 2130 quia
1745 2065 1837 2115 hoc
1866 2071 1968 2116 etc.

771 2198 1001 2253 SEBMO
1036 2200 1123 2252 DE
1165 2206 1254 2254 At;
1271 2203 1508 2256 νΕΝΤιῑ.

344 2302 453 2365 (Est
473 2302 526 2351 iu
556 2303 720 2351 sancti
746 2303 961 2351 Maximi
982 2303 1033 2351 iu
1058 2306 1343 2367 nppendice
1369 2320 1522 2355 serui.
1549 2321 1620 2365 ιιι,
1650 2307 1781 2356 Ειὶίι.
1802 2308 1973 2369 Itoni.)

711 2381 931 2442 (Patrol.
956 2386 1085 2432 tom.
1120 2384 1270 2440 LVII,
1307 2386 1413 2434 col.
1439 2388 1569 2448 845.)

353 2495 585 2565 Legitur
616 2495 673 2548 in
700 2496 841 2550 Bibl.
867 2497 1153 2565 Laurent,
1188 2500 1328 2568 plut.
1362 2517 1470 2565 xw,
1521 2501 1642 2564 cod,
1669 2519 1700 2560 I.
1735 2502 1829 2554 fol.
1871 2506 1966 2567 Ib;

283 2583 492 2637 dicitur
514 2584 687 2636 etiam
723 2590 943 2637 exstare
977 2585 1033 2637 in
1068 2586 1249 2639 tribus
1271 2587 1434 2641 codd.
1473 2589 1685 2643 Cassin.
1721 2607 1848 2642 rqu
1872 2608 1969 2643 no-

284 2674 435 2727 mine
480 2674 655 2726 sancti
711 2674 1026 2744 Augustini,
1084 2676 1172 2729 cui
1223 2682 1412 2731 tamen
1465 2696 1578 2731 non
1618 2679 1838 2733 videtur
1869 2680 1966 2732 t‘ii-

280 2761 558 2822 buendus,
602 2760 745 2813 sicut.
776 2777 877 2814 nec
897 2768 1089 2814 sancto
1129 2763 1389 2828 Maximo,
1435 2770 1669 2834 propter
1707 2768 1833 2834 styli
1860 2769 1966 2819 dif-

282 2849 595 2901 terentiain.
637 2850 693 2899 In
730 2856 922 2901 nostro
969 2850 1158 2903 codice
1208 2852 1415 2905 adsunt
1456 2855 1649 2922 magni
1691 2856 1965 2908 momenti

280 2938 559 2987 variantes
592 2935 878 2988 lectiones.

353 3026 488 3078 Edit.
544 3026 633 3078 Ea:
681 3025 860 3078 David
907 3030 1083 3078 autem

278 3098 446 3163 stirpe
507 3096 796 3148 secundum
870 3112 1083 3149 carnem

275 3170 543 3231 facturus.

352 3236 490 3289 Ibid.
535 3239 603 3290 Et
634 3252 737 3289 non
780 3237 1083 3300 frustrabi-

276 3312 365 3359 tur
401 3322 543 3359 eam.

354 3376 469 3428 Ibid
524 3379 593 3429 Et
635 3378 770 3430 sicut
803 3378 931 3429 luna
959 3392 1082 3443 per-

270 3449 416 3511 fecta
448 3449 503 3499 in
530 3452 803 3513 aeternum,
835 3454 885 3501 et
914 3449 1082 3500 testis.

350 3586 486 3640 Ibid.
557 3586 907 3641 Aununtiabo
963 3603 1086 3655 ergo

277 3658 395 3709 tibi.

348 3728 482 3779 Ibid.
532 3729 649 3779 llam
716 3730 893 3780 omnia
928 3730 1086 3795 quis-

275 3814 377 3865 quc
409 3800 465 3849 in
486 3799 778 3851 Salomone.

350 3868 486 3920 Ibid.
551 3871 687 3921 Nam
741 3868 884 3936 quod
930 3869 1090 3920 aliter

276 3941 329 3989 in
363 3939 641 3991 Salomone
680 3939 1088 4005 intelligendum

274 4013 381 4069 est;
439 4024 539 4060 nec
604 4008 761 4079 adest
809 4014 1086 4079 punctum

277 4078 758 4148 interrogationis.

352 4148 490 4201 Ibid.
539 4149 739 4202 Fidelis
778 4154 854 4202 est
900 4148 1086 4201 domus

276 4236 323 4285 ιν
333 4234 410 4269 ns.

354 4288 490 4339 Ibid.
553 4290 798 4343 Salomon
858 4303 1086 4356 namque

278 4358 490 4411 domum
520 4362 730 4426 plenam
767 4362 938 4425 fuisse
966 4375 1083 4412 mu-

279 4429 518 4481 tioribus.

354 4498 491 4552 Ibid.
585 4499 841 4553 Seductus
928 4503 1089 4566 atque

278 4569 528 4634 delectus,
590 4573 685 4637 qui
737 4570 863 4622 dum
923 4569 1087 4623 bonus

277 4642 473 4702 fuisset
496 4642 669 4692 initio.

356 4710 491 4761 Ibid.
540 4712 664 4762 Ecce
712 4714 1088 4778 apparuerunt

280 4780 687 4845 praedicationes
793 4781 1084 4848 prie/H6133.

281 4866 383 4901 non
440 4852 495 4902 in
543 4850 843 4917 Salomone,
889 4852 982 4903 sed
1028 4853 1085 4901 in

277 4922 498 4973 Christo
546 4924 857 4974 Domino...
916 4922 1086 4986 fuisse

276 4992 562 5057 completa.

350 5061 467 5113 Ibid
528 5064 592 5113 Et
623 5061 791 5125 faciet
813 5062 1085 5127 judicium

274 5135 324 5182 et
343 5132 619 5195 justitiam
664 5145 824 5196 super
866 5138 1080 5184 terram.

350 5201 487 5253 Ibid.
537 5204 677 5269 Quia
715 5203 961 5255 Christus
1002 5204 1085 5254 si-

274 5272 559 5333 gnaculum
602 5274 774 5323 crucis
822 5276 1085 5341 exprimet

276 5342 331 5392 in
363 5343 634 5404 frontibus
673 5359 852 5394 eorum

354 5480 491 5534 Ibid.
569 5484 829 5546 Quoniam
904 5484 1089 5536 obtutu

278 5554 517 5604 cernitur
546 5556 718 5617 fuisse
749 5556 1081 5621 completum.

353 5622 490 5674 Ibid.
526 5624 736 5673 (bunum
785 5625 859 5678 ad
898 5639 952 5678 se
995 5629 1087 5677 αι-

272 5693 444 5745 trahit
478 5694 756 5747 inmotum.

1229 3028 1369 3081 Cod.
1425 3034 1480 3083 et
1528 3030 1677 3083 Cass.
1722 3048 1825 3084 ιινι.
1888 3034 1971 3085 13.1:

1163 3099 1349 3153 David
1379 3105 1555 3152 autem
1585 3103 1754 3168 stirpe
1792 3117 1970 3154 secun.

1157 3169 1285 3221 dum
1316 3185 1529 3221 carnem
1562 3174 1785 3233 futurus

1229 3240 1408 3293 CodJ.
1462 3243 1527 3294 Et
1569 3257 1673 3294 non
1730 3244 1970 3304 frustra-

1162 3308 1307 3373 bitur
1335 3326 1472 3362 eum.

1234 3380 1310 3433 Id.
1342 3382 1410 3433 Et
1447 3383 1584 3433 sicut
1616 3382 1745 3433 luna
1788 3386 1967 3449 perfe-

1160 3454 1247 3503 cta
1290 3451 1345 3502 in
1399 3456 1655 3503 aeternum
1715 3454 1969 3511 manebit,

1160 3525 1209 3571 et
1232 3524 1401 3574 testis.

1234 3590 1315 3643 Id.
1350 3591 1629 3643 Annuntio
1686 3607 1809 3657 ergo
1847 3593 1965 3644 tibi.

1238 3730 1312 3781 Id.
1353 3732 1469 3783 Haec
1516 3732 1695 3783 omnia
1721 3730 1969 3800 quisquis

1162 3801 1217 3852 in
1248 3801 1522 3854 Salomone

1235 3870 1315 3923 Id.
1346 3874 1483 3925 Nam
1504 3871 1739 3939 qualiter
1776 3873 1833 3923 in
1867 3874 1967 3925 Βαι-

1163 3940 1364 3995 temone
1403 3941 1808 4007 intelligendum
1856 3948 1968 4002 est;

1162 4016 1217 4063 et
1247 4010 1305 4062 in
1338 4012 1449 4063 line
1470 4011 1702 4079 ponitur
1726 4012 1963 4063 interro-

1161 4081 1404 4149 gationis
1430 4087 1723 4148 punctum.

1232 4152 1312 4204 Id.
1363 4152 1560 4205 Fidelis
1619 4155 1721 4205 erit
1781 4152 1968 4205 domus

1157 4235 1292 4288 ejus.

1230 4292 1287 4343 Id
1300 4331 1312 4344 .
1406 4292 1655 4346 Salomon
1736 4308 1967 4359 namque

1159 4362 1372 4414 domum
1397 4363 1613 4430 plenam
1643 4362 1830 4416 habuit
1848 4379 1963 4415 mu-

1159 4432 1397 4486 lieribus.

1236 4502 1313 4553 Id.
1349 4502 1607 4555 Seductus
1663 4506 1826 4571 atque
1871 4503 1964 4554 de-

1154 4573 1328 4640 jectus
1385 4578 1480 4637 est,
1522 4575 1618 4639 qui
1639 4572 1767 4625 dum
1801 4574 1964 4627 bonus

1159 4644 1353 4708 fuisset
1382 4644 1441 4695 in
1468 4643 1643 4695 initio.

1235 4713 1312 4765 Id.
1380 4715 1503 4766 Ecce
1557 4717 1786 4781 apparet
1828 4730 1963 4782 pro-

1162 4783 1437 4836 missiones
1491 4784 1798 4850 praedictas,
1861 4800 1965 4836 non

1158 4856 1215 4905 in
1237 4854 1531 4915 Salomone,
1562 4854 1655 4906 sed
1673 4852 1732 4906 in
1746 4855 1965 4906 Christo

1159 4926 1381 4977 Domino
1462 4930 1741 4978 nostra...
1795 4926 1966 4989 fuisse

1158 4994 1466 5061 completas.

1232 5064 1314 5116 Id.
1345 5066 1409 5116 Et
1438 5065 1604 5127 faciet
1626 5063 1898 5131 judicium
1919 5070 1966 5117 et

1150 5135 1429 5203 justitiam
1452 5135 1510 5185 in
1542 5139 1705 5187 terra.

1231 5204 1311 5255 Id.
1349 5203 1573 5269 Quando
1616 5205 1857 5259 Christus
1889 5205 1963 5255 si-

1158 5276 1445 5340 gnaculum
1497 5277 1667 5328 crucis
1709 5276 1968 5341 rmprimit

1160 5349 1213 5396 in
1237 5345 1510 5409 frontibus
1563 5360 1762 5396 eorum.
1790 5343 1878 5396 Sic
1911 5352 1967 5395 et

1158 5416 1321 5468 codd.
1356 5417 1487 5467 Cass
1533 5431 1613 5467 CVI
1646 5418 1702 5468 et
1729 5431 1891 5466 cxvu.

1237 5486 1311 5537 Id.
1340 5485 1491 5549 Quod
1510 5486 1629 5549 jam
1676 5486 1771 5537 hoc
1802 5490 1966 5536 totum

1161 5559 1401 5608 cernitur
1430 5558 1598 5620 fuisse
1628 5558 1960 5621 comp/rium.

1234 5626 1313 5678 Id.
1358 5627 1571 5679 Omnem
1627 5625 1700 5677 ad
1755 5640 1808 5679 se
1847 5643 1965 5678 con—

1163 5698 1346 5749 trahat
1374 5695 1649 5749 mundum.

2086 1722 2260 1774 orbem
2292 1727 2578 1774 terrarum.

2161 1792 2295 1844 Ibid.
2332 1793 2409 1844 De
2440 1794 2574 1845 Boor.
2620 1793 2802 1859 genuit
2827 1791 2896 1844 ()-

2086 1862 2224 1923 beth,
2315 1868 2365 1914 et
2457 1862 2625 1915 Ubeth
2707 1863 2893 1926 genuit

2082 1934 2243 1995 Jesse,
2277 1937 2324 1985 et
2356 1932 2419 1986 de
2446 1935 2588 1986 Jesse
2621 1932 2816 1985 David.

3655 276 3784 326 12Ήί

3055 392 3135 463 Id.
3178 392 3283 445 Sed
3329 398 3440 446 tota
3489 396 3624 447 inest
3665 396 3790 463 ple-

2979 461 3185 514 lutatio.

3052 531 3130 583 Id.
3181 533 3244 583 Et
3283 532 3413 597 ﬁdes
3466 536 3787 591 cinctorium

2976 617 3163 653 renum
3187 602 3323 668 ejus.

3048 672 3141 743 Id,
3165 673 3398 743 Inicujus
3429 675 3560 726 ovili
3577 677 3785 743 pardus

2974 756 3091 793 cum
3126 742 3274 794 tundo
3291 744 3533 795 accubat.

3048 812 3128 863 Id.
3174 814 3783 868 I’ermictisczlicetsub-

2972 881 3085 934 doli
3111 898 3228 933 cum
3264 884 3651 949 peccatoribus.
3693 888 3783 939 Ibi

2970 954 3133 1003 etiam
3167 953 3366 1004 vitulus
3393 969 3459 1005 ea;
3498 957 3777 1009 circumci-

2972 1024 3159 1074 sione..
3172 1062 3207 1074 ..
3240 1028 3545 1076 morantur.

3048 1092 3123 1143 Id.
3178 1094 3315 1156 Quia
3360 1097 3632 1161 principes
3663 1112 3780 1149 «vim

2971 1163 3227 1225 subjectis
3275 1165 3518 1229 plebibus
3549 1182 3775 1219 commu-

2970 1248 3089 1283 nem
3110 1234 3302 1285 habent
3317 1234 3638 1287 doetrinam.
3672 1239 3777 1289 [)0-

2973 1304 3199 1354 lectatur
3221 1319 3444 1371 quoque,
3469 1313 3572 1358 etc.

3042 1372 3120 1423 Id.
3153 1374 3322 1439 Super
3370 1375 3453 1427 his
3484 1378 3579 1442 qui
3624 1379 3780 1440 fuge-

2971 1443 3080 1493 rint
3113 1442 3175 1494 de
3199 1443 3373 1506 Moab,
3420 1449 3468 1495 et
3526 1447 3777 1513 reliquiis

2972 1518 3147 1583 terra
3181 1513 3271 1565 Sic
3300 1518 3356 1565 ct
3383 1515 3634 1583 Vulgata.

3043 1582 3096 1634 Id
3170 1585 3273 1648 Qui
3328 1586 3467 1637 tollit
3500 1582 3779 1651 peccatum

2972 1652 3185 1717 mundi,
3229 1655 3323 1720 qui
3372 1654 3684 1708 dominatur
3724 1659 3779 1708 in

2972 1723 3095 1774 orbe
3118 1728 3406 1776 terrarum.

3046 1793 3119 1844 Id.
3155 1794 3235 1845 De
3289 1795 3425 1847 Booz
3478 1797 3659 1858 genuit
3709 1798 3777 1847 ()-

2972 1862 3110 1924 beth,
3153 1869 3201 1915 et
3228 1863 3292 1915 de
3318 1865 3483 1916 Qbeth
3510 1866 3686 1928 Jesse,
3731 1870 3780 1919 et

2970 1932 3035 1984 de
3062 1935 3204 1985 .lesse
3226 1935 3419 1987 David.

2588 2020 2815 2073 SI'ZRIIO
2861 2019 2947 2072 DE
2979 2020 3269 2075 PASCHA.

2145 2107 2428 2169 (Estsnucti
2448 2105 2661 2153 Maximi
2681 2119 2835 2153 scrin.
2851 2105 2914 2153 de
2936 2107 3187 2168 Tempore
3205 2122 3375 2165 xxxw,
3394 2108 3516 2156 edit.
3536 2110 3776 2179 Roman.)

2160 2186 2387 2254 Legitur
2416 2184 2471 2237 iu
2517 2184 2656 2237 Bibl.
2704 2187 2989 2250 Laurent,
3038 2184 3183 2253 plut.
3236 2202 3330 2251 xu,
3367 2187 3493 2247 cod,
3525 2202 3635 2251 xw,
3682 2189 3775 2242 fol.

2082 2277 2185 2328 262
2217 2274 2266 2338 b,
2300 2272 2398 2326 ubi
2429 2274 2620 2341 plures
2650 2276 2781 2324 sunt
2806 2276 2861 2324 et
2881 2272 3076 2341 probae
3106 2273 3397 2326 variantes
3417 2274 3706 2328 lectiones.

2157 2362 2300 2415 Edit.
2334 2361 2535 2414 Eadtm
2574 2365 2749 2413 tamen
2777 2359 2889 2413 dies

2082 2438 2157 2485 est
2188 2434 2515 2484 sanctitatis.

2154 2503 2296 2555 Ibid.
2334 2503 2541 2569 Ριηιίιίἱ
2578 2506 2753 2553 tamin
2781 2500 2892 2551 luce

2079 2575 2251 2639 fulget

2156 2643 2293 2695 Ibid.
2330 2643 2469 2694 Nam
2520 2642 2658 2691 sicut
2706 2640 2887 2691 beatus

2084 2714 2368 2781 Apostolus
2395 2728 2405 2762 :
2437 2712 2621 2781 .Icsus.
2655 2716 2757 2781 etc.

2152 2783 2290 2835 Ibid.
2356 2784 2471 2848 Ipse
2524 2780 2674 2832 nobis
2733 2777 2889 2830 hodie

2080 2856 2289 2920 genitus
2311 2859 2402 2903 est.

2148 2922 2287 2976 Ibid.
2327 2920 2513 2982 Hodie,
2560 2921 2760 2987 inquit,
2794 2933 2881 2982 ge-

2080 2995 2176 3045 nui
2194 2999 2260 3045 te.
2297 2994 2404 3044 Hoc
2457 2995 2533 3043 est
2590 3005 2695 3042 non
2724 2987 2888 3055 quod,

2080 3070 2187 3117 etc.

2152 3131 2291 3185 Ibid.
2338 3132 2415 3184 Et
2460 3130 2767 3196 indcﬁciens
2800 3129 2890 3180 lu—

2080 3220 2196 3256 men
2225 3208 2413 3256 cuncta
2444 3202 2626 3253 szeculi
2670 3200 2883 3268 perpeti

2081 3275 2191 3326 luce
2213 3274 2497 3326 contineat.

2156 3343 2291 3396 Ibid.
2330 3345 2468 3408 Quia
2486 3339 2637 3407 apud
2656 3354 2774 3392 cuni
2796 3353 2887 3392 nec

2076 3415 2349 3483 prazterita
2381 3412 2654 3466 labuntur.

2153 3485 2292 3537 Ibtd.
2326 3486 2435 3549 Quo
2475 3486 2651 3533 autem
2692 3484 2888 3549 tempo-

2078 3571 2134 3607 re
2160 3555 2363 3608 dictum
2392 3559 2467 3605 est
2500 3553 2651 3605 Filio.

2152 3625 2289 3678 Ibid.
2378 3625 2530 3676 Ιί-ὐεσ
2577 3636 2701 3688 ergo
2759 3624 2886 3672 tunc

2080 3696 2233 3747 hodie
2264 3695 2484 3747 dicitur.

2152 3766 2289 3818 Ibid.
2329 3767 2477 3817 Recte
2507 3763 2619 3815 dies
2654 3761 2877 3821 dicitur,

2077 3836 2231 3901 cujus
2258 3834 2578 3886 JudtBUI‘lUn
2622 3834 2761 3885 actio
2801 3835 2883 3882 tc-

2076 3907 2298 3958 nebrosa
2327 3905 2611 3957 obscurare
2653 3918 2758 3954 non
2786 3916 2880 3968 po-

2079 3978 2201 4027 luit.

2148 4044 2285 4098 Ibid.
2350 4046 2608 4097 Laetemur
2665 4058 2789 4106 ergo
2836 4043 2883 4089 et

2076 4117 2371 4167 mallemus
2430 4117 2484 4165 in
2545 4114 2642 4164 hac
2687 4111 2791 4171 die;
2830 4111 2886 4161 in

2086 4202 2190 4252 qua
2256 4186 2406 4237 nobis
2468 4185 2716 4237 Dominus
2782 4195 2887 4231 an-

2082 4273 2191 4310 nua
2255 4256 2528 4307 deuotione
2578 4256 2881 4305 veneratur.

3037 2361 3167 2414 Cod.
3202 2362 3407 2414 Eadem
3462 2368 3637 2414 tamen
3687 2380 3777 2415 no-

2967 2432 3046 2483 bis
3079 2437 3153 2484 ρει
3194 2432 3311 2485 dies
3339 2434 3670 2485 sanctitatis.

3040 2502 3121 2553 Id.
3154 2503 3421 2570 Perpetua
3453 2506 3628 2555 tamen
3660 2504 3780 2565 ful-

2967 2593 2977 2616 t
3042 2608 3068 2621 ι.

2965 2578 3112 2692 λθῖἀ.
3151 2643 3284 2693 Nam
3319 2644 3456 2694 sicut
3485 2642 3667 2693 beatus
3700 2644 3777 2695 Λ-

2957 2713 3196 2778 postolus
3228 2712 3377 2764 diufit
3402 2728 3413 2763 :
3438 2714 3608 2769 Jesus.
3656 2718 3768 2764 etc.

2963 2852 2980 2900 Ι
3034 2781 3110 2900 Ild.
3146 2784 3267 2849 Ipse
3294 2784 3436 2834 eum
3457 2785 3665 2847 genitus
3704 2788 3781 2835 est

2980 2870 3043 2900 lt)!
3071 2868 3135 2900 ΠΡ.

2980 2852 3135 2903 ιυσίἱρ.

3042 2922 3118 2973 Id.
3154 2920 3339 2984 Hodie,
3378 2924 3576 2989 inquit,
3618 2925 3780 2988 genui

2968 2997 3029 3043 te.
3069 2991 3269 3055 Hodie,
3304 3007 3411 3045 non
3440 2993 3602 3059 quod,
3634 2997 3735 3046 etc.

3037 3131 3112 3184 Id.
3147 3134 3213 3185 Et
3262 3132 3571 3199 indeﬁciens
3596 3135 3773 3185 lumen

2963 3206 3151 3254 cuncta
3180 3203 3376 3254 sucula
3420 3208 3631 3271 perpeti
3662 3205 3775 3255 lucc

2959 3275 3241 3324 contineat.

3038 3344 3113 3394 Id.
3190 3344 3334 3404 Quia
3394 3343 3545 3410 apud
3607 3346 3767 3396 Deum

2960 3428 3051 3464 nec
3082 3415 3357 3477 praeterita
3390 3414 3663 3466 labuntur.

3036 3482 3109 3534 Id.
3158 3486 3266 3547 Quo
3318 3488 3495 3536 autem
3548 3489 3776 3551 tempore

2963 3553 3164 3605 dictum
3191 3556 3259 3603 sit
3296 3553 3455 3605 Pilio.

3038 3624 3089 3675 Id
3148 3625 3302 3675 Recte
3348 3640 3471 3690 ergo
3521 3628 3643 3676 tunc
3674 3625 3767 3675 ho-

2963 3694 3050 3743 die
3080 3696 3360 3746 recitatur.

3033 3764 3105 3813 Id.
3173 3766 3323 3815 Ilerte
3380 3763 3494 3815 dies
3542 3763 3766 3825 dicitur,

2956 3836 3108 3898 cujus
3140 3836 3417 3885 ceritatem
3461 3833 3770 3886 Judaei-um

2957 3904 3125 3965 factio
3169 3909 3443 3955 tenebrosa
3486 3903 3771 3955 obscurare

2959 3988 3062 4024 non
3090 3978 3283 4041 potuit.

3035 4043 3110 4095 Id.
3151 4044 3414 4095 Ludimur
3442 4058 3566 4108 ergo
3593 4047 3641 4095 et
3672 4060 3765 4095 ar.-

2958 4113 3185 4165 ultemus
3216 4116 3270 4164 in
3321 4114 3419 4165 hac
3462 4113 3565 4171 die.
3594 4116 3767 4165 caris-

2960 4185 3107 4249 simi,
3157 4199 3319 4250 quam
3372 4199 3556 4236 annua
3612 4185 3767 4237 devo-

2963 4255 3101 4306 tione
3153 4269 3489 4311 veneramur,
3544 4259 3675 4316 etc.,
3711 4260 3771 4306 ut

2960 4323 3190 4375 scribito
3203 4340 3226 4375 r
3308 4324 3365 4376 in
3421 4368 3425 4372 .
3450 4324 3769 4393 fragmento

2080 4394 2480 4450 Laurentiano.
2517 4393 2623 4448 Sed
2657 4390 2863 4446 deinde
2894 4394 3071 4445 multa
3103 4393 3486 4462 praetermittit
3507 4390 3683 4464 usque
3699 4395 3768 4446 ad

2078 4486 2197 4539 haec
2230 4484 2393 4536 verba
2421 4499 2434 4535 :
2463 4483 2612 4537 Sicut
2635 4486 2812 4533 autem
2851 4483 3129 4546 praesentis
3181 4483 3431 4555 temporis
3460 4486 3623 4547 festa,
3657 4487 3763 4535 etc.

2148 4572 2287 4624 Ibid.
2348 4574 2528 4633 Refert
2601 4574 2777 4621 autem
2835 4571 2883 4628 et

2076 4643 2302 4695 traditio
2356 4640 2693 4694 saecularium
2735 4640 2880 4689 litte-

2074 4729 2263 4765 rarum
2326 4712 2438 4771 hoc,
2473 4708 2877 4777 quemdam.....

2075 4783 2344 4845 habuisse,
2369 4787 2471 4833 etc.

2146 4853 2288 4905 Ibid.
2353 4854 2485 4904 Puto
2527 4852 2634 4903 hazc
2664 4850 2747 4901 illi
2775 4862 2880 4899 cm—

2076 4924 2196 4975 lcsti
2249 4924 2481 4982 athletae,
2544 4922 2637 4987 qui
2694 4924 2880 4972 contra

2072 4993 2236 5045 Jacob
2273 4994 2469 5059 legitur
2519 4992 2687 5056 fuisse
2714 4990 2875 5041 lucta-

2077 5069 2179 5125 tus,
2213 5066 2377 5115 totum
2408 5062 2489 5114 illi
2512 5062 2881 5128 justiusapta-

2076 5137 2125 5185 ri
2158 5148 2343 5200 posse;
2380 5133 2705 5186 acstimohaec
2732 5131 2881 5183 illius

2074 5219 2310 5272 ptrsonze
2348 5205 2521 5255 verius
2587 5203 2879 5253 convenire.

2078 5276 2218 5337 Quia
2248 5288 2365 5324 cum
2399 5279 2627 5339 tempore
2643 5273 2699 5322 in
2722 5284 2887 5321 arena

2078 5343 2267 5396 mundi
2323 5360 2441 5395 cum
2495 5343 2708 5410 publico
2743 5344 2888 5391 hoste

2075 5415 2318 5480 ι·ο.ιῙιίςῑ·ἱι
2347 5429 2359 5473 ;
2384 5416 2479 5480 qui
2515 5412 2587 5464 ad
2634 5414 2725 5463 hoc
2765 5426 2887 5477 ges-

2077 5488 2166 5541 sit,
2198 5489 2255 5535 ut
2285 5485 2573 5549 gloriosius
2611 5486 2882 5545 surgeret:

2078 5556 2148 5607 ad
2207 5554 2299 5606 hoc
2352 5554 2562 5614 cecidit,
2611 5558 2667 5604 ut
2709 5568 2883 5606 omnes

2078 5626 2107 5677 ιι
2125 5628 2292 5677 caret.

2152 5695 2292 5749 Ibid.
2327 5694 2478 5757 Erg/0
2530 5708 2644 5746 cum
2678 5695 2888 5747 vicisset

3031 4569 3107 4620 Id.
3147 4571 3324 4634 Ite/"ert
3355 4574 3530 4621 autem
3578 4574 3626 4621 et
3659 4574 3766 4621 tra-

2956 4638 3091 4691 ditio
3103 4640 3441 4692 saecularium
3459 4642 3765 4693 litterarum

2957 4710 3206 4763 habuisse
3258 4710 3561 4777 quemdam,
3616 4710 3760 4778 lead.

2956 4783 3101 4831 male
3124 4779 3440 4849 quoddam].

3030 4850 3106 4903 Id.
3144 4852 3264 4903 Hazc
3294 4852 3377 4902 illi
3400 4851 3760 4903 cwtestiathle-

2957 4925 3038 4986 tae,
3074 4922 3168 4986 qui
3210 4925 3394 4973 contra
3425 4920 3598 4973 Jucob
3630 4922 3761 4985 legi-

2954 4997 3044 5044 tur
3074 4992 3245 5055 fuisse
3278 4992 3530 5053 luctatus,
3560 4992 3767 5057 justius

2954 5063 3142 5129 aptari
3188 5076 3339 5127 posse
3391 5063 3633 5123 aestimo;
3669 5061 3762 5113 hoc

2954 5134 3103 5184 illius
3141 5145 3381 5199 persona
3418 5132 3606 5183 melius
3640 5147 3763 5184 con-

2958 5204 3160 5264 renire,
3188 5206 3280 5268 qui
3331 5201 3423 5253 hoc
3456 5204 3512 5253 in
3537 5206 3767 5267 tempore

2958 5275 3017 5324 in
3038 5288 3200 5323 arma
3215 5271 3406 5324 mundi
3417 5287 3535 5323 cum
3551 5271 3767 5339 publico

2963 5344 3108 5393 hoste
3137 5344 3412 5407 con/imit:
3437 5343 3532 5408 qui
3569 5342 3643 5393 ad
3672 5342 3766 5394 hoc

2963 5415 3116 5465 cessit
3157 5417 3211 5463 ut
3269 5413 3549 5477 gloriosior
3578 5428 3763 5477 surge-

2957 5490 3035 5534 ret
3064 5499 3077 5547 ;
3107 5483 3180 5533 ad
3212 5483 3304 5533 hoc
3354 5483 3541 5535 cecidit
3568 5487 3625 5536 ut
3655 5498 3765 5535 om-

2961 5569 3047 5606 nes
3077 5555 3319 5605 tflt‘t‘m't'l.

3034 5694 3118 5747 Id.
3180 5695 3320 5760 Ergo
3382 5709 3497 5747 cum
3558 5694 3768 5746 vicisset
