4068 6192
288 238 416 295 1217

280 439 481 490 victore
502 447 654 502 posse
680 433 948 500 cognovit.

359 504 480 558 Ibid
505 501 516 502 ί
538 504 708 567 Quale
781 501 1096 568 mysterium

285 578 340 628 in
367 576 658 627 certamine
680 573 692 626 ι
726 573 998 639 Inﬁrmior
1017 586 1096 624 z-

285 647 564 699 stimatur.

362 714 503 768 Ibid.
583 710 870 766 Benedimit
925 711 1101 764 victus

289 786 409 854 qui,
438 787 542 837 etc.

361 849 510 907 Ibid.
551 853 696 916 Quia
733 854 784 903 et
817 851 868 904 si
899 849 1103 904 adver-

287 926 429 980 sarii
455 924 800 990 resipiseant,
823 924 931 990 etc.

361 994 502 1048 Ibid.
563 989 714 1056 Quid
762 989 904 1044 illud
943 991 1106 1044 etiam

290 1071 388 1128 est,
421 1061 566 1130 quod
605 1065 728 1130 post
758 1063 908 1113 illam
942 1061 1105 1114 collu-

291 1136 577 1188 ctationem
658 1131 822 1186 Iacob
890 1130 1106 1183 benedi-

291 1207 515 1259 ctionem
535 1204 761 1271 accepit,
797 1205 847 1255 et
877 1200 1105 1254 claudus

291 1273 514 1330 incedit.

366 1344 504 1398 Ibid.
558 1343 688 1405 Hoc,
739 1342 873 1409 quia
918 1339 983 1393 de
1009 1342 1104 1394 Ja-

294 1414 406 1478 cob,
456 1413 519 1466 id
568 1416 646 1465 est
693 1410 758 1463 de
802 1411 1100 1479 stirpeJu-

294 1486 553 1538 decorum.

367 1553 503 1607 Ibid.
536 1555 640 1606 Hoc
661 1550 943 1606 indicabat
948 1566 1105 1620 posse

295 1641 414 1679 eum
440 1640 471 1677 a
503 1628 669 1677 morte
692 1623 855 1674 vinci.

1527 233 1936 292 API’ENDICIS
1971 235 2490 292 AUGUSTINIANI.

279 363 461 430 Jacob,
494 360 735 417 benedici
777 366 955 415 tamen
978 377 1034 416 se
1054 377 1090 415 a
1163 361 1345 426 Jacob,
1378 360 1618 415 benedici
1647 365 1823 414 tamen
1863 374 1918 414 se
1937 375 1972 413 a
1999 360 2044 414 A
2152 359 2293 414 Ibid.
2320 359 2570 429 Sequeris
2602 364 2808 429 postea.

1165 433 1306 485 victo
1330 446 1488 500 posse
1516 432 1787 497 cognovit.

1241 501 1320 582 Id.
1346 503 1517 582 Quale
1534 500 1885 582 μιξειῴαωῖ
1920 501 1984 582 In

1171 573 1460 625 certamine
1522 571 1792 639 inﬁrmior
1835 571 1981 623 aesti-

1171 645 1372 694 matur.

1247 711 1326 764 Id.
1368 710 1638 765 Benedicit
1685 711 1859 762 victus
1889 709 1987 778 qui

1175 785 1278 835 etc.

1250 851 1332 904 Id.
1352 852 1493 916 Quia
1505 855 1554 903 et
1568 849 1918 915 adversariis,
1940 850 1991 902 si

1175 923 1516 989 resipiscant.
1550 927 1656 973 etc.

1257 988 1336 1044 Id.
1373 990 1521 1054 Quid
1551 994 1711 1043 etiam
1734 988 1986 1052 illudest,

1182 1061 1326 1129 quod
1354 1067 1641 1129 postquam
1657 1061 1804 1112 illam
1835 1061 1987 1111 bene-

1181 1133 1467 1186 dictionem
1520 1130 1694 1182 Jacob
1763 1131 1987 1198 accepit,

1180 1201 1408 1257 claudus
1439 1201 1666 1255 incedit.

1252 1341 1333 1396 Id.
1366 1343 1472 1396 Hoc
1498 1346 1574 1394 est
1620 1337 1766 1409 quod
1802 1337 1867 1392 de
1893 1339 1988 1391 Ja-

1177 1412 1290 1479 cob,
1350 1411 1411 1464 id
1449 1416 1526 1466 est
1573 1411 1638 1464 de
1671 1409 1991 1464 Judaeorum

1177 1499 1386 1551 genere.

1252 1553 1328 1606 Id.
1369 1555 1474 1606 Hoc
1517 1549 1799 1604 indicabat
1837 1563 1991 1617 posse

1171 1623 1389 1693 quidem
1413 1637 1530 1676 eum
1563 1639 1595 1675 a
1624 1625 1791 1675 morte
1825 1621 1984 1674 vinci.
2019 1631 2060 1685 Β

779 1742 1006 1798 SERMO
1042 1745 1128 1797 DE
1157 1744 1507 1800 LATRONE.

358 1847 464 1914 {Est
500 1849 643 1914 apud
690 1843 1059 1914 Combetisium
1111 1849 1210 1914 sub
1257 1847 1472 1896 nomine
1516 1849 1700 1914 sepeli
1728 1843 1985 1914 Ambrpsii

2153 1845 2224 1882 im
2265 1829 2618 1914 recognoscit,
2671 1845 2792 1912 cum
2820 1831 2906 1910 vi-

295 1909 377 1958 vel
406 1905 572 1958 sancti
598 1906 831 1961 Maximi.
855 1907 982 1960 Bibl.
1012 1910 1339 1969 Concionat.,
1363 1915 1488 1957 tom.
1518 1911 1605 1965 III,
1634 1908 1722 1958 I'ol.
1767 1912 1852 1958 821
1883 1905 1986 1969 bis,

291 1975 344 2018 et
375 1985 402 2019 ι.
430 1971 569 2080 apud
600 1969 767 2021 sancti
797 1969 1012 2024 Maximi
1041 1966 1336 2021 Editioneui
1376 1973 1687 2034 Romanam)
1737 1966 1985 2032 (I’anol.,

295 2035 427 2080 tom.
505 2035 618 2080 VII.
645 2037 746 2080 col.
780 2032 921 2080 3i3l.

295 2035 427 2082 tom.
453 2032 618 2094 LVII,
645 2037 746 2086 col.
780 2032 921 2100 3i3).

365 2111 599 2182 Legitur
639 2131 770 2169 cum
813 2116 1045 2171 nomine
1097 2112 1278 2167 sancti
1331 2112 1631 2182 Augustini
1673 2112 1733 2166 in
1764 2113 1987 2169 duobus

293 2199 457 2254 codd.
488 2201 846 2268 Florentinis,
887 2218 1096 2271 nempe
1121 2201 1260 2254 Bibl.
1315 2201 1504 2264 Aidil.,
1558 2201 1682 2256 cod.
1725 2218 1983 2270 cxxxvul,

294 2286 388 2341 fol.
423 2290 551 2355 238,
586 2293 645 2342 et
670 2291 798 2345 cod.
833 2307 1014 2353 cxun,
1048 2289 1126 2343 fol
1183 2292 1282 2342 195
1317 2289 1366 2342 b.

368 2377 511 2431 Edit.
547 2379 684 2433 Com
693 2380 804 2433 bef.
841 2381 1104 2446 Quoniam

294 2447 456 2502 hodie
512 2451 796 2516 Evangelii
857 2451 1011 2504 lectio
1039 2449 1104 2501 de

294 2519 525 2572 Latrone
573 2522 705 2583 fecit
763 2522 1100 2582 mentionem,

290 2587 570 2659 videamus
626 2592 749 2659 quis
797 2593 914 2658 ipse
963 2591 1104 2643 latro

1248 2375 1424 2447 Codd.
1487 2377 1697 2430 Audiat
1754 2380 1812 2430 in
1837 2395 1984 2447 prae-

1175 2450 1314 2501 senti
1321 2446 1534 2500 dilectio
1545 2453 1743 2512 vestra,
1757 2446 1984 2518 fratres,

1176 2519 1298 2587 quis
1321 2519 1394 2571 sit
1423 2519 1522 2570 iste
1549 2518 1710 2584 latro,
1743 2523 1850 2574 etc.

291 2658 381 2710 sit.
415 2658 469 2711 S.
506 2655 796 2714 Max—edit.
821 2655 1092 2725 Quoniam
1123 2658 1363 2711 hesterno
1391 2655 1499 2711 die'
1522 2657 1588 2712 de
1619 2658 1826 2712 latrone
1854 2660 1987 2724 feci-

291 2742 409 2782 mus
440 2732 777 2795 mentionem,
811 2738 917 2783 etc.

367 2798 506 2851 Edit.
536 2802 666 2853 Ecce
725 2816 846 2855 reus
877 2800 1102 2862 dicitur,

291 2869 432 2922 sicut
456 2871 544 2921 cui
571 2869 827 2924 damnari
871 2871 946 2923 ad
978 2875 1104 2922 tem-

290 2952 394 3012 pus
422 2940 714 3012 capediunt
767 2939 875 3012 [Sic
936 2942 1101 3012 Com-

295 3007 405 3081 bci.
438 3009 586 3081 _Edit.
612 3011 748 3065 Max.
769 3007 1100 3081 expedivit].

368 3078 510 3132 Ibid.
543 3080 605 3134 Si
630 3096 737 3134 non
765 3078 1104 3136 contraditus

295 3153 429 3202 esset
457 3149 531 3202 ad
550 3166 783 3218 plenam.

370 3219 510 3272 Edit.
572 3221 689 3274 Max
749 3222 873 3276 Plus
913 3224 1108 3290 incipit

296 3304 478 3360 avere,
513 3291 658 3356 quod
711 3298 916 3360 sperat,
974 3310 1104 3346 cum

302 3357 543 3412 Latinio.

373 3497 516 3551 Edit.
573 3514 792 3553 omnes.
841 3501 1020 3555 Potuit
1055 3517 1108 3554 e-

299 3569 431 3632 nim,
462 3570 573 3623 nisi
616 3571 682 3622 de
727 3572 931 3631 futuris
961 3574 1104 3639 cogi-

300 3642 484 3703 tasset,
516 3642 679 3708 quiin
708 3641 920 3696 Christo
944 3643 1107 3697 semel

297 3708 622 3775 crediderat,
643 3711 708 3763 de
730 3714 985 3778 praesenti
1002 3729 1110 3766 ma-

299 3781 386 3850 gis
395 3782 556 3850 suppl
562 3782 662 3834 icio
686 3780 990 3850 deprecari.

371 3848 512 3903 Ibid.
547 3851 700 3918 (luod
736 3848 794 3903 in
833 3853 1108 3907 Christum

299 3919 359 3971 in
383 3933 535 3972 cruce
585 3923 818 3986 positum
853 3923 1105 3977 credidit.

370 3987 510 4042 Ibid.
561 3991 649 4044 Illi
687 3991 761 4044 ad
787 3991 946 4060 ﬁdem
972 4010 1108 4061 pro—

299 4058 445 4122 fecit.

327 4059 445 4110 'ecit.

373 4127 518 4182 Ibid.
594 4128 746 4183 Dicit
787 4133 926 4185 enim
968 4131 1110 4186 idem

300 4199 594 4266 Apostolus
621 4215 634 4252 :
654 4201 794 4268 Ipsis
815 4206 994 4255 autem
1022 4218 1110 4255 vo-

299 4271 435 4322 catis
461 4269 678 4326 Judaeis
707 4275 870 4338 atque
912 4272 1109 4326 Graecis

304 4341 397 4392 Dei
428 4343 679 4394 virtutem
695 4346 746 4396 et
774 4344 871 4396 Dei
888 4345 1106 4410 sapien-

299 4411 452 4462 tiam.

374 4479 686 4554 Ibid.’Cum
705 4483 912 4537 veneris
936 4484 994 4536 in
1023 4499 1106 4537 re-

297 4564 402 4615 gno
433 4555 539 4603 tuo.

375 4619 518 4674 Ibid.
557 4621 665 4674 Pro
722 4623 913 4676 alienis
950 4624 1108 4676 scele-

299 4689 452 4744 ribus
479 4691 587 4745 hsec
613 4690 843 4746 vulnera
877 4695 1107 4747 sustine-

299 4763 397 4814 ret.

373 4829 512 4884 Ibid.
546 4834 684 4886 Eum
712 4846 822 4886 esse
870 4834 927 4886 in
954 4833 1105 4887 dolo-

299 4916 390 4955 re:
425 4902 589 4956 livore
617 4902 755 4971 ejus,
786 4908 890 4958 etc.

1248 2798 1323 2850 Id.
1385 2800 1513 2852 Ecce
1563 2813 1703 2860 reus,
1739 2800 1880 2852 sicut
1905 2800 1984 2852 di-

1175 2869 1336 2940 citur,
1359 2870 1447 2922 cui
1477 2868 1623 2940 [cod.
1679 2869 1825 2922 male
1865 2867 1980 2940 qui]

1176 2938 1434 3061 gumtnari
1462 2939 1522 2992 id
1551 2941 1804 3007 temporis
1833 2938 1987 3008 expe-

1218 3024 1291 3061 ivi
1325 3051 1336 3061 .

1218 3011 1336 3062 ivit.

1250 3079 1331 3132 Id.
1356 3079 1477 3132 Nisi
1501 3078 1737 3134 traditus
1766 3083 1898 3134 esset
1916 3077 1990 3132 ad

1177 3165 1406 3218 pernam.

1251 3220 1328 3273 Id.
1400 3220 1542 3274 Cum
1622 3218 1877 3274 Combel'.
1934 3223 1990 3272 et

1181 3290 1447 3343 omnibus
1471 3289 1633 3344 codd.
1687 3291 1817 3343 Plus
1861 3291 1986 3343 inci-

1178 3362 1262 3427 pit
1329 3361 1505 3414 dolere
1571 3360 1714 3427 quod
1779 3365 1986 3429 sperat,

1188 3445 1393 3499 nempe
1419 3429 1563 3497 quod
1603 3432 1771 3483 timet.

1258 3500 1337 3552 Id.
1399 3501 1575 3553 Potuit
1624 3504 1762 3553 enim
1787 3501 1899 3553 nisi
1925 3499 1990 3553 de

1178 3571 1387 3635 futuris
1443 3571 1728 3637 suppliciis
1763 3573 1992 3637 cogitas-

1177 3646 1276 3704 set,
1339 3641 1436 3710 qui
1479 3642 1537 3692 in
1565 3641 1786 3694 Christo
1816 3639 1988 3694 credi-

1178 3711 1353 3774 derat,
1373 3711 1664 3778 deprecari.

1250 3849 1329 3905 Id.
1364 3851 1474 3915 Qui
1484 3850 1827 3907 Christumin
1839 3864 1993 3903 cruce

1173 3923 1415 3990 positum
1437 3923 1719 3974 Dominum
1733 3920 1988 3974 credidit.

1255 3991 1332 4044 Id.
1369 3992 1459 4045 Illi
1483 3991 1557 4044 ad
1602 3991 1830 4045 salutem
1857 4007 1991 4058 pro-

1179 4062 1328 4126 fecit.

1255 4130 1334 4184 Id.
1370 4132 1513 4184 Dicit
1566 4132 1708 4184 enim
1756 4135 1804 4184 et
1853 4130 1994 4183 idem

1183 4201 1497 4269 Apostolus,
1589 4205 1704 4270 ipse
1789 4216 1987 4253 vocans

1182 4271 1463 4324 Christum
1499 4273 1591 4324 Dei
1642 4275 1893 4324 virtutem
1939 4274 1989 4323 et

1182 4343 1279 4394 Dei
1303 4343 1651 4410 sapientiam.

1253 4482 1330 4536 Id.
1390 4481 1520 4537 Cum
1566 4483 1772 4535 vene-ris
1825 4482 1882 4534 in
1909 4496 1989 4534 re-

1180 4569 1343 4620 gnum
1378 4557 1548 4605 tuum.

1253 4623 1328 4676 Id.
1364 4624 1442 4676 Et
1478 4637 1578 4691 pro
1605 4621 1796 4675 alienis
1823 4623 1989 4674 scele-

1179 4694 1330 4747 ribus
1354 4695 1462 4747 haic
1508 4694 1733 4747 vulnera
1761 4694 1989 4746 sustine-

1180 4770 1280 4818 ret.

1254 4834 1331 4888 Id.
1385 4837 1518 4888 Eum
1564 4848 1673 4886 esse
1700 4835 1759 4887 in
1788 4833 1989 4899 dolore,

1180 4910 1230 4958 et
1249 4906 1412 4959 livore
1431 4906 1568 4974 ejus,
1595 4907 1702 4958 etc.

828 5027 1054 5084 SERMO
1081 5030 1170 5082 DE
1202 5029 1454 5083 EODEM.

361 5129 472 5190 (Est
490 5131 657 5180 sancti
683 5131 893 5180 Maximi
918 5147 984 5192 ιι,
1015 5133 1068 5182 in
1092 5134 1226 5182 Edit.
1251 5135 1470 5182 Roman.
1503 5129 1740 5196 (Patrol.,
1765 5133 1807 5180 t.
1837 5130 1986 5186 LVII.

1013 5212 1116 5262 col.
1136 5214 1272 5275 347.)

369 5289 596 5359 Legitur
626 5289 682 5344 in
713 5290 914 5345 eodem
946 5292 1139 5347 codice
1161 5309 1223 5348 ac
1243 5293 1590 5364 praecedens.

367 5377 507 5430 Edit.
541 5381 648 5434 Cur
678 5384 949 5433 tantorum
987 5383 1098 5434 eri-

1244 5382 1378 5437 Cod.
1410 5385 1516 5440 Cur
1556 5386 1828 5444 tantorum
1876 5388 1979 5439 cri-

288 5449 496 5502 minum
540 5451 871 5505 inveteratus
921 5452 1092 5506 latro?
1167 5455 1371 5506 minum
1391 5455 1608 5507 malitia
1650 5456 1977 5511 inveteratus

357 5586 500 5642 Ibid.
570 5591 635 5642 Ut
690 5596 910 5656 peccata
973 5592 1089 5660 ejus

277 5660 465 5727 gratia
494 5662 829 5728 prevenerit.

1165 5524 1306 5577 latro
1327 5527 1355 5577 ‘l

1237 5595 1317 5646 Id.
1351 5597 1416 5647 (Tt
1443 5598 1660 5662 peccata
1691 5595 1809 5663 ejus
1837 5612 1970 5662 θνα,

1161 5665 1239 5716 tia
1263 5667 1602 5732 praeveniret.

2165 497 2285 553 Ibid
2352 501 2634 567 Tanquam
2661 499 2905 569 discipu-

2093 570 2176 623 lus
2207 569 2299 623 ille
2327 569 2600 637 differtur.

2167 638 2306 692 Ibid.
2355 642 2535 693 Etiam
2589 638 2664 692 ad
2703 654 2906 694 consor-

2095 711 2228 764 tium
2249 709 2340 762 ille
2367 709 2640 775 diligitur.

2166 778 2286 832 Ibid
2338 780 2683 847 Impossibile
2709 783 2786 832 est
2816 781 2904 832 Pe—

2094 853 2177 902 tro
2207 851 2360 916 sequi
2393 850 2679 902 Domium:
2738 851 2902 903 etiam

2092 919 2257 983 facile
2285 919 2486 972 latroni
2511 924 2588 973 est
2642 933 2752 973 esse
2785 935 2902 973 cum

2094 989 2333 1043 Domino.

2169 1059 2311 1128 Ibid.
2338 1059 2466 1125 Ipsa
2515 1058 2648 1112 hora
2687 1074 2797 1126 qua
2816 1075 2908 1128 pa-

2094 1127 2314 1182 radisus
2341 1129 2624 1182 Dominam
2653 1127 2902 1198 suscipit,

2094 1201 2320 1278 suscipit
2331 1202 2380 1252 et
2409 1200 2687 1252 latronem.

2169 1268 2308 1322 Ibid.
2366 1268 2476 1322 Sed
2541 1270 2676 1321 hanc
2739 1273 2905 1323 totam

2235 1284 2308 1322 ια.
2366 1284 2475 1322 δρα
2541 1284 2649 1321 nan

2097 1339 2328 1407 gloriam
2360 1340 2580 1403 latroni,
2615 1345 2724 1392 etc.

2170 1408 2310 1464 Ibid.
2363 1411 2487 1462 Plus
2546 1411 2686 1462 enim
2741 1408 2908 1462 credi-

2097 1477 2241 1532 disse
2261 1479 2493 1546 Christo,
2525 1495 2690 1547 quam
2717 1479 2906 1533 saeculo

2098 1549 2406 1617 deliquisse.

2170 1619 2312 1672 Ibid.
2344 1621 2407 1672 In
2451 1619 2546 1672 hoc
2575 1621 2716 1672 enim
2744 1621 2907 1674 totius

2093 1689 2275 1754 forma
2303 1690 2498 1743 salutis
2527 1695 2602 1742 est
2633 1690 2910 1754 ;Salvato-

2095 1774 2208 1813 rem
2237 1765 2362 1812 tunc
2386 1759 2696 1826 majestatis
2733 1759 2912 1813 Domi-

2091 1899 2250 1981 detur
2283 1900 2608 1982 humilitatis
2643 1902 2908 1968 patientia

2094 1984 2350 2023 cruciari.

3668 241 3804 294 1248

3050 359 3130 414 Id.
3157 361 3407 429 Sequeris
3429 366 3616 416 autem
3645 369 3804 432 post-

2975 445 3056 484 ea.

3049 499 3132 574 Id.
3150 573 3154 574 ν
3177 503 3472 574 _Tanquam
3527 520 3804 574 properus

2973 571 3067 624 ille
3095 570 3368 638 diﬂ'ertur.

3051 641 3130 694 Id.
3167 643 3235 694 Et
3247 642 3368 709 jam
3399 645 3501 696 iste
3527 644 3803 713 deligitur

2975 709 3052 762 ad
3079 714 3420 764 consortium.

3048 780 3124 832 Id.
3179 781 3245 835 Id
3297 783 3639 845 impossibile
3682 791 3801 837 erat

2977 849 3143 922 Petro
3172 854 3325 918 sequi
3352 854 3542 916 Deum,
3577 861 3634 908 et
3675 856 3797 922 jam

2974 921 3142 983 facile
3182 928 3262 974 est
3307 924 3471 975 istum
3510 939 3628 978 esse
3677 921 3796 978 ciem

2977 991 3228 1043 Domino.

3051 1059 3128 1113 Id.
3162 1062 3290 1123 Ipsa
3326 1061 3459 1115 hora
3484 1079 3601 1132 qua
3630 1081 3797 1133 para-

2977 1128 3130 1183 disus
3181 1133 3466 1204 Dominum
3491 1128 3512 1132 ’
3528 1128 3795 1204 suscepit,

2977 1202 3658 1329 ‘“i‘ix"”§i.i‘i3£2°£i.’?im
3689 1202 3802 1342 ξιιμ

2975 1341 3119 1394 riam
3150 1341 3370 1409 latroni,
3402 1349 3510 1397 etc.

3051 1410 3134 1464 Id.
3191 1413 3321 1464 Plus
3369 1419 3447 1466 est
3504 1417 3650 1468 enim
3684 1432 3800 1468 cre-

2978 1479 3185 1552 didisse
3205 1482 3446 1552 Christo,
3505 1501 3676 1552 quam
3713 1502 3804 1540 sa:-

2979 1551 3154 1604 culum
3180 1550 3549 1620 dereliquisse.

3053 1621 3134 1674 Id.
3195 1623 3258 1676 In
3313 1624 3406 1676 hoc
3452 1629 3597 1678 enim
3628 1628 3802 1679 totius

2980 1692 3161 1766 forma
3187 1693 3401 1766 salutis,
3439 1694 3587 1762 quod
3636 1694 3796 1766 [cod

2986 1762 3134 1814 male
3160 1762 3277 1831 qui]
3310 1762 3652 1818 Salvatorem
3670 1775 3801 1820 tunc

2983 1831 3286 1897 majestatis
3352 1836 3639 1888 Dominum
3716 1852 3802 1890 co-

2981 1904 3210 1974 gnoscit.
3235 1919 3354 1955 cum
3373 1904 3649 1958 videretur
3676 1908 3800 1974 ejus

2983 1972 3263 2092 humilitas
3290 1975 3432 2040 pati.
3455 1975 3671 2028 Caetera
3705 1972 3800 2029 de-

2983 2057 3085 2092 suu
3119 2081 3131 2092 .

2978 2057 3131 2093 Slllll.

2127 2177 2358 2232 SERIIO
2419 2177 2488 2231 IN
2547 2178 2958 2233 ΝλτινιΤΑτΕ
3010 2179 3302 2236 JO.\.\'NIS
3356 2182 3744 2238 BAPTISTzE.

2154 2318 2451 2383 (Estsancti
2484 2319 2739 2383 Fulgentii
2783 2318 2919 2383 apud
2958 2319 3351 2383 Combeﬁsium,
3391 2326 3520 2372 tom.
3545 2324 3654 2383 \‘Il,
3690 2326 3788 2375 ιοι.

2093 2379 2172 2436 69,
2207 2379 2307 2428 col.
2327 2383 2372 2437 1)
2399 2379 2638 2441 (Patrol.,
2679 2379 3006 2439 tom."LXI’,
3035 2381 3137 2440 col,
3170 2383 3305 2445 922).

2167 2476 2396 2545 Legitur
2459 2476 2520 2530 in
2580 2477 2719 2531 Bibl.
2785 2479 3087 2544 Laurent.,
3140 2481 3287 2549 plut.
3339 2498 3457 2549 xm,
3509 2483 3638 2537 cod.
3673 2501 3790 2551 vui,

2095 2563 2193 2617 fol.
2222 2566 2326 2617 200
2358 2564 2426 2627 b;
2455 2563 2554 2618 ubi
2584 2563 2642 2618 in
2676 2565 2872 2619 multis
2898 2565 3089 2620 diII‘ert
3113 2567 3182 2622 ab
3209 2567 3396 2623 editis.

2170 2650 2312 2722 Edit.
2416 2652 2630 2706 Nullius
2705 2655 2908 2722 quippe

2093 2721 2324 2774 celebrat
2354 2723 2593 2775 Ecclesia
2631 2722 2774 2776 diem
2802 2721 2906 2790 quo

2093 2807 2304 2862 carnem
2341 2795 2636 2858 assumpsit
2665 2797 2906 2862 quinimo

2094 2861 2233 2914 illud
2262 2864 2576 2931 frequentat
2624 2861 2749 2932 quo,
2783 2869 2895 2918 etc.

2171 2999 2312 3054 Ibid.
2375 3002 2604 3056 Sanctus
2665 3003 2908 3056 Joannes

2097 3087 2164 3123 8:1:
2198 3076 2346 3125 utero
2394 3077 2444 3125 et
2489 3075 2546 3125 in
2583 3077 2733 3126 utero
2775 3075 2906 3142 Spi-

2098 3144 2210 3212 ritu
2231 3146 2414 3195 sancto
2467 3144 2699 3211 repletus
2743 3147 2910 3212 tripu-

2097 3211 2259 3264 dians
2293 3215 2527 3277 agnovit,
2582 3211 2909 3268 reverendis-

2097 3284 2229 3334 sime
2293 3283 2574 3335 salutavit.
2643 3285 2906 3352 Quamob-

2097 3367 2210 3405 rem
2251 3354 2493 3406 mittitur
2548 3369 2741 3420 przco,
2795 3361 2900 3409 etc.

2173 3420 2312 3474 Ibid.
2348 3423 2460 3487 Qui
2505 3423 2759 3491 praedicet
2793 3427 2910 3480 Sal-

2099 3497 2352 3545 vatorem.

2170 3561 2312 3615 Ibid.
2407 3564 2476 3616 Et
2557 3569 2713 3618 erunt
2791 3579 2911 3632 quae

2097 3648 2273 3700 prava
2299 3638 2426 3686 sunt
2454 3633 2676 3694 directa,
2717 3639 2766 3687 et
2793 3651 2912 3702 quae

2099 3717 2295 3770 aspera
2317 3708 2442 3756 sunt
2471 3706 2528 3756 in
2555 3707 2671 3757 vias
2691 3705 2904 3772 planas.

2175 3773 2313 3826 Ibid.
2360 3773 2572 3828 Videbit
2600 3777 2772 3829 omnis
2809 3792 2907 3829 ca-

2099 3858 2161 3896 ro
2193 3843 2524 3899 Salvatorem
2570 3847 2666 3898 Dei
2713 3849 2904 3900 nostri.

2173 3913 2318 3967 Ibid.
2365 3915 2662 3968 Humilitas
2709 3919 2905 3984 praeci-

2099 3985 2256 4052 pitur
2285 3985 2574 4039 montibus.
2610 3991 2660 4038 et
2689 4001 2907 4054 acupe-

2100 4054 2337 4107 rioribus
2389 4056 2496 4108 viis
2557 4071 2620 4107 ac
2702 4059 2906 4110 semitis

2105 4127 2357 4177 tortuosis
2401 4125 2665 4179 rectitude
2699 4131 2748 4178 et
2776 4129 2908 4194 pla-

2016 4181 2058 4236 D
2094 4195 2252 4247 nities
2305 4197 2623 4262 imperatur.
2693 4181 2907 4250 In'ho-

2097 4265 2298 4317 minum
2358 4265 2523 4318 corda
2553 4265 2682 4332 fidei
2729 4283 2903 4333 prch

2097 4337 2453 4402 componitur,
2537 4343 2587 4389 et
2668 4336 2907 4390 humana

2097 4405 2402 4458 mortalitas
2467 4405 2779 4459 deterretur.
2865 4410 2907 4463 Ο

2097 4475 2336 4546 carnalis
2396 4477 2705 4542 infirmitas,
2773 4479 2909 4546 quid

2096 4545 2315 4609 factura
2355 4561 2408 4598 es
2464 4549 2522 4599 in
2558 4545 2792 4600 adventu
2820 4564 2908 4601 se-

2097 4616 2370 4689 renissimi
2419 4615 2496 4686 IF.
2524 4686 2539 4689 _
2561 4619 2906 4689 severissimi]

2091 4685 2320 4752 judicis,
2353 4703 2470 4741 cum
2501 4686 2568 4740 de
2598 4692 2705 4740 tuis
2740 4685 2908 4754 factis

2097 4757 2362 4810 rationem
2413 4757 2566 4810 reddi
2579 4773 2636 4810 re
2665 4763 2906 4827 coeperis,

2099 4841 2218 4893 quae
2246 4842 2352 4880 non
2399 4829 2483 4880 vis
2519 4843 2660 4881 nunc
2697 4831 2906 4896 praedi-

2098 4897 2358 4949 cationem
2431 4899 2700 4965 suscipere
2765 4904 2909 4954 tanti

2095 4967 2357 5036 prmonis
2414 4968 2700 5022 clamantis
2744 4973 2906 5036 atque

2097 5035 2322 5089 dicentis
2345 5051 2360 5089 :
2393 5039 2524 5090 Ecce
2535 5037 2656 5105 jam
2702 5035 2905 5095 securis

2097 5105 2172 5175 ad
2193 5107 2430 5160 radicem
2478 5110 2654 5175 posita
2689 5114 2766 5162 est
2806 5127 2906 5164 ar-

2098 5174 2281 5240 boris;
2344 5181 2430 5230 et:
2483 5174 2688 5232 Omnis
2742 5181 2907 5235 arbor

2096 5261 2214 5313 quae
2233 5262 2336 5300 non
2379 5249 2518 5312 faeit
2542 5249 2780 5312 fructum
2811 5251 2902 5305 bo-

2093 5332 2222 5370 num
2312 5317 2656 5372 exscindetur
2728 5326 2778 5373 et
2842 5326 2902 5376 in

2093 5389 2275 5454 ignem
2366 5389 2657 5442 mittetur?
2731 5391 2897 5459 Cujus

3052 2655 3190 2729 Cod.
3299 2658 3515 2713 Nullius
3589 2662 3734 2729 quip

2979 2728 3155 2797 sancti
3173 2733 3386 2797 prater
3429 2731 3603 2797 ipsius
3665 2728 3800 2786 cele-

2980 2795 3103 2848 brat
3159 2796 3408 2851 Ecclesia
3447 2795 3628 2862 diem,
3692 2819 3797 2871 quo

2977 2880 3192 2939 carnem
3212 2872 3526 2938 assumpsit.
3548 2874 3798 2939 quinimo

2979 2938 3310 3007 frequentat,
3353 2954 3476 3007 quo,
3506 2938 3610 2993 etc.

3050 3003 3129 3058 Id.
3194 3003 3424 3063 Sanctus
3455 3012 3692 3065 Joannes
3732 3029 3800 3065 ea:

2982 3080 3129 3130 utero
3160 3079 3217 3129 in
3255 3083 3404 3132 utero
3434 3081 3724 3140 salutavit.
3748 3089 3800 3136 et

2978 3161 3076 3214 per
3104 3147 3281 3200 oculos
3304 3152 3516 3215 mentis,
3577 3153 3798 3220 Spiritu

2979 3221 3164 3289 sancto
3245 3219 3480 3285 repletus
3546 3219 3795 3289 agncvit.

2981 3288 3221 3340 Mittitur
3231 3302 3364 3353 ecce,
3389 3288 3596 3353 fratres
3636 3298 3799 3346 caris-

2977 3359 3121 3433 simi,
3149 3373 3340 3433 praeco.
3370 3364 3498 3433 etc._
3603 3432 3610 3433 ί
3771 3422 3779 3433 ,

3055 3427 3134 3480 Id.
3163 3429 3267 3493 Qui
3289 3430 3560 3498 precedat
3581 3427 3796 3487 Sulca-'-

2985 3500 3167 3550 torem.

3056 3567 3136 3621 Id.
3165 3570 3234 3640 Et
3265 3574 3417 3623 erunt
3441 3572 3618 3623 omnia
3647 3587 3799 3640 pra-

2982 3653 3050 3710 va
3072 3640 3130 3690 in
3158 3638 3387 3710 directa,
3418 3647 3466 3693 et
3503 3638 3704 3710 aspera
3738 3647 3798 3696 in

2981 3709 3100 3760 vias
3111 3708 3326 3776 planas.

3052 3777 3132 3830 Id.
3187 3778 3401 3833 Videbit
3455 3783 3627 3835 omnis
3671 3800 3798 3837 curo

2980 3849 3221 3902 salutare
3252 3848 3352 3902 Dei
3377 3853 3574 3903 nostri.

3052 3917 3130 3972 Id.
3189 3919 3495 3991 Humilitas
3527 3925 3795 3991 μθ·κοὶμί-

2980 3992 3068 4042 tur
3115 3990 3396 4060 montibus
3446 3991 3610 4060 [Cod.
3647 3990 3798 4046 male

2978 4056 3270 4130 omnibus],
3324 4061 3375 4113 ei
3424 4056 3798 4130 asperioribus

2979 4131 3082 4182 viis
3130 4145 3191 4182 ac
3249 4132 3461 4185 semitis
3515 4137 3796 4197 tortuosis,

2981 4199 3161 4252 mollis
3183 4200 3440 4267 planities
3464 4205 3795 4268 imperatur.

2975 4269 3223 4322 .Stratam
3246 4272 3304 4323 in
3347 4273 3627 4325 hominum
3669 4290 3799 4326 cor-

2978 4339 3138 4392 dibus
3191 4340 3326 4401 ﬁdei
3391 4345 3538 4394 viam
3620 4359 3801 4410 przco

2979 4411 3265 4477 componit,
3299 4416 3348 4464 et
3397 4413 3637 4465 humana
3669 4417 3799 4476 fra-

2979 4481 3168 4543 gilitas
3217 4486 3543 4548 expavescit.
3615 4484 3658 4538 Ο
3689 4488 3797 4536 hu-

2982 4565 3144 4604 mana
3185 4551 3499 4618 inﬁrmitas,
3541 4553 3680 4620 quid
3704 4559 3800 4616 fa-

2981 4624 3137 4691 ctura
3191 4635 3245 4673 es
3302 4624 3359 4674 in
3419 4623 3655 4676 adventu
3691 4627 3801 4691 ju-

2981 4689 3119 4744 dicis
3150 4705 3270 4759 qua:
3311 4708 3416 4745 non
3437 4695 3671 4762 potuisti
3693 4689 3802 4748 ὐθ-

2981 4775 3090 4832 cem
3161 4764 3426 4815 sustinere
3502 4768 3794 4832 prmonis.

2979 4831 3118 4885 Nam
3146 4833 3204 4883 in
3233 4832 3328 4886 hoc
3359 4831 3513 4887 tanta
3540 4835 3793 4889 sublimi-

2979 4903 3064 4972 tas
3162 4906 3427 4956 nascentis
3505 4909 3797 4972 apparuit.

2978 4971 3115 5023 Dum
3163 4976 3295 5024 esset
3347 4971 3548 5027 sterilis
3577 4971 3795 5035 mater.

2976 5040 3295 5109 loquebatur
3331 5049 3528 5112 pater;
3557 5043 3624 5112 ﬁt
3662 5047 3800 5113 [crta

2977 5113 3203 5184 sterilis,
3242 5117 3293 5184 et
3345 5116 3582 5184 efficitur
3630 5121 3800 5184 pater

2975 5182 3227 5251 elinguis.
3259 5183 3450 5238 Subito
3471 5182 3648 5251 igitur
3673 5187 3796 5241 Ga-

2976 5250 3110 5305 briel
3138 5254 3228 5306 ille
3272 5250 3590 5308 secretorum
3619 5258 3796 5319 fami-

2974 5321 3300 5376 liarissimus
3344 5323 3675 5384 divinorum.
3705 5343 3796 5381 8-

2973 5393 3168 5446 thereis
3223 5393 3378 5462 (Cod.
3443 5397 3590 5448 male
3620 5402 3793 5450 antir-

2089 5459 2352 5522 praeconis
2383 5465 2588 5526 quanta
2637 5459 2894 5515 sublimi—
2967 5462 3075 5531 nis]
3107 5459 3286 5518 vectus
3325 5466 3381 5518 in
3419 5467 3596 5528 auris,
3655 5468 3792 5519 ala-

2076 5674 2154 5721 set
2182 5671 2382 5723 sterilis
2440 5676 2612 5725 mater
2657 5672 2884 5728 advoca-

2083 5531 2169 5580 tas
2231 5532 2498 5603 nascentis
2553 5533 2642 5591 sit,
2695 5533 2754 5585 in
2797 5534 2891 5586 hoc
2965 5535 3132 5586 criter
3185 5540 3237 5587 et
3263 5535 3482 5603 placido
3530 5537 3790 5591 alludms

2079 5601 2357 5672 apparuit.
2429 5602 2562 5652 Dum
2618 5603 2760 5656 enim
2819 5619 2890 5656 es-
2963 5604 3167 5663 volatu,
3200 5601 3378 5659 astitit
3433 5618 3638 5672 coram,
3665 5610 3786 5660 sic-

2958 5687 3060 5742 que
3117 5677 3416 5745 alloquitur
3447 5679 3781 5734 Zachariam
