4068 6192
295 278 426 331 1249

285 401 371 451 tus
397 410 502 465 pro
535 397 731 464 populo
768 395 1097 465 eloquentis-

283 469 453 521 simus
480 468 664 532 fuerat
683 470 854 535 pater.
884 467 1096 520 Atvero

285 553 403 592 cum
451 537 656 592 sterilis
708 536 1098 602 fecundaretur

285 612 478 672 mater,
545 611 726 660 mutus
793 612 843 660 et
897 607 1098 676 absque

285 692 405 732 voce
452 677 692 746 efﬁcitur
750 681 926 745 pater.
995 677 1099 742 Qui

1611 275 1991 331 LECTIONES
2031 271 2446 328 VABIANTES.

1169 395 1350 449 dicens
1394 411 1406 449 :
1453 397 1531 452 Ne
1591 398 1801 461 timeas,
1871 399 1974 450 Ζα-
2005 397 2050 449 Α
2090 395 2228 448 hunc
2257 395 2416 460 diem,
2471 396 2742 448 carissimi
2767 396 2891 458 fra-

1168 465 1358 589 cltiaria
1389 481 1402 519 :
1437 482 1548 522 ecce
1594 467 1798 521 audita:
1828 469 1974 533 sunt,

1171 553 1198 588 e
1227 552 1275 589 c.

1171 552 1275 590 (³ιο.

289 753 522 816 tempore
557 748 903 815 pontiﬁcatus
943 749 1048 811 sui,
1083 746 1210 800 dum
1238 762 1338 815 pro
1374 749 1571 816 populo
1605 750 1752 802 intra
1779 751 1978 805 Sancta

288 823 602 872 sanctorum
631 819 882 879 intraret,
922 827 981 869 ut
1013 819 1234 871 Domino
1273 820 1546 871 incensum
1578 819 1818 886 offer-ret,
1870 837 1981 875 ecce

288 887 466 942 subito
522 889 820 942 Gabrielem
870 887 1029 940 illum
1107 893 1425 941 secretorum
1481 891 1981 954 familiarissimum

289 959 618 1019 divinorum,
645 973 745 1026 per
785 958 984 1010 ethera
1034 958 1312 1029 volantem,
1347 960 1488 1012 inter
1524 961 1726 1013 altaria
1756 967 1980 1029 pertur-

291 1029 447 1082 batus
478 1030 737 1095 conspicit
766 1030 1120 1081 assistentem.

1157 1028 1319 1092 Quem
1349 1044 1467 1081 curn
1494 1035 1727 1082 cerneret
1757 1028 1982 1098 placido

290 1099 464 1158 vultu.
495 1100 598 1151 tali
613 1100 748 1164 fovit
769 1099 1007 1166 alloquio
1038 1100 1398 1166 trepidantem
1429 1115 1441 1152 :
1477 1100 1780 1168 Zacharia,
1821 1117 1886 1156 ne
1917 1104 1984 1155 ti-

292 1184 472 1233 meas;
499 1168 770 1223 ei-auditae
799 1171 990 1222 etenim
1021 1175 1168 1234 sunt,
1197 1176 1301 1221 etc.

366 1237 504 1292 Ibid.
539 1241 608 1293 Et
655 1255 794 1292 umor
822 1254 940 1292 mea
973 1254 1103 1308 pro-

294 1311 452 1363 cessit
488 1311 547 1368 in
602 1309 789 1363 diebus
843 1312 974 1363 suis.
1044 1313 1104 1363 Et

294 1380 532 1444 Angelus
563 1395 576 1432 :
603 1379 785 1435 Crede.
816 1382 1102 1446 Zacharia,

294 1450 503 1517 angelo.

1250 1238 1369 1292 Illid
1424 1241 1492 1294 Et
1540 1255 1678 1294 uxor
1712 1256 1830 1294 mea
1857 1258 1982 1311 pro-

1177 1312 1335 1362 cessit
1389 1310 1448 1362 in
1491 1311 1678 1365 diebus
1747 1310 1881 1366 suis.
1942 1315 1985 1369 Ο

1180 1380 1327 1450 beate
1353 1381 1639 1446 Zacharia,
1669 1384 1793 1449 ipsa
1826 1388 1902 1437 est
1925 1388 1988 1450 ﬁ-

1179 1449 1270 1502 des
1295 1453 1438 1503 tanti
1478 1467 1539 1504 ac
1569 1453 1864 1506 venerandi
1889 1449 1986 1507 sa-

1179 1520 1408 1573 cerdotii
1455 1523 1555 1582 tni,
1606 1527 1665 1575 ut
1713 1539 1817 1576 non
1865 1540 1985 1578 cre-

295 1588 396 1642 das
432 1591 623 1643 nuntio
661 1590 917 1659 loquenti,
951 1589 1103 1644 crede
1130 1591 1414 1656 Zacharia,
1437 1595 1642 1658 angelo.

370 1675 512 1730 Ibid.
545 1680 622 1730 De
657 1677 932 1732 sterilibus
977 1695 1104 1747 pro-

297 1746 487 1801 ducere
513 1749 706 1816 ﬁlium.

370 1816 507 1870 Ibid.
561 1818 666 1884 Qui
733 1820 929 1873 assisto
984 1823 1108 1872 ante

297 1890 488 1942 Deum.

371 1957 512 2010 Ibid.
571 1959 663 2012 Ad
727 1963 776 2012 te
833 1960 1000 2027 loqui,
1058 1965 1108 2014 et

299 2028 408 2081 hac
430 2028 532 2083 tibi
559 2029 945 2096 evangelizare.

369 2097 512 2151 Ibid.
584 2101 651 2154 In
713 2104 947 2168 tempore
989 2114 1104 2154 suo.

301 2168 344 2222 Ο
417 2170 560 2222 mira
628 2171 896 2236 potestas!
991 2172 1107 2224 Non

299 2237 471 2292 credit
528 2241 820 2294 Zacharias
877 2242 1111 2294 sterilem

294 2309 459 2380 jussu
508 2309 733 2363 Domini
777 2314 1107 2380 parituram,

301 2384 350 2431 et
381 2379 567 2432 divino
611 2379 875 2450 pracepto
913 2383 1109 2435 vincu-

302 2450 412 2502 lum
467 2451 584 2517 ejus
631 2454 826 2505 meruit
873 2454 1112 2519 accipere

302 2520 511 2591 lingua.
559 2522 791 2574 Tollitur
849 2538 884 2575 a
929 2525 1106 2591 patre,

304 2589 465 2643 donec
508 2597 791 2658 generetur
826 2608 860 2646 a
914 2589 1106 2656 matre,

303 2673 404 2713 etc.

377 2728 518 2784 Ibid.
579 2731 868 2800 Obstupuit
917 2735 977 2785 in
1032 2734 1108 2785 cio

304 2799 467 2853 thara
533 2799 772 2869 corporis
848 2803 1109 2871 pulsabu-

305 2871 415 2923 lum
451 2873 613 2924 vocis.

348 3011 360 3022 ν
379 2940 518 2994 Ibid.
583 2943 870 3022 Denegavit
903 2944 1108 2997 Zacha-

307 3025 420 3063 ηαδ
450 3026 659 3064 muneri
685 3028 924 3065 animum
933 3055 944 3066 .

380 3080 517 3134 Ibid.
572 3083 665 3134 Ille
722 3085 779 3136 in
848 3085 1114 3151 promisso

305 3152 417 3223 ﬁlio
473 3152 762 3219 titubabat,
829 3159 1114 3223 exspecta-

307 3221 420 3285 bat,
451 3226 555 3276 etc.

383 3359 522 3414 Ibid.
556 3362 711 3416 Illico
751 3364 807 3416 in
859 3379 948 3417 ore
974 3379 1113 3418 com-

308 3431 467 3498 pedes
548 3435 895 3489 taciturnitas
960 3451 1115 3489 acce-

301 3503 410 3570 pit.

381 3571 498 3626 Ibid
511 3612 524 3626 .
632 3574 872 3641 Signans
973 3575 1118 3642 quod

306 3647 569 3711 praecepto
596 3643 782 3698 divino
814 3647 1106 3714 ligaverat.

309 3715 568 3778 Solvitur,
597 3719 704 3766 etc.

380 3783 520 3836 Ibid.
565 3783 736 3837 Adest
778 3786 946 3852 igitur
981 3802 1115 3855 pro-

307 3855 469 3920 pheta
513 3857 569 3906 in
617 3856 747 3919 luce,
789 3871 857 3909 ea:
901 3859 1114 3911 visceri-

309 3924 405 3978 bus
444 3927 705 3979 maternis
740 3927 957 3980 lucerna
985 3928 1116 3980 edu-

308 3997 479 4060 citur;
510 3995 576 4048 de
619 3998 834 4050 nomine
883 3998 1115 4064 ambigi-

309 4071 436 4128 tur;
469 4070 626 4134 pater
659 4067 923 4134 quidnam
959 4084 1114 4121 voca-

308 4140 477 4206 retur,
521 4137 844 4205 inquiritur,
894 4143 945 4191 et
987 4141 1120 4206 quia

311 4205 459 4273 loqui
511 4221 616 4260 non
664 4212 898 4275 poterat,
933 4209 1117 4277 pugil-

313 4277 472 4346 lares,
518 4280 577 4328 ut
629 4279 884 4346 accipiat,
927 4283 1117 4346 postu—

312 4345 407 4399 lat.
444 4348 675 4414 Scripsit
713 4345 900 4402 nomen
931 4345 1116 4402 ’Joani-

309 4417 416 4479 nis,
463 4422 512 4470 et
565 4417 736 4472 nodus
773 4420 916 4472 illico
962 4419 1116 4472 diru-

305 4487 435 4554 ptus
465 4491 543 4540 est
589 4490 753 4541 vocis.
788 4489 865 4541 Et
894 4494 954 4543 ut
995 4491 1120 4543 Voci

310 4572 498 4610 nomen
537 4561 917 4624 imponeretur,
969 4563 1115 4613 vocis

1252 1607 1414 1656 cana,
1437 1607 1642 1658 angelo.
2182 1607 2198 1654 I

1252 1678 1327 1730 Id.
1365 1679 1446 1731 De
1473 1681 1647 1733 sterili
1673 1682 1847 1748 ﬁlium
1864 1697 1988 1750 pro-
2027 1669 2068 1724 Β
2099 1607 2198 1750 0‘3;

1181 1747 1387 1801 ducere.

1255 1819 1332 1871 Id.
1360 1820 1469 1884 Qui
1500 1825 1616 1873 asto
1646 1827 1772 1876 ante
1802 1825 1984 1876 Deum.

1253 1958 1334 2012 Id.
1377 1959 1474 2012 Ad
1502 1965 1550 2013 te
1587 1962 1753 2028 loqui,
1786 1966 1837 2016 et
1880 1964 1988 2018 hac

1181 2029 1284 2082 tibi
1301 2031 1571 2083 nuntiare.

1252 2099 1333 2151 Id.
1358 2102 1422 2153 In
1451 2105 1682 2168 tempore
1719 2117 1834 2157 suo.
1868 2105 1990 2159 Non

1181 2169 1353 2223 credit
1409 2172 1701 2225 Zacharias
1757 2175 1991 2228 sterilem

1174 2241 1335 2308 jussu
1393 2239 1499 2293 Dei
1547 2245 1876 2308 parituram,
1940 2249 1990 2298 et

1183 2326 1308 2363 mos:
1403 2311 1648 2377 perdidit
1726 2314 1988 2379 linguam.

1189 2380 1417 2452 Tollitur
1468 2383 1687 2435 verbum
1735 2399 1768 2436 a
1808 2390 1988 2452 patre,

1184 2450 1345 2503 donec
1401 2452 1546 2519 ﬁlius
1611 2450 1894 2521 generetur
1959 2471 1993 2507 a

1183 2526 1372 2586 matre,
1397 2526 1502 2574 etc.

1253 2729 1333 2784 Id.
1395 2731 1684 2799 Obstupuit
1735 2748 1876 2787 nunc
1937 2736 1994 2786 in

1184 2801 1399 2882 cithara
1445 2803 1622 2857 cordis
1679 2805 1996 2858 vocabulum

1186 2886 1345 2925 εοοιε.

2090 469 2212 524 tres.
2272 466 2331 518 in
2407 470 2689 530 augmento
2743 464 2891 532 ﬁdei,

2087 537 2204 602 spei
2230 539 2279 588 et
2327 537 2595 599 caritatis,
2636 550 2742 587 non
2783 550 2889 586 nu-

2089 607 2364 671 gacitatis,
2398 607 2652 673 nequitia
2697 609 2747 657 et
2796 620 2890 657 va-

2087 677 2299 740 nitatis,
2344 691 2409 727 ne
2435 691 2554 728 cum
2599 689 2893 742 praecurso—

2089 760 2200 798 rem
2231 747 2454 798 Domini
2498 747 2896 798 contristaveri-

2089 830 2226 881 mus,
2259 817 2462 868 iratum
2518 817 2698 883 ipsum
2738 814 2896 882 judi-

2090 901 2218 948 cem,
2265 901 2382 939 cum
2432 888 2655 950 venerit,
2696 889 2898 940 sentia-

2089 971 2229 1009 mus.

3567 313 3578 320 .
3648 271 3782 323 I250

2971 394 3108 446 hunc
3164 392 3326 460 diem,
3367 407 3473 446 non
3525 392 3780 460 profanis

2967 463 3165 516 ritibus
3246 477 3604 530 paganorum,
3686 461 3782 515 sed

2967 533 3268 600 tranquilla
3316 533 3595 585 devotione
3640 532 3780 598 ﬁde-

2967 605 3136 669 liam;
3174 618 3266 656 nec
3314 605 3560 671 inquieta
3623 602 3784 654 turba

2967 677 3158 741 planta
3205 675 3355 740 turpi
3401 675 3619 741 quatiat
3669 677 3778 723 ter-

2967 760 3108 800 ram:
3133 759 3221 796 nec
3247 759 3386 796 vana
3403 742 3785 810 superstitione

2973 815 3176 866 munda
3205 813 3503 867 immundis
3533 812 3784 880 operibus

2976 886 3263 946 vilic-mus,-
3327 883 3421 936 sed
3475 885 3781 949 frequente-

2975 969 3091 1007 mus
3142 956 3281 1006 hunc
3329 955 3470 1006 diem
3522 955 3578 1005 in
3639 967 3783 1018 aug-

2975 1029 3148 1077 mento
3203 1024 3350 1092 ﬁdei,
3412 1024 3528 1091 spei
3581 1025 3629 1074 et
3694 1037 3785 1072 ca-

2091 1116 2293 1181 ritatis,
2334 1129 2400 1166 ne
2431 1129 2548 1167 cum
2575 1111 2975 1183 gpraecursorem
3020 1113 3232 1165 Domini
3267 1111 3782 1183 contristavm‘mus,

2092 1187 2298 1238 iratum
2318 1184 2557 1253 judicem
2577 1181 2897 1250 sentiamus,
2931 1184 3027 1251 qui
3069 1185 3203 1237 vivit
3241 1184 3299 1235 in
3333 1183 3529 1235 saecula
3560 1181 3783 1233 sacculo-

2091 1271 2228 1308 rum.
2267 1258 2457 1308 Amen.

2094 1395 2320 1450 SEBMO
2387 1395 2454 1449 IN
2516 1394 2731 1449 FESTO
2793 1393 3209 1448 SANCTORUM
3273 1389 3785 1461 APOSTOLOBUM

2640 1466 2843 1518 PETRI
2889 1465 2966 1518 ET
3007 1464 3234 1518 PAULI.

2182 1605 2269 1654 Est
2301 1606 2466 1654 sancti
2507 1605 2708 1664 Leonis,
2755 1604 2894 1667 apud
2931 1602 3227 1661 Combelis.,
3258 1606 3381 1651 tom.
3415 1600 3523 1656 VII,
3560 1599 3649 1648 fol.
3677 1602 3787 1656 231,

2241 1667 2286 1730 t)
2319 1667 2544 1730 [Patrol.
2570 1669 2699 1716 tom.
2734 1667 3146 1730 ιιι-τῖλοοινηιὲειι.

2172 1730 2402 1800 Legitur
2431 1729 2488 1783 in
2535 1729 2714 1783 tribus
2752 1729 2913 1800 codd.

2101 1801 2386 1864 Laurent.,
2429 1801 2570 1867 plut.
2618 1816 2750 1863 xvn,
2802 1799 2925 1852 cod.

2096 1871 2304 1932 sinist.,
2331 1870 2456 1923 cod.
2492 1887 2548 1933 ιι,
2582 1870 2680 1923 fol.
2719 1873 2847 1932 1‘26;
2870 1875 2926 1922 et

2976 1723 3336 1792 Florentinis,
3394 1740 3598 1793 nempe
3643 1723 3782 1777 Bibl.

2969 1815 3152 1859 xxxnx,
3199 1797 3293 1851 fol.
3337 1799 3472 1861 liii;
3506 1797 3647 1865 plut.
3683 1811 3786 1847 xxx

2956 1871 3099 1938 plut.
3134 1884 3304 1921 xxxm
3327 1865 3674 1930 sinist.,cod.
3713 1882 3784 1938 μζ,

2095 1941 2193 1994 fol.
2226 1944 2324 1994 I58
2355 1942 2420 2004 b;
2454 1940 2510 1993 in
2541 1941 2764 1993 duobus
2797 1935 2992 2009 primis
3024 1955 3235 1992 nomen
3265 1938 3436 1991 habet
3460 1935 3786 2006 Augustini,

2096 2011 2156 2065 in
2187 2011 2389 2064 ultimo
2426 2012 2604 2064 sancti
2639 2011 2855 2064 Leonis.

2171 2098 2314 2153 Edit.
2339 2101 2418 2153 Et
2440 2100 2756 2153 divinitatis
2798 2112 2908 2168 my-

2098 2171 2284 2224 steria.

2172 2239 2311 2293 Ibid.
2382 2240 2630 2309 Apostoli
2697 2239 2906 2293 ordinis

2095 2313 2356 2378 primum.

2175 2379 2310 2434 Ibid.
2388 2381 2716 2446 Evangelica
2787 2381 2908 2447 qui-

2101 2449 2220 2503 dem
2249 2457 2545 2504 rescrantes
2577 2451 2824 2504 historia.

2175 2519 2279 2574 Iid.
2343 2524 2446 2587 Qui
2499 2522 2556 2574 in
2613 2522 2760 2574 caelis
2811 2524 2906 2573 est.

2101 2590 2223 2644 Ideo
2245 2591 2429 2644 beatus
2468 2605 2541 2644 es.

2173 2661 2276 2714 Iid.
2313 2662 2590 2715 Transivit
2609 2660 2824 2729 quidem
2854 2661 2911 2712 in

2102 2732 2368 2798 apostolos
2424 2734 2558 2784 alios
2605 2734 2686 2785 vis
2749 2731 2908 2784 istius

2100 2806 2402 2870 potestatis.

2177 2871 2276 2926 Iid.
2319 2874 2471 2926 Petro
2499 2872 2638 2924 enim
2676 2872 2913 2938 singula-

1254 2941 1335 2994 Id.
1400 2943 1631 3009 Negavit
1701 2944 1992 2998 Zacharias
2022 2943 2062 2998 C
2102 2942 2234 2995 riter
2264 2943 2356 2996 hoc
2387 2941 2646 2995 creditur.

1181 3026 1376 3066 munus
1405 3014 1730 3066 nuntiantis.

1257 3082 1338 3135 Id.
1367 3084 1472 3135 Ille
1495 3081 1552 3135 in
1596 3086 1858 3150 promisso
1883 3085 1997 3152 ﬁlio

1187 3153 1476 3224 titubabat,
1542 3158 1591 3206 et
1668 3157 1890 3224 angelus
1949 3157 1997 3207 ei

1185 3223 1405 3276 verbum
1432 3224 1494 3276 de
1535 3225 1726 3291 lingua
1742 3223 1988 3279 secabat.

1188 3293 1583 3360 Ewspectabat,
1625 3298 1730 3348 etc.

1264 3363 1342 3416 ld.
1391 3365 1541 3418 Illico
1597 3380 1740 3418 more
1787 3380 1994 3432 compe-

1188 3431 1297 3495 dis,
1345 3440 1669 3500 praeceptum
1713 3431 1996 3490 taciturni-

1187 3505 1318 3556 tatis
1348 3510 1571 3572 accepit.

1260 3574 1338 3627 Id.
1375 3577 1473 3628 Nec
1524 3575 1682 3628 solvit
1727 3591 1883 3643 quem
1929 3578 1993 3628 li-

1188 3651 1429 3711 gaverat,
1464 3645 1558 3698 sed
1585 3651 1708 3699 tunc
1746 3648 1996 3711 solvitur,

1189 3721 1296 3767 etc.

1261 3784 1338 3838 Id.
1381 3784 1551 3839 Adest
1624 3787 1798 3850 igitur
1851 3802 1996 3855 prae-

1188 3856 1317 3920 fata
1339 3855 1490 3919 dies;
1540 3861 1684 3909 tener
1724 3859 1780 3910 in
1833 3859 1998 3910 lucem

1183 3930 1381 3994 partus
1431 3925 1777 3993 effunditur?
1808 3928 1996 3980 Ambi-

1189 3997 1340 4062 gitur
1377 3995 1442 4048 de
1482 3997 1771 4060 vocabulo;
1829 4001 1994 4051 inter-

1189 4071 1417 4133 rogatur
1467 4072 1644 4134 pater,
1699 4069 1795 4134 qui
1850 4069 2001 4135 loqui

1188 4151 1295 4189 non
1327 4141 1558 4204 poterat.
1607 4139 1848 4191 Postulat
1891 4155 1995 4206 pu-

1190 4207 1461 4274 gillarem,
1498 4213 1560 4260 ut
1591 4208 1795 4261 scribat
1831 4225 1995 4262 voca-
2029 4216 2068 4269 ι)

1193 4276 1373 4330 bulum
1401 4279 1646 4336 Joannis.
1679 4282 1728 4330 et
1757 4294 1864 4331 vom
1895 4294 1996 4331 no-

1191 4346 1275 4400 dis
1322 4347 1686 4417 dirumpitur:
1727 4351 1869 4402 vocis
1907 4352 2001 4416 ja-

1190 4431 1320 4483 nua,
1373 4433 1492 4486 quae
1554 4420 1738 4472 clausa
1791 4422 1994 4485 fuerat,

1191 4490 1454 4555 aperitur.
1497 4489 1854 4556 AuSpicatur,
1890 4496 1994 4542 etc.

303 4627 502 4695 janua,
527 4643 645 4695 qua
680 4628 867 4682 clausa
890 4631 1076 4695 fuerat
1095 4633 1385 4683 reseratur.
1419 4630 1774 4698 Auspicatur,
1801 4634 1906 4684 etc.

383 4698 522 4751 Ibid.
559 4699 625 4752 Et
663 4714 818 4765 quem
866 4700 1115 4753 incredu-

295 4768 438 4822 litas
457 4771 659 4833 fecerat
683 4773 907 4834 mutum,
933 4772 1115 4824 orien-

309 4841 379 4892 tis
410 4841 672 4892 nativitas
724 4841 830 4905 ﬁlii
865 4840 1119 4908 loquendi

307 4911 564 4977 praestitit
612 4910 939 4978 beneﬁcium.
999 4913 1117 4967 Vox

316 4980 566 5046 Verbum,
599 4984 704 5034 etc.

378 5191 522 5244 Ibid.
571 5191 830 5258 Gignitur
889 5194 1002 5246 νοω
1049 5209 1116 5247 ea:

306 5262 485 5316 sterili
511 5276 651 5315 sene.

383 5331 520 5386 Ibid.
595 5334 839 5399 Vigorem
897 5339 1118 5389 renovat

301 5402 616 5470 juvenilem.
709 5430 713 5432 -

382 5473 526 5553 Ibid.
551 5473 836 5554 “Conditio
896 5475 1116 5540 fozderis

305 5545 629 5611 conjugalis.

379 5614 521 5670 Ibid.
598 5615 926 5670 Celebremus
993 5630 1118 5684 ergo

1266 4699 1342 4752 Id.
1381 4701 1449 4753 Et
1506 4701 1593 4753 cui
1649 4701 1998 4755 incredulitas

1190 4771 1434 4835 linguam
1503 4773 1707 4834 fecerat
1769 4777 1996 4835 mutam,

1189 4841 1452 4894 nativitas
1481 4843 1587 4908 ﬁlii
1623 4841 1866 4894 reddidit
1895 4843 1998 4895 ab-

1189 4911 1454 4973 solutam;
1537 4911 1792 4978 loquendi
1861 4927 1998 4979 quo-

1191 4996 1294 5050 que
1322 4983 1546 5034 contulit
1585 4983 1913 5049 beneﬁcium,
1949 4987 1999 5036 et

1193 5053 1585 5105 taciturnitatis
1630 5053 1788 5105 solvit
1835 5054 1998 5106 silen-

1193 5124 1349 5176 tium.

1262 5192 1339 5246 Id.
1373 5194 1635 5258 Gignitur
1664 5207 1769 5246 vos:
1796 5207 1864 5246 ear:
1893 5198 1996 5247 ste-

1187 5263 1285 5316 rili
1311 5269 1361 5317 et
1397 5279 1535 5318 sene.

1259 5333 1341 5387 Id.
1438 5335 1682 5398 Vigorem
1775 5339 1997 5402 reparat

1183 5405 1499 5472 juvenilem.

1264 5474 1341 5527 Id.
1407 5473 1657 5530 Conditio
1717 5473 1994 5539 fwdcralis

1189 5546 1311 5610 conj
1317 5546 1450 5612 ugii.

1262 5615 1341 5669 Id.
1459 5615 1786 5672 Celcbl'emus
1877 5631 2002 5684 ergo

2175 3011 2284 3066 Iid.
2323 3014 2546 3079 Simoni,
2579 3014 2778 3080 inquit,
2820 3012 2906 3066 Si-

2104 3097 2224 3136 mon
2233 3125 2243 3137 .

3044 2096 3220 2151 Codd.
3262 2099 3332 2151 Et
3379 2095 3641 2148 dicinatis
3679 2108 3788 2147 sum

2979 2169 3254 2235 mysteria.

3053 2239 3185 2290 Cod.
3231 2253 3299 2289 IV.
3355 2235 3652 2303 Apostolici
3701 2250 3789 2288 or-

2981 2307 3125 2361 dinis
3164 2308 3432 2374 dignitate
3454 2307 3714 2375 primum.

3054 2377 3228 2432 Codd.
3269 2377 3594 2444 anngelica
3639 2377 3785 2441 refe-

2981 2455 3128 2501 rente
3159 2449 3402 2502 historia.

3056 2518 3198 2572 Ibid.
3248 2519 3357 2584 Qui
3385 2519 3441 2570 in
3499 2516 3641 2569 catis
3690 2519 3786 2569 est.

2983 2588 3048 2642 Id
3076 2595 3152 2642 est
3179 2589 3295 2641 ideo
3327 2588 3510 2640 beatus
3539 2601 3611 2639 es.

3057 2659 3179 2712 Ibid
3257 2658 3538 2712 Transivit
3575 2654 3792 2723 quidem

2982 2730 3144 2782 etiam
3165 2731 3224 2781 in
3248 2729 3513 2796 apostolos
3543 2727 3676 2780 alios
3696 2727 3790 2793 jus

2983 2802 3143 2853 istius
3174 2800 3475 2866 potestatis.

3060 2871 3176 2924 Ibid
3261 2872 3414 2923 Petro
3471 2869 3612 2921 enim
3673 2866 3792 2918 ideo

2983 2942 3334 3005 singulariter
3381 2941 3474 2992 hoc
3530 2937 3787 2992 creditur.

3056 3010 3197 3064 Ibid.
3295 3012 3498 3078 Simon,
3591 3009 3792 3074 inquit,

2981 3083 3187 3136 Simon.

2585 3225 2786 3279 LIBER
2827 3223 2912 3278 DE
2953 3223 3322 3278 ΟΒᾹΤΙΟΝΕ.

2165 3345 2275 3406 (Est
2303 3345 2469 3407 sancti
2500 3344 2745 3407 Cypriani
2775 3345 3145 3394 celeberrimus
3176 3349 3427 3393 tractatus
3451 3343 3514 3392 de
3532 3340 3788 3390 Oratione.

2106 3406 2377 3456 Dominica
2399 3406 2627 3470 [Pa/rel.
2665 3413 2784 3455 tom.
2820 3408 2907 3463 IV,
2941 3408 3040 3456 col.
3071 3409 3337 3468 519-520}.)

2179 3505 2408 3575 Legitur
2439 3504 2497 3557 in
2521 3502 2666 3557 Bibl.
2703 3506 2991 3568 Laurent,
3021 3506 3160 3575 plut.
3193 3521 3291 3565 xu,
3315 3504 3439 3558 cod.
3468 3522 3526 3568 ιι,
3565 3503 3662 3557 fol.
3694 3505 3794 3567 50;

2106 3592 2244 3646 ibid.
2279 3593 2422 3662 plut.
2461 3608 2615 3656 xvm,
2650 3593 2772 3646 cod.
2826 3609 2897 3657 iv,
2939 3593 3037 3646 fol.
3091 3597 3152 3645 Ili
3190 3594 3256 3658 b;
3314 3598 3369 3646 et
3403 3593 3542 3646 Bibl.
3595 3592 3792 3652 I*‘esu|.,

2105 3681 2229 3734 cod.
2260 3697 2392 3746 χχιι,
2426 3680 2522 3734 fol.
2558 3684 2697 3746 3'28;
2752 3681 3033 3734 indicatur
3074 3680 3244 3734 etiam
3278 3681 3336 3733 in
3396 3680 3535 3733 Bibl.
3574 3681 3790 3743 Venet,

2105 3769 2267 3823 catal.
2305 3785 2491 3836 vaui,
2515 3768 2610 3821 fol.
2643 3771 2729 3822 43.

2177 3857 2320 3910 Edit.
2367 3857 2430 3909 Ν.
2473 3860 2488 3910 I
2538 3856 2705 3925 (apud
2766 3857 2907 3924 nos).

2106 3931 2471 3982 Firmamcnta
2553 3927 2910 3980 corroboran-

2106 3999 2187 4051 dae
2210 3997 2361 4067 ﬁdei.

2179 4066 2316 4122 Ibid.
2390 4066 2495 4122 Sed
2551 4073 2752 4135 quanto
2805 4083 2915 4120 ma-

2097 4141 2227 4205 jora
2255 4153 2373 4206 quae
2407 4139 2594 4191 Filius.

2184 4209 2324 4264 Ibid.
2379 4211 2482 4277 Qui
2530 4210 2586 4260 in
2637 4208 2914 4277 prophetis

2106 4282 2238 4346 fuit.

2182 4348 2320 4403 Ibid.
2390 4351 2457 4402 Et
2501 4348 2808 4418 ostendens;
2857 4352 2917 4402 ut

2110 4422 2207 4488 qui
2234 4422 2293 4472 in
2325 4419 2576 4473 tenebris.

2184 4489 2324 4543 Ibid.
2369 4492 2504 4544 Luce
2533 4491 2725 4557 gratia
2754 4490 2917 4543 lumi-

2109 4563 2248 4614 nati.

2184 4632 2249 4684 Ν.
2303 4634 2355 4684 2.
2399 4631 2600 4699 Populo
2658 4645 2753 4684 suo
2793 4646 2914 4684 con-

2110 4702 2260 4755 salit.

2179 4841 2320 4895 Ibid.
2361 4844 2431 4895 A.
2497 4843 2570 4895 De
2628 4840 2920 4895 traditione

2108 4927 2315 4980 quoque
2351 4911 2468 4980 ejus
2494 4928 2631 4966 vere.

2181 5054 2242 5106 N.
2300 5056 2351 5107 3.
2415 5052 2507 5107 Ad
2579 5067 2735 5107 aures
2803 5053 2916 5120 ejus

2109 5123 2391 5178 ascendere
2421 5125 2628 5179 Christi
2654 5127 2914 5179 oratione.

2182 5263 2321 5316 Ibid.
2388 5264 2615 5333 Quando
2668 5269 2917 5332 peccato-

3057 3856 3231 3909 Codd.
3301 3855 3673 3911 Fundamenta
3723 3870 3792 3910 ω-

2985 3926 3270 3996 diﬁcandae
3291 3926 3438 3995 ﬁdei.

3062 4067 3160 4120 Iid.
3212 4067 3317 4121 Sed
3345 4071 3546 4135 quanto
3581 4068 3793 4135 majora

2987 4142 3112 4191 sunt
3142 4153 3260 4205 qua:
3291 4138 3474 4190 Filius.

3061 4207 3163 4261 Iid.
3227 4210 3331 4276 Qui
3407 4211 3465 4260 in
3515 4209 3794 4277 prophetis

2988 4281 3101 4332 suis
3135 4281 3264 4344 fuit.

3061 4349 3142 4402 Iid
3193 4347 3436 4403 Ostendit
3458 4349 3694 4418 qualiter
3706 4351 3800 4416 qui

2989 4421 3048 4473 in
3075 4419 3323 4472 tenebris.
3347 4469 3352 4474 .

3064 4489 3164 4543 Iid.
3225 4491 3346 4544 Sua?
3422 4490 3617 4557 gratiae
3687 4490 3800 4544 luce

2994 4561 3308 4613 illuminati.

3067 4630 3164 4684 Iid.
3212 4630 3413 4699 Pepulo
3469 4645 3564 4683 suo
3614 4645 3798 4684 consu-

2992 4701 3114 4755 luit.
3189 4702 3432 4769 Excepto
3491 4717 3623 4769 xx”,
3700 4700 3799 4769 qui

2992 4771 3164 4825 habet
3194 4777 3256 4825 ut
3285 4771 3419 4825 edit.

3064 4842 3197 4896 Cod.
3263 4858 3393 4895 xxu.
3476 4841 3554 4893 De
3619 4840 3796 4895 tradi-

2993 4915 3131 4966 tione
3203 4927 3411 4981 quoque
3493 4913 3611 4979 ejus
3682 4926 3799 4964 eum

2989 4999 3127 5036 vere.

3063 5052 3236 5106 Codd.
3298 5052 3390 5106 Ad
3458 5067 3616 5106 aures
3686 5051 3801 5114 ejus

2991 5124 3274 5178 ascendere
3336 5124 3543 5179 Christi
3597 5124 3798 5177 oratio-

2990 5211 3130 5248 nem.

3062 5265 3160 5318 Iid.
3220 5263 3446 5330 Quando
3498 5267 3800 5334 peccatores

2106 5349 2190 5388 res
2260 5350 2360 5402 pro
2442 5336 2653 5390 delictis
2719 5337 2915 5389 nostris
2985 5352 3087 5404 pro
3108 5335 3302 5389 debitis
3324 5338 3522 5390 nostris
3544 5337 3800 5405 petimus,

2104 5407 2356 5473 petimus,
2431 5406 2682 5460 advocati
2744 5407 2920 5460 nostri
2990 5407 3240 5460 adiocati
3269 5408 3443 5460 nostri
3475 5405 3641 5461 verba
3666 5420 3804 5474 pro-

2110 5475 2271 5529 verba
2290 5491 2618 5542 premamus.

2184 5546 2324 5599 Ibid.
2393 5547 2769 5616 Quodcumque
2825 5563 2914 5616 pc-

2107 5618 2424 5671 tierimus...
2459 5617 2611 5673 dabit
2637 5618 2808 5673 nobis.

2988 5480 3263 5545 pinamus.

3063 5548 3161 5600 Iid.
3213 5547 3588 5615 Quodcumque
3637 5547 3802 5616 petie-

2990 5619 3134 5675 ritis.
3147 5661 3158 5672 .
3175 5658 3187 5671 .
3228 5618 3382 5673 dabit
3411 5618 3578 5675 vobis.
