4068 6192
264 260 385 311 1251
490 258 505 269 ’

248 385 255 391 ‘
334 380 397 433 Ν.
432 380 483 433 4.
527 381 788 447 Congruit
826 395 1070 434 verecun-

261 449 328 503 do
358 450 612 505 modestis
624 450 874 520 precibus
894 464 1067 503 orare.

335 590 473 644 Ibid.
521 592 581 644 In
633 590 838 645 abditis
892 592 941 642 et
988 603 1068 643 se-

265 664 423 714 motis
486 663 631 728 locis,
695 662 751 713 in
813 659 1071 713 cubiculis

261 748 472 855 wsl‘Ifid.
522 801 591 854 In
629 798 821 853 abdita
864 814 1072 868 quoque

261 878 309 925 τι
340 871 544 924 occulta
573 875 873 938 penetrare.

332 940 470 994 Ibid.
538 943 601 995 Et
653 943 825 994 scient
895 955 1069 995 omnes

260 1013 489 1064 ecclesias
515 1013 641 1079 quia
672 1025 784 1077 ego.

334 1083 396 1135 Ν.
432 1084 461 1135 5
510 1082 765 1135 Declarat
785 1081 1072 1150 Scriptura

259 1153 468 1205 d.t'ina.

337 1291 455 1347 Ibid
508 1294 578 1347 Et
622 1291 772 1345 labia
809 1290 925 1360 ejus
954 1304 1073 1344 mo-

260 1365 539 1417 rebantur.

338 1433 477 1487 Ibid.
516 1434 681 1487 Dicite
718 1433 778 1485 in
820 1429 1071 1485 cordibus

264 1508 313 1555 et
370 1505 430 1556 in
484 1505 678 1557 stratis
731 1503 947 1565 vestris,
1024 1504 1075 1555 et

264 1575 750 1642 trunspungimini.

337 1645 403 1697 Ν.
437 1646 489 1699 ϐ.
524 1646 664 1707 Non
716 1643 964 1698 allevatis
1016 1642 1075 1695 in

266 1714 453 1769 ca'lum
465 1756 478 1768 .

336 1784 477 1838 Ibid.
546 1785 692 1838 Unus
745 1783 1069 1853 pharisaeus,

266 1861 317 1909 et
347 1870 485 1910 unus
512 1855 858 1925 publicanus.

340 1925 477 1978 Ibid.
512 1922 691 1980 _Sicut
752 1924 931 1978 caeteri
988 1922 1073 1975 ho.

266 1997 454 2049 mines.

340 2065 486 2120 Ibid.
550 2067 796 2119 Decimus
844 2063 910 2118 do
963 2079 1073 2117 om-

264 2138 419 2260 gium
497 2150 840 2205 quaecumque
906 2135 1080 2204 possi-

304 2222 361 2260 eo
374 2246 387 2258 .

304 2222 387 2260 UO.

342 2273 485 2330 Ibid.
520 2274 659 2340 Quia
698 2275 868 2329 omnis
901 2275 999 2343 qui
1025 2288 1081 2327 se

268 2347 479 2401 extollit
511 2347 906 2399 humiliabitur.

344 2486 406 2540 Ν.
434 2490 485 2539 ’7.
532 2486 605 2540 De
632 2485 824 2540 divina
863 2485 1081 2538 lectione

269 2558 449 2613 discen
457 2562 492 2610 tr
506 2571 552 2622 s,

342 2627 478 2681 Ibid.
516 2629 583 2681 Et
612 2643 675 2680 ne
712 2641 806 2680 nos
845 2626 1080 2695 patiaris

271 2700 460 2753 induci
484 2700 541 2751 in
568 2699 913 2751 tentationem

344 2770 407 2822 N.
486 2772 539 2822 8.
620 2771 738 2822 Post
801 2780 1079 2820 ascensum

271 2840 485 2902 Domini
532 2840 831 2892 invenimus
875 2851 1074 2890 orasse.

345 2909 481 2962 Ibid.
516 2910 583 2963 Et
614 2910 792 2962 Maria
818 2923 936 2977 qum
962 2909 1079 2973 fue-

270 2986 357 3034 rat
388 2985 559 3032 mater
594 2980 737 3033 Jesu.

346 3051 409 3103 Ν.
481 3054 512 3103 9
618 3049 817 3114 Qualia
903 3051 1081 3099 autem

271 3125 397 3174 sunt
412 3160 422 3170 .
438 3158 471 3171 ..
537 3117 1077 3188 comprehendantur.

273 3193 382 3251 Sic,
406 3194 512 3242 etc.

350 3260 490 3315 Ibid.
545 3259 706 3312 Dedit
762 3259 873 3312 illis
928 3261 1079 3325 pote-

271 3335 463 3385 statem
497 3335 557 3382 ut
586 3331 691 3397 ﬁlii
729 3330 832 3382 Dei
875 3331 1077 3396 ﬁerent.

348 3401 411 3454 N.
473 3402 559 3451 10.
626 3399 689 3453 Id
757 3402 834 3451 est
902 3410 1081 3450 eorum

276 3471 374 3539 qui
433 3469 676 3531 credunt,
750 3482 929 3521 eorum
986 3467 1083 3534 qui

275 3547 381 3595 ctc.

348 3609 491 3665 Ibid.
540 3610 705 3665 Filias
741 3608 996 3676 generavi
1036 3610 1086 3661 et

274 3683 534 3737 exaltavi.

352 3751 490 3806 Ibid.
531 3753 690 3806 Pater
717 3755 895 3805 noster
953 3747 1086 3801 dici-

279 3839 416 3878 mus.

354 3892 491 3947 Ibid.
587 3891 794 3957 Quibus
861 3890 1089 3942 remissa

272 3968 614 4034 peccatorum
642 3962 825 4034 datur.

356 4036 419 4087 Ν.
448 4036 525 4086 II.
552 4032 861 4102 Clariﬁcate
898 4034 947 4084 et
971 4044 1090 4099 por-

281 4108 391 4157 tate
424 4104 592 4157 Deum

354 4174 415 4228 N.
444 4177 526 4228 I2.
553 4172 658 4228 Sed
678 4171 823 4241 quod
841 4175 1085 4240 petamus

278 4244 347 4298 ab
376 4260 453 4298 eo.

355 4315 417 4369 Ν.
454 4317 537 4368 III.
571 4316 641 4369 Et
667 4312 900 4367 mundus
932 4315 1084 4365 tran-

279 4385 411 4440 sibit
436 4391 485 4438 et
497 4385 924 4453 concupiscentia
947 4382 1082 4450 ejus.

354 4455 418 4509 N.
455 4458 540 4509 I6.
571 4456 865 4521 Manifesta
909 4459 1087 4507 autem

281 4530 426 4589 sunt,
461 4540 624 4594 Opera
647 4527 846 4579 carnis.

356 4597 421 4649 Ν.
461 4598 538 4650 18.
562 4597 700 4662 Quia
730 4597 975 4653 Christus
1005 4608 1088 4647 eo-

283 4682 404 4720 rum
425 4667 523 4734 qui
540 4680 732 4735 corpus
753 4666 869 4734 ejus
889 4667 1092 4723 contin-

282 4741 421 4804 gunt
455 4739 620 4806 panis
640 4742 737 4790 est.

355 4805 494 4861 Ibid.
560 4810 695 4861 Dum
760 4808 995 4862 abstenti
1040 4814 1089 4862 et

283 4892 390 4932 non
419 4879 883 4932 communicantes.

270 4971 283 4983 ε
325 4948 498 5028 .Ibid.
546 4948 607 5003 Si
650 4950 772 5017 quis
817 4948 989 5003 ederit
1026 4948 1093 5002 de

282 5033 398 5087 ejus
427 5033 587 5087 pane.

359 5089 499 5144 Ibid.
536 5089 730 5144 Procul
758 5112 774 5142 τ
789 5093 1032 5144 emaneat
1061 5104 1096 5144 a

288 5161 480 5215 salute.

364 5231 427 5282 Ν.
483 5232 566 5284 19.
609 5230 713 5296 Qui
755 5246 859 5285 non
904 5246 1097 5285 renun-

290 5302 392 5354 tiat
422 5301 685 5355 omnibus.

364 5370 500 5424 Ibid.
561 5371 860 5427 Secundum
917 5374 1091 5438 magi-

287 5444 392 5497 stri
428 5443 517 5495 sui
546 5458 736 5501 vocem.

1507 259 1921 314 AI'I'ENIIICIS
1960 258 2460 315 AUGUSTINIANI.

1217 379 1317 434 Iid.
1379 380 1640 450 Congruit
1709 394 1952 433 verecun-
1992 381 2038 433 Λ
2146 379 2283 434 Ibid.

1144 449 1349 504 diorem
1394 451 1647 504 modestis
1696 450 1952 518 precibus

1143 536 1298 574 orare
1305 560 1317 573 .

1218 592 1298 643 Iid
1356 592 1417 645 In
1454 589 1657 644 abditis
1700 595 1749 644 et
1783 605 1952 644 semo-

1145 663 1214 715 tis
1246 662 1393 729 locis,
1444 663 1502 715 in
1550 661 1808 715 cubiculis
1850 676 1950 714 no-

1144 732 1274 785 stris
1284 770 1297 783 .

1218 802 1325 854 Iid.
1382 803 1442 855 In
1488 800 1676 855 abdita
1732 815 1954 871 quaque

1143 878 1192 926 et
1217 871 1422 924 occulta
1448 878 1747 938 penetrare.

1216 942 1319 995 Ini.
1385 944 1451 996 Et
1537 943 1705 995 scient
1776 953 1954 995 omnes

1143 1014 1275 1080 quia
1307 1027 1400 1080 ego

1215 1082 1348 1137 Cod.
1463 1097 1591 1134 χχιι.
1706 1083 1954 1136 Declarat

1145 1153 1239 1206 hoc
1274 1152 1561 1221 Scriptura
1594 1151 1800 1206 divina.
1835 1154 1953 1207 Ces-

1146 1221 1270 1284 teri,
1303 1222 1547 1277 declarat
1585 1223 1714 1277 hac.

1215 1292 1389 1348 Codd.
1422 1295 1491 1348 Et
1529 1294 1675 1347 labia
1702 1294 1819 1362 ejus
1848 1307 1955 1345 non

1143 1363 1509 1417 movebantur.

1220 1433 1320 1487 Iid.
1375 1436 1546 1488 Dicite
1601 1434 1658 1487 in
1701 1432 1953 1488 cordibus

1145 1506 1358 1569 vestris,
1392 1510 1439 1559 et
1476 1507 1535 1557 in
1562 1504 1833 1557 cubilibus
1859 1518 1955 1557 ve-

1146 1577 1277 1629 stris
1309 1576 1752 1644 compungimini.

2377 381 2660 436 Crastinus
2734 382 2877 435 enim

2066 452 2178 520 ips"
2207 451 2468 517 cogitabit
2496 451 2624 505 sibi.

2137 520 2278 574 Ibid.
2320 522 2514 576 Verum
2541 535 2636 575 nec
2657 523 2873 587 auferre

2058 606 2365 659 possumus.

2137 661 2200 715 Ν.
2241 664 2330 716 20.
2363 661 2655 716 Seculares
2686 663 2872 730 copias

2062 733 2402 799 cogitantem.

2135 801 2277 856 Ibid.
2311 801 2439 856 Hac
2461 805 2611 857 nocte
2630 806 2875 870 emtostu-

2062 873 2210 926 tatur
2246 875 2434 926 anima
2473 876 2569 926 tua
2581 913 2594 927 .

2134 941 2277 996 Ibid.
2336 944 2521 998 Victus
2585 941 2872 996 abundan-

2064 1014 2195 1066 tiam
2225 1012 2516 1080 cogitabat.

2136 1082 2257 1136 Ibid
2353 1083 2413 1136 C.
2500 1086 2570 1137 Et
2633 1083 2866 1149 gloriam

2064 1156 2350 1209 Dominicae
2406 1155 2682 1225 passionis
2748 1154 2871 1206 imi-

2065 1226 2178 1278 tari
2495 1237 2505 1246 ’

2136 1295 2200 1348 N.
2251 1296 2340 1350 2t.
2405 1296 2470 1349 Et
2529 1294 2637 1348 haec
2694 1295 2877 1347 omnia

2063 1368 2403 1433 apponentur
2431 1365 2596 1419 vobis.

2312 1439 2511 1517 Atque,
2561 1451 2590 1489 o
2630 1435 2877 1488 humana:

2064 1506 2312 1571 malitiae,
2343 1510 2449 1558 etc.

2139 1577 2203 1629 Ν.
2236 1579 2325 1629 ‘22.
2369 1578 2439 1630 Et
2475 1574 2686 1628 remitte
2726 1573 2876 1628 nobis

1220 1644 1326 1699 Iid.
1357 1647 1475 1701 Non
1511 1645 1728 1699 elevatis
1771 1644 1828 1697 in
1856 1657 1949 1697 οω-
1996 1651 2038 1707 Β
2070 1645 2254 1699 debita
2280 1651 2486 1700 nostra.

1147 1717 1322 1839 lmlnid
1409 1787 1553 1838 Unus
1630 1784 1955 1852 pharisaeus,

1149 1857 1287 1910 alter
1314 1855 1657 1924 publicanus.

1223 1927 1322 1979 Iid.
1368 1927 1517 1981 Sicut
1554 1927 1732 1979 cwteri
1790 1924 1957 1977 homi-

1148 2013 1295 2049 num.

1224 2065 1327 2119 Iid.
1407 2069 1642 2120 Decimus
1726 2064 1794 2119 do
1848 2079 1959 2119 om-

1151 2140 1297 2191 nium
1340 2153 1457 2206 quae
1483 2137 1756 2206 possideo.

1224 2276 1356 2330 Cod.
1422 2292 1549 2328 xxu.
1611 2276 1750 2341 Quia
1789 2276 1961 2328 omnis

1152 2350 1251 2417 qui
1290 2363 1345 2402 se
1377 2348 1605 2412 eu‘attat,
1645 2346 1962 2400 humiliabi—

1154 2424 1263 2473 tur.

1225 2487 1401 2543 Codd.
1461 2488 1657 2541 Divina
1704 2487 1965 2541 locutione

1152 2560 1437 2613 discentes.

1226 2630 1304 2683 Iid
1364 2630 1432 2683 Et
1486 2642 1551 2680 ne
1594 2642 1688 2683 nos
1735 2626 1962 2682 inducas

1154 2702 1213 2753 in
1253 2702 1616 2753 tentationem.

1227 2770 1326 2824 Iid.
1376 2770 1505 2823 Post
1547 2782 1823 2822 uscmsum
1869 2771 1962 2822 Do.

1151 2842 1289 2893 mini
1308 2843 1552 2892 novimus
1583 2852 1781 2892 orasse.

2142 1715 2301 1777 Ibid..
2336 1716 2396 1771 C.
2449 1717 2515 1770 Ut
2540 1714 2669 1768 dum
2697 1714 2877 1768 indul-

2065 1788 2251 1853 gentia
2270 1786 2336 1841 de
2365 1788 2467 1841 Deo
2502 1787 2729 1852 petitur.

2137 1856 2305 1922 Ibid.,
2334 1858 2438 1912 Nos
2492 1858 2638 1924 ipsos
2682 1855 2877 1926 decipi-

2066 1942 2203 1981 mus.

2140 1997 2207 2052 N.
2238 1999 2330 2050 23.
2373 1998 2443 2051 Et
2479 1995 2547 2050 ab
2584 1996 2757 2051 altari
2802 2010 2876 2049 re-

2066 2071 2351 2147 vertentem
2399 2072 2553 2147 prius
2591 2067 2765 2133 fratri
2790 2081 2876 2120 re-

2069 2139 2350 2207 conciliari
2380 2138 2555 2205 jubet.

2140 2209 2204 2261 N.
2218 2208 2307 2261 24.
2328 2209 2575 2261 Initiaret
2591 2208 2878 2274 sanguinis

2067 2281 2156 2332 sui
2180 2280 2359 2347 gloria
2390 2279 2720 2332 Dominicam
2754 2292 2880 2347 pas-

2068 2351 2288 2403 sionem.

2144 2419 2184 2472 N
2196 2458 2209 2472 .
2243 2421 2331 2472 '25.
2356 2420 2501 2473 Iram
2527 2419 2878 2472 animationis

2067 2504 2197 2543 sua.

2138 2558 2281 2614 Ibid.
2324 2558 2430 2614 Sed
2457 2560 2635 2628 ipsum
2663 2573 2790 2613 cave
2818 2574 2882 2613 ne

2072 2635 2289 2697 tangas.

2142 2700 2289 2753 Ibid.
2330 2700 2576 2754 Gloriam
2606 2714 2761 2754 suam
2786 2699 2876 2753 du-

2068 2775 2156 2824 cat
2163 2810 2175 2823 .

2143 2841 2202 2894 Ν.
2232 2842 2319 2894 27.
2352 2840 2549 2908 Diliges
2567 2841 2879 2909 proximum

1228 2910 1326 2964 Iid.
1386 2912 1450 2963 Et
1494 2910 1671 2963 Maria
1708 2924 1826 2979 qua:
1853 2911 1963 2975 fuit
1991 2927 2030 2981 ο
2074 2911 2176 2965 tibi
2204 2916 2464 2978 tanquam
2485 2914 2731 2979 teipsum.

1152 2986 1325 3035 mater
1350 2981 1492 3034 Iesu.

1226 3050 1329 3104 Iid.
1355 3051 1557 3114 Qualia
1578 3054 1755 3103 autem
1785 3051 1893 3102 sint
1924 3088 1960 3102 ..

1155 3121 1637 3191 apprehenduntur
1710 3120 1962 3173 animad-

1153 3193 1364 3246 vertite.
1401 3192 1511 3248 Sic.
1535 3194 1642 3244 etc.

1227 3262 1328 3316 Iid.
1362 3261 1520 3316 Dedit
1546 3262 1620 3314 eis
1650 3263 1965 3330 potestatem

1153 3334 1291 3401 ﬁlios
1322 3333 1416 3385 Dei
1441 3332 1562 3399 ﬁeri
1572 3373 1585 3384 .

1228 3402 1329 3455 Iid.
1359 3401 1511 3453 [dest
1534 3416 1716 3454 eorum
1739 3402 1835 3468 qui
1864 3414 1967 3454 cre-

1155 3471 1314 3537 dunt,
1346 3473 1442 3539 qui
1467 3476 1572 3524 etc.

1231 3609 1330 3664 Iid.
1358 3613 1522 3667 Filios
1550 3612 1714 3678 genui
1736 3616 1785 3665 et
1815 3613 1968 3666 emat-

1159 3683 1292 3736 tavi.

1233 3751 1335 3806 Iid.
1372 3754 1530 3807 Pater
1568 3756 1745 3806 noster
1790 3753 1967 3822 primo

1158 3825 1218 3877 in
1249 3824 1358 3877 loco
1386 3823 1636 3877 dicimus.

1232 3894 1335 3947 Iid.
1430 3894 1636 3958 Quibus
1692 3937 1698 3941 .
1722 3893 1968 3947 remissio

1156 3967 1493 4034 peccatorum
1523 3963 1708 4016 datur.

1231 4033 1338 4087 Iid.
1411 4034 1733 4102 Clariﬁsate,
1801 4033 1969 4087 tollite

1161 4109 1211 4158 et
1231 4110 1451 4227 ‘portate
1482 4107 1641 4158 Deum

1258 4174 1334 4227 id.
1384 4174 1489 4227 Sed
1534 4190 1638 4227 auo

1258 4190 1277 4227 l

1159 4247 1333 4298 aDeo.

1230 4315 1333 4369 Iid.
1382 4317 1450 4370 Et
1488 4312 1724 4368 mundus
1771 4314 1970 4367 transit

1159 4391 1209 4440 et
1228 4387 1658 4454 concupiscentia
1687 4385 1824 4452 ejus.

1231 4454 1341 4510 Iid.
1427 4457 1722 4520 Manifesta
1791 4459 1971 4508 autem

1160 4530 1286 4581 sunt
1313 4528 1464 4593 facta
1500 4527 1703 4580 carnis.

1235 4596 1333 4650 Iid.
1403 4598 1540 4663 Quia
1598 4597 1841 4652 Christus
1888 4610 1974 4649 no-

1163 4672 1292 4727 ster,
1321 4666 1440 4721 cum
1459 4682 1651 4736 corpus
1678 4667 1794 4735 ejus
1813 4667 1973 4720 attin-

1164 4739 1362 4805 gimus,
1390 4739 1551 4806 panis
1580 4742 1677 4791 est.

1238 4807 1338 4862 Iid.
1370 4811 1514 4862 Dum
1545 4809 1772 4862 abscissi
1799 4811 1972 4861 etnon

1163 4881 1630 4934 communicantes.

1235 4949 1314 5004 Iid
1397 4951 1456 5005 Si
1508 4949 1631 5018 quis
1690 4947 1975 5002 manduca-

1165 5022 1304 5074 verit
1331 5035 1398 5073 ex
1428 5020 1523 5073 hoc
1552 5033 1709 5083 pane.

2148 2981 2212 3035 Ν.
2277 2984 2363 3035 30.
2436 2983 2567 3036 Ecce
2646 2982 2883 3035 Satanas

2072 3052 2375 3120 postulavit
2421 3056 2479 3104 ut
2520 3066 2612 3105 vos
2658 3056 2883 3106 vexaret

2076 3122 2337 3190 quomodo
2359 3123 2619 3175 triticum.

2150 3192 2214 3246 Ν.
2249 3195 2332 3246 32.
2378 3191 2459 3246 Et
2490 3207 2609 3245 cum
2633 3191 2884 3260 sepelires

2078 3266 2136 3316 tu
2156 3268 2390 3316 mortuos
2418 3263 2754 3331 simpliciter.

2148 3332 2208 3386 Ν.
2296 3334 2383 3386 33.
2465 3332 2690 3398 Quando
2762 3333 2884 3399 quis

2074 3405 2358 3457 miseretur
2397 3406 2681 3473 pauperis,
2722 3405 2887 3456 Deum

2073 3475 2320 3540 fwnerat.

2148 3544 2214 3597 Ν.
2253 3547 2340 3597 35.
2378 3543 2425 3597 A
2457 3543 2677 3597 Domino
2703 3544 2884 3609 factus

2075 3619 2157 3671 est
2178 3616 2298 3678 iste,
2329 3618 2380 3668 et
2407 3619 2487 3668 est
2514 3612 2881 3667 admirabilis.

3630 262 3767 312 I'Ifi'.’

3022 378 3126 432 Iid.
3169 381 3451 434 Crastinus
3473 383 3614 434 enim
3645 380 3770 435 dies

2948 452 3064 521 ipse
3084 451 3351 521 cogitabit
3381 451 3508 503 sibi.

3019 521 3037 575 I
3046 519 3120 573 id.
3154 522 3377 574 Certum
3407 524 3484 574 est
3507 521 3652 589 quod
3668 536 3768 576 nec

2944 594 3164 657 auferre
3185 594 3475 660 possimus.

3024 662 3123 715 Iid.
3178 662 3470 717 chulares
3534 661 3767 716 divitias

2948 735 3290 798 cogitantem.

3020 802 3123 855 Iid.
3169 804 3280 855 Hac
3319 805 3468 855 nocte
3504 806 3764 869 depostu-

2947 873 3095 926 latur
3122 876 3309 925 anima
3330 877 3483 925 tua‘a
3512 877 3578 925 te.

3022 942 3122 996 Iid.
3156 945 3227 997 De
3262 945 3435 996 victus
3472 941 3764 996 abundan-

2949 1015 3027 1067 tia
3058 1013 3352 1080 coqitabat.

3018 1084 3117 1137 Iid.
3174 1084 3243 1138 Et
3292 1084 3531 1150 gloriam
3581 1083 3764 1135 Domi-

2945 1155 3079 1208 nicz
3098 1154 3504 1208 resurrectionis
3527 1154 3765 1206 imitari.

3017 1293 3122 1347 Iid.
3158 1295 3226 1347 Et
3272 1293 3379 1346 haec
3404 1295 3586 1348 omnia
3616 1292 3770 1362 adji-

2947 1366 3163 1419 ciantur
3189 1365 3357 1417 vobis.

3020 1435 3125 1487 Iid.
3204 1434 3247 1490 Ο
3300 1436 3549 1488 humana
3604 1435 3770 1488 mali-

2952 1507 3059 1571 tia,
3093 1511 3199 1558 etc.

3024 1574 3127 1629 Iid.
3153 1577 3222 1635 Et
3241 1577 3453 1629 remitte
3470 1573 3625 1629 nobis
3647 1589 3773 1643 pec-

2949 1650 3074 1699 cata
3100 1651 3305 1699 nostra.

3024 1716 3124 1769 Iid.
3175 1718 3240 1769 Ut
3296 1715 3424 1768 dum
3464 1714 3768 1783 indulgen-

2952 1788 3083 1840 tiam
3102 1802 3135 1839 a
3160 1788 3265 1840 Deo
3290 1788 3543 1854 petimus.

3024 1856 3126 1908 Iid.
3196 1858 3305 1911 Nos
3348 1858 3493 1925 ipsos
3551 1854 3769 1909 seduci-

2948 1942 3063 1980 mus
3072 1966 3084 1978 .

3020 1997 3119 2051 Iid.
3177 2000 3245 2052 Et
3282 1996 3351 2050 ab
3403 1997 3573 2049 altari
3618 2010 3769 2048 rece-

2951 2068 3080 2121 dens
3117 2071 3276 2137 prius
3317 2068 3489 2133 fratri
3526 2069 3770 2119 reconci-

2952 2140 3085 2191 liari
3116 2139 3359 2206 jubetar.

3025 2208 3103 2262 Iid
3115 2248 3127 2259 .
3199 2210 3450 2262 Initiaret
3499 2208 3770 2273 sanguine

2952 2293 3048 2333 suo
3092 2279 3384 2347 gloriosam
3433 2279 3762 2332 Dominicam

2946 2364 3272 2419 passionem.

3022 2418 3123 2473 Iid.
3151 2421 3299 2473 Iram
3330 2418 3768 2472 animadversio-

2948 2491 3034 2543 nis
3055 2503 3182 2543 suae.

3019 2561 3123 2614 Iid.
3166 2558 3274 2614 Sed
3317 2561 3497 2628 ipsum
3538 2556 3664 2611 vide
3699 2573 3769 2610 ne

2950 2634 3163 2695 tangas.

3020 2700 3122 2754 Iid.
3175 2701 3413 2755 Gloriam
3478 2715 3633 2751 suam
3675 2698 3763 2750 di-

2952 2776 3057 2825 cat.

3024 2839 3126 2895 Iid.
3192 2841 3392 2908 Diliges
3445 2841 3766 2910 proximum

2953 2916 3104 2965 tuum
3132 2913 3271 2966 sicut
3299 2917 3363 2966 te,

3025 2981 3126 3037 Iid.
3159 2984 3292 3037 Ecce
3327 2984 3558 3035 Satanas
3602 2992 3772 3048 expe-

2956 3053 3077 3106 tivit
3106 3056 3166 3105 ut
3203 3067 3294 3106 vos
3334 3052 3598 3106 cribraret
3626 3051 3770 3101 sicut

2958 3123 3219 3176 triticum.

3030 3192 3129 3246 Iid.
3168 3195 3381 3247 Etcum
3417 3192 3670 3259 sepelires
3710 3192 3774 3242 tu

2955 3269 3191 3316 mortuos
3217 3264 3485 3316 similiter.

3029 3333 3131 3397 Iid.
3168 3334 3308 3386 Cum
3330 3334 3452 3400 quis
3482 3332 3774 3383 miseretur

2953 3404 3235 3472 pauperis,
3261 3404 3371 3457 Deo
3396 3404 3652 3467 funerat.

3030 3542 3133 3597 Iid.
3185 3543 3226 3597 Α
3295 3542 3507 3596 Domino
3552 3540 3775 3605 factzun

2956 3618 3036 3668 est
3059 3614 3226 3676 istud,
3254 3618 3301 3667 et
3326 3618 3405 3667 est
3425 3608 3771 3664 admirabile.

2622 3701 2838 3755 SIJALA
2880 3701 3223 3756 PARAIIISI.

2141 3788 2251 3848 (Est
2281 3786 2534 3836 Gnidouis
2558 3800 2650 3849 seu
2672 3787 2926 3849 Gnigouis
2951 3784 3338 3836 Cnrthusiensis
3355 3782 3771 3849 Aapndﬁugust,

2079 3844 2204 3898 tota.
2236 3850 2297 3897 γι
2325 3844 3040 3909 ΒρυθᾶὶριίιιοηιωἾΡαΎοι.
3081 3853 3119 3898 t.
3150 3849 3256 3903 XL,
3289 3846 3382 3896 col.
3402 3844 3575 3909 997].)

2152 3927 2383 3997 Legitur
2423 3928 2481 3980 in
2535 3926 2674 3982 Bibl.
2730 3928 3015 3993 Lanrent.,
3057 3929 3196 3997 plut.
3229 3943 3360 3992 xvu,
3409 3925 3533 3979 cod.
3568 3941 3640 3985 Ix,
3670 3924 3766 3977 fol.

2086 4016 2182 4070 124
2208 4017 2259 4076 b,
2289 4015 2387 4069 ubi
2430 4015 2678 4084 primum
2712 4015 2953 4070 habetur
2983 4021 3047 4069 ut
3078 4016 3136 4069 in
3166 4013 3560 4069 admonitione
3595 4013 3767 4064 Bene—

2077 4102 2286 4157 dictina
2318 4118 2331 4155 :
2363 4104 2561 4157 Dilecto
2590 4116 2685 4156 suo
2712 4105 2887 4168 fratri
2914 4105 3177 4157 Gervasio
3200 4105 3380 4168 frater
3410 4100 3605 4167 Guido,
3637 4100 3775 4152 deic-

1279 4174 1334 4262 (ξσ
1384 4174 1489 4230 Sed
1534 4173 1679 4242 quad
1720 4177 1964 4241 Ρειαηηιδ
2005 4205 2047 4259 υ
2076 4192 2284 4245 ctariin
2308 4192 2542 4245 Domino.
2564 4189 2780 4244 Deinde
2798 4198 3003 4245 caetera
3022 4195 3344 4262 sequuntur
3365 4194 3424 4243 ut
3450 4188 3524 4243 ibi
3562 4187 3777 4241 adsunt

2077 4295 2256 4349 usque
2285 4277 2357 4332 ad
2380 4277 2549 4333 verba
2574 4279 2716 4331 Cum
2746 4278 2832 4332 die
2869 4280 3130 4349 quadam,
3162 4285 3293 4347 ,etc.
3335 4278 3399 4333 In
3436 4293 3551 4349 quo
3581 4293 3776 4347 prow-

2078 4368 2193 4422 mio
2220 4367 2364 4421 sicut
2392 4372 2447 4421 et
2472 4366 2532 4421 in
2560 4367 2686 4421 aliis
2716 4369 2982 4437 quaedam
3002 4367 3292 4422 ditfemnt.

2152 4456 2297 4510 Edit.
2334 4456 2579 4510 Prouem.
2611 4457 2817 4509 Amare
2839 4462 2887 4510 te

2076 4542 2144 4581 ea:
2166 4526 2361 4580 debito.

2152 4595 2289 4651 Ibid.
2324 4598 2388 4652 Ut
2427 4597 2525 4667 qui
2547 4596 2686 4651 talia
2723 4611 2884 4665 erepe-

2075 4667 2281 4722 riendo.

2151 4737 2293 4791 Ibid.
2334 4738 2576 4791 Mearum
2606 4736 2783 4807 judecc
2811 4739 2887 4791 sis

2078 4806 2464 4877 cogitationum
2517 4812 2567 4862 et
2607 4813 2888 4863 corrector.

2151 4879 2293 4934 Ibid.
2324 4880 2391 4933 Ut
2427 4879 2645 4932 novella
2672 4880 2892 4934 planta-

2083 4948 2650 5017 tioniprimitivos(Sic
2663 4948 2889 5014 (ἰδυῖα,

2083 5019 2523 5088 nonBenedict.,
2547 5019 2645 5089 qui
2678 5024 2734 5071 ul
2767 5018 2891 5089 nos)

1238 5088 1339 5143 Iid.
1389 5091 1671 5149 Abscissus
1702 5093 1977 5143 remaneat
2079 5091 2295 5158 fructus
2342 5088 2585 5157 colligas,
2634 5088 2893 5160 quoniam

1167 5179 1201 5215 α
1215 5161 1408 5215 salute.

1243 5230 1340 5285 Iid.
1399 5233 1502 5298 Qui
1554 5245 1659 5285 non
1700 5232 1975 5284 renuntia-

1170 5303 1313 5357 verit
1331 5302 1595 5356 omnibus.

1240 5373 1337 5427 Iid.
1372 5373 1674 5429 Secundam
1724 5373 1973 5426 volunta-

1169 5447 1270 5501 tem
1296 5446 1547 5518 maqistri
1573 5442 1683 5498 sui.

2082 5161 2148 5215 de
2190 5162 2449 5215 servitute
2494 5161 2799 5214 Pharaonis
2846 5166 2894 5215 te

2084 5232 2319 5286 delicata
2349 5231 2659 5286 solitudine.

2155 5303 2338 5363 Caput
2370 5302 2643 5372 primum.
2689 5304 2740 5356 Α
2748 5302 2893 5355 nimo

2084 5375 2347 5439 cogitanti
2390 5389 2445 5428 se
2481 5373 2658 5428 subito
2696 5373 2895 5427 obtule-

2086 5448 2235 5499 runt

3033 4455 3168 4509 Cod.
3215 4456 3418 4510 Amare
3453 4459 3519 4522 te,
3569 4457 3773 4521 frater,

2959 4541 3028 4579 ea:
3054 4525 3255 4580 debito.

3031 4596 3115 4651 Id.
3149 4598 3217 4651 Ut
3245 4600 3304 4650 tu
3324 4597 3423 4665 qui
3449 4595 3589 4649 talia
3616 4610 3776 4664 empe-

2957 4666 3168 4722 riendo.

3031 4737 3113 4790 Id.
3173 4738 3414 4792 Mearum
3456 4734 3636 4803 judea:
3701 4737 3779 4791 sis

2964 4811 3016 4862 et
3042 4811 3315 4875 correptor
3351 4804 3742 4873 cogitationum
3756 4849 3769 4859 .

3037 4876 3121 4932 Id.
3166 4879 3232 4932 Ut
3294 4877 3513 4932 novella:
3551 4877 3778 4944 planta-

2964 4948 3130 5002 tionis
3193 4950 3504 5017 primitivos
3558 4950 3779 5013 fructus

2965 5019 3204 5086 colligas,
3246 5034 3411 5087 quam
3429 5018 3496 5072 de
3519 5021 3783 5071 servitute

2964 5089 3265 5143 Pharaonis
3308 5094 3358 5144 te
3407 5088 3643 5143 delicata
3684 5089 3787 5143 sol-

2965 5160 3267 5214 Iicitudine.

3036 5299 3118 5354 Id.
3162 5300 3359 5355 Animo
3391 5301 3684 5365 cogitantis
3729 5316 3785 5355 se

2965 5372 3145 5427 subito
3172 5372 3498 5425 obtulerunt.
