4068 6192
323 301 449 350 I‘llill

388 416 526 472 Ibid.
567 412 840 469 Gradibus
868 411 1128 466 dictincta

311 490 516 558 paucis.

389 558 527 612 Ibid.
584 557 666 609 Ita
711 555 900 608 ordine
925 558 972 606 et
1000 569 1125 606 mu-

309 645 434 683 nere
483 632 609 680 sunt
635 625 906 679 distincti.

384 769 528 822 Ibid.
596 767 792 820 Mentis
850 767 906 817 in
962 766 1123 817 Deum

311 853 581 908 suspensa:
601 835 1121 906 quaedam‘elevatio.

383 980 518 1047 Cap.
558 994 614 1030 ιι.
641 979 822 1030 Restat
863 980 923 1028 ut
947 989 1126 1028 eorum

312 1052 495 1118 ofﬁcia
526 1050 824 1101 videamus.

386 1121 520 1172 Ibid.
590 1119 758 1171 Unum
826 1115 892 1169 de
936 1117 1121 1169 multis

312 1204 610 1258 supponam
637 1187 958 1258 exemplum.

389 1257 505 1312 Ibid
561 1257 666 1312 Sed
701 1271 884 1323 suave,
905 1260 954 1308 et
986 1258 1120 1308 mut-

316 1332 490 1399 tiplici
519 1343 675 1383 sensu
704 1331 983 1392 refertum.

387 1400 524 1453 Ibid.
605 1399 781 1464 Quam
840 1402 1127 1466 postquam

311 1473 498 1523 anima
541 1469 833 1537 diligenter
880 1470 1126 1536 inspecte-

308 1544 406 1594 rit.

388 1609 526 1663 Ibid.
565 1611 632 1664 Et
659 1610 899 1661 invenire
939 1611 1124 1676 potero

313 1680 638 1733 munditiam
659 1680 815 1732 hanc.

390 1751 528 1804 Ibid.
583 1749 787 1818 ()uibus
830 1751 967 1802 visio
1007 1750 1121 1813 lbi,

315 1838 433 1890 qua:
469 1826 546 1873 est
564 1826 699 1883 vita,
734 1826 839 1872 etc.

388 1891 528 1944 Ibid.
557 1891 756 1959 Incipit
795 1892 932 1943 hanc
961 1904 1126 1942 unam

313 1963 616 2015 masticare.

387 2031 528 2085 Ibid.
557 2032 730 2096 Quasi
773 2032 832 2083 in
864 2030 1128 2084 torculari

312 2105 485 2171 ponit.

386 2173 519 2240 Cap.
586 2188 660 2225 ιιι.
731 2171 906 2236 Quam
932 2170 1124 2224 bonum

313 2248 363 2295 et
391 2241 697 2295 delectabile
724 2247 820 2294 est.

386 2311 525 2366 Ibid.
584 2310 707 2379 Qua
760 2313 974 2364 vestivit
1004 2326 1122 2364 eum

313 2390 484 2436 mater
511 2397 612 2436 sua
644 2396 942 2448 synagoga.

389 2453 527 2507 Ibid.
596 2452 700 2508 Sed
764 2467 857 2518 ego
905 2451 980 2504 ad
1013 2451 1122 2506 haec

311 2524 488 2590 rudis,
517 2538 614 2576 vas
642 2525 698 2575 in
727 2537 852 2590 quo,
884 2527 992 2577 etc.

392 2663 526 2746 Ibid.
585 2663 753 2734 Apud
775 2677 830 2716 se
863 2661 1123 2731 quomodo

313 2740 503 2803 possit.

390 2804 530 2858 Ibid.
566 2804 709 2868 Quia
737 2805 857 2858 sitit
885 2803 1124 2857 dutcedi-

312 2889 451 2940 nem,
475 2889 637 2943 quam
670 2877 727 2927 in
773 2873 950 2928 cordis
970 2889 1129 2926 mun-

313 2945 456 2998 ditia
511 2945 792 2998 meditatio
840 2960 950 2998 esse
978 2960 1126 2998 mon-

313 3021 473 3078 strat,
505 3014 600 3068 sed
658 3031 761 3069 non
809 3020 1126 3084 praegustat.

387 3155 531 3209 Ibid.
582 3155 712 3221 Quae
763 3158 1002 3209 animam
1045 3159 1135 3209 cui

315 3226 552 3280 inhaesit.

355 3368 365 3377 .
391 3295 529 3350 Ibid.
565 3297 670 3352 Sed
697 3297 968 3366 sapientia
994 3311 1132 3364 pau-

313 3380 410 3418 CIR.

390 3435 524 3491 Ibid.
583 3438 681 3491 Cui
735 3438 851 3491 vult
904 3440 954 3491 et
991 3453 1127 3506 quo—

313 3507 468 3560 modo
507 3507 642 3560 vult.

385 3578 518 3645 Cap.
586 3593 654 3630 Iv.
725 3579 786 3631 In
856 3579 1124 3648 fractione

310 3651 471 3715 panis
513 3663 712 3714 magna
744 3650 973 3714 cognitio
1020 3655 1118 3713 est,

310 3724 359 3770 et
389 3725 590 3785 quanto
627 3721 749 3786 ptus
772 3725 820 3772 te
848 3733 1118 3787 cognosco,

308 3789 434 3857 plus
468 3795 516 3842 te
542 3796 643 3841 etc.

384 3927 524 3982 Ibid.
592 3928 697 3984 Sed
776 3930 926 3997 ipsas
993 3946 1122 3997 pre-

309 4014 390 4052 ces
445 4015 624 4052 eorum
680 4014 784 4052 non
822 4007 1114 4068 exspectat.

383 4068 519 4122 Ibid.
582 4069 656 4123 Fo
667 4071 974 4138 rtiﬁcando,
1034 4073 1116 4124 vi-

310 4141 575 4207 iii/[cando
605 4146 654 4193 et
685 4141 1022 4208 inebriando,
1058 4158 1121 4195 ac

307 4210 544 4264 sobriam
562 4211 852 4266 reddendo.

386 4279 522 4335 Ibid.
598 4282 681 4334 Ita
735 4289 1122 4336 consumuntur

309 4355 360 4404 et
379 4350 756 4405 absorbentur.

379 4422 514 4490 Cap.
575 4437 684 4475 \‘III.
735 4425 803 4477 Et
831 4427 1120 4492 antequam

303 4493 457 4560 plene
488 4495 797 4546 sentiamus.

384 4561 520 4616 Ibid.
553 4562 658 4616 Sed
687 4566 737 4617 si
766 4564 930 4617 vultis
969 4565 1121 4632 plene

304 4635 568 4685 suturari.

380 4702 517 4757 Ibid.
574 4703 856 4756 Habentes
904 4719 1118 4758 sursum

304 4773 490 4836 corda,
520 4774 616 4826 ubi
642 4789 736 4838 ego
759 4789 878 4827 sum
907 4776 965 4828 in
995 4777 1118 4828 dex-

305 4849 420 4896 tera
445 4844 546 4896 Dei
561 4846 758 4897 Putris.

375 4915 506 4982 Cap.
536 4929 607 4966 lx.
626 4916 743 4968 Non
757 4915 908 4979 longe
918 4914 1109 4969 abibit.

375 4983 514 5036 Ibid.
580 4984 860 5049 Speciosus
930 4987 1113 5052 forma

296 5067 414 5121 prae
433 5055 566 5120 filiis
593 5055 885 5108 hominum.

370 5123 504 5193 Cap.
567 5140 618 5178 ι.
669 5125 820 5179 Sicut
864 5127 920 5178 in
969 5141 1110 5193 pra-

297 5193 459 5248 dictis
526 5197 786 5262 exemplis
849 5203 1110 5264 prwnota-

297 5270 409 5317 tum
437 5271 536 5330 est,
568 5265 745 5318 videri
769 5272 960 5334 potest,
991 5284 1112 5334 quo-

295 5335 450 5388 modo
487 5335 738 5403 pradicti
790 5337 996 5403 gradus
1029 5354 1109 5392 io-

294 5406 554 5460 haereant.

371 5475 514 5529 Ibid.
557 5477 778 5530 Limites
823 5493 858 5530 a
900 5480 1106 5533 sanctis

291 5549 543 5614 patribus
574 5549 886 5602 constitutos
920 5554 1104 5602 trans-

289 5631 492 5672 eamus.

1633 281 2016 344 LECTIONES
2056 280 2462 344 VARIAN'I‘ES.

1200 481 1459 535 distincta
1488 485 1696 550 paucis.

1275 553 1350 605 Id.
1391 553 1480 604 Ita
1536 553 1722 605 ordine
1742 556 1790 604 et
1822 557 2009 606 merito

1198 628 1324 676 sunt
1366 623 1636 676 distincti.

1201 694 1376 746 Maur.

1275 763 1356 817 Id.
1407 765 1603 818 Mentis
1649 765 1704 814 in
1738 766 1899 817 Deum
1928 781 2010 819 su-

1198 849 1403 902 spensa:
1463 833 1709 902 quaedam
1767 850 1929 903 super
1957 852 2011 890 se

1199 905 1438 957 elevatio.

1275 975 1352 1028 Id.
1425 976 1607 1029 Restat
1705 979 1766 1028 ut
1830 991 2010 1029 eorum

1193 1047 1337 1098 circa
1363 1059 1457 1098 nos
1486 1047 1670 1112 ofﬁcia
1705 1046 2004 1101 videamus.

1268 1114 1348 1168 Id.
1387 1116 1559 1168 Unum
1590 1116 1654 1169 de
1673 1118 1859 1186 multis
1881 1132 2008 1186 sup-

1194 1201 1457 1255 ponamus
1473 1185 1796 1254 ea-emplum.

1277 1256 1351 1310 Id.
1419 1255 1525 1310 Sed
1596 1258 1755 1309 suavi
1823 1259 2008 1312 multi-

1202 1327 1338 1394 plici
1366 1341 1524 1380 sensu
1551 1330 1824 1392 refertum.

1279 1397 1352 1449 Id.
1462 1403 1632 1463 (luam
1723 1404 2009 1466 postquam

1203 1470 1389 1520 anima
1421 1467 1712 1534 dit-genter
1747 1471 2005 1538 inspexit.

1693 623 1826 674 Vide
1889 639 2004 678 var.

1269 1606 1351 1660 Id.
1406 1609 1469 1661 Et
1536 1609 1774 1662 invenire
1805 1613 2009 1665 valeam

1196 1678 1522 1730 munditiam
1545 1678 1700 1732 hanc.

1272 1747 1352 1801 Id.
1405 1748 1503 1804 Cui
1557 1751 1692 1803 visio
1740 1751 1859 1815 Dei,
1894 1769 2013 1820 quae

1200 1823 1278 1870 est
1308 1820 1443 1881 vita,
1478 1825 1582 1872 etc.

1275 1889 1353 1941 Id.
1415 1891 1612 1958 Incipit
1663 1891 1801 1947 hanc
1850 1909 2011 1948 uram

1202 1961 1507 2013 masticare.

1275 2029 1348 2082 Id.
1426 2032 1594 2096 Quasi
1658 2034 1714 2086 in
1775 2035 2013 2088 torcular

1195 2101 1369 2168 ponit.

1273 2169 1352 2222 Id.
1379 2170 1551 2235 Quam
1605 2171 1798 2227 bonum
1845 2180 1895 2229 et
1925 2176 2010 2229 de-

1198 2239 1438 2293 lectabile
1464 2245 1582 2294 erit.

1269 2309 1346 2362 Id.
1381 2313 1498 2375 Qua
1523 2315 1739 2366 vestivit
1759 2329 1876 2369 eum
1900 2332 2009 2370 ma-

1196 2381 1278 2433 ter
1305 2395 1423 2432 sua.
1890 2392 1892 2394 '

1269 2450 1350 2504 Id.
1385 2451 1490 2506 Sed
1519 2468 1612 2520 ego
1647 2455 1822 2509 adhuc
1853 2457 2009 2511 rudis

1198 2522 1319 2587 tiro,
1354 2537 1449 2594 ras
1481 2524 1536 2575 in
1589 2541 1714 2594 quo,
1772 2527 2004 2581 etc.Vid.

1198 2606 1312 2644 var.
1353 2593 1527 2646 Maur.

1269 2661 1349 2734 Id.
1412 2664 1578 2730 Apud
1636 2680 1690 2718 se
1745 2666 2006 2734 quomodo

1200 2730 1388 2784 haberi
1415 2737 1601 2788 possit.

1274 2802 1350 2857 Id.
1388 2802 1531 2861 Quia
1569 2821 1672 2858 non
1707 2810 1869 2861 sentit
1889 2809 2008 2861 dul-

1200 2872 1456 2944 cedinem,
1517 2891 1680 2944 quam
1726 2879 1784 2930 in
1831 2879 2007 2932 cordis

1205 2943 1818 3029 munditiauimedi'tatio
1898 2964 2007 3002 esse
2047 2973 2088 3029 ε
2121 2972 2259 3012 sum.

1202 3018 1543 3088 monstravit,
1602 3017 1696 3070 sed
1752 3034 1857 3071 non
1875 3035 2013 3088 prce-

1199 3089 1328 3152 stat,
1361 3085 1487 3142 Vid.
1521 3103 1635 3140 var.
1695 3089 1868 3143 Maur.

1277 3155 1358 3209 Id.
1444 3157 1570 3223 Quae
1635 3162 1874 3213 animum
1923 3162 2010 3213 cui

1203 3225 1359 3280 inest.
1792 3254 1793 3257 η

1241 3296 1354 3378 .Id.
1391 3299 1538 3353 Talis
1567 3301 1839 3369 sapientia
1864 3316 2006 3370 pau-

1202 3379 1294 3419 628.

1385 3438 1485 3494 Cui
1537 3440 1652 3494 vult
1694 3447 1742 3496 et
1795 3442 2010 3510 quando

1202 3513 1332 3561 vult.

1270 3577 1351 3631 Id.
1413 3580 1480 3633 In
1535 3581 1804 3646 fractione
1848 3586 2009 3651 panis

1195 3651 1436 3722 cognitus
1448 3665 1500 3702 es
1514 3656 1688 3718 magis
1700 3694 1713 3716 ,
1726 3659 1773 3705 et
1791 3655 2009 3722 quando

1201 3714 1361 3793 [Cod.
1397 3723 1542 3772 male
1576 3714 1862 3793 qnan‘um]
1885 3725 2008 3792 plus

1197 3792 1246 3862 te
1275 3804 1524 3862 cognosco
1560 3798 1708 3846 tanto
1758 3792 1860 3862 (Id.
1894 3799 2010 3847 tan-

1197 3861 1308 3912 tum
1331 3861 1456 3928 plus
1489 3867 1536 3914 te
1564 3869 1667 3916 etc.

1269 3929 1344 3984 Id.
1375 3931 1480 3985 Sed
1507 3933 1564 3984 in
1613 3935 1763 4002 ipsas
1802 3949 2004 4003 preces,

1193 4013 1299 4053 non
1324 4007 1615 4070 exspectat.

1268 4070 1336 4123 Id.
1399 4073 1762 4146 Fortiﬁcando
1809 4074 2004 4146 viviﬁ-

1194 4155 1342 4206 cans,
1409 4147 1460 4196 et
1535 4144 1853 4200 inebriando
1921 4144 2004 4201 so-

1195 4211 1370 4265 briam
1394 4213 1641 4268 reddens.

1267 4282 1374 4355 Id,
1413 4285 1499 4336 Ita
1562 4291 1891 4355 superantur
1953 4294 2001 4340 et

1195 4351 1566 4408 absorbentur.

1267 4422 1346 4497 Id.
1394 4426 1465 4478 Et
1528 4431 1817 4494 antequam
1847 4429 2004 4497 plene

1192 4496 1478 4548 sentiatur.

1268 4563 1347 4616 Id.
1397 4565 1502 4619 Sed
1545 4565 1596 4620 si
1639 4567 1805 4622 vultis
1847 4569 2004 4636 plene

1191 4636 1414 4690 satiari.

1265 4705 1341 4759 Id.
1473 4707 1671 4760 Habete
1784 4721 1999 4763 sursum

1189 4774 1354 4847 corda
1377 4782 1578 4841 vestra,
1613 4779 1706 4830 ubi
1747 4794 1840 4847 ego
1881 4795 2000 4834 sum

1188 4846 1246 4896 in
1276 4845 1502 4900 dente-ra
1533 4847 1638 4900 Dei
1663 4845 1870 4905 sedens.

1258 4916 1339 4970 Id.
1366 4919 1483 4972 Non
1513 4919 1665 4982 longe
1695 4920 1829 4974 abit.

1258 4985 1337 5040 Id.
1379 4988 1677 5058 iSpec-iosns
1713 4997 1790 5044 est
1817 4993 1998 5058 forma

1181 5070 1300 5124 pra
1328 5057 1458 5119 ﬁliis
1488 5059 1776 5114 hominum.

1261 5126 1338 5180 Id.
1392 5129 1542 5182 Sicut
1591 5133 1648 5182 in
1699 5134 1995 5199 praemissis

1183 5199 1442 5269 exemplis
1494 5208 1854 5268 praenotatur]:
1894 5209 1993 5269 ist,

1182 5267 1366 5339 videre
1459 5267 1626 5338 patos,
1733 5267 1993 5339 quomodo

1181 5338 1433 5404 praedicti
1469 5342 1676 5406 gradus
1722 5338 1830 5396 sibi
1849 5346 1990 5397 iniri-

1179 5423 1290 5462 cem
1318 5411 1633 5466 cohaereant.

1254 5479 1333 5553 Id.
1367 5480 1586 5535 Limites
1607 5499 1641 5535 a
1663 5485 1866 5538 sanctis
1893 5499 1990 5553 pa-

1179 5550 1356 5603 tribus
1430 5555 1744 5607 constttutos
1811 5550 1988 5609 trans-

1169 5621 1477 5676 cendamus.

1455 410 1728 466 Gradibus
1790 413 2005 480 quidem
2040 413 2077 464 .\

2195 409 2332 464 Ibid.
2375 413 2436 463 Ει
2465 413 2523 462 ut
2551 411 2601 463 ei
2625 409 2934 463 alluenienti

2120 488 2170 534 et
2226 483 2563 548 prmstolanti
2630 482 2703 534 ad
2739 485 2931 535 ostium

2118 554 2446 619 aperiamus.

2197 621 2317 674 Ibid
2403 623 2523 675 Nisi
2565 637 2684 689 quae
2759 639 2930 692 appe-

2118 695 2278 744 tenda
2300 694 2652 745 monstrabat.

2191 762 2322 831 Cap.
2385 777 2436 814 ιι
2532 763 2756 828 Quando
2821 779 2928 817 non

2117 837 2333 885 vocatus
2364 847 2418 885 se
2444 835 2711 900 infundit.

2189 971 2324 1024 Ibid.
2366 972 2536 1043 Orare
2556 976 2731 1043 ipsum
2749 982 2806 1030 ut
2834 975 2928 1028 ad-

2110 1043 2265 1110 juvet
2295 1041 2687 1111 inﬁrmitatem.

2192 1183 2329 1236 Ibid.
2366 1184 2620 1239 Ascendit
2652 1186 2716 1240 de
2760 1189 2931 1240 virtu-

2117 1259 2165 1308 te
2188 1257 2243 1306 in
2271 1258 2520 1308 virtutem

2193 1324 2327 1397 Ibid.
2362 1327 2461 1379 Cui
2486 1332 2542 1379 in
2574 1328 2668 1381 hoc
2688 1343 2934 1397 supremo

2117 1410 2216 1462 gra
2228 1395 2316 1447 λιι.

2193 1464 2329 1517 Ibid.
2391 1467 2518 1519 Ecce
2591 1484 2708 1523 cum
2773 1469 2934 1523 Jacob

2115 1537 2188 1604 plv
2205 1550 2432 1602 rumque
2457 1541 2718 1593 [tactio/is.

2195 1604 2333 1657 Ibid.
2388 1606 2506 1670 Qua
2535 1613 2802 1663 relevatus
2825 1612 2936 1676 fue-

2052 1691 2092 1747 Β
2121 1677 2198 1728 rit
2227 1690 2399 1747 usque
2429 1681 2502 1732 ad
2529 1683 2699 1734 caios.

3675 285 3804 344 lilii

3082 411 3156 464 Id.
3200 411 3322 464 I'ull
3372 417 3430 464 ut
3482 417 3676 476 gratia?
3701 429 3810 467 sum

3004 483 3317 533 adreaimti
3346 483 3418 534 ad
3464 490 3656 537 ostium
3687 501 3815 552 ape-

3003 568 3230 604 ruimus.

3081 624 3156 675 Id.
3197 623 3313 676 .Visi
3360 639 3478 691 quae
3511 624 3815 693 appetenda

2999 695 3459 748 monstrabantur.

3077 764 3149 814 Id.
3189 764 3416 827 Quando
3468 780 3569 817 non
3591 771 3807 818 vocatus

3003 848 3056 887 se
3083 836 3300 897 iugarit,
3343 835 3560 901 quando
3589 851 3692 888 non
3725 838 3809 890 in-

3004 907 3237 973 quisitus
3255 920 3307 957 se
3332 906 3600 971 infundit.

3075 975 3157 1027 Id.
3225 977 3422 1028 Amare
3489 980 3683 1043 ipsum,
3755 980 3815 1028 ut

3003 1045 3226 1112 adjuvet
3254 1049 3638 1112 inﬁrmitatem.
3693 1047 3811 1099 Vid.

3004 1132 3119 1169 var.
3181 1117 3358 1169 Mulir.

3079 1187 3154 1239 Id.
3212 1187 3478 1239 .tscendet
3516 1186 3581 1240 de
3618 1189 3819 1241 virtute

3006 1260 3062 1309 in
3086 1260 3356 1310 virtutem.

3082 1327 3157 1379 Id.
3219 1327 3324 1379 Cui
3379 1330 3435 1380 in
3481 1328 3575 1380 hoc
3616 1345 3820 1383 summo

3013 1398 3208 1465 gradu.

3085 1469 3159 1520 III.
3201 1471 3325 1521 Ecce
3363 1484 3482 1522 cum
3506 1470 3665 1523 .Iacob
3688 1471 3818 1539 pul-

3009 1541 3150 1592 chres
3176 1539 3434 1592 Itachelis.

3084 1611 3162 1662 Id.
3200 1609 3313 1672 Qua
3350 1611 3583 1662 elevatus
3633 1612 3816 1676 fuerat

3008 1694 3176 1747 usque
3214 1679 3288 1731 ad
3308 1682 3478 1734 c-elos.

3082 1752 3157 1803 Id.
3195 1751 3401 1804 Leviter
3430 1756 3480 1804 et
3511 1751 3817 1806 inordinate

3012 1821 3315 1874 descendat.

3085 1892 3138 1945 Id
3153 1939 3155 1941 .
3248 1891 3550 1945 Secundum
3613 1899 3811 1946 motum

3009 1963 3168 2016 liberi
3212 1961 3451 2016 arbitrii.
3513 1961 3632 2015 Vid.
3687 1979 3806 2017 var.

3007 2033 3178 2087 Maur.

3081 2103 3156 2156 Id.
3258 2105 3444 2169 Tanto,
3504 2108 3679 2156 tamen
3755 2109 3815 2157 ut

3007 2176 3142 2227 mihi
3204 2174 3437 2240 videtur,
3511 2177 3608 2228 Deo
3678 2175 3818 2228 vici-

3003 2259 3143 2298 mor.

3075 2315 3154 2368 Id.
3238 2315 3453 2378 Quarta
3503 2314 3811 2383 culpabilis,

3001 2389 3049 2438 et
3072 2400 3191 2438 vere
3220 2386 3525 2453 culpabilis.

3076 2455 3152 2508 Id.
3221 2457 3279 2509 In
3335 2455 3527 2509 mundi
3559 2455 3811 2508 circuitu.

2197 1745 2336 1800 Ibid.
2377 1748 2581 1805 Leviter
2599 1757 2649 1805 et
2687 1751 2936 1806 ordinate

2119 1815 2431 1876 descendat.

2193 1886 2312 1940 Ibid
2378 1893 2678 1949 Secundum
2719 1893 2934 1947 modum

2119 1957 2278 2011 liberi
2295 1966 2538 2018 arbitrii.
2769 1974 2774 1979 ’

2156 2113 2327 2198 .Ιρἰώ
2364 2113 2538 2164 Tanto
2557 2108 2680 2176 jam
2737 2108 2836 2160 Deo
2866 2107 2936 2159 vi.

2116 2200 2306 2238 cinzor.

2189 2324 2319 2392 Cap.
2352 2339 2446 2376 xu.
2499 2321 2706 2392 Quarta
2735 2317 2926 2392 culpa-

2118 2387 2283 2448 bilisf
2301 2394 2414 2446 Cur
2438 2387 2764 2459 culpabilis?

2191 2465 2329 2518 Ibid.
2366 2465 2424 2518 In
2464 2460 2656 2516 mundi
2700 2460 2928 2511 circum-

2115 2536 2219 2589 itu.

2191 2605 2327 2658 Ibid.
2393 2607 2570 2658 Aures
2621 2616 2738 2669 quae
2778 2597 2932 2652 modo

2113 2677 2406 2730 audierunt
2434 2674 2614 2728 verba.

2191 2745 2334 2800 Ibid.
2374 2747 2571 2799 Iterum
2609 2740 2935 2795 convertiad

2113 2832 2256 2870 vana
2295 2817 2506 2884 eloquia
2520 2855 2534 2870 .

2189 2887 2328 2940 Ibid.
2384 2881 2583 2940 'Pacem
2650 2885 2708 2936 in
2779 2881 2928 2950 idip-

3077 2595 3155 2648 Id.
3193 2598 3372 2648 Aures
3397 2611 3514 2663 qnze
3537 2594 3690 2650 modo
3720 2612 3814 2650 au-

3008 2667 3222 2718 dierant
3259 2683 3308 2718 υ(
3322 2667 3441 2720 rba.

3081 2737 3158 2790 Id.
3215 2739 3411 2791 Iterum
3462 2739 3700 2791 converti
3741 2738 3813 2790 ad

3004 2809 3355 2876 tui-piloquia.

3077 2879 3152 2933 Id.
3221 2881 3405 2932 Pacem
3463 2880 3517 2930 in
3544 2878 3808 2948 idipsum.

3012 2949 3225 3004 Deinde
3290 2959 3611 3019 sequuntur
3684 2965 3813 3019 tllttl‘.

3003 3021 3155 3092 apud
3216 3016 3608 3092 Benedictiuos
3658 3016 3815 3090 repe-

2122 3097 2351 3152 riuntur
2385 3097 2441 3151 in
2461 3091 2852 3149 admonitione
2875 3092 3008 3146 huic
3028 3090 3290 3145 tractatui
3312 3090 3560 3160 praeﬁxa.

2125 3187 2210 3242 DE
2259 3184 2721 3242 POENI'I‘ENTIA
2772 3181 2930 3237 CIBO
2977 3180 3214 3234 ANIMI?)
3283 3179 3362 3232 ET
3423 3177 3813 3232 LOCIE'I‘IONI'J

2839 3269 3102 3324 DIVINA.

2191 3363 2528 3434 Fragmenta
2592 3359 2729 3424 tunc,
2789 3374 2915 3429 qua!
2980 3357 3254 3427 leguntur
3303 3355 3361 3408 in
3404 3355 3528 3409 cod.
3589 3370 3808 3413 (.Lxxui.

2118 3451 2214 3506 fol.
2273 3453 2361 3519 86,
2420 3450 2684 3503 videntur
2722 3464 2842 3500 esse
2890 3454 3157 3516 excerpta
3219 3443 3484 3515 quaedam
3538 3459 3603 3496 ex
3643 3445 3810 3497 variis

2118 3540 2299 3592 sancti
2348 3536 2644 3609 Augustini
2704 3535 2857 3590 locis.
2923 3535 3061 3588 Hinc
3125 3536 3419 3604 ponuntur
3469 3532 3526 3585 in
3586 3548 3809 3603 appen-

2119 3627 2320 3682 dicem.

2792 3697 2863 3748 De
2886 3694 3238 3747 Plz-nitentia.

2190 3785 2236 3839 I.
2278 3783 2617 3838 Pmnitentia
2649 3787 2733 3837 est
2763 3781 2990 3851 quando
3023 3785 3077 3833 et
3107 3796 3208 3850 pro
3249 3778 3455 3850 quibus
3489 3778 3806 3849 pcenitudi‘

2115 3887 2248 3926 nem
2291 3871 2565 3942 gerimus,
2599 3876 2655 3924 et
2686 3871 2744 3923 in
2773 3884 3020 3940 quorum
3066 3867 3453 3920 recordatione
3504 3866 3808 3920 confundi-

2117 3975 2268 4023 mur,
2320 3959 2404 4012 τρὶ
2457 3960 2662 4013 horum
2704 3957 2914 4010 similia
2958 3971 3133 4026 opera
3181 3971 3296 4008 non
3327 3955 3703 4009 admittimus.
3739 3985 3809 3996 —-

2117 4049 2186 4101 II.
2224 4049 2505 4101 Caeterum
2553 4045 2805 4117 quandiu
2848 4046 2934 4098 vel
2985 4044 3241 4114 ipsorum
3284 4043 3368 4096 vel
3413 4043 3499 4096 bis
3529 4043 3806 4097 similium

2116 4134 2490 4188 delectatione
2543 4135 2853 4205 pulsamur,
2908 4131 3233 4187 noverimus
3285 4147 3390 4185 nos
3447 4131 3689 4184 necdum
3735 4133 3804 4186 ad

2115 4224 2324 4277 calcem
2348 4222 2720 4294 plenitudinis
2747 4221 2982 4276 venisse.
3041 4251 3090 4259 —
3117 4221 3216 4274 III.
3279 4218 3439 4284 Quod
3471 4219 3517 4272 si
3558 4219 3806 4273 titillatio

2118 4317 2175 4365 et
2207 4311 2506 4366 delectatio
2539 4311 2700 4365 noxia
2732 4309 2926 4364 divino
2955 4309 3128 4364 fuerit
3168 4324 3297 4362 rore
3337 4306 3656 4377 consopita,
3692 4324 3804 4362 non

2119 4400 2442 4455 difﬁdamus
2495 4416 2598 4454 nos
2634 4399 2932 4469 pervenire
2979 4414 3160 4470 posse.
3195 4428 3260 4438 ——
3295 4397 3382 4452 IV.
3416 4397 3693 4452 Indicium
3721 4416 3804 4452 sa-

2115 4488 2363 4543 nationis
2402 4492 2927 4558 consu‘mmatazque
2971 4485 3325 4553 poenitentiae
3373 4490 3475 4552 ost,
3502 4485 3679 4539 sinon
3711 4503 3801 4539 so-

2115 4576 2230 4629 lum
2286 4576 2581 4630 delectatio
2625 4576 2740 4629 ulla
2772 4577 2856 4629 vel
2901 4574 3172 4642 titillatio,
3223 4575 3319 4628 sed
3382 4591 3484 4629 nec
3531 4576 3805 4629 memoria

2112 4664 2530 4735 praaIeritorum
2559 4663 2878 4718 facinorum
2913 4668 3161 4717 mentem
3187 4667 3441 4717 nostram
3474 4664 3800 4734 interpella-

2111 4754 2274 4807 verit.
2308 4782 2375 4793 —
2407 4753 2464 4807 V.
2500 4754 2606 4807 Sed
2641 4753 2759 4808 haec
2808 4753 3020 4806 oblivio
3052 4756 3106 4804 et
3163 4751 3514 4806 oblitteratio
3544 4757 3801 4822 peccalo-

2110 4856 2236 4894 rum
2270 4839 2375 4894 rite
2422 4841 2666 4895 obtineri
2715 4857 2831 4894 non
2879 4845 3082 4911 potest,
3137 4839 3246 4894 nisi
3293 4841 3414 4894 loca
3445 4846 3500 4895 et
3533 4855 3800 4912 personas

2110 4933 2415 4982 et'omnes
2464 4929 2785 4984 occasiones
2836 4930 3102 5000 peccandi
3171 4929 3348 4983 vitare
3401 4935 3458 4984 et
3509 4929 3795 4984 declinare

2109 5016 2266 5085 prius
2313 5018 2631 5082 curaverit;
2679 5017 2836 5071 verbi
2880 5018 3080 5086 gratia,
3124 5018 3171 5071 si
3217 5019 3462 5088 quilibet
3490 5017 3797 5071 mulierum

2110 5106 2491 5160 familiaritate
2541 5106 2707 5160 noxia
2746 5122 2804 5159 se
2847 5107 3147 5175 deceptum
3175 5106 3442 5170 doluerit,
3471 5107 3539 5159 ad
3573 5105 3798 5159 satisfa—

2105 5194 2351 5247 ctionem
2385 5199 2440 5248 et
2459 5195 2526 5248 ad
2571 5194 3045 5248 oblitterationem
3077 5211 3193 5247 suae
3243 5193 3592 5262 deceptionis
3623 5198 3799 5247 trans-

2106 5281 2188 5336 ire
2242 5281 2517 5352 nequibit.
2554 5281 2661 5335 nisi
2706 5281 2958 5351 ipsarum
3017 5282 3366 5335 consortium
3404 5282 3790 5337 declinaverit.

2107 5398 2166 5408 —-
2207 5368 2290 5420 \‘I.
2363 5369 2422 5420 Et
2448 5367 2567 5421 ὴωο
2632 5368 2862 5438 quidem
2921 5367 3132 5421 oblivio
3163 5367 3427 5421 salutaris
3465 5383 3637 5438 super
3681 5369 3795 5422 iIIis

2099 5455 2473 5526 in'eliigenda
2496 5461 2578 5509 est
2597 5455 2836 5526 peccatis
2854 5455 3232 5527 qumﬂosaica
3272 5458 3396 5526 lege
3447 5457 3785 5526 puniuntur.

2104 5573 2171 5584 —-
2207 5544 2318 5596 VII.
2355 5545 2636 5598 Caeterum
2687 5548 2914 5615 peccata
2949 5544 3168 5597 minora
3218 5544 3337 5597 sine
3369 5545 3578 5615 quibus
3607 5545 3791 5599 vivere

2109 5632 2432 5702 nequimus,
2479 5631 2736 5703 quotidie
2777 5632 3106 5703 paenitendo
3154 5636 3281 5686 ante
3343 5633 3547 5687 mentis
3596 5632 3792 5686 oculos
