  <div class='ocr_page' id='page_1' title='image "/cluster/home/n/w/nwhite01/storage/ocr_20150623/47/hvd.32044096580683/633.png"; bbox 0 0 4068 6192; ppageno 0'>
   <div class='ocr_carea' id='block_1_1' title="bbox 373 276 501 338">
    <p class='ocr_par' dir='ltr' id='par_1_1' title="bbox 373 276 501 338">
     <span class='ocr_line' id='line_1_1' title="bbox 373 276 501 338; baseline -0.031 0"><span class='ocrx_word' id='word_1_1' title='bbox 373 276 501 338; x_wconf 62' lang='grc'>1253</span> 
     </span>
    </p>
   </div>
   <div class='ocr_carea' id='block_1_2' title="bbox 1937 267 2460 335">
    <p class='ocr_par' dir='ltr' id='par_1_2' title="bbox 1937 267 2460 335">
     <span class='ocr_line' id='line_1_2' title="bbox 1937 267 2460 335; baseline -0.006 0"><span class='ocrx_word' id='word_1_2' title='bbox 1937 269 2124 335; x_wconf 78' lang='lat' dir='ltr'>ORDO</span> <span class='ocrx_word' id='word_1_3' title='bbox 2164 267 2408 333; x_wconf 78' lang='lat' dir='ltr'><strong>RERUM</strong></span> <span class='ocrx_word' id='word_1_4' title='bbox 2456 269 2460 273; x_wconf 67' lang='grc'><em>’</em></span> 
     </span>
    </p>
   </div>
   <div class='ocr_carea' id='block_1_3' title="bbox 3717 281 3861 337">
    <p class='ocr_par' dir='ltr' id='par_1_3' title="bbox 3717 281 3861 337">
     <span class='ocr_line' id='line_1_3' title="bbox 3717 281 3861 337; baseline -0.021 0"><span class='ocrx_word' id='word_1_5' title='bbox 3717 281 3861 337; x_wconf 68' lang='lat'>1236</span> 
     </span>
    </p>
   </div>
   <div class='ocr_carea' id='block_1_4' title="bbox 373 399 3863 472">
    <p class='ocr_par' dir='ltr' id='par_1_4' title="bbox 373 399 3863 472">
     <span class='ocr_line' id='line_1_4' title="bbox 373 399 3863 472; baseline -0 -14"><span class='ocrx_word' id='word_1_6' title='bbox 373 421 642 458; x_wconf 77' lang='lat' dir='ltr'>revocare</span> <span class='ocrx_word' id='word_1_7' title='bbox 691 404 1002 467; x_wconf 84' lang='lat' dir='ltr'>debemus;</span> <span class='ocrx_word' id='word_1_8' title='bbox 1051 402 1341 457; x_wconf 74' lang='lat' dir='ltr'>dicentes:</span> <span class='ocrx_word' id='word_1_9' title='bbox 1407 405 1626 457; x_wconf 77' lang='lat' dir='ltr'>Dimitte</span> <span class='ocrx_word' id='word_1_10' title='bbox 1683 401 1838 456; x_wconf 82' lang='lat' dir='ltr'>nobis</span> <span class='ocrx_word' id='word_1_11' title='bbox 1886 402 2069 456; x_wconf 77' lang='lat' dir='ltr'>debita</span> <span class='ocrx_word' id='word_1_12' title='bbox 2111 406 2151 458; x_wconf 86' lang='lat' dir='ltr'><strong>A</strong></span> <span class='ocrx_word' id='word_1_13' title='bbox 2185 400 2334 454; x_wconf 87' lang='lat' dir='ltr'>inter</span> <span class='ocrx_word' id='word_1_14' title='bbox 2366 415 2461 470; x_wconf 88' lang='lat' dir='ltr'>se;</span> <span class='ocrx_word' id='word_1_15' title='bbox 2495 399 2694 454; x_wconf 86' lang='lat' dir='ltr'>iisdem</span> <span class='ocrx_word' id='word_1_16' title='bbox 2726 399 2908 454; x_wconf 90' lang='lat' dir='ltr'>modis</span> <span class='ocrx_word' id='word_1_17' title='bbox 2932 400 3186 472; x_wconf 81' lang='lat' dir='ltr'>loquitur</span> <span class='ocrx_word' id='word_1_18' title='bbox 3225 401 3510 471; x_wconf 89' lang='lat' dir='ltr'>scriptura</span> <span class='ocrx_word' id='word_1_19' title='bbox 3565 403 3758 458; x_wconf 87' lang='lat' dir='ltr'>divina</span> <span class='ocrx_word' id='word_1_20' title='bbox 3786 405 3863 457; x_wconf 89' lang='lat' dir='ltr'>de</span> 
     </span>
    </p>
   </div>
   <div class='ocr_carea' id='block_1_5' title="bbox 369 494 1163 561">
    <p class='ocr_par' dir='ltr' id='par_1_5' title="bbox 369 494 1163 561">
     <span class='ocr_line' id='line_1_5' title="bbox 369 494 1163 561; baseline -0.003 -13"><span class='ocrx_word' id='word_1_21' title='bbox 369 500 552 548; x_wconf 82' lang='lat' dir='ltr'>nostra</span> <span class='ocrx_word' id='word_1_22' title='bbox 574 496 790 559; x_wconf 78' lang='lat' dir='ltr'>(Matth.</span> <span class='ocrx_word' id='word_1_23' title='bbox 822 509 894 561; x_wconf 80' lang='lat' dir='ltr'>vi,</span> <span class='ocrx_word' id='word_1_24' title='bbox 924 494 1024 560; x_wconf 78' lang='grc'><strong>12).</strong></span> <span class='ocrx_word' id='word_1_25' title='bbox 1058 497 1163 546; x_wconf 87' lang='lat' dir='ltr'>etc.</span> 
     </span>
    </p>
   </div>
   <div class='ocr_carea' id='block_1_6' title="bbox 967 614 1445 670">
    <p class='ocr_par' dir='ltr' id='par_1_6' title="bbox 967 614 1445 670">
     <span class='ocr_line' id='line_1_6' title="bbox 967 614 1445 670; baseline 0 -2"><span class='ocrx_word' id='word_1_26' title='bbox 967 615 1046 668; x_wconf 88' lang='lat' dir='ltr'>De</span> <span class='ocrx_word' id='word_1_27' title='bbox 1072 614 1199 670; x_wconf 84' lang='lat' dir='ltr'>Cibo</span> <span class='ocrx_word' id='word_1_28' title='bbox 1230 616 1445 668; x_wconf 70' lang='lat' dir='ltr'>animae.</span> 
     </span>
    </p>
   </div>
   <div class='ocr_carea' id='block_1_7' title="bbox 440 735 2050 807">
    <p class='ocr_par' dir='ltr' id='par_1_7' title="bbox 440 735 2050 807">
     <span class='ocr_line' id='line_1_7' title="bbox 440 735 2050 807; baseline -0.002 -14"><span class='ocrx_word' id='word_1_29' title='bbox 440 740 489 795; x_wconf 87' lang='grc' dir='ltr'>Ι.</span> <span class='ocrx_word' id='word_1_30' title='bbox 547 738 720 792; x_wconf 87' lang='lat' dir='ltr'>Cibus</span> <span class='ocrx_word' id='word_1_31' title='bbox 755 737 963 791; x_wconf 70' lang='lat' dir='ltr'>animm</span> <span class='ocrx_word' id='word_1_32' title='bbox 1008 738 1413 807; x_wconf 80' lang='lat' dir='ltr'>contemplatio</span> <span class='ocrx_word' id='word_1_33' title='bbox 1460 737 1556 790; x_wconf 87' lang='lat' dir='ltr'>Dei</span> <span class='ocrx_word' id='word_1_34' title='bbox 1596 742 1699 790; x_wconf 90' lang='lat' dir='ltr'>est.</span> <span class='ocrx_word' id='word_1_35' title='bbox 1735 737 1840 790; x_wconf 90' lang='lat' dir='ltr'>Sed</span> <span class='ocrx_word' id='word_1_36' title='bbox 1865 735 2050 789; x_wconf 89' lang='lat' dir='ltr'>scien-</span> 
     </span>
    </p>
   </div>
   <div class='ocr_carea' id='block_1_8' title="bbox 365 824 2050 896">
    <p class='ocr_par' dir='ltr' id='par_1_8' title="bbox 365 824 2050 896">
     <span class='ocr_line' id='line_1_8' title="bbox 365 824 2050 896; baseline -0.002 -15"><span class='ocrx_word' id='word_1_37' title='bbox 365 827 501 881; x_wconf 91' lang='lat' dir='ltr'>dum</span> <span class='ocrx_word' id='word_1_38' title='bbox 535 829 619 880; x_wconf 89' lang='lat' dir='ltr'>est</span> <span class='ocrx_word' id='word_1_39' title='bbox 639 826 792 896; x_wconf 90' lang='lat' dir='ltr'>quod</span> <span class='ocrx_word' id='word_1_40' title='bbox 821 842 981 880; x_wconf 89' lang='lat' dir='ltr'>mens</span> <span class='ocrx_word' id='word_1_41' title='bbox 1003 827 1254 879; x_wconf 86' lang='lat' dir='ltr'>humana</span> <span class='ocrx_word' id='word_1_42' title='bbox 1275 833 1334 879; x_wconf 91' lang='lat' dir='ltr'>ut</span> <span class='ocrx_word' id='word_1_43' title='bbox 1365 826 1423 879; x_wconf 93' lang='lat' dir='ltr'>in</span> <span class='ocrx_word' id='word_1_44' title='bbox 1466 824 1942 895; x_wconf 75' lang='lat' dir='ltr'>contemplatione</span> <span class='ocrx_word' id='word_1_45' title='bbox 1966 825 2050 877; x_wconf 87' lang='lat' dir='ltr'>di-</span> 
     </span>
    </p>
   </div>
   <div class='ocr_carea' id='block_1_9' title="bbox 367 913 2048 984">
    <p class='ocr_par' dir='ltr' id='par_1_9' title="bbox 367 913 2048 984">
     <span class='ocr_line' id='line_1_9' title="bbox 367 913 2048 984; baseline 0 -19"><span class='ocrx_word' id='word_1_46' title='bbox 367 913 502 967; x_wconf 88' lang='lat' dir='ltr'>vina</span> <span class='ocrx_word' id='word_1_47' title='bbox 526 914 830 979; x_wconf 79' lang='lat' dir='ltr'>nutriatur,</span> <span class='ocrx_word' id='word_1_48' title='bbox 863 915 1110 984; x_wconf 84' lang='lat' dir='ltr'>seipsam</span> <span class='ocrx_word' id='word_1_49' title='bbox 1144 914 1307 968; x_wconf 91' lang='lat' dir='ltr'>oculo</span> <span class='ocrx_word' id='word_1_50' title='bbox 1339 931 1440 967; x_wconf 89' lang='lat' dir='ltr'>suo</span> <span class='ocrx_word' id='word_1_51' title='bbox 1473 913 1661 966; x_wconf 84' lang='lat' dir='ltr'>videat</span> <span class='ocrx_word' id='word_1_52' title='bbox 1690 928 1916 966; x_wconf 87' lang='lat' dir='ltr'>necesse</span> <span class='ocrx_word' id='word_1_53' title='bbox 1947 917 2048 965; x_wconf 89' lang='lat' dir='ltr'>est.</span> 
     </span>
    </p>
   </div>
   <div class='ocr_carea' id='block_1_10' title="bbox 369 1000 2053 1073">
    <p class='ocr_par' dir='ltr' id='par_1_10' title="bbox 369 1000 2053 1073">
     <span class='ocr_line' id='line_1_10' title="bbox 369 1000 2053 1073; baseline -0.001 -18"><span class='ocrx_word' id='word_1_54' title='bbox 369 1002 427 1056; x_wconf 88' lang='lat' dir='ltr'>Id</span> <span class='ocrx_word' id='word_1_55' title='bbox 471 1009 575 1070; x_wconf 84' lang='lat' dir='ltr'>est,</span> <span class='ocrx_word' id='word_1_56' title='bbox 623 1002 943 1056; x_wconf 84' lang='lat' dir='ltr'>consideret</span> <span class='ocrx_word' id='word_1_57' title='bbox 987 1003 1200 1073; x_wconf 82' lang='lat' dir='ltr'>absque</span> <span class='ocrx_word' id='word_1_58' title='bbox 1239 1002 1439 1056; x_wconf 85' lang='lat' dir='ltr'>ofﬁciis</span> <span class='ocrx_word' id='word_1_59' title='bbox 1477 1001 1770 1055; x_wconf 82' lang='lat' dir='ltr'>exterioris</span> <span class='ocrx_word' id='word_1_60' title='bbox 1803 1000 2053 1054; x_wconf 86' lang='lat' dir='ltr'>hominis</span> 
     </span>
    </p>
   </div>
   <div class='ocr_carea' id='block_1_11' title="bbox 367 1091 2046 1162">
    <p class='ocr_par' dir='ltr' id='par_1_11' title="bbox 367 1091 2046 1162">
     <span class='ocr_line' id='line_1_11' title="bbox 367 1091 2046 1162; baseline -0.001 -19"><span class='ocrx_word' id='word_1_61' title='bbox 367 1092 550 1162; x_wconf 83' lang='lat' dir='ltr'>qualis</span> <span class='ocrx_word' id='word_1_62' title='bbox 574 1097 630 1144; x_wconf 92' lang='lat' dir='ltr'>et</span> <span class='ocrx_word' id='word_1_63' title='bbox 656 1096 869 1161; x_wconf 89' lang='lat' dir='ltr'>quanta</span> <span class='ocrx_word' id='word_1_64' title='bbox 898 1093 987 1145; x_wconf 85' lang='lat' dir='ltr'>sit.</span> <span class='ocrx_word' id='word_1_65' title='bbox 1023 1123 1087 1130; x_wconf 96' lang='lat'><strong>—</strong></span> <span class='ocrx_word' id='word_1_66' title='bbox 1126 1093 1187 1146; x_wconf 92' lang='lat' dir='ltr'>ll.</span> <span class='ocrx_word' id='word_1_67' title='bbox 1221 1093 1295 1145; x_wconf 91' lang='lat' dir='ltr'>De</span> <span class='ocrx_word' id='word_1_68' title='bbox 1359 1091 1488 1145; x_wconf 92' lang='lat' dir='ltr'>hinc</span> <span class='ocrx_word' id='word_1_69' title='bbox 1532 1096 1784 1146; x_wconf 79' lang='lat' dir='ltr'>transeat</span> <span class='ocrx_word' id='word_1_70' title='bbox 1825 1091 1893 1143; x_wconf 89' lang='lat' dir='ltr'>ad</span> <span class='ocrx_word' id='word_1_71' title='bbox 1921 1105 2046 1142; x_wconf 84' lang='lat' dir='ltr'>con-</span> 
     </span>
    </p>
   </div>
   <div class='ocr_carea' id='block_1_12' title="bbox 370 1179 2048 1250">
    <p class='ocr_par' dir='ltr' id='par_1_12' title="bbox 370 1179 2048 1250">
     <span class='ocr_line' id='line_1_12' title="bbox 370 1179 2048 1250; baseline -0.002 -18"><span class='ocrx_word' id='word_1_72' title='bbox 370 1181 761 1250; x_wconf 85' lang='lat' dir='ltr'>templandam</span> <span class='ocrx_word' id='word_1_73' title='bbox 824 1181 1118 1234; x_wconf 88' lang='lat' dir='ltr'>beatorum</span> <span class='ocrx_word' id='word_1_74' title='bbox 1171 1182 1504 1248; x_wconf 88' lang='lat' dir='ltr'>angelorum</span> <span class='ocrx_word' id='word_1_75' title='bbox 1560 1179 1898 1246; x_wconf 82' lang='lat' dir='ltr'>claritatem,</span> <span class='ocrx_word' id='word_1_76' title='bbox 1948 1179 2048 1230; x_wconf 80' lang='lat' dir='ltr'>ila-</span> 
     </span>
    </p>
   </div>
   <div class='ocr_carea' id='block_1_13' title="bbox 367 1266 2050 1337">
    <p class='ocr_par' dir='ltr' id='par_1_13' title="bbox 367 1266 2050 1337">
     <span class='ocr_line' id='line_1_13' title="bbox 367 1266 2050 1337; baseline -0.001 -17"><span class='ocrx_word' id='word_1_77' title='bbox 367 1268 652 1334; x_wconf 81' lang='lat' dir='ltr'>grantiam</span> <span class='ocrx_word' id='word_1_78' title='bbox 680 1274 735 1322; x_wconf 86' lang='lat' dir='ltr'>et</span> <span class='ocrx_word' id='word_1_79' title='bbox 763 1270 1291 1322; x_wconf 51' lang='lat' dir='ltr'>securitatcmﬁani</span> <span class='ocrx_word' id='word_1_80' title='bbox 1327 1268 1384 1322; x_wconf 92' lang='lat' dir='ltr'>in</span> <span class='ocrx_word' id='word_1_81' title='bbox 1419 1270 1504 1322; x_wconf 88' lang='lat' dir='ltr'>his</span> <span class='ocrx_word' id='word_1_82' title='bbox 1535 1285 1591 1321; x_wconf 85' lang='lat' dir='ltr'>se</span> <span class='ocrx_word' id='word_1_83' title='bbox 1635 1267 1758 1337; x_wconf 86' lang='lat' dir='ltr'>ipsa</span> <span class='ocrx_word' id='word_1_84' title='bbox 1790 1283 1950 1321; x_wconf 87' lang='lat' dir='ltr'>mens</span> <span class='ocrx_word' id='word_1_85' title='bbox 1972 1266 2050 1319; x_wconf 88' lang='lat' dir='ltr'>di-</span> 
     </span>
    </p>
   </div>
   <div class='ocr_carea' id='block_1_14' title="bbox 363 1355 2046 1426">
    <p class='ocr_par' dir='ltr' id='par_1_14' title="bbox 363 1355 2046 1426">
     <span class='ocr_line' id='line_1_14' title="bbox 363 1355 2046 1426; baseline 0.001 -20"><span class='ocrx_word' id='word_1_86' title='bbox 363 1356 497 1409; x_wconf 90' lang='lat' dir='ltr'>vino</span> <span class='ocrx_word' id='word_1_87' title='bbox 557 1373 794 1410; x_wconf 86' lang='lat' dir='ltr'>munere</span> <span class='ocrx_word' id='word_1_88' title='bbox 859 1356 1054 1426; x_wconf 87' lang='lat' dir='ltr'>adjuta</span> <span class='ocrx_word' id='word_1_89' title='bbox 1120 1357 1290 1410; x_wconf 86' lang='lat' dir='ltr'>latius</span> <span class='ocrx_word' id='word_1_90' title='bbox 1351 1355 1585 1410; x_wconf 84' lang='lat' dir='ltr'>dilatare</span> <span class='ocrx_word' id='word_1_91' title='bbox 1671 1356 1835 1409; x_wconf 80' lang='lat' dir='ltr'>valet.</span> <span class='ocrx_word' id='word_1_92' title='bbox 1876 1386 1942 1394; x_wconf 97' lang='lat'><strong><em>—</em></strong></span> <span class='ocrx_word' id='word_1_93' title='bbox 1980 1355 2046 1408; x_wconf 91' lang='lat' dir='ltr'>Il.</span> 
     </span>
    </p>
   </div>
   <div class='ocr_carea' id='block_1_15' title="bbox 369 1443 2050 1514">
    <p class='ocr_par' dir='ltr' id='par_1_15' title="bbox 369 1443 2050 1514">
     <span class='ocr_line' id='line_1_15' title="bbox 369 1443 2050 1514; baseline -0.001 -16"><span class='ocrx_word' id='word_1_94' title='bbox 369 1445 586 1499; x_wconf 82' lang='lat' dir='ltr'>Abhinc</span> <span class='ocrx_word' id='word_1_95' title='bbox 643 1449 894 1498; x_wconf 82' lang='lat' dir='ltr'>transeat</span> <span class='ocrx_word' id='word_1_96' title='bbox 940 1445 1008 1498; x_wconf 86' lang='lat' dir='ltr'>ad</span> <span class='ocrx_word' id='word_1_97' title='bbox 1067 1445 1582 1497; x_wconf 80' lang='lat' dir='ltr'>considerationem</span> <span class='ocrx_word' id='word_1_98' title='bbox 1639 1443 2050 1514; x_wconf 88' lang='lat' dir='ltr'>circumscripti</span> 
     </span>
    </p>
   </div>
   <div class='ocr_carea' id='block_1_16' title="bbox 369 1531 2052 1600">
    <p class='ocr_par' dir='ltr' id='par_1_16' title="bbox 369 1531 2052 1600">
     <span class='ocr_line' id='line_1_16' title="bbox 369 1531 2052 1600; baseline 0 -16"><span class='ocrx_word' id='word_1_99' title='bbox 369 1531 601 1585; x_wconf 87' lang='lat' dir='ltr'>luminis</span> <span class='ocrx_word' id='word_1_100' title='bbox 623 1549 636 1597; x_wconf 91' lang='lat'>;</span> <span class='ocrx_word' id='word_1_101' title='bbox 662 1531 719 1586; x_wconf 90' lang='lat' dir='ltr'>id</span> <span class='ocrx_word' id='word_1_102' title='bbox 748 1537 831 1585; x_wconf 88' lang='lat' dir='ltr'>est</span> <span class='ocrx_word' id='word_1_103' title='bbox 850 1533 916 1586; x_wconf 89' lang='lat' dir='ltr'>ad</span> <span class='ocrx_word' id='word_1_104' title='bbox 941 1533 1414 1586; x_wconf 87' lang='lat' dir='ltr'>considerandam</span> <span class='ocrx_word' id='word_1_105' title='bbox 1438 1531 1910 1600; x_wconf 88' lang='lat' dir='ltr'>omnipotentiam</span> <span class='ocrx_word' id='word_1_106' title='bbox 1934 1533 2052 1585; x_wconf 71' lang='lat' dir='ltr'>Dt&#39;i&#39;</span> 
     </span>
    </p>
   </div>
   <div class='ocr_carea' id='block_1_17' title="bbox 363 1618 2045 1689">
    <p class='ocr_par' dir='ltr' id='par_1_17' title="bbox 363 1618 2045 1689">
     <span class='ocr_line' id='line_1_17' title="bbox 363 1618 2045 1689; baseline 0.001 -19"><span class='ocrx_word' id='word_1_107' title='bbox 363 1618 494 1671; x_wconf 89' lang='lat' dir='ltr'>tatis</span> <span class='ocrx_word' id='word_1_108' title='bbox 519 1635 533 1685; x_wconf 89' lang='lat'>;</span> <span class='ocrx_word' id='word_1_109' title='bbox 561 1619 661 1672; x_wconf 89' lang='lat' dir='ltr'>sed</span> <span class='ocrx_word' id='word_1_110' title='bbox 691 1619 749 1672; x_wconf 91' lang='lat' dir='ltr'>in</span> <span class='ocrx_word' id='word_1_111' title='bbox 789 1620 895 1672; x_wconf 89' lang='lat' dir='ltr'>hac</span> <span class='ocrx_word' id='word_1_112' title='bbox 925 1620 1374 1674; x_wconf 86' lang='lat' dir='ltr'>consideratione</span> <span class='ocrx_word' id='word_1_113' title='bbox 1404 1619 1732 1689; x_wconf 89' lang='lat' dir='ltr'>castiganda</span> <span class='ocrx_word' id='word_1_114' title='bbox 1759 1623 1842 1672; x_wconf 88' lang='lat' dir='ltr'>est</span> <span class='ocrx_word' id='word_1_115' title='bbox 1866 1635 2045 1686; x_wconf 88' lang='lat' dir='ltr'>mens,</span> 
     </span>
    </p>
   </div>
   <div class='ocr_carea' id='block_1_18' title="bbox 2167 487 3866 561">
    <p class='ocr_par' dir='ltr' id='par_1_18' title="bbox 2167 487 3866 561">
     <span class='ocr_line' id='line_1_18' title="bbox 2167 487 3866 561; baseline 0.002 -20"><span class='ocrx_word' id='word_1_116' title='bbox 2167 489 2297 541; x_wconf 89' lang='lat' dir='ltr'>Deo.</span> <span class='ocrx_word' id='word_1_117' title='bbox 2326 487 2636 559; x_wconf 84' lang='lat' dir='ltr'>Loquimur</span> <span class='ocrx_word' id='word_1_118' title='bbox 2672 488 2826 542; x_wconf 90' lang='lat' dir='ltr'>enim</span> <span class='ocrx_word' id='word_1_119' title='bbox 2874 489 2940 543; x_wconf 88' lang='lat' dir='ltr'>de</span> <span class='ocrx_word' id='word_1_120' title='bbox 2980 489 3317 556; x_wconf 77' lang='lat' dir='ltr'>substantia,</span> <span class='ocrx_word' id='word_1_121' title='bbox 3369 493 3426 544; x_wconf 87' lang='lat' dir='ltr'>et</span> <span class='ocrx_word' id='word_1_122' title='bbox 3468 491 3770 561; x_wconf 84' lang='lat' dir='ltr'>qualitate,</span> <span class='ocrx_word' id='word_1_123' title='bbox 3802 497 3866 545; x_wconf 86' lang='lat' dir='ltr'>et</span> 
     </span>
    </p>
   </div>
   <div class='ocr_carea' id='block_1_19' title="bbox 2162 576 3864 647">
    <p class='ocr_par' dir='ltr' id='par_1_19' title="bbox 2162 576 3864 647">
     <span class='ocr_line' id='line_1_19' title="bbox 2162 576 3864 647; baseline 0.004 -19"><span class='ocrx_word' id='word_1_124' title='bbox 2162 577 2497 646; x_wconf 85' lang='lat' dir='ltr'>quantitate,</span> <span class='ocrx_word' id='word_1_125' title='bbox 2533 582 2590 629; x_wconf 86' lang='lat' dir='ltr'>et</span> <span class='ocrx_word' id='word_1_126' title='bbox 2623 577 2692 631; x_wconf 90' lang='lat' dir='ltr'>ad</span> <span class='ocrx_word' id='word_1_127' title='bbox 2721 576 2957 647; x_wconf 80' lang='lat' dir='ltr'>aliquid,</span> <span class='ocrx_word' id='word_1_128' title='bbox 2991 583 3047 631; x_wconf 89' lang='lat' dir='ltr'>et</span> <span class='ocrx_word' id='word_1_129' title='bbox 3077 578 3145 630; x_wconf 92' lang='lat' dir='ltr'>de</span> <span class='ocrx_word' id='word_1_130' title='bbox 3175 577 3395 643; x_wconf 87' lang='lat' dir='ltr'>habitu,</span> <span class='ocrx_word' id='word_1_131' title='bbox 3421 584 3479 632; x_wconf 84' lang='lat' dir='ltr'>et</span> <span class='ocrx_word' id='word_1_132' title='bbox 3525 579 3593 632; x_wconf 90' lang='lat' dir='ltr'>de</span> <span class='ocrx_word' id='word_1_133' title='bbox 3625 581 3763 646; x_wconf 91' lang='lat' dir='ltr'>situ,</span> <span class='ocrx_word' id='word_1_134' title='bbox 3788 581 3864 634; x_wconf 86' lang='lat' dir='ltr'>de</span> 
     </span>
    </p>
   </div>
   <div class='ocr_carea' id='block_1_20' title="bbox 2165 663 3866 736">
    <p class='ocr_par' dir='ltr' id='par_1_20' title="bbox 2165 663 3866 736">
     <span class='ocr_line' id='line_1_20' title="bbox 2165 663 3866 736; baseline 0.004 -22"><span class='ocrx_word' id='word_1_135' title='bbox 2165 663 2306 727; x_wconf 90' lang='lat' dir='ltr'>loco,</span> <span class='ocrx_word' id='word_1_136' title='bbox 2363 664 2433 716; x_wconf 91' lang='lat' dir='ltr'>de</span> <span class='ocrx_word' id='word_1_137' title='bbox 2485 669 2763 734; x_wconf 89' lang='lat' dir='ltr'>tempore,</span> <span class='ocrx_word' id='word_1_138' title='bbox 2806 664 2875 718; x_wconf 88' lang='lat' dir='ltr'>de</span> <span class='ocrx_word' id='word_1_139' title='bbox 2925 664 3127 729; x_wconf 86' lang='lat' dir='ltr'>facere,</span> <span class='ocrx_word' id='word_1_140' title='bbox 3171 669 3225 718; x_wconf 90' lang='lat' dir='ltr'>et</span> <span class='ocrx_word' id='word_1_141' title='bbox 3250 664 3387 735; x_wconf 89' lang='lat' dir='ltr'>pati.</span> <span class='ocrx_word' id='word_1_142' title='bbox 3418 666 3481 718; x_wconf 86' lang='lat' dir='ltr'>Et</span> <span class='ocrx_word' id='word_1_143' title='bbox 3509 667 3734 736; x_wconf 88' lang='lat' dir='ltr'>quando</span> <span class='ocrx_word' id='word_1_144' title='bbox 3771 667 3866 720; x_wconf 84' lang='lat' dir='ltr'>liis</span> 
     </span>
    </p>
   </div>
   <div class='ocr_carea' id='block_1_21' title="bbox 2165 751 3863 824">
    <p class='ocr_par' dir='ltr' id='par_1_21' title="bbox 2165 751 3863 824">
     <span class='ocr_line' id='line_1_21' title="bbox 2165 751 3863 824; baseline 0.004 -21"><span class='ocrx_word' id='word_1_145' title='bbox 2165 751 2369 804; x_wconf 88' lang='lat' dir='ltr'>imodis</span> <span class='ocrx_word' id='word_1_146' title='bbox 2400 751 2466 804; x_wconf 88' lang='lat' dir='ltr'>de</span> <span class='ocrx_word' id='word_1_147' title='bbox 2492 751 2602 804; x_wconf 88' lang='lat' dir='ltr'>Deo</span> <span class='ocrx_word' id='word_1_148' title='bbox 2630 751 2935 821; x_wconf 86' lang='lat' dir='ltr'>loquimur,</span> <span class='ocrx_word' id='word_1_149' title='bbox 2963 752 3269 822; x_wconf 78' lang='lat' dir='ltr'>aliquando</span> <span class='ocrx_word' id='word_1_150' title='bbox 3291 754 3863 824; x_wconf 86' lang='lat' dir='ltr'>proprie,aliquando</span> 
     </span>
    </p>
   </div>
   <div class='ocr_carea' id='block_1_22' title="bbox 2163 839 3863 910">
    <p class='ocr_par' dir='ltr' id='par_1_22' title="bbox 2163 839 3863 910">
     <span class='ocr_line' id='line_1_22' title="bbox 2163 839 3863 910; baseline 0.003 -19"><span class='ocrx_word' id='word_1_151' title='bbox 2163 839 2414 894; x_wconf 81' lang='lat' dir='ltr'>relative.</span> <span class='ocrx_word' id='word_1_152' title='bbox 2450 839 2687 902; x_wconf 85' lang='lat' dir='ltr'>Quando</span> <span class='ocrx_word' id='word_1_153' title='bbox 2718 839 2990 893; x_wconf 87' lang='lat' dir='ltr'>dicimus:</span> <span class='ocrx_word' id='word_1_154' title='bbox 3043 841 3188 894; x_wconf 88' lang='lat' dir='ltr'>Deus</span> <span class='ocrx_word' id='word_1_155' title='bbox 3236 857 3499 910; x_wconf 85' lang='lat' dir='ltr'>magnus.</span> <span class='ocrx_word' id='word_1_156' title='bbox 3535 842 3739 907; x_wconf 87' lang='lat' dir='ltr'>bonus,</span> <span class='ocrx_word' id='word_1_157' title='bbox 3775 844 3863 896; x_wconf 82' lang='lat' dir='ltr'>fa-</span> 
     </span>
    </p>
   </div>
   <div class='ocr_carea' id='block_1_23' title="bbox 2161 927 3858 1000">
    <p class='ocr_par' dir='ltr' id='par_1_23' title="bbox 2161 927 3858 1000">
     <span class='ocr_line' id='line_1_23' title="bbox 2161 927 3858 1000; baseline 0.002 -20"><span class='ocrx_word' id='word_1_158' title='bbox 2161 942 2287 980; x_wconf 91' lang='lat' dir='ltr'>cere</span> <span class='ocrx_word' id='word_1_159' title='bbox 2337 927 2570 997; x_wconf 86' lang='lat' dir='ltr'>proprie</span> <span class='ocrx_word' id='word_1_160' title='bbox 2611 927 2836 981; x_wconf 89' lang='lat' dir='ltr'>dicitur.</span> <span class='ocrx_word' id='word_1_161' title='bbox 2892 929 2954 980; x_wconf 84' lang='lat' dir='ltr'>Et</span> <span class='ocrx_word' id='word_1_162' title='bbox 2992 928 3098 980; x_wconf 91' lang='lat' dir='ltr'>hoc</span> <span class='ocrx_word' id='word_1_163' title='bbox 3118 928 3530 982; x_wconf 81' lang='lat' dir='ltr'>attendendum</span> <span class='ocrx_word' id='word_1_164' title='bbox 3565 934 3668 996; x_wconf 83' lang='lat' dir='ltr'>est,</span> <span class='ocrx_word' id='word_1_165' title='bbox 3703 932 3858 1000; x_wconf 90' lang='lat' dir='ltr'>quod</span> 
     </span>
    </p>
   </div>
   <div class='ocr_carea' id='block_1_24' title="bbox 2161 1013 3854 1085">
    <p class='ocr_par' dir='ltr' id='par_1_24' title="bbox 2161 1013 3854 1085">
     <span class='ocr_line' id='line_1_24' title="bbox 2161 1013 3854 1085; baseline 0.002 -17"><span class='ocrx_word' id='word_1_166' title='bbox 2161 1030 2279 1068; x_wconf 91' lang='lat' dir='ltr'>non</span> <span class='ocrx_word' id='word_1_167' title='bbox 2327 1019 2411 1068; x_wconf 89' lang='lat' dir='ltr'>est</span> <span class='ocrx_word' id='word_1_168' title='bbox 2455 1013 2538 1068; x_wconf 86' lang='lat' dir='ltr'>illi</span> <span class='ocrx_word' id='word_1_169' title='bbox 2589 1014 2742 1069; x_wconf 89' lang='lat' dir='ltr'>aliud</span> <span class='ocrx_word' id='word_1_170' title='bbox 2797 1030 2918 1068; x_wconf 90' lang='lat' dir='ltr'>esse</span> <span class='ocrx_word' id='word_1_171' title='bbox 2951 1021 3008 1068; x_wconf 90' lang='lat' dir='ltr'>et</span> <span class='ocrx_word' id='word_1_172' title='bbox 3035 1016 3187 1068; x_wconf 87' lang='lat' dir='ltr'>aliud</span> <span class='ocrx_word' id='word_1_173' title='bbox 3224 1031 3495 1085; x_wconf 84' lang='lat' dir='ltr'>magnum</span> <span class='ocrx_word' id='word_1_174' title='bbox 3519 1032 3663 1085; x_wconf 88' lang='lat' dir='ltr'>esse,</span> <span class='ocrx_word' id='word_1_175' title='bbox 3693 1019 3854 1072; x_wconf 90' lang='lat' dir='ltr'>aliud</span> 
     </span>
    </p>
   </div>
   <div class='ocr_carea' id='block_1_25' title="bbox 2160 1101 3852 1176">
    <p class='ocr_par' dir='ltr' id='par_1_25' title="bbox 2160 1101 3852 1176">
     <span class='ocr_line' id='line_1_25' title="bbox 2160 1101 3852 1176; baseline 0.002 -20"><span class='ocrx_word' id='word_1_176' title='bbox 2160 1102 2377 1156; x_wconf 88' lang='lat' dir='ltr'>bonum</span> <span class='ocrx_word' id='word_1_177' title='bbox 2408 1117 2552 1156; x_wconf 90' lang='lat' dir='ltr'>esse.</span> <span class='ocrx_word' id='word_1_178' title='bbox 2596 1103 2740 1155; x_wconf 90' lang='lat' dir='ltr'>Deus</span> <span class='ocrx_word' id='word_1_179' title='bbox 2768 1101 2892 1171; x_wconf 88' lang='lat' dir='ltr'>ipso</span> <span class='ocrx_word' id='word_1_180' title='bbox 2923 1118 3036 1173; x_wconf 89' lang='lat' dir='ltr'>quo</span> <span class='ocrx_word' id='word_1_181' title='bbox 3061 1107 3164 1164; x_wconf 84' lang='lat' dir='ltr'>est,</span> <span class='ocrx_word' id='word_1_182' title='bbox 3195 1102 3379 1156; x_wconf 87' lang='lat' dir='ltr'>bonus</span> <span class='ocrx_word' id='word_1_183' title='bbox 3409 1108 3526 1168; x_wconf 89' lang='lat' dir='ltr'>est;</span> <span class='ocrx_word' id='word_1_184' title='bbox 3574 1105 3698 1174; x_wconf 90' lang='lat' dir='ltr'>ipso</span> <span class='ocrx_word' id='word_1_185' title='bbox 3733 1122 3852 1176; x_wconf 91' lang='lat' dir='ltr'>quo</span> 
     </span>
    </p>
   </div>
   <div class='ocr_carea' id='block_1_26' title="bbox 2161 1190 3851 1258">
    <p class='ocr_par' dir='ltr' id='par_1_26' title="bbox 2161 1190 3851 1258">
     <span class='ocr_line' id='line_1_26' title="bbox 2161 1190 3851 1258; baseline 0.001 -14"><span class='ocrx_word' id='word_1_186' title='bbox 2161 1195 2268 1256; x_wconf 92' lang='lat' dir='ltr'>est,</span> <span class='ocrx_word' id='word_1_187' title='bbox 2301 1205 2542 1258; x_wconf 87' lang='lat' dir='ltr'>magnus</span> <span class='ocrx_word' id='word_1_188' title='bbox 2571 1195 2672 1243; x_wconf 89' lang='lat' dir='ltr'>est.</span> <span class='ocrx_word' id='word_1_189' title='bbox 2708 1190 2962 1244; x_wconf 80' lang='lat' dir='ltr'>Relative</span> <span class='ocrx_word' id='word_1_190' title='bbox 3005 1205 3136 1244; x_wconf 90' lang='lat' dir='ltr'>vero</span> <span class='ocrx_word' id='word_1_191' title='bbox 3183 1190 3389 1244; x_wconf 89' lang='lat' dir='ltr'>dicitur</span> <span class='ocrx_word' id='word_1_192' title='bbox 3443 1193 3637 1257; x_wconf 85' lang='lat' dir='ltr'>Pater;</span> <span class='ocrx_word' id='word_1_193' title='bbox 3670 1194 3851 1247; x_wconf 82' lang='lat' dir='ltr'>refer-</span> 
     </span>
    </p>
   </div>
   <div class='ocr_carea' id='block_1_27' title="bbox 2162 1279 3854 1345">
    <p class='ocr_par' dir='ltr' id='par_1_27' title="bbox 2162 1279 3854 1345">
     <span class='ocr_line' id='line_1_27' title="bbox 2162 1279 3854 1345; baseline 0.002 -13"><span class='ocrx_word' id='word_1_194' title='bbox 2162 1283 2254 1332; x_wconf 88' lang='lat' dir='ltr'>tur</span> <span class='ocrx_word' id='word_1_195' title='bbox 2281 1279 2351 1332; x_wconf 89' lang='lat' dir='ltr'>ad</span> <span class='ocrx_word' id='word_1_196' title='bbox 2382 1279 2585 1333; x_wconf 85' lang='lat' dir='ltr'>tilium.</span> <span class='ocrx_word' id='word_1_197' title='bbox 2616 1279 2965 1332; x_wconf 87' lang='lat' dir='ltr'>Translative</span> <span class='ocrx_word' id='word_1_198' title='bbox 3014 1279 3224 1332; x_wconf 90' lang='lat' dir='ltr'>dicitur</span> <span class='ocrx_word' id='word_1_199' title='bbox 3269 1280 3499 1334; x_wconf 88' lang='lat' dir='ltr'>habitus</span> <span class='ocrx_word' id='word_1_200' title='bbox 3530 1280 3588 1335; x_wconf 90' lang='lat' dir='ltr'>in</span> <span class='ocrx_word' id='word_1_201' title='bbox 3613 1283 3750 1345; x_wconf 86' lang='lat' dir='ltr'>Deo,</span> <span class='ocrx_word' id='word_1_202' title='bbox 3790 1279 3854 1335; x_wconf 73' lang='grc' dir='ltr'><strong>ιιι</strong></span> 
     </span>
    </p>
   </div>
   <div class='ocr_carea' id='block_1_28' title="bbox 2159 1365 3851 1438">
    <p class='ocr_par' dir='ltr' id='par_1_28' title="bbox 2159 1365 3851 1438">
     <span class='ocr_line' id='line_1_28' title="bbox 2159 1365 3851 1438; baseline 0.002 -19"><span class='ocrx_word' id='word_1_203' title='bbox 2159 1365 2335 1420; x_wconf 90' lang='lat' dir='ltr'>illud:</span> <span class='ocrx_word' id='word_1_204' title='bbox 2370 1368 2614 1435; x_wconf 81' lang='lat' dir='ltr'>Abyssus</span> <span class='ocrx_word' id='word_1_205' title='bbox 2643 1368 2783 1421; x_wconf 80' lang='lat' dir='ltr'>sicut</span> <span class='ocrx_word' id='word_1_206' title='bbox 2822 1369 3193 1420; x_wconf 77' lang='lat' dir='ltr'>vestimentum</span> <span class='ocrx_word' id='word_1_207' title='bbox 3234 1366 3400 1436; x_wconf 84' lang='lat' dir='ltr'>(Psal.</span> <span class='ocrx_word' id='word_1_208' title='bbox 3448 1383 3563 1433; x_wconf 85' lang='lat' dir='ltr'>cm,</span> <span class='ocrx_word' id='word_1_209' title='bbox 3615 1369 3690 1438; x_wconf 84' lang='lat'>6),</span> <span class='ocrx_word' id='word_1_210' title='bbox 3724 1375 3851 1435; x_wconf 89' lang='lat' dir='ltr'>etc;</span> 
     </span>
    </p>
   </div>
   <div class='ocr_carea' id='block_1_29' title="bbox 2160 1455 3845 1523">
    <p class='ocr_par' dir='ltr' id='par_1_29' title="bbox 2160 1455 3845 1523">
     <span class='ocr_line' id='line_1_29' title="bbox 2160 1455 3845 1523; baseline 0.002 -17"><span class='ocrx_word' id='word_1_211' title='bbox 2160 1455 2321 1520; x_wconf 88' lang='lat' dir='ltr'>situs,</span> <span class='ocrx_word' id='word_1_212' title='bbox 2387 1460 2450 1508; x_wconf 89' lang='lat' dir='ltr'>ut</span> <span class='ocrx_word' id='word_1_213' title='bbox 2511 1455 2678 1508; x_wconf 91' lang='lat' dir='ltr'>illud:</span> <span class='ocrx_word' id='word_1_214' title='bbox 2744 1455 2848 1520; x_wconf 86' lang='lat' dir='ltr'>Qui</span> <span class='ocrx_word' id='word_1_215' title='bbox 2912 1455 3060 1508; x_wconf 80' lang='lat' dir='ltr'>sedes</span> <span class='ocrx_word' id='word_1_216' title='bbox 3126 1468 3289 1523; x_wconf 80' lang='lat' dir='ltr'>super</span> <span class='ocrx_word' id='word_1_217' title='bbox 3353 1455 3660 1523; x_wconf 76' lang='lat' dir='ltr'>Cherubim,</span> <span class='ocrx_word' id='word_1_218' title='bbox 3727 1461 3845 1511; x_wconf 87' lang='lat' dir='ltr'>etc.</span> 
     </span>
    </p>
   </div>
   <div class='ocr_carea' id='block_1_30' title="bbox 2163 1542 3854 1612">
    <p class='ocr_par' dir='ltr' id='par_1_30' title="bbox 2163 1542 3854 1612">
     <span class='ocr_line' id='line_1_30' title="bbox 2163 1542 3854 1612; baseline 0.001 -16"><span class='ocrx_word' id='word_1_219' title='bbox 2163 1542 2270 1610; x_wconf 89' lang='lat' dir='ltr'>(Id.</span> <span class='ocrx_word' id='word_1_220' title='bbox 2330 1558 2508 1609; x_wconf 76' lang='lat' dir='ltr'>mmx,</span> <span class='ocrx_word' id='word_1_221' title='bbox 2559 1542 2656 1612; x_wconf 72' lang='lat'>2);</span> <span class='ocrx_word' id='word_1_222' title='bbox 2717 1543 2913 1596; x_wconf 87' lang='lat' dir='ltr'>locus:</span> <span class='ocrx_word' id='word_1_223' title='bbox 2973 1543 3034 1597; x_wconf 86' lang='lat' dir='ltr'>Si</span> <span class='ocrx_word' id='word_1_224' title='bbox 3089 1542 3374 1596; x_wconf 65' lang='lat' dir='ltr'>ascendcro</span> <span class='ocrx_word' id='word_1_225' title='bbox 3427 1546 3483 1597; x_wconf 83' lang='lat' dir='ltr'>in</span> <span class='ocrx_word' id='word_1_226' title='bbox 3538 1545 3742 1608; x_wconf 67' lang='lat' dir='ltr'>ra&#39;lum,</span> <span class='ocrx_word' id='word_1_227' title='bbox 3795 1551 3854 1598; x_wconf 87' lang='lat' dir='ltr'>tu</span> 
     </span>
    </p>
   </div>
   <div class='ocr_carea' id='block_1_31' title="bbox 2158 1629 3857 1698">
    <p class='ocr_par' dir='ltr' id='par_1_31' title="bbox 2158 1629 3857 1698">
     <span class='ocr_line' id='line_1_31' title="bbox 2158 1629 3857 1698; baseline 0.002 -17"><span class='ocrx_word' id='word_1_228' title='bbox 2158 1630 2272 1682; x_wconf 83' lang='lat' dir='ltr'>illic</span> <span class='ocrx_word' id='word_1_229' title='bbox 2297 1645 2349 1682; x_wconf 85' lang='lat' dir='ltr'>es</span> <span class='ocrx_word' id='word_1_230' title='bbox 2377 1629 2478 1688; x_wconf 84' lang='lat' dir='ltr'>(Id.</span> <span class='ocrx_word' id='word_1_231' title='bbox 2513 1645 2769 1692; x_wconf 79' lang='lat' dir='ltr'>cxxxvm,</span> <span class='ocrx_word' id='word_1_232' title='bbox 2801 1632 2874 1692; x_wconf 87' lang='lat'>8),</span> <span class='ocrx_word' id='word_1_233' title='bbox 2903 1633 3284 1698; x_wconf 88' lang='lat' dir='ltr'>etc;tempns,</span> <span class='ocrx_word' id='word_1_234' title='bbox 3310 1635 3371 1682; x_wconf 91' lang='lat' dir='ltr'>ut</span> <span class='ocrx_word' id='word_1_235' title='bbox 3391 1629 3528 1682; x_wconf 90' lang='lat' dir='ltr'>illud</span> <span class='ocrx_word' id='word_1_236' title='bbox 3549 1646 3562 1683; x_wconf 91' lang='lat'>:</span> <span class='ocrx_word' id='word_1_237' title='bbox 3587 1631 3738 1685; x_wconf 78' lang='lat' dir='ltr'>Anni</span> <span class='ocrx_word' id='word_1_238' title='bbox 3769 1635 3857 1684; x_wconf 86' lang='lat' dir='ltr'>tui</span> 
     </span>
    </p>
   </div>
   <div class='ocr_carea' id='block_1_32' title="bbox 363 1684 3855 1787">
    <p class='ocr_par' dir='ltr' id='par_1_32' title="bbox 363 1684 3855 1787">
     <span class='ocr_line' id='line_1_32' title="bbox 363 1684 3855 1787; baseline 0.004 -29"><span class='ocrx_word' id='word_1_239' title='bbox 363 1720 435 1758; x_wconf 88' lang='lat' dir='ltr'>ne</span> <span class='ocrx_word' id='word_1_240' title='bbox 464 1684 714 1775; x_wconf 88' lang='lat' dir='ltr'>aliquam</span> <span class='ocrx_word' id='word_1_241' title='bbox 771 1705 878 1759; x_wconf 90' lang='lat' dir='ltr'>sibi</span> <span class='ocrx_word' id='word_1_242' title='bbox 925 1722 1258 1776; x_wconf 88' lang='lat' dir='ltr'>corpoream</span> <span class='ocrx_word' id='word_1_243' title='bbox 1309 1684 1743 1760; x_wconf 69' lang='lat' dir='ltr'>similitudinem</span> <span class='ocrx_word' id='word_1_244' title='bbox 1779 1706 1958 1775; x_wconf 87' lang='lat' dir='ltr'>ﬁngat</span> <span class='ocrx_word' id='word_1_245' title='bbox 1989 1684 2044 1758; x_wconf 84' lang='lat' dir='ltr'>in</span> <span class='ocrx_word' id='word_1_246' title='bbox 2089 1684 2128 1738; x_wconf 79' lang='grc' dir='ltr'><strong><em>Β</em></strong></span> <span class='ocrx_word' id='word_1_247' title='bbox 2160 1731 2267 1770; x_wconf 85' lang='lat' dir='ltr'>non</span> <span class='ocrx_word' id='word_1_248' title='bbox 2311 1684 2553 1786; x_wconf 62' lang='lat' dir='ltr'>deﬁcient</span> <span class='ocrx_word' id='word_1_249' title='bbox 2606 1718 2705 1787; x_wconf 86' lang='lat' dir='ltr'>(Id.</span> <span class='ocrx_word' id='word_1_250' title='bbox 2752 1684 2968 1786; x_wconf 38' lang='lat'>£1,728)</span> <span class='ocrx_word' id='word_1_251' title='bbox 2996 1684 3018 1781; x_wconf 49' lang='grc' dir='ltr'>ς’</span> <span class='ocrx_word' id='word_1_252' title='bbox 3067 1684 3223 1787; x_wconf 68' lang='lat' dir='ltr'>pati:</span> <span class='ocrx_word' id='word_1_253' title='bbox 3266 1684 3544 1770; x_wconf 50' lang='lat' dir='ltr'>&#39;Labortwi</span> <span class='ocrx_word' id='word_1_254' title='bbox 3580 1684 3855 1773; x_wconf 80' lang='lat' dir='ltr'>sustinens</span> 
     </span>
    </p>
   </div>
   <div class='ocr_carea' id='block_1_33' title="bbox 366 1794 2050 1865">
    <p class='ocr_par' dir='ltr' id='par_1_33' title="bbox 366 1794 2050 1865">
     <span class='ocr_line' id='line_1_33' title="bbox 366 1794 2050 1865; baseline -0.001 -17"><span class='ocrx_word' id='word_1_255' title='bbox 366 1794 500 1848; x_wconf 89' lang='lat' dir='ltr'>Deo.</span> <span class='ocrx_word' id='word_1_256' title='bbox 521 1795 804 1858; x_wconf 86' lang='lat' dir='ltr'>Quamdiu</span> <span class='ocrx_word' id='word_1_257' title='bbox 831 1795 1080 1865; x_wconf 88' lang='lat' dir='ltr'>aliquam</span> <span class='ocrx_word' id='word_1_258' title='bbox 1101 1794 1536 1848; x_wconf 85' lang='lat' dir='ltr'>similitudinem</span> <span class='ocrx_word' id='word_1_259' title='bbox 1558 1795 1909 1865; x_wconf 77' lang='lat' dir='ltr'>cogitaverit,</span> <span class='ocrx_word' id='word_1_260' title='bbox 1934 1809 2050 1847; x_wconf 87' lang='lat' dir='ltr'>non</span> 
     </span>
    </p>
   </div>
   <div class='ocr_carea' id='block_1_34' title="bbox 362 1881 2052 1953">
    <p class='ocr_par' dir='ltr' id='par_1_34' title="bbox 362 1881 2052 1953">
     <span class='ocr_line' id='line_1_34' title="bbox 362 1881 2052 1953; baseline 0 -18"><span class='ocrx_word' id='word_1_261' title='bbox 362 1887 449 1935; x_wconf 87' lang='lat' dir='ltr'>est</span> <span class='ocrx_word' id='word_1_262' title='bbox 478 1883 580 1935; x_wconf 92' lang='lat' dir='ltr'>hoc</span> <span class='ocrx_word' id='word_1_263' title='bbox 609 1884 788 1950; x_wconf 75' lang='lat' dir='ltr'>Dens;</span> <span class='ocrx_word' id='word_1_264' title='bbox 825 1884 922 1936; x_wconf 84' lang='lat' dir='ltr'>sed</span> <span class='ocrx_word' id='word_1_265' title='bbox 952 1899 1081 1937; x_wconf 91' lang='lat' dir='ltr'>cum</span> <span class='ocrx_word' id='word_1_266' title='bbox 1107 1883 1402 1953; x_wconf 84' lang='lat' dir='ltr'>agnoverit</span> <span class='ocrx_word' id='word_1_267' title='bbox 1423 1882 1797 1937; x_wconf 87' lang='lat' dir='ltr'>substantiam</span> <span class='ocrx_word' id='word_1_268' title='bbox 1817 1881 2052 1938; x_wconf 87' lang='lat' dir='ltr'>Deitatis</span> 
     </span>
    </p>
   </div>
   <div class='ocr_carea' id='block_1_35' title="bbox 363 1969 2047 2040">
    <p class='ocr_par' dir='ltr' id='par_1_35' title="bbox 363 1969 2047 2040">
     <span class='ocr_line' id='line_1_35' title="bbox 363 1969 2047 2040; baseline 0.001 -19"><span class='ocrx_word' id='word_1_269' title='bbox 363 1969 1022 2040; x_wconf 79' lang='lat' dir='ltr'>incomprehensibilem,</span> <span class='ocrx_word' id='word_1_270' title='bbox 1058 1970 1521 2036; x_wconf 87' lang='lat' dir='ltr'>inenarrabilem,</span> <span class='ocrx_word' id='word_1_271' title='bbox 1570 1970 1938 2038; x_wconf 88' lang='lat' dir='ltr'>invisibilem,</span> <span class='ocrx_word' id='word_1_272' title='bbox 1961 1971 2047 2023; x_wconf 91' lang='lat' dir='ltr'>in-</span> 
     </span>
    </p>
   </div>
   <div class='ocr_carea' id='block_1_36' title="bbox 360 2058 2045 2131">
    <p class='ocr_par' dir='ltr' id='par_1_36' title="bbox 360 2058 2045 2131">
     <span class='ocr_line' id='line_1_36' title="bbox 360 2058 2045 2131; baseline 0.001 -21"><span class='ocrx_word' id='word_1_273' title='bbox 360 2058 872 2128; x_wconf 87' lang='lat' dir='ltr'>circumscriptam,</span> <span class='ocrx_word' id='word_1_274' title='bbox 927 2060 1141 2129; x_wconf 88' lang='lat' dir='ltr'>ubique</span> <span class='ocrx_word' id='word_1_275' title='bbox 1185 2064 1386 2121; x_wconf 85' lang='lat' dir='ltr'>totam,</span> <span class='ocrx_word' id='word_1_276' title='bbox 1434 2075 1718 2131; x_wconf 88' lang='lat' dir='ltr'>nusquam</span> <span class='ocrx_word' id='word_1_277' title='bbox 1745 2060 2045 2122; x_wconf 85' lang='lat' dir='ltr'>exclusam,</span> 
     </span>
    </p>
   </div>
   <div class='ocr_carea' id='block_1_37' title="bbox 361 2146 776 2202">
    <p class='ocr_par' dir='ltr' id='par_1_37' title="bbox 361 2146 776 2202">
     <span class='ocr_line' id='line_1_37' title="bbox 361 2146 776 2202; baseline -0.002 -2"><span class='ocrx_word' id='word_1_278' title='bbox 361 2146 467 2201; x_wconf 89' lang='lat' dir='ltr'>hoc</span> <span class='ocrx_word' id='word_1_279' title='bbox 496 2151 580 2201; x_wconf 88' lang='lat' dir='ltr'>est</span> <span class='ocrx_word' id='word_1_280' title='bbox 611 2148 776 2202; x_wconf 89' lang='lat' dir='ltr'>Deus.</span> 
     </span>
    </p>
   </div>
   <div class='ocr_carea' id='block_1_38' title="bbox 889 2271 1509 2325">
    <p class='ocr_par' dir='ltr' id='par_1_38' title="bbox 889 2271 1509 2325">
     <span class='ocr_line' id='line_1_38' title="bbox 889 2271 1509 2325; baseline 0 -1"><span class='ocrx_word' id='word_1_281' title='bbox 889 2273 961 2324; x_wconf 86' lang='lat' dir='ltr'>De</span> <span class='ocrx_word' id='word_1_282' title='bbox 989 2272 1272 2325; x_wconf 82' lang='lat' dir='ltr'>Locutione</span> <span class='ocrx_word' id='word_1_283' title='bbox 1298 2271 1509 2324; x_wconf 82' lang='lat' dir='ltr'>divina.</span> 
     </span>
    </p>
   </div>
   <div class='ocr_carea' id='block_1_39' title="bbox 432 2391 2048 2466">
    <p class='ocr_par' dir='ltr' id='par_1_39' title="bbox 432 2391 2048 2466">
     <span class='ocr_line' id='line_1_39' title="bbox 432 2391 2048 2466; baseline 0.001 -18"><span class='ocrx_word' id='word_1_284' title='bbox 432 2393 475 2448; x_wconf 88' lang='grc' dir='ltr'>Ι.</span> <span class='ocrx_word' id='word_1_285' title='bbox 524 2392 753 2447; x_wconf 89' lang='lat' dir='ltr'>Duobus</span> <span class='ocrx_word' id='word_1_286' title='bbox 805 2391 990 2446; x_wconf 89' lang='lat' dir='ltr'>modis</span> <span class='ocrx_word' id='word_1_287' title='bbox 1041 2392 1292 2462; x_wconf 89' lang='lat' dir='ltr'>loquitur</span> <span class='ocrx_word' id='word_1_288' title='bbox 1319 2393 1460 2446; x_wconf 89' lang='lat' dir='ltr'>Dens</span> <span class='ocrx_word' id='word_1_289' title='bbox 1484 2410 1496 2459; x_wconf 90' lang='lat'>;</span> <span class='ocrx_word' id='word_1_290' title='bbox 1524 2393 1580 2447; x_wconf 89' lang='lat' dir='ltr'>id</span> <span class='ocrx_word' id='word_1_291' title='bbox 1601 2398 1685 2448; x_wconf 91' lang='lat' dir='ltr'>est</span> <span class='ocrx_word' id='word_1_292' title='bbox 1713 2399 1811 2448; x_wconf 89' lang='lat' dir='ltr'>aut</span> <span class='ocrx_word' id='word_1_293' title='bbox 1837 2412 1940 2466; x_wconf 91' lang='lat' dir='ltr'>per</span> <span class='ocrx_word' id='word_1_294' title='bbox 1969 2413 2048 2464; x_wconf 87' lang='lat' dir='ltr'>se,</span> 
     </span>
    </p>
   </div>
   <div class='ocr_carea' id='block_1_40' title="bbox 363 2481 2050 2553">
    <p class='ocr_par' dir='ltr' id='par_1_40' title="bbox 363 2481 2050 2553">
     <span class='ocr_line' id='line_1_40' title="bbox 363 2481 2050 2553; baseline 0.004 -19"><span class='ocrx_word' id='word_1_295' title='bbox 363 2485 463 2534; x_wconf 86' lang='lat' dir='ltr'>aut</span> <span class='ocrx_word' id='word_1_296' title='bbox 501 2497 605 2551; x_wconf 86' lang='lat' dir='ltr'>per</span> <span class='ocrx_word' id='word_1_297' title='bbox 649 2481 958 2551; x_wconf 71' lang='lat' dir='ltr'>subiectam</span> <span class='ocrx_word' id='word_1_298' title='bbox 997 2488 1316 2534; x_wconf 89' lang='lat' dir='ltr'>creaturam</span> <span class='ocrx_word' id='word_1_299' title='bbox 1392 2481 1627 2545; x_wconf 90' lang='lat' dir='ltr'>Quando</span> <span class='ocrx_word' id='word_1_300' title='bbox 1672 2498 1773 2553; x_wconf 88' lang='lat' dir='ltr'>per</span> <span class='ocrx_word' id='word_1_301' title='bbox 1819 2501 1896 2548; x_wconf 91' lang='lat' dir='ltr'>se,</span> <span class='ocrx_word' id='word_1_302' title='bbox 1927 2485 2050 2541; x_wconf 89' lang='lat' dir='ltr'>sine</span> 
     </span>
    </p>
   </div>
   <div class='ocr_carea' id='block_1_41' title="bbox 361 2569 2046 2643">
    <p class='ocr_par' dir='ltr' id='par_1_41' title="bbox 361 2569 2046 2643">
     <span class='ocr_line' id='line_1_41' title="bbox 361 2569 2046 2643; baseline 0.005 -23"><span class='ocrx_word' id='word_1_303' title='bbox 361 2569 550 2623; x_wconf 79' lang='lat' dir='ltr'>verbis</span> <span class='ocrx_word' id='word_1_304' title='bbox 583 2586 681 2623; x_wconf 89' lang='lat' dir='ltr'>cor</span> <span class='ocrx_word' id='word_1_305' title='bbox 711 2571 962 2632; x_wconf 89' lang='lat' dir='ltr'>docetur,</span> <span class='ocrx_word' id='word_1_306' title='bbox 1013 2575 1074 2622; x_wconf 88' lang='lat' dir='ltr'>ut</span> <span class='ocrx_word' id='word_1_307' title='bbox 1107 2570 1280 2623; x_wconf 88' lang='lat' dir='ltr'>iliud:</span> <span class='ocrx_word' id='word_1_308' title='bbox 1328 2573 1482 2624; x_wconf 62' lang='lat' dir='ltr'>Dixit</span> <span class='ocrx_word' id='word_1_309' title='bbox 1523 2573 1750 2640; x_wconf 84' lang='lat' dir='ltr'>spiritus</span> <span class='ocrx_word' id='word_1_310' title='bbox 1771 2572 2046 2643; x_wconf 79' lang='lat' dir='ltr'>Philippo,</span> 
     </span>
    </p>
   </div>
   <div class='ocr_carea' id='block_1_42' title="bbox 362 2658 2048 2731">
    <p class='ocr_par' dir='ltr' id='par_1_42' title="bbox 362 2658 2048 2731">
     <span class='ocr_line' id='line_1_42' title="bbox 362 2658 2048 2731; baseline 0.004 -23"><span class='ocrx_word' id='word_1_311' title='bbox 362 2663 468 2712; x_wconf 76' lang='lat' dir='ltr'>etc.</span> <span class='ocrx_word' id='word_1_312' title='bbox 506 2660 785 2727; x_wconf 79' lang='lat' dir='ltr'>(Act.vm,</span> <span class='ocrx_word' id='word_1_313' title='bbox 818 2659 933 2728; x_wconf 79' lang='grc'>29).</span> <span class='ocrx_word' id='word_1_314' title='bbox 981 2688 1052 2698; x_wconf 93' lang='lat'>—</span> <span class='ocrx_word' id='word_1_315' title='bbox 1083 2659 1150 2711; x_wconf 83' lang='lat' dir='ltr'>II.</span> <span class='ocrx_word' id='word_1_316' title='bbox 1175 2658 1410 2722; x_wconf 88' lang='lat' dir='ltr'>Quando</span> <span class='ocrx_word' id='word_1_317' title='bbox 1452 2675 1585 2713; x_wconf 85' lang='lat' dir='ltr'>vero</span> <span class='ocrx_word' id='word_1_318' title='bbox 1627 2675 1730 2730; x_wconf 88' lang='lat' dir='ltr'>per</span> <span class='ocrx_word' id='word_1_319' title='bbox 1758 2663 2048 2731; x_wconf 78' lang='lat' dir='ltr'>angelum,</span> 
     </span>
    </p>
   </div>
   <div class='ocr_carea' id='block_1_43' title="bbox 362 2745 2048 2818">
    <p class='ocr_par' dir='ltr' id='par_1_43' title="bbox 362 2745 2048 2818">
     <span class='ocr_line' id='line_1_43' title="bbox 362 2745 2048 2818; baseline 0.001 -18"><span class='ocrx_word' id='word_1_320' title='bbox 362 2747 672 2817; x_wconf 84' lang='lat' dir='ltr'>aliquando</span> <span class='ocrx_word' id='word_1_321' title='bbox 739 2747 922 2800; x_wconf 88' lang='lat' dir='ltr'>verbis</span> <span class='ocrx_word' id='word_1_322' title='bbox 989 2751 1052 2800; x_wconf 89' lang='lat' dir='ltr'>ut</span> <span class='ocrx_word' id='word_1_323' title='bbox 1114 2745 1290 2800; x_wconf 90' lang='lat' dir='ltr'>illud:</span> <span class='ocrx_word' id='word_1_324' title='bbox 1362 2748 1670 2816; x_wconf 84' lang='lat' dir='ltr'>Clariﬁcavi</span> <span class='ocrx_word' id='word_1_325' title='bbox 1729 2750 1897 2818; x_wconf 83' lang='lat' dir='ltr'>(Joan.</span> <span class='ocrx_word' id='word_1_326' title='bbox 1949 2766 2048 2814; x_wconf 82' lang='lat' dir='ltr'>xu,</span> 
     </span>
    </p>
   </div>
   <div class='ocr_carea' id='block_1_44' title="bbox 365 2834 2049 2906">
    <p class='ocr_par' dir='ltr' id='par_1_44' title="bbox 365 2834 2049 2906">
     <span class='ocr_line' id='line_1_44' title="bbox 365 2834 2049 2906; baseline 0.001 -18"><span class='ocrx_word' id='word_1_327' title='bbox 365 2838 472 2902; x_wconf 84' lang='grc'>28),</span> <span class='ocrx_word' id='word_1_328' title='bbox 526 2841 651 2900; x_wconf 88' lang='lat' dir='ltr'>etc;</span> <span class='ocrx_word' id='word_1_329' title='bbox 701 2834 1009 2906; x_wconf 85' lang='lat' dir='ltr'>aliquando</span> <span class='ocrx_word' id='word_1_330' title='bbox 1054 2835 1224 2887; x_wconf 88' lang='lat' dir='ltr'>rebus</span> <span class='ocrx_word' id='word_1_331' title='bbox 1271 2834 1392 2888; x_wconf 89' lang='lat' dir='ltr'>sine</span> <span class='ocrx_word' id='word_1_332' title='bbox 1439 2835 1642 2902; x_wconf 84' lang='lat' dir='ltr'>verbis,</span> <span class='ocrx_word' id='word_1_333' title='bbox 1696 2840 1758 2890; x_wconf 88' lang='lat' dir='ltr'>nt</span> <span class='ocrx_word' id='word_1_334' title='bbox 1799 2837 2049 2891; x_wconf 82' lang='lat' dir='ltr'>Ezechiel</span> 
     </span>
    </p>
   </div>
   <div class='ocr_carea' id='block_1_45' title="bbox 364 2923 2125 3010">
    <p class='ocr_par' dir='ltr' id='par_1_45' title="bbox 364 2923 2125 3010">
     <span class='ocr_line' id='line_1_45' title="bbox 364 2923 2125 3010; baseline 0.003 -35"><span class='ocrx_word' id='word_1_335' title='bbox 364 2923 505 2976; x_wconf 91' lang='lat' dir='ltr'>vidit</span> <span class='ocrx_word' id='word_1_336' title='bbox 555 2924 830 2977; x_wconf 85' lang='lat' dir='ltr'>electrum</span> <span class='ocrx_word' id='word_1_337' title='bbox 901 2924 1112 2991; x_wconf 81' lang='lat' dir='ltr'>(Ezech.</span> <span class='ocrx_word' id='word_1_338' title='bbox 1173 2939 1208 2988; x_wconf 93' lang='grc' dir='ltr'><strong>ι,</strong></span> <span class='ocrx_word' id='word_1_339' title='bbox 1260 2923 1389 2991; x_wconf 82' lang='lat'>2‘7);</span> <span class='ocrx_word' id='word_1_340' title='bbox 1422 2924 1730 2994; x_wconf 86' lang='lat' dir='ltr'>aliquando</span> <span class='ocrx_word' id='word_1_341' title='bbox 1779 2926 1962 2979; x_wconf 84' lang='lat' dir='ltr'>verbis</span> <span class='ocrx_word' id='word_1_342' title='bbox 1993 2932 2050 2980; x_wconf 86' lang='lat' dir='ltr'>et</span> <span class='ocrx_word' id='word_1_343' title='bbox 2086 2954 2125 3010; x_wconf 69' lang='grc' dir='ltr'><strong>ρ</strong></span> 
     </span>
    </p>
   </div>
   <div class='ocr_carea' id='block_1_46' title="bbox 363 3010 2044 3078">
    <p class='ocr_par' dir='ltr' id='par_1_46' title="bbox 363 3010 2044 3078">
     <span class='ocr_line' id='line_1_46' title="bbox 363 3010 2044 3078; baseline 0.002 -13"><span class='ocrx_word' id='word_1_344' title='bbox 363 3011 552 3078; x_wconf 88' lang='lat' dir='ltr'>rebus,</span> <span class='ocrx_word' id='word_1_345' title='bbox 589 3023 649 3064; x_wconf 86' lang='lat' dir='ltr'>ut</span> <span class='ocrx_word' id='word_1_346' title='bbox 675 3011 848 3066; x_wconf 91' lang='lat' dir='ltr'>illud:</span> <span class='ocrx_word' id='word_1_347' title='bbox 885 3010 1242 3064; x_wconf 82' lang='lat' dir='ltr'>Deumbuluns</span> <span class='ocrx_word' id='word_1_348' title='bbox 1267 3013 1522 3066; x_wconf 77' lang='lat' dir='ltr'>Dominus</span> <span class='ocrx_word' id='word_1_349' title='bbox 1544 3013 1690 3066; x_wconf 69' lang='lat' dir='ltr'>dixit</span> <span class='ocrx_word' id='word_1_350' title='bbox 1711 3013 1784 3067; x_wconf 88' lang='lat' dir='ltr'>ad</span> <span class='ocrx_word' id='word_1_351' title='bbox 1822 3014 2004 3068; x_wconf 84' lang='lat' dir='ltr'>Adam</span> <span class='ocrx_word' id='word_1_352' title='bbox 2029 3033 2044 3069; x_wconf 93' lang='lat'><em>:</em></span> 
     </span>
    </p>
   </div>
   <div class='ocr_carea' id='block_1_47' title="bbox 368 3096 2051 3177">
    <p class='ocr_par' dir='ltr' id='par_1_47' title="bbox 368 3096 2051 3177">
     <span class='ocr_line' id='line_1_47' title="bbox 368 3096 2051 3177; baseline 0.002 -24"><span class='ocrx_word' id='word_1_353' title='bbox 368 3101 468 3153; x_wconf 77' lang='lat' dir='ltr'>Ubi</span> <span class='ocrx_word' id='word_1_354' title='bbox 488 3113 540 3153; x_wconf 88' lang='lat' dir='ltr'>es</span> <span class='ocrx_word' id='word_1_355' title='bbox 584 3100 734 3168; x_wconf 86' lang='lat' dir='ltr'>(Gen.</span> <span class='ocrx_word' id='word_1_356' title='bbox 763 3101 937 3177; x_wconf 40' lang='lat'>1&quot;,.8,</span> <span class='ocrx_word' id='word_1_357' title='bbox 981 3096 1082 3168; x_wconf 77' lang='lat'>9)?</span> <span class='ocrx_word' id='word_1_358' title='bbox 1118 3097 1440 3169; x_wconf 82' lang='lat' dir='ltr'>Aliquando</span> <span class='ocrx_word' id='word_1_359' title='bbox 1473 3101 1882 3171; x_wconf 84' lang='lat' dir='ltr'>imaginatione</span> <span class='ocrx_word' id='word_1_360' title='bbox 1923 3119 2051 3157; x_wconf 82' lang='lat' dir='ltr'>ocu-</span> 
     </span>
    </p>
   </div>
   <div class='ocr_carea' id='block_1_48' title="bbox 361 3187 2051 3261">
    <p class='ocr_par' dir='ltr' id='par_1_48' title="bbox 361 3187 2051 3261">
     <span class='ocr_line' id='line_1_48' title="bbox 361 3187 2051 3261; baseline 0.001 -19"><span class='ocrx_word' id='word_1_361' title='bbox 361 3188 431 3242; x_wconf 87' lang='lat' dir='ltr'>lis</span> <span class='ocrx_word' id='word_1_362' title='bbox 480 3187 664 3240; x_wconf 86' lang='lat' dir='ltr'>cordis</span> <span class='ocrx_word' id='word_1_363' title='bbox 716 3193 959 3250; x_wconf 82' lang='lat' dir='ltr'>ostensa,</span> <span class='ocrx_word' id='word_1_364' title='bbox 1014 3195 1077 3243; x_wconf 90' lang='lat' dir='ltr'>ut</span> <span class='ocrx_word' id='word_1_365' title='bbox 1116 3189 1286 3243; x_wconf 71' lang='lat' dir='ltr'>Iacob</span> <span class='ocrx_word' id='word_1_366' title='bbox 1330 3190 1475 3242; x_wconf 88' lang='lat' dir='ltr'>scala</span> <span class='ocrx_word' id='word_1_367' title='bbox 1524 3189 1628 3257; x_wconf 86' lang='lat' dir='ltr'>(Id.</span> <span class='ocrx_word' id='word_1_368' title='bbox 1666 3205 1852 3257; x_wconf 81' lang='lat' dir='ltr'>xxvm,</span> <span class='ocrx_word' id='word_1_369' title='bbox 1888 3193 1998 3261; x_wconf 81' lang='grc'><strong>12)</strong></span> <span class='ocrx_word' id='word_1_370' title='bbox 2036 3211 2051 3257; x_wconf 89' lang='grc'><strong>;</strong></span> 
     </span>
    </p>
   </div>
   <div class='ocr_carea' id='block_1_49' title="bbox 361 3275 2049 3346">
    <p class='ocr_par' dir='ltr' id='par_1_49' title="bbox 361 3275 2049 3346">
     <span class='ocr_line' id='line_1_49' title="bbox 361 3275 2049 3346; baseline 0.002 -18"><span class='ocrx_word' id='word_1_371' title='bbox 361 3275 672 3346; x_wconf 89' lang='lat' dir='ltr'>aliquando</span> <span class='ocrx_word' id='word_1_372' title='bbox 699 3275 870 3329; x_wconf 86' lang='lat' dir='ltr'>etiam</span> <span class='ocrx_word' id='word_1_373' title='bbox 897 3277 1187 3346; x_wconf 89' lang='lat' dir='ltr'>corporeis</span> <span class='ocrx_word' id='word_1_374' title='bbox 1227 3281 1450 3330; x_wconf 90' lang='lat' dir='ltr'>ostensa</span> <span class='ocrx_word' id='word_1_375' title='bbox 1481 3277 1752 3345; x_wconf 84' lang='lat' dir='ltr'>imagine,</span> <span class='ocrx_word' id='word_1_376' title='bbox 1787 3281 1848 3330; x_wconf 91' lang='lat' dir='ltr'>ut</span> <span class='ocrx_word' id='word_1_377' title='bbox 1871 3278 2049 3332; x_wconf 85' lang='lat' dir='ltr'>Abra-</span> 
     </span>
    </p>
   </div>
   <div class='ocr_carea' id='block_1_50' title="bbox 362 3362 2050 3435">
    <p class='ocr_par' dir='ltr' id='par_1_50' title="bbox 362 3362 2050 3435">
     <span class='ocr_line' id='line_1_50' title="bbox 362 3362 2050 3435; baseline 0.002 -19"><span class='ocrx_word' id='word_1_378' title='bbox 362 3362 495 3416; x_wconf 88' lang='lat' dir='ltr'>ham</span> <span class='ocrx_word' id='word_1_379' title='bbox 522 3368 634 3416; x_wconf 90' lang='lat' dir='ltr'>tres</span> <span class='ocrx_word' id='word_1_380' title='bbox 663 3363 896 3434; x_wconf 88' lang='lat' dir='ltr'>angelos</span> <span class='ocrx_word' id='word_1_381' title='bbox 926 3362 1033 3435; x_wconf 85' lang='lat' dir='ltr'>[Id.</span> <span class='ocrx_word' id='word_1_382' title='bbox 1087 3380 1241 3429; x_wconf 76' lang='lat' dir='ltr'>xvm,</span> <span class='ocrx_word' id='word_1_383' title='bbox 1286 3365 1378 3434; x_wconf 77' lang='lat'>‘2);</span> <span class='ocrx_word' id='word_1_384' title='bbox 1430 3366 1735 3434; x_wconf 89' lang='lat' dir='ltr'>aliquando</span> <span class='ocrx_word' id='word_1_385' title='bbox 1789 3381 1891 3434; x_wconf 87' lang='lat' dir='ltr'>per</span> <span class='ocrx_word' id='word_1_386' title='bbox 1938 3382 2050 3420; x_wconf 74' lang='lat' dir='ltr'>cce-</span> 
     </span>
    </p>
   </div>
   <div class='ocr_carea' id='block_1_51' title="bbox 365 3450 2048 3520">
    <p class='ocr_par' dir='ltr' id='par_1_51' title="bbox 365 3450 2048 3520">
     <span class='ocr_line' id='line_1_51' title="bbox 365 3450 2048 3520; baseline 0.001 -16"><span class='ocrx_word' id='word_1_387' title='bbox 365 3452 564 3505; x_wconf 86' lang='lat' dir='ltr'>lestem</span> <span class='ocrx_word' id='word_1_388' title='bbox 589 3450 986 3516; x_wconf 86' lang='lat' dir='ltr'>substantiam,</span> <span class='ocrx_word' id='word_1_389' title='bbox 1015 3458 1077 3505; x_wconf 89' lang='lat' dir='ltr'>ut</span> <span class='ocrx_word' id='word_1_390' title='bbox 1107 3468 1208 3504; x_wconf 84' lang='lat' dir='ltr'>vox</span> <span class='ocrx_word' id='word_1_391' title='bbox 1257 3451 1326 3505; x_wconf 91' lang='lat' dir='ltr'>de</span> <span class='ocrx_word' id='word_1_392' title='bbox 1373 3452 1522 3505; x_wconf 89' lang='lat' dir='ltr'>nube</span> <span class='ocrx_word' id='word_1_393' title='bbox 1554 3453 1775 3520; x_wconf 56' lang='lat' dir='ltr'>(J1Ut‘h.</span> <span class='ocrx_word' id='word_1_394' title='bbox 1796 3469 1928 3520; x_wconf 85' lang='lat' dir='ltr'>xvu,</span> <span class='ocrx_word' id='word_1_395' title='bbox 1963 3456 2048 3520; x_wconf 82' lang='lat'>5);</span> 
     </span>
    </p>
   </div>
   <div class='ocr_carea' id='block_1_52' title="bbox 363 3539 2050 3610">
    <p class='ocr_par' dir='ltr' id='par_1_52' title="bbox 363 3539 2050 3610">
     <span class='ocr_line' id='line_1_52' title="bbox 363 3539 2050 3610; baseline 0.001 -18"><span class='ocrx_word' id='word_1_396' title='bbox 363 3540 675 3610; x_wconf 80' lang='lat' dir='ltr'>aliquando</span> <span class='ocrx_word' id='word_1_397' title='bbox 731 3555 832 3610; x_wconf 89' lang='lat' dir='ltr'>per</span> <span class='ocrx_word' id='word_1_398' title='bbox 864 3544 1148 3593; x_wconf 89' lang='lat' dir='ltr'>terrenam</span> <span class='ocrx_word' id='word_1_399' title='bbox 1195 3539 1590 3607; x_wconf 87' lang='lat' dir='ltr'>substantiam,</span> <span class='ocrx_word' id='word_1_400' title='bbox 1619 3543 1680 3593; x_wconf 86' lang='lat' dir='ltr'>ut</span> <span class='ocrx_word' id='word_1_401' title='bbox 1704 3557 1805 3610; x_wconf 89' lang='lat' dir='ltr'>per</span> <span class='ocrx_word' id='word_1_402' title='bbox 1835 3542 2050 3596; x_wconf 86' lang='lat' dir='ltr'>asinam</span> 
     </span>
    </p>
   </div>
   <div class='ocr_carea' id='block_1_53' title="bbox 369 3627 2050 3699">
    <p class='ocr_par' dir='ltr' id='par_1_53' title="bbox 369 3627 2050 3699">
     <span class='ocr_line' id='line_1_53' title="bbox 369 3627 2050 3699; baseline 0.001 -17"><span class='ocrx_word' id='word_1_403' title='bbox 369 3629 592 3682; x_wconf 76' lang='lat' dir='ltr'>Balaam</span> <span class='ocrx_word' id='word_1_404' title='bbox 652 3629 830 3696; x_wconf 83' lang='lat' dir='ltr'>(Num.</span> <span class='ocrx_word' id='word_1_405' title='bbox 876 3643 1012 3692; x_wconf 82' lang='lat' dir='ltr'>xm,</span> <span class='ocrx_word' id='word_1_406' title='bbox 1056 3629 1176 3699; x_wconf 79' lang='lat'>28);</span> <span class='ocrx_word' id='word_1_407' title='bbox 1235 3627 1546 3698; x_wconf 88' lang='lat' dir='ltr'>aliquando</span> <span class='ocrx_word' id='word_1_408' title='bbox 1586 3629 1826 3682; x_wconf 87' lang='lat' dir='ltr'>terrenis</span> <span class='ocrx_word' id='word_1_409' title='bbox 1857 3633 1914 3683; x_wconf 89' lang='lat' dir='ltr'>et</span> <span class='ocrx_word' id='word_1_410' title='bbox 1940 3645 2050 3683; x_wconf 76' lang='lat' dir='ltr'>cce-</span> 
     </span>
    </p>
   </div>
   <div class='ocr_carea' id='block_1_54' title="bbox 365 3714 2052 3786">
    <p class='ocr_par' dir='ltr' id='par_1_54' title="bbox 365 3714 2052 3786">
     <span class='ocr_line' id='line_1_54' title="bbox 365 3714 2052 3786; baseline -0.002 -16"><span class='ocrx_word' id='word_1_411' title='bbox 365 3715 596 3770; x_wconf 75' lang='lat' dir='ltr'>lestibus</span> <span class='ocrx_word' id='word_1_412' title='bbox 649 3716 816 3771; x_wconf 86' lang='lat' dir='ltr'>simul</span> <span class='ocrx_word' id='word_1_413' title='bbox 864 3716 1078 3786; x_wconf 87' lang='lat' dir='ltr'>junctis</span> <span class='ocrx_word' id='word_1_414' title='bbox 1137 3714 1492 3770; x_wconf 86' lang='lat' dir='ltr'>substantiis.</span> <span class='ocrx_word' id='word_1_415' title='bbox 1575 3715 1727 3786; x_wconf 87' lang='lat' dir='ltr'>Ignis</span> <span class='ocrx_word' id='word_1_416' title='bbox 1798 3716 1856 3769; x_wconf 87' lang='lat' dir='ltr'>in</span> <span class='ocrx_word' id='word_1_417' title='bbox 1907 3718 2052 3770; x_wconf 80' lang='lat' dir='ltr'>rubo</span> 
     </span>
    </p>
   </div>
   <div class='ocr_carea' id='block_1_55' title="bbox 365 3804 2052 3876">
    <p class='ocr_par' dir='ltr' id='par_1_55' title="bbox 365 3804 2052 3876">
     <span class='ocr_line' id='line_1_55' title="bbox 365 3804 2052 3876; baseline -0.001 -16"><span class='ocrx_word' id='word_1_418' title='bbox 365 3805 565 3868; x_wconf 67' lang='lat' dir='ltr'>(Exod.</span> <span class='ocrx_word' id='word_1_419' title='bbox 625 3821 703 3870; x_wconf 87' lang='grc' dir='ltr'><strong>ιιι,</strong></span> <span class='ocrx_word' id='word_1_420' title='bbox 749 3807 798 3872; x_wconf 84' lang='grc'><strong>2)</strong></span> <span class='ocrx_word' id='word_1_421' title='bbox 855 3804 1192 3876; x_wconf 89' lang='lat' dir='ltr'>signiﬁcatio</span> <span class='ocrx_word' id='word_1_422' title='bbox 1241 3809 1364 3858; x_wconf 87' lang='lat' dir='ltr'>erat</span> <span class='ocrx_word' id='word_1_423' title='bbox 1410 3804 1565 3875; x_wconf 86' lang='lat' dir='ltr'>quod</span> <span class='ocrx_word' id='word_1_424' title='bbox 1604 3806 1691 3858; x_wconf 82' lang='lat' dir='ltr'>lex</span> <span class='ocrx_word' id='word_1_425' title='bbox 1741 3805 1908 3875; x_wconf 86' lang='lat' dir='ltr'>ignea</span> <span class='ocrx_word' id='word_1_426' title='bbox 1935 3821 2052 3859; x_wconf 84' lang='lat' dir='ltr'>non</span> 
     </span>
    </p>
   </div>
   <div class='ocr_carea' id='block_1_56' title="bbox 363 3892 2050 3964">
    <p class='ocr_par' dir='ltr' id='par_1_56' title="bbox 363 3892 2050 3964">
     <span class='ocr_line' id='line_1_56' title="bbox 363 3892 2050 3964; baseline 0.001 -19"><span class='ocrx_word' id='word_1_427' title='bbox 363 3893 725 3947; x_wconf 87' lang='lat' dir='ltr'>combureret</span> <span class='ocrx_word' id='word_1_428' title='bbox 745 3892 936 3963; x_wconf 87' lang='lat' dir='ltr'>spinas</span> <span class='ocrx_word' id='word_1_429' title='bbox 967 3897 1328 3964; x_wconf 83' lang='lat' dir='ltr'>peccatorum</span> <span class='ocrx_word' id='word_1_430' title='bbox 1359 3893 1706 3958; x_wconf 70' lang='lat' dir='ltr'>.ludteorum,</span> <span class='ocrx_word' id='word_1_431' title='bbox 1735 3892 1869 3956; x_wconf 77' lang='lat' dir='ltr'>sive,</span> <span class='ocrx_word' id='word_1_432' title='bbox 1900 3896 2050 3964; x_wconf 78' lang='lat' dir='ltr'>quod</span> 
     </span>
    </p>
   </div>
   <div class='ocr_carea' id='block_1_57' title="bbox 366 3980 2050 4050">
    <p class='ocr_par' dir='ltr' id='par_1_57' title="bbox 366 3980 2050 4050">
     <span class='ocr_line' id='line_1_57' title="bbox 366 3980 2050 4050; baseline -0.002 -14"><span class='ocrx_word' id='word_1_433' title='bbox 366 3980 562 4036; x_wconf 88' lang='lat' dir='ltr'>divina</span> <span class='ocrx_word' id='word_1_434' title='bbox 601 3986 807 4036; x_wconf 89' lang='lat' dir='ltr'>natura</span> <span class='ocrx_word' id='word_1_435' title='bbox 849 3984 1164 4034; x_wconf 88' lang='lat' dir='ltr'>assumeret</span> <span class='ocrx_word' id='word_1_436' title='bbox 1212 3980 1405 4050; x_wconf 81' lang='lat' dir='ltr'>spinas</span> <span class='ocrx_word' id='word_1_437' title='bbox 1434 3985 1640 4034; x_wconf 81' lang='lat' dir='ltr'>nostrae</span> <span class='ocrx_word' id='word_1_438' title='bbox 1671 3981 2050 4047; x_wconf 70' lang='lat' dir='ltr'>mortalitatis,</span> 
     </span>
    </p>
   </div>
   <div class='ocr_carea' id='block_1_58' title="bbox 365 4069 2053 4138">
    <p class='ocr_par' dir='ltr' id='par_1_58' title="bbox 365 4069 2053 4138">
     <span class='ocr_line' id='line_1_58' title="bbox 365 4069 2053 4138; baseline -0.001 -15"><span class='ocrx_word' id='word_1_439' title='bbox 365 4070 463 4124; x_wconf 90' lang='lat' dir='ltr'>sed</span> <span class='ocrx_word' id='word_1_440' title='bbox 488 4074 700 4135; x_wconf 84' lang='lat' dir='ltr'>tamen,</span> <span class='ocrx_word' id='word_1_441' title='bbox 739 4069 937 4123; x_wconf 89' lang='lat' dir='ltr'>eadem</span> <span class='ocrx_word' id='word_1_442' title='bbox 985 4069 1312 4123; x_wconf 87' lang='lat' dir='ltr'>humanitas</span> <span class='ocrx_word' id='word_1_443' title='bbox 1353 4087 1463 4123; x_wconf 89' lang='lat' dir='ltr'>non</span> <span class='ocrx_word' id='word_1_444' title='bbox 1504 4075 1625 4124; x_wconf 88' lang='lat' dir='ltr'>erat</span> <span class='ocrx_word' id='word_1_445' title='bbox 1646 4071 2053 4138; x_wconf 79' lang='lat' dir='ltr'>consumenda,</span> 
     </span>
    </p>
   </div>
   <div class='ocr_carea' id='block_1_59' title="bbox 367 4157 2054 4228">
    <p class='ocr_par' dir='ltr' id='par_1_59' title="bbox 367 4157 2054 4228">
     <span class='ocr_line' id='line_1_59' title="bbox 367 4157 2054 4228; baseline 0.001 -18"><span class='ocrx_word' id='word_1_446' title='bbox 367 4173 470 4210; x_wconf 89' lang='lat' dir='ltr'>nec</span> <span class='ocrx_word' id='word_1_447' title='bbox 503 4157 812 4223; x_wconf 89' lang='lat' dir='ltr'>mutanda;</span> <span class='ocrx_word' id='word_1_448' title='bbox 870 4157 1178 4228; x_wconf 86' lang='lat' dir='ltr'>aliquando</span> <span class='ocrx_word' id='word_1_449' title='bbox 1213 4174 1315 4226; x_wconf 91' lang='lat' dir='ltr'>per</span> <span class='ocrx_word' id='word_1_450' title='bbox 1353 4157 1541 4227; x_wconf 89' lang='lat' dir='ltr'>angeli</span> <span class='ocrx_word' id='word_1_451' title='bbox 1581 4158 1862 4211; x_wconf 87' lang='lat' dir='ltr'>occultam</span> <span class='ocrx_word' id='word_1_452' title='bbox 1918 4159 2054 4211; x_wconf 85' lang='lat' dir='ltr'>illu-</span> 
     </span>
    </p>
   </div>
   <div class='ocr_carea' id='block_1_60' title="bbox 367 4245 2059 4314">
    <p class='ocr_par' dir='ltr' id='par_1_60' title="bbox 367 4245 2059 4314">
     <span class='ocr_line' id='line_1_60' title="bbox 367 4245 2059 4314; baseline 0.001 -15"><span class='ocrx_word' id='word_1_453' title='bbox 367 4245 731 4313; x_wconf 89' lang='lat' dir='ltr'>strationem,</span> <span class='ocrx_word' id='word_1_454' title='bbox 778 4250 842 4298; x_wconf 89' lang='lat' dir='ltr'>ut</span> <span class='ocrx_word' id='word_1_455' title='bbox 886 4245 1070 4301; x_wconf 88' lang='lat' dir='ltr'>illud:</span> <span class='ocrx_word' id='word_1_456' title='bbox 1113 4247 1356 4312; x_wconf 74' lang='lat' dir='ltr'>Angelus</span> <span class='ocrx_word' id='word_1_457' title='bbox 1401 4246 1499 4312; x_wconf 84' lang='lat' dir='ltr'>qui</span> <span class='ocrx_word' id='word_1_458' title='bbox 1543 4245 1861 4314; x_wconf 83' lang='lat' dir='ltr'>loquebatur</span> <span class='ocrx_word' id='word_1_459' title='bbox 1890 4247 1949 4299; x_wconf 82' lang='lat' dir='ltr'>in</span> <span class='ocrx_word' id='word_1_460' title='bbox 1978 4261 2059 4300; x_wconf 89' lang='lat' dir='ltr'>me</span> 
     </span>
    </p>
   </div>
   <div class='ocr_carea' id='block_1_61' title="bbox 371 4331 2060 4402">
    <p class='ocr_par' dir='ltr' id='par_1_61' title="bbox 371 4331 2060 4402">
     <span class='ocr_line' id='line_1_61' title="bbox 371 4331 2060 4402; baseline 0.001 -18"><span class='ocrx_word' id='word_1_461' title='bbox 371 4333 549 4401; x_wconf 83' lang='lat' dir='ltr'>(Zach.</span> <span class='ocrx_word' id='word_1_462' title='bbox 605 4349 673 4399; x_wconf 84' lang='lat' dir='ltr'>iv,</span> <span class='ocrx_word' id='word_1_463' title='bbox 721 4334 776 4402; x_wconf 82' lang='lat'>5)</span> <span class='ocrx_word' id='word_1_464' title='bbox 825 4337 930 4387; x_wconf 90' lang='lat' dir='ltr'>etc.</span> <span class='ocrx_word' id='word_1_465' title='bbox 978 4333 1180 4386; x_wconf 89' lang='lat' dir='ltr'>Decem</span> <span class='ocrx_word' id='word_1_466' title='bbox 1226 4331 1410 4386; x_wconf 88' lang='lat' dir='ltr'>modis</span> <span class='ocrx_word' id='word_1_467' title='bbox 1456 4333 1770 4401; x_wconf 82' lang='lat' dir='ltr'>loquuntur</span> <span class='ocrx_word' id='word_1_468' title='bbox 1798 4331 2060 4387; x_wconf 87' lang='lat' dir='ltr'>homines</span> 
     </span>
    </p>
   </div>
   <div class='ocr_carea' id='block_1_62' title="bbox 2163 1805 3855 1876">
    <p class='ocr_par' dir='ltr' id='par_1_62' title="bbox 2163 1805 3855 1876">
     <span class='ocr_line' id='line_1_62' title="bbox 2163 1805 3855 1876; baseline 0.002 -18"><span class='ocrx_word' id='word_1_469' title='bbox 2163 1806 2309 1869; x_wconf 86' lang='lat' dir='ltr'>(Isai</span> <span class='ocrx_word' id='word_1_470' title='bbox 2377 1822 2412 1872; x_wconf 90' lang='grc' dir='ltr'><strong>ι,</strong></span> <span class='ocrx_word' id='word_1_471' title='bbox 2491 1805 2613 1874; x_wconf 86' lang='lat' dir='ltr'>l4);</span> <span class='ocrx_word' id='word_1_472' title='bbox 2671 1806 2898 1859; x_wconf 66' lang='lat' dir='ltr'>Paenitet</span> <span class='ocrx_word' id='word_1_473' title='bbox 2963 1821 3044 1858; x_wconf 87' lang='lat' dir='ltr'>me</span> <span class='ocrx_word' id='word_1_474' title='bbox 3104 1806 3312 1874; x_wconf 82' lang='lat' dir='ltr'>fecisse)</span> <span class='ocrx_word' id='word_1_475' title='bbox 3350 1806 3477 1860; x_wconf 78' lang='lat' dir='ltr'>Gen.</span> <span class='ocrx_word' id='word_1_476' title='bbox 3538 1820 3608 1873; x_wconf 85' lang='lat' dir='ltr'>v1,</span> <span class='ocrx_word' id='word_1_477' title='bbox 3665 1807 3744 1876; x_wconf 85' lang='lat'>‘7).</span> <span class='ocrx_word' id='word_1_478' title='bbox 3791 1809 3855 1861; x_wconf 86' lang='lat' dir='ltr'>In</span> 
     </span>
    </p>
   </div>
   <div class='ocr_carea' id='block_1_63' title="bbox 2163 1892 3858 1964">
    <p class='ocr_par' dir='ltr' id='par_1_63' title="bbox 2163 1892 3858 1964">
     <span class='ocr_line' id='line_1_63' title="bbox 2163 1892 3858 1964; baseline 0.001 -17"><span class='ocrx_word' id='word_1_479' title='bbox 2163 1893 2262 1947; x_wconf 88' lang='lat' dir='ltr'>Dei</span> <span class='ocrx_word' id='word_1_480' title='bbox 2293 1899 2496 1947; x_wconf 88' lang='lat' dir='ltr'>natura</span> <span class='ocrx_word' id='word_1_481' title='bbox 2516 1892 2607 1946; x_wconf 90' lang='lat' dir='ltr'>cui</span> <span class='ocrx_word' id='word_1_482' title='bbox 2638 1909 2864 1964; x_wconf 88' lang='lat' dir='ltr'>semper</span> <span class='ocrx_word' id='word_1_483' title='bbox 2911 1893 3059 1948; x_wconf 89' lang='lat' dir='ltr'>idem</span> <span class='ocrx_word' id='word_1_484' title='bbox 3101 1909 3221 1946; x_wconf 88' lang='lat' dir='ltr'>esse</span> <span class='ocrx_word' id='word_1_485' title='bbox 3261 1897 3363 1959; x_wconf 89' lang='lat' dir='ltr'>est,</span> <span class='ocrx_word' id='word_1_486' title='bbox 3411 1910 3525 1947; x_wconf 92' lang='lat' dir='ltr'>non</span> <span class='ocrx_word' id='word_1_487' title='bbox 3555 1894 3706 1948; x_wconf 87' lang='lat' dir='ltr'>cadit</span> <span class='ocrx_word' id='word_1_488' title='bbox 3738 1911 3858 1950; x_wconf 89' lang='lat' dir='ltr'>mu-</span> 
     </span>
    </p>
   </div>
   <div class='ocr_carea' id='block_1_64' title="bbox 2158 1980 3857 2051">
    <p class='ocr_par' dir='ltr' id='par_1_64' title="bbox 2158 1980 3857 2051">
     <span class='ocr_line' id='line_1_64' title="bbox 2158 1980 3857 2051; baseline 0.002 -17"><span class='ocrx_word' id='word_1_489' title='bbox 2158 1981 2317 2047; x_wconf 86' lang='lat' dir='ltr'>tatio,</span> <span class='ocrx_word' id='word_1_490' title='bbox 2370 1980 2504 2051; x_wconf 88' lang='lat' dir='ltr'>quia</span> <span class='ocrx_word' id='word_1_491' title='bbox 2553 1981 2697 2035; x_wconf 89' lang='lat' dir='ltr'>nihil</span> <span class='ocrx_word' id='word_1_492' title='bbox 2751 1981 3011 2035; x_wconf 90' lang='lat' dir='ltr'>accidens</span> <span class='ocrx_word' id='word_1_493' title='bbox 3053 1986 3139 2034; x_wconf 88' lang='lat' dir='ltr'>est</span> <span class='ocrx_word' id='word_1_494' title='bbox 3175 1980 3280 2035; x_wconf 90' lang='lat' dir='ltr'>illi.</span> <span class='ocrx_word' id='word_1_495' title='bbox 3325 1983 3609 2036; x_wconf 63' lang='lat' dir='ltr'>Creaturas</span> <span class='ocrx_word' id='word_1_496' title='bbox 3641 1982 3857 2038; x_wconf 86' lang='lat' dir='ltr'>habent</span> 
     </span>
    </p>
   </div>
   <div class='ocr_carea' id='block_1_65' title="bbox 2162 2065 3854 2142">
    <p class='ocr_par' dir='ltr' id='par_1_65' title="bbox 2162 2065 3854 2142">
     <span class='ocr_line' id='line_1_65' title="bbox 2162 2065 3854 2142; baseline 0.002 -20"><span class='ocrx_word' id='word_1_497' title='bbox 2162 2069 2520 2134; x_wconf 89' lang='lat' dir='ltr'>accidentias,</span> <span class='ocrx_word' id='word_1_498' title='bbox 2573 2084 2676 2138; x_wconf 90' lang='lat' dir='ltr'>per</span> <span class='ocrx_word' id='word_1_499' title='bbox 2719 2085 2860 2140; x_wconf 88' lang='lat' dir='ltr'>quas</span> <span class='ocrx_word' id='word_1_500' title='bbox 2903 2073 3001 2122; x_wconf 87' lang='lat' dir='ltr'>aut</span> <span class='ocrx_word' id='word_1_501' title='bbox 3049 2083 3256 2138; x_wconf 87' lang='lat' dir='ltr'>magna</span> <span class='ocrx_word' id='word_1_502' title='bbox 3287 2074 3386 2121; x_wconf 87' lang='lat' dir='ltr'>aut</span> <span class='ocrx_word' id='word_1_503' title='bbox 3415 2065 3854 2142; x_wconf 86' lang='lat' dir='ltr'>qualiscumque</span> 
     </span>
    </p>
   </div>
   <div class='ocr_carea' id='block_1_66' title="bbox 2160 2155 3846 2227">
    <p class='ocr_par' dir='ltr' id='par_1_66' title="bbox 2160 2155 3846 2227">
     <span class='ocr_line' id='line_1_66' title="bbox 2160 2155 3846 2227; baseline 0.001 -17"><span class='ocrx_word' id='word_1_504' title='bbox 2160 2159 2261 2210; x_wconf 86' lang='lat' dir='ltr'>tiat</span> <span class='ocrx_word' id='word_1_505' title='bbox 2311 2155 2592 2223; x_wconf 84' lang='lat' dir='ltr'>mutatio;</span> <span class='ocrx_word' id='word_1_506' title='bbox 2636 2157 2784 2226; x_wconf 88' lang='lat' dir='ltr'>apud</span> <span class='ocrx_word' id='word_1_507' title='bbox 2835 2158 3014 2210; x_wconf 88' lang='lat' dir='ltr'>Deum</span> <span class='ocrx_word' id='word_1_508' title='bbox 3066 2172 3218 2223; x_wconf 90' lang='lat' dir='ltr'>vero,</span> <span class='ocrx_word' id='word_1_509' title='bbox 3262 2155 3408 2210; x_wconf 86' lang='lat' dir='ltr'>sicut</span> <span class='ocrx_word' id='word_1_510' title='bbox 3435 2157 3712 2227; x_wconf 76' lang='lat' dir='ltr'>scriptum</span> <span class='ocrx_word' id='word_1_511' title='bbox 3742 2165 3846 2224; x_wconf 90' lang='lat' dir='ltr'>est,</span> 
     </span>
    </p>
   </div>
   <div class='ocr_carea' id='block_1_67' title="bbox 2160 2243 3846 2312">
    <p class='ocr_par' dir='ltr' id='par_1_67' title="bbox 2160 2243 3846 2312">
     <span class='ocr_line' id='line_1_67' title="bbox 2160 2243 3846 2312; baseline 0.002 -16"><span class='ocrx_word' id='word_1_512' title='bbox 2160 2243 2319 2296; x_wconf 87' lang='lat' dir='ltr'>nulla</span> <span class='ocrx_word' id='word_1_513' title='bbox 2363 2248 2449 2297; x_wconf 87' lang='lat' dir='ltr'>est</span> <span class='ocrx_word' id='word_1_514' title='bbox 2492 2245 2891 2297; x_wconf 84' lang='lat' dir='ltr'>transmutatio</span> <span class='ocrx_word' id='word_1_515' title='bbox 2933 2244 3068 2312; x_wconf 86' lang='lat' dir='ltr'>(Jac.</span> <span class='ocrx_word' id='word_1_516' title='bbox 3119 2260 3156 2310; x_wconf 86' lang='grc' dir='ltr'><strong>ι,</strong></span> <span class='ocrx_word' id='word_1_517' title='bbox 3220 2248 3322 2307; x_wconf 81' lang='lat' dir='ltr'>l7),</span> <span class='ocrx_word' id='word_1_518' title='bbox 3359 2246 3506 2299; x_wconf 88' lang='lat' dir='ltr'>sicut</span> <span class='ocrx_word' id='word_1_519' title='bbox 3535 2247 3736 2300; x_wconf 86' lang='lat' dir='ltr'>Paulus</span> <span class='ocrx_word' id='word_1_520' title='bbox 3765 2248 3846 2300; x_wconf 84' lang='lat' dir='ltr'>di-</span> 
     </span>
    </p>
   </div>
   <div class='ocr_carea' id='block_1_68' title="bbox 2159 2330 3849 2400">
    <p class='ocr_par' dir='ltr' id='par_1_68' title="bbox 2159 2330 3849 2400">
     <span class='ocr_line' id='line_1_68' title="bbox 2159 2330 3849 2400; baseline 0.004 -16"><span class='ocrx_word' id='word_1_521' title='bbox 2159 2330 2276 2384; x_wconf 91' lang='lat' dir='ltr'>cit:</span> <span class='ocrx_word' id='word_1_522' title='bbox 2338 2333 2458 2386; x_wconf 84' lang='lat' dir='ltr'>Non</span> <span class='ocrx_word' id='word_1_523' title='bbox 2508 2336 2584 2385; x_wconf 89' lang='lat' dir='ltr'>est</span> <span class='ocrx_word' id='word_1_524' title='bbox 2642 2333 2699 2384; x_wconf 89' lang='lat' dir='ltr'>in</span> <span class='ocrx_word' id='word_1_525' title='bbox 2737 2332 2852 2398; x_wconf 83' lang='lat' dir='ltr'>illo,</span> <span class='ocrx_word' id='word_1_526' title='bbox 2899 2337 2978 2386; x_wconf 89' lang='lat' dir='ltr'>est</span> <span class='ocrx_word' id='word_1_527' title='bbox 3019 2337 3070 2385; x_wconf 88' lang='lat' dir='ltr'>et</span> <span class='ocrx_word' id='word_1_528' title='bbox 3116 2347 3267 2386; x_wconf 88' lang='lat' dir='ltr'>non:</span> <span class='ocrx_word' id='word_1_529' title='bbox 3313 2333 3408 2386; x_wconf 88' lang='lat' dir='ltr'>sed</span> <span class='ocrx_word' id='word_1_530' title='bbox 3435 2340 3532 2400; x_wconf 84' lang='lat' dir='ltr'>est,</span> <span class='ocrx_word' id='word_1_531' title='bbox 3567 2337 3622 2388; x_wconf 84' lang='lat' dir='ltr'>in</span> <span class='ocrx_word' id='word_1_532' title='bbox 3644 2336 3738 2390; x_wconf 82' lang='lat' dir='ltr'>illo</span> <span class='ocrx_word' id='word_1_533' title='bbox 3768 2341 3849 2390; x_wconf 84' lang='lat' dir='ltr'>est</span> 
     </span>
    </p>
   </div>
   <div class='ocr_carea' id='block_1_69' title="bbox 2161 2419 3854 2490">
    <p class='ocr_par' dir='ltr' id='par_1_69' title="bbox 2161 2419 3854 2490">
     <span class='ocr_line' id='line_1_69' title="bbox 2161 2419 3854 2490; baseline 0.003 -17"><span class='ocrx_word' id='word_1_534' title='bbox 2161 2419 2239 2489; x_wconf 90' lang='lat' dir='ltr'>(II</span> <span class='ocrx_word' id='word_1_535' title='bbox 2269 2421 2388 2474; x_wconf 82' lang='lat' dir='ltr'>Cor.</span> <span class='ocrx_word' id='word_1_536' title='bbox 2426 2435 2463 2485; x_wconf 83' lang='lat'>1,</span> <span class='ocrx_word' id='word_1_537' title='bbox 2496 2421 2598 2487; x_wconf 76' lang='lat'>19).</span> <span class='ocrx_word' id='word_1_538' title='bbox 2660 2419 2726 2473; x_wconf 85' lang='lat' dir='ltr'>Et</span> <span class='ocrx_word' id='word_1_539' title='bbox 2777 2419 2950 2490; x_wconf 83' lang='lat' dir='ltr'>Moysi</span> <span class='ocrx_word' id='word_1_540' title='bbox 2991 2419 3166 2474; x_wconf 85' lang='lat' dir='ltr'>dicit:</span> <span class='ocrx_word' id='word_1_541' title='bbox 3229 2421 3338 2486; x_wconf 82' lang='lat' dir='ltr'>Qui</span> <span class='ocrx_word' id='word_1_542' title='bbox 3363 2425 3464 2490; x_wconf 82' lang='lat' dir='ltr'>est,</span> <span class='ocrx_word' id='word_1_543' title='bbox 3495 2424 3645 2477; x_wconf 84' lang='lat' dir='ltr'>misit</span> <span class='ocrx_word' id='word_1_544' title='bbox 3673 2439 3748 2477; x_wconf 86' lang='lat' dir='ltr'>me</span> <span class='ocrx_word' id='word_1_545' title='bbox 3778 2425 3854 2478; x_wconf 87' lang='lat' dir='ltr'>ad</span> 
     </span>
    </p>
   </div>
   <div class='ocr_carea' id='block_1_70' title="bbox 2159 2506 3558 2577">
    <p class='ocr_par' dir='ltr' id='par_1_70' title="bbox 2159 2506 3558 2577">
     <span class='ocr_line' id='line_1_70' title="bbox 2159 2506 3558 2577; baseline 0 -17"><span class='ocrx_word' id='word_1_546' title='bbox 2159 2520 2252 2561; x_wconf 83' lang='lat' dir='ltr'>vos</span> <span class='ocrx_word' id='word_1_547' title='bbox 2278 2506 2473 2577; x_wconf 65' lang='lat' dir='ltr'>(Exod.</span> <span class='ocrx_word' id='word_1_548' title='bbox 2506 2522 2586 2572; x_wconf 89' lang='grc' dir='ltr'><strong>ιιι,</strong></span> <span class='ocrx_word' id='word_1_549' title='bbox 2610 2507 2714 2576; x_wconf 55' lang='lat' dir='ltr'>li).</span> <span class='ocrx_word' id='word_1_550' title='bbox 3555 2521 3558 2526; x_wconf 85' lang='lat'>&#39;</span> 
     </span>
    </p>
   </div>
   <div class='ocr_carea' id='block_1_71' title="bbox 2653 2611 3358 2669">
    <p class='ocr_par' dir='ltr' id='par_1_71' title="bbox 2653 2611 3358 2669">
     <span class='ocr_line' id='line_1_71' title="bbox 2653 2611 3358 2669; baseline 0.006 -5"><span class='ocrx_word' id='word_1_551' title='bbox 2653 2612 2726 2664; x_wconf 86' lang='lat' dir='ltr'>In</span> <span class='ocrx_word' id='word_1_552' title='bbox 2751 2611 2914 2666; x_wconf 83' lang='lat' dir='ltr'>libros</span> <span class='ocrx_word' id='word_1_553' title='bbox 2945 2611 3010 2666; x_wconf 90' lang='lat' dir='ltr'>de</span> <span class='ocrx_word' id='word_1_554' title='bbox 3038 2612 3358 2669; x_wconf 58' lang='lat' dir='ltr'>Heresibus.</span> 
     </span>
    </p>
   </div>
   <div class='ocr_carea' id='block_1_72' title="bbox 2235 2733 3859 2806">
    <p class='ocr_par' dir='ltr' id='par_1_72' title="bbox 2235 2733 3859 2806">
     <span class='ocr_line' id='line_1_72' title="bbox 2235 2733 3859 2806; baseline 0.005 -18"><span class='ocrx_word' id='word_1_555' title='bbox 2235 2733 2299 2788; x_wconf 92' lang='lat' dir='ltr'>Hi</span> <span class='ocrx_word' id='word_1_556' title='bbox 2359 2749 2550 2788; x_wconf 88' lang='lat' dir='ltr'>versus</span> <span class='ocrx_word' id='word_1_557' title='bbox 2616 2735 2822 2788; x_wconf 71' lang='lat' dir='ltr'>a‘dsnnt</span> <span class='ocrx_word' id='word_1_558' title='bbox 2883 2734 2942 2788; x_wconf 90' lang='lat' dir='ltr'>in</span> <span class='ocrx_word' id='word_1_559' title='bbox 2972 2735 3095 2789; x_wconf 93' lang='lat' dir='ltr'>cod.</span> <span class='ocrx_word' id='word_1_560' title='bbox 3172 2752 3388 2804; x_wconf 78' lang='lat' dir='ltr'>cuvm,</span> <span class='ocrx_word' id='word_1_561' title='bbox 3457 2737 3560 2795; x_wconf 81' lang='lat' dir='ltr'>fol.</span> <span class='ocrx_word' id='word_1_562' title='bbox 3629 2741 3720 2806; x_wconf 70' lang='grc'>46,</span> <span class='ocrx_word' id='word_1_563' title='bbox 3759 2742 3859 2796; x_wconf 85' lang='lat' dir='ltr'>ubi</span> 
     </span>
    </p>
   </div>
   <div class='ocr_carea' id='block_1_73' title="bbox 2160 2821 3858 2897">
    <p class='ocr_par' dir='ltr' id='par_1_73' title="bbox 2160 2821 3858 2897">
     <span class='ocr_line' id='line_1_73' title="bbox 2160 2821 3858 2897; baseline 0.005 -23"><span class='ocrx_word' id='word_1_564' title='bbox 2160 2821 2528 2875; x_wconf 87' lang='lat' dir='ltr'>continentur</span> <span class='ocrx_word' id='word_1_565' title='bbox 2550 2823 2698 2876; x_wconf 80' lang='lat' dir='ltr'>varia</span> <span class='ocrx_word' id='word_1_566' title='bbox 2731 2839 2922 2892; x_wconf 84' lang='lat' dir='ltr'>opera,</span> <span class='ocrx_word' id='word_1_567' title='bbox 2967 2839 3097 2894; x_wconf 67' lang='lat' dir='ltr'>qua:</span> <span class='ocrx_word' id='word_1_568' title='bbox 3127 2825 3326 2880; x_wconf 87' lang='lat' dir='ltr'>omnia</span> <span class='ocrx_word' id='word_1_569' title='bbox 3347 2824 3477 2880; x_wconf 82' lang='lat' dir='ltr'>divo</span> <span class='ocrx_word' id='word_1_570' title='bbox 3528 2829 3858 2897; x_wconf 79' lang='lat' dir='ltr'>Augustino</span> 
     </span>
    </p>
   </div>
   <div class='ocr_carea' id='block_1_74' title="bbox 2163 2908 3858 2983">
    <p class='ocr_par' dir='ltr' id='par_1_74' title="bbox 2163 2908 3858 2983">
     <span class='ocr_line' id='line_1_74' title="bbox 2163 2908 3858 2983; baseline 0.005 -21"><span class='ocrx_word' id='word_1_571' title='bbox 2163 2908 2584 2977; x_wconf 86' lang='lat' dir='ltr'>adjudicantur,</span> <span class='ocrx_word' id='word_1_572' title='bbox 2628 2909 2708 2962; x_wconf 90' lang='lat' dir='ltr'>uti</span> <span class='ocrx_word' id='word_1_573' title='bbox 2749 2909 2940 2963; x_wconf 89' lang='lat' dir='ltr'>videre</span> <span class='ocrx_word' id='word_1_574' title='bbox 2971 2915 3055 2964; x_wconf 87' lang='lat' dir='ltr'>est</span> <span class='ocrx_word' id='word_1_575' title='bbox 3085 2910 3144 2964; x_wconf 92' lang='lat' dir='ltr'>in</span> <span class='ocrx_word' id='word_1_576' title='bbox 3168 2912 3290 2982; x_wconf 88' lang='lat' dir='ltr'>ejus</span> <span class='ocrx_word' id='word_1_577' title='bbox 3320 2914 3623 2983; x_wconf 86' lang='lat' dir='ltr'>operibus;</span> <span class='ocrx_word' id='word_1_578' title='bbox 3661 2917 3858 2970; x_wconf 88' lang='lat' dir='ltr'>nescio</span> 
     </span>
    </p>
   </div>
   <div class='ocr_carea' id='block_1_75' title="bbox 2161 2996 3854 3069">
    <p class='ocr_par' dir='ltr' id='par_1_75' title="bbox 2161 2996 3854 3069">
     <span class='ocr_line' id='line_1_75' title="bbox 2161 2996 3854 3069; baseline 0.005 -18"><span class='ocrx_word' id='word_1_579' title='bbox 2161 3001 2351 3051; x_wconf 86' lang='lat' dir='ltr'>tamen</span> <span class='ocrx_word' id='word_1_580' title='bbox 2393 2997 2680 3067; x_wconf 90' lang='lat' dir='ltr'>quomodo</span> <span class='ocrx_word' id='word_1_581' title='bbox 2746 2996 2991 3052; x_wconf 87' lang='lat' dir='ltr'>abscribi</span> <span class='ocrx_word' id='word_1_582' title='bbox 3057 2999 3280 3069; x_wconf 86' lang='lat' dir='ltr'>possint</span> <span class='ocrx_word' id='word_1_583' title='bbox 3353 3004 3544 3054; x_wconf 86' lang='lat' dir='ltr'>sancto</span> <span class='ocrx_word' id='word_1_584' title='bbox 3605 3002 3854 3060; x_wconf 89' lang='lat' dir='ltr'>doctori.</span> 
     </span>
    </p>
   </div>
   <div class='ocr_carea' id='block_1_76' title="bbox 2159 3084 3860 3159">
    <p class='ocr_par' dir='ltr' id='par_1_76' title="bbox 2159 3084 3860 3159">
     <span class='ocr_line' id='line_1_76' title="bbox 2159 3084 3860 3159; baseline 0.004 -20"><span class='ocrx_word' id='word_1_585' title='bbox 2159 3084 2448 3155; x_wconf 87' lang='lat' dir='ltr'>Scriptum</span> <span class='ocrx_word' id='word_1_586' title='bbox 2479 3086 2586 3138; x_wconf 91' lang='lat' dir='ltr'>hoc</span> <span class='ocrx_word' id='word_1_587' title='bbox 2617 3101 2844 3139; x_wconf 90' lang='lat' dir='ltr'>carmen</span> <span class='ocrx_word' id='word_1_588' title='bbox 2875 3085 3122 3147; x_wconf 81' lang='lat' dir='ltr'>videtur,</span> <span class='ocrx_word' id='word_1_589' title='bbox 3153 3091 3218 3142; x_wconf 89' lang='lat' dir='ltr'>ut</span> <span class='ocrx_word' id='word_1_590' title='bbox 3272 3093 3517 3159; x_wconf 88' lang='lat' dir='ltr'>ponatur</span> <span class='ocrx_word' id='word_1_591' title='bbox 3545 3093 3676 3144; x_wconf 86' lang='lat' dir='ltr'>ante</span> <span class='ocrx_word' id='word_1_592' title='bbox 3707 3092 3860 3145; x_wconf 86' lang='lat' dir='ltr'>duos</span> 
     </span>
    </p>
   </div>
   <div class='ocr_carea' id='block_1_77' title="bbox 2158 3173 3851 3242">
    <p class='ocr_par' dir='ltr' id='par_1_77' title="bbox 2158 3173 3851 3242">
     <span class='ocr_line' id='line_1_77' title="bbox 2158 3173 3851 3242; baseline 0.004 -15"><span class='ocrx_word' id='word_1_593' title='bbox 2158 3173 2334 3227; x_wconf 88' lang='lat' dir='ltr'>libros</span> <span class='ocrx_word' id='word_1_594' title='bbox 2361 3173 2431 3227; x_wconf 90' lang='lat' dir='ltr'>de</span> <span class='ocrx_word' id='word_1_595' title='bbox 2463 3173 2784 3227; x_wconf 67' lang='lat' dir='ltr'>Haeresibns</span> <span class='ocrx_word' id='word_1_596' title='bbox 2833 3176 3162 3242; x_wconf 83' lang='lat' dir='ltr'>tractantes,</span> <span class='ocrx_word' id='word_1_597' title='bbox 3205 3175 3350 3230; x_wconf 87' lang='lat' dir='ltr'>forte</span> <span class='ocrx_word' id='word_1_598' title='bbox 3388 3177 3598 3231; x_wconf 87' lang='lat' dir='ltr'>librum</span> <span class='ocrx_word' id='word_1_599' title='bbox 3631 3178 3700 3232; x_wconf 87' lang='lat' dir='ltr'>de</span> <span class='ocrx_word' id='word_1_600' title='bbox 3735 3179 3851 3234; x_wconf 67' lang='lat' dir='ltr'>Haa-</span> 
     </span>
    </p>
   </div>
   <div class='ocr_carea' id='block_1_78' title="bbox 2157 3260 3854 3324">
    <p class='ocr_par' dir='ltr' id='par_1_78' title="bbox 2157 3260 3854 3324">
     <span class='ocr_line' id='line_1_78' title="bbox 2157 3260 3854 3324; baseline 0.004 -9"><span class='ocrx_word' id='word_1_601' title='bbox 2157 3260 2378 3315; x_wconf 87' lang='lat' dir='ltr'>resibns</span> <span class='ocrx_word' id='word_1_602' title='bbox 2451 3260 2521 3314; x_wconf 87' lang='lat' dir='ltr'>ad</span> <span class='ocrx_word' id='word_1_603' title='bbox 2600 3260 3080 3324; x_wconf 87' lang='lat' dir='ltr'>Quodvultdeum,</span> <span class='ocrx_word' id='word_1_604' title='bbox 3157 3266 3213 3318; x_wconf 87' lang='lat' dir='ltr'>et</span> <span class='ocrx_word' id='word_1_605' title='bbox 3292 3264 3503 3319; x_wconf 87' lang='lat' dir='ltr'>librum</span> <span class='ocrx_word' id='word_1_606' title='bbox 3576 3268 3854 3322; x_wconf 87' lang='lat' dir='ltr'>adversus</span> 
     </span>
    </p>
   </div>
   <div class='ocr_carea' id='block_1_79' title="bbox 2159 3347 2708 3420">
    <p class='ocr_par' dir='ltr' id='par_1_79' title="bbox 2159 3347 2708 3420">
     <span class='ocr_line' id='line_1_79' title="bbox 2159 3347 2708 3420; baseline 0 -19"><span class='ocrx_word' id='word_1_607' title='bbox 2159 3347 2413 3420; x_wconf 72' lang='lat' dir='ltr'>quinque</span> <span class='ocrx_word' id='word_1_608' title='bbox 2440 3349 2708 3402; x_wconf 63' lang='lat' dir='ltr'>Haereses.</span> 
     </span>
    </p>
   </div>
   <div class='ocr_carea' id='block_1_80' title="bbox 2223 3418 3566 3482">
    <p class='ocr_par' dir='ltr' id='par_1_80' title="bbox 2223 3418 3566 3482">
     <span class='ocr_line' id='line_1_80' title="bbox 2223 3418 3566 3482; baseline 0.003 -15"><span class='ocrx_word' id='word_1_609' title='bbox 2223 3418 2428 3482; x_wconf 82' lang='lat' dir='ltr'>Si_qnis</span> <span class='ocrx_word' id='word_1_610' title='bbox 2457 3431 2612 3466; x_wconf 85' lang='lat' dir='ltr'>nosse</span> <span class='ocrx_word' id='word_1_611' title='bbox 2639 3418 2793 3482; x_wconf 76' lang='lat' dir='ltr'>cupis</span> <span class='ocrx_word' id='word_1_612' title='bbox 2813 3422 3068 3482; x_wconf 77' lang='lat' dir='ltr'>quantum</span> <span class='ocrx_word' id='word_1_613' title='bbox 3101 3420 3373 3482; x_wconf 81' lang='lat' dir='ltr'>mendacia</span> <span class='ocrx_word' id='word_1_614' title='bbox 3404 3423 3566 3471; x_wconf 84' lang='lat' dir='ltr'>vitam</span> 
     </span>
    </p>
   </div>
   <div class='ocr_carea' id='block_1_81' title="bbox 2287 3479 3343 3542">
    <p class='ocr_par' dir='ltr' id='par_1_81' title="bbox 2287 3479 3343 3542">
     <span class='ocr_line' id='line_1_81' title="bbox 2287 3479 3343 3542; baseline 0.002 -16"><span class='ocrx_word' id='word_1_615' title='bbox 2287 3479 2580 3527; x_wconf 81' lang='lat' dir='ltr'>Humanam</span> <span class='ocrx_word' id='word_1_616' title='bbox 2602 3479 2786 3529; x_wconf 50' lang='lat' dir='ltr'>vitie‘nt</span> <span class='ocrx_word' id='word_1_617' title='bbox 2802 3479 3136 3542; x_wconf 76' lang='lat' dir='ltr'>inﬁciantque</span> <span class='ocrx_word' id='word_1_618' title='bbox 3163 3481 3311 3528; x_wconf 88' lang='lat' dir='ltr'>malis</span> <span class='ocrx_word' id='word_1_619' title='bbox 3331 3497 3343 3539; x_wconf 87' lang='lat'>;</span> 
     </span>
    </p>
   </div>
   <div class='ocr_carea' id='block_1_82' title="bbox 2222 3541 3661 3604">
    <p class='ocr_par' dir='ltr' id='par_1_82' title="bbox 2222 3541 3661 3604">
     <span class='ocr_line' id='line_1_82' title="bbox 2222 3541 3661 3604; baseline 0.004 -16"><span class='ocrx_word' id='word_1_620' title='bbox 2222 3541 2401 3604; x_wconf 82' lang='lat' dir='ltr'>Dicere</span> <span class='ocrx_word' id='word_1_621' title='bbox 2419 3545 2610 3589; x_wconf 86' lang='lat' dir='ltr'>cuncta</span> <span class='ocrx_word' id='word_1_622' title='bbox 2625 3555 2782 3604; x_wconf 81' lang='lat' dir='ltr'>grave</span> <span class='ocrx_word' id='word_1_623' title='bbox 2799 3545 2908 3604; x_wconf 64' lang='lat' dir='ltr'>est,</span> <span class='ocrx_word' id='word_1_624' title='bbox 2921 3541 3099 3604; x_wconf 73' lang='lat' dir='ltr'>tamen</span> <span class='ocrx_word' id='word_1_625' title='bbox 3127 3542 3261 3604; x_wconf 83' lang='lat' dir='ltr'>adsit</span> <span class='ocrx_word' id='word_1_626' title='bbox 3279 3543 3396 3592; x_wconf 77' lang='lat' dir='ltr'>viva</span> <span class='ocrx_word' id='word_1_627' title='bbox 3411 3543 3661 3594; x_wconf 82' lang='lat' dir='ltr'>voluntas</span> 
     </span>
    </p>
   </div>
   <div class='ocr_carea' id='block_1_83' title="bbox 2289 3602 3316 3672">
    <p class='ocr_par' dir='ltr' id='par_1_83' title="bbox 2289 3602 3316 3672">
     <span class='ocr_line' id='line_1_83' title="bbox 2289 3602 3316 3672; baseline 0.001 -23"><span class='ocrx_word' id='word_1_628' title='bbox 2289 3603 2374 3672; x_wconf 76' lang='lat' dir='ltr'>liis</span> <span class='ocrx_word' id='word_1_629' title='bbox 2389 3602 2833 3672; x_wconf 63' lang='lat' dir='ltr'>poterisg&#39;eminis</span> <span class='ocrx_word' id='word_1_630' title='bbox 2853 3602 3125 3672; x_wconf 76' lang='lat' dir='ltr'>edidicisse</span> <span class='ocrx_word' id='word_1_631' title='bbox 3155 3603 3316 3672; x_wconf 68' lang='lat' dir='ltr'>libris.</span> 
     </span>
    </p>
   </div>
   <div class='ocr_carea' id='block_1_84' title="bbox 2226 3664 3508 3742">
    <p class='ocr_par' dir='ltr' id='par_1_84' title="bbox 2226 3664 3508 3742">
     <span class='ocr_line' id='line_1_84' title="bbox 2226 3664 3508 3742; baseline 0.002 -30"><span class='ocrx_word' id='word_1_632' title='bbox 2226 3664 2502 3742; x_wconf 54' lang='lat' dir='ltr'>Deleipiunt</span> <span class='ocrx_word' id='word_1_633' title='bbox 2531 3664 2750 3742; x_wconf 73' lang='lat' dir='ltr'>miseros</span> <span class='ocrx_word' id='word_1_634' title='bbox 2766 3664 2926 3713; x_wconf 79' lang='lat' dir='ltr'>variis</span> <span class='ocrx_word' id='word_1_635' title='bbox 2968 3665 3268 3742; x_wconf 65' lang='lat' dir='ltr'>malesuada</span> <span class='ocrx_word' id='word_1_636' title='bbox 3285 3675 3308 3700; x_wconf 67' lang='grc' dir='ltr'>α</span> <span class='ocrx_word' id='word_1_637' title='bbox 3328 3665 3508 3742; x_wconf 66' lang='lat' dir='ltr'>ﬁguris</span> 
     </span>
    </p>
   </div>
   <div class='ocr_carea' id='block_1_85' title="bbox 2290 3726 3497 3789">
    <p class='ocr_par' dir='ltr' id='par_1_85' title="bbox 2290 3726 3497 3789">
     <span class='ocr_line' id='line_1_85' title="bbox 2290 3726 3497 3789; baseline 0.005 -18"><span class='ocrx_word' id='word_1_638' title='bbox 2290 3726 2708 3789; x_wconf 82' lang='lat' dir='ltr'>Promittuntque</span> <span class='ocrx_word' id='word_1_639' title='bbox 2739 3740 2944 3789; x_wconf 86' lang='lat' dir='ltr'>novum</span> <span class='ocrx_word' id='word_1_640' title='bbox 2974 3741 3126 3789; x_wconf 84' lang='lat' dir='ltr'>posse</span> <span class='ocrx_word' id='word_1_641' title='bbox 3162 3726 3316 3776; x_wconf 88' lang='lat' dir='ltr'>deum</span> <span class='ocrx_word' id='word_1_642' title='bbox 3348 3726 3457 3777; x_wconf 75' lang='lat' dir='ltr'>fieri</span> <span class='ocrx_word' id='word_1_643' title='bbox 3483 3744 3497 3788; x_wconf 89' lang='lat'>;</span> 
     </span>
    </p>
   </div>
   <div class='ocr_carea' id='block_1_86' title="bbox 2221 3787 3389 3850">
    <p class='ocr_par' dir='ltr' id='par_1_86' title="bbox 2221 3787 3389 3850">
     <span class='ocr_line' id='line_1_86' title="bbox 2221 3787 3389 3850; baseline 0.003 -15"><span class='ocrx_word' id='word_1_644' title='bbox 2221 3787 2326 3835; x_wconf 81' lang='lat' dir='ltr'>Aut</span> <span class='ocrx_word' id='word_1_645' title='bbox 2341 3787 2471 3835; x_wconf 85' lang='lat' dir='ltr'>alios</span> <span class='ocrx_word' id='word_1_646' title='bbox 2496 3787 2654 3850; x_wconf 84' lang='lat' dir='ltr'>paulo</span> <span class='ocrx_word' id='word_1_647' title='bbox 2669 3787 2988 3836; x_wconf 77' lang='lat' dir='ltr'>submissius</span> <span class='ocrx_word' id='word_1_648' title='bbox 3015 3795 3124 3838; x_wconf 85' lang='lat' dir='ltr'>arte</span> <span class='ocrx_word' id='word_1_649' title='bbox 3162 3789 3389 3838; x_wconf 82' lang='lat' dir='ltr'>nefanda</span> 
     </span>
    </p>
   </div>
   <div class='ocr_carea' id='block_1_87' title="bbox 2290 3849 3352 3913">
    <p class='ocr_par' dir='ltr' id='par_1_87' title="bbox 2290 3849 3352 3913">
     <span class='ocr_line' id='line_1_87' title="bbox 2290 3849 3352 3913; baseline 0.003 -17"><span class='ocrx_word' id='word_1_650' title='bbox 2290 3849 2589 3913; x_wconf 71' lang='lat' dir='ltr'>Deponunt,</span> <span class='ocrx_word' id='word_1_651' title='bbox 2602 3849 2783 3913; x_wconf 84' lang='lat' dir='ltr'>formis</span> <span class='ocrx_word' id='word_1_652' title='bbox 2799 3855 2860 3913; x_wconf 84' lang='lat' dir='ltr'>ut</span> <span class='ocrx_word' id='word_1_653' title='bbox 2886 3863 3099 3913; x_wconf 79' lang='lat' dir='ltr'>careant</span> <span class='ocrx_word' id='word_1_654' title='bbox 3114 3851 3352 3913; x_wconf 77' lang='lat' dir='ltr'>propriis.</span> 
     </span>
    </p>
   </div>
   <div class='ocr_carea' id='block_1_88' title="bbox 2225 3909 3482 3975">
    <p class='ocr_par' dir='ltr' id='par_1_88' title="bbox 2225 3909 3482 3975">
     <span class='ocr_line' id='line_1_88' title="bbox 2225 3909 3482 3975; baseline 0.005 -19"><span class='ocrx_word' id='word_1_655' title='bbox 2225 3909 2494 3975; x_wconf 57' lang='lat' dir='ltr'>Hieeelat</span> <span class='ocrx_word' id='word_1_656' title='bbox 2520 3911 2718 3959; x_wconf 85' lang='lat' dir='ltr'>rabiem</span> <span class='ocrx_word' id='word_1_657' title='bbox 2749 3911 3037 3975; x_wconf 64' lang='lat' dir='ltr'>subovina</span> <span class='ocrx_word' id='word_1_658' title='bbox 3065 3909 3482 3975; x_wconf 45' lang='lat' dir='ltr'>pelle—lupinum,</span> 
     </span>
    </p>
   </div>
   <div class='ocr_carea' id='block_1_89' title="bbox 2290 3971 3254 4034">
    <p class='ocr_par' dir='ltr' id='par_1_89' title="bbox 2290 3971 3254 4034">
     <span class='ocr_line' id='line_1_89' title="bbox 2290 3971 3254 4034; baseline 0.004 -15"><span class='ocrx_word' id='word_1_659' title='bbox 2290 3971 2378 4020; x_wconf 89' lang='lat' dir='ltr'>Ille</span> <span class='ocrx_word' id='word_1_660' title='bbox 2394 3972 2521 4034; x_wconf 66' lang='lat' dir='ltr'>tegit</span> <span class='ocrx_word' id='word_1_661' title='bbox 2537 3978 2717 4021; x_wconf 83' lang='lat' dir='ltr'>sancta</span> <span class='ocrx_word' id='word_1_662' title='bbox 2746 3973 3033 4023; x_wconf 84' lang='lat' dir='ltr'>calliditate</span> <span class='ocrx_word' id='word_1_663' title='bbox 3051 3971 3254 4023; x_wconf 77' lang='lat' dir='ltr'>canem.</span> 
     </span>
    </p>
   </div>
   <div class='ocr_carea' id='block_1_90' title="bbox 2229 4031 3858 4147">
    <p class='ocr_par' dir='ltr' id='par_1_90' title="bbox 2229 4031 3858 4147">
     <span class='ocr_line' id='line_1_90' title="bbox 2229 4031 3858 4147; baseline 0.005 -68"><span class='ocrx_word' id='word_1_664' title='bbox 2229 4031 2516 4147; x_wconf 65' lang='lat' dir='ltr'>lste_niqiis</span> <span class='ocrx_word' id='word_1_665' title='bbox 2527 4034 2704 4095; x_wconf 85' lang='lat' dir='ltr'>justus</span> <span class='ocrx_word' id='word_1_666' title='bbox 2736 4034 2942 4083; x_wconf 79' lang='lat' dir='ltr'>frendet</span> <span class='ocrx_word' id='word_1_667' title='bbox 2973 4035 3116 4096; x_wconf 87' lang='lat' dir='ltr'>(Cod.</span> <span class='ocrx_word' id='word_1_668' title='bbox 3150 4035 3419 4147; x_wconf 68' lang='lat' dir='ltr'>frendens)</span> <span class='ocrx_word' id='word_1_669' title='bbox 3445 4036 3647 4086; x_wconf 81' lang='lat' dir='ltr'>feritate</span> <span class='ocrx_word' id='word_1_670' title='bbox 3667 4037 3858 4094; x_wconf 80' lang='lat' dir='ltr'>leonis,</span> 
     </span>
     <span class='ocr_line' id='line_1_91' title="bbox 2289 4095 3467 4147; baseline 0.003 -4"><span class='ocrx_word' id='word_1_671' title='bbox 2289 4095 2383 4144; x_wconf 81' lang='lat' dir='ltr'>Hic</span> <span class='ocrx_word' id='word_1_672' title='bbox 2409 4109 2432 4143; x_wconf 87' lang='lat' dir='ltr'>s</span> <span class='ocrx_word' id='word_1_673' title='bbox 2457 4096 2624 4144; x_wconf 89' lang='lat' dir='ltr'>mulat</span> <span class='ocrx_word' id='word_1_674' title='bbox 2639 4099 2902 4144; x_wconf 87' lang='lat' dir='ltr'>sanctum.</span> <span class='ocrx_word' id='word_1_675' title='bbox 2937 4096 3160 4145; x_wconf 83' lang='lat' dir='ltr'>subdola</span> <span class='ocrx_word' id='word_1_676' title='bbox 3181 4097 3393 4147; x_wconf 85' lang='lat' dir='ltr'>vulmcu</span> <span class='ocrx_word' id='word_1_677' title='bbox 3420 4113 3467 4147; x_wconf 78' lang='grc' dir='ltr'><strong>ιι-</strong></span> 
     </span>
    </p>
   </div>
   <div class='ocr_carea' id='block_1_91' title="bbox 2289 4094 3467 4160">
    <p class='ocr_par' dir='ltr' id='par_1_91' title="bbox 2289 4094 3467 4160">
     <span class='ocr_line' id='line_1_92' title="bbox 2289 4094 3467 4160; baseline 0.003 -17"><span class='ocrx_word' id='word_1_678' title='bbox 2289 4094 2383 4144; x_wconf 87' lang='lat' dir='ltr'>Hic</span> <span class='ocrx_word' id='word_1_679' title='bbox 2409 4094 2624 4160; x_wconf 67' lang='lat' dir='ltr'>simulat</span> <span class='ocrx_word' id='word_1_680' title='bbox 2639 4099 2907 4160; x_wconf 72' lang='lat' dir='ltr'>sanctum.</span> <span class='ocrx_word' id='word_1_681' title='bbox 2937 4094 3160 4145; x_wconf 83' lang='lat' dir='ltr'>subdola</span> <span class='ocrx_word' id='word_1_682' title='bbox 3181 4094 3467 4160; x_wconf 83' lang='lat' dir='ltr'>vulpicula,</span> 
     </span>
    </p>
   </div>
   <div class='ocr_carea' id='block_1_92' title="bbox 2225 4155 3420 4219">
    <p class='ocr_par' dir='ltr' id='par_1_92' title="bbox 2225 4155 3420 4219">
     <span class='ocr_line' id='line_1_93' title="bbox 2225 4155 3420 4219; baseline 0.003 -14"><span class='ocrx_word' id='word_1_683' title='bbox 2225 4155 2400 4205; x_wconf 87' lang='lat' dir='ltr'>Vitare</span> <span class='ocrx_word' id='word_1_684' title='bbox 2430 4155 2489 4206; x_wconf 79' lang='lat' dir='ltr'>ut</span> <span class='ocrx_word' id='word_1_685' title='bbox 2518 4158 2686 4219; x_wconf 86' lang='lat' dir='ltr'>possis</span> <span class='ocrx_word' id='word_1_686' title='bbox 2703 4158 2947 4219; x_wconf 82' lang='lat' dir='ltr'>contagia</span> <span class='ocrx_word' id='word_1_687' title='bbox 2976 4162 3122 4206; x_wconf 84' lang='lat' dir='ltr'>tanta</span> <span class='ocrx_word' id='word_1_688' title='bbox 3141 4155 3420 4218; x_wconf 73' lang='lat' dir='ltr'>malorum,</span> 
     </span>
    </p>
   </div>
   <div class='ocr_carea' id='block_1_93' title="bbox 2293 4219 3326 4280">
    <p class='ocr_par' dir='ltr' id='par_1_93' title="bbox 2293 4219 3326 4280">
     <span class='ocr_line' id='line_1_94' title="bbox 2293 4219 3326 4280; baseline 0.003 -14"><span class='ocrx_word' id='word_1_689' title='bbox 2293 4219 2441 4266; x_wconf 82' lang='lat' dir='ltr'>Hunc</span> <span class='ocrx_word' id='word_1_690' title='bbox 2462 4219 2575 4280; x_wconf 88' lang='lat' dir='ltr'>lege</span> <span class='ocrx_word' id='word_1_691' title='bbox 2592 4219 2778 4267; x_wconf 86' lang='lat' dir='ltr'>devota</span> <span class='ocrx_word' id='word_1_692' title='bbox 2806 4219 3084 4268; x_wconf 85' lang='lat' dir='ltr'>sedulitate</span> <span class='ocrx_word' id='word_1_693' title='bbox 3114 4221 3326 4270; x_wconf 84' lang='lat' dir='ltr'>librum.</span> 
     </span>
    </p>
   </div>
   <div class='ocr_carea' id='block_1_94' title="bbox 2229 4279 3432 4344">
    <p class='ocr_par' dir='ltr' id='par_1_94' title="bbox 2229 4279 3432 4344">
     <span class='ocr_line' id='line_1_95' title="bbox 2229 4279 3432 4344; baseline 0.002 -17"><span class='ocrx_word' id='word_1_694' title='bbox 2229 4279 2356 4344; x_wconf 74' lang='lat' dir='ltr'>Nam</span> <span class='ocrx_word' id='word_1_695' title='bbox 2375 4280 2418 4344; x_wconf 78' lang='lat' dir='ltr'>si</span> <span class='ocrx_word' id='word_1_696' title='bbox 2449 4279 2716 4344; x_wconf 80' lang='lat' dir='ltr'>nequitias</span> <span class='ocrx_word' id='word_1_697' title='bbox 2741 4281 2902 4330; x_wconf 84' lang='lat' dir='ltr'>fueris</span> <span class='ocrx_word' id='word_1_698' title='bbox 2921 4281 3200 4344; x_wconf 79' lang='lat' dir='ltr'>depressus</span> <span class='ocrx_word' id='word_1_699' title='bbox 3216 4282 3282 4331; x_wconf 90' lang='lat' dir='ltr'>ab</span> <span class='ocrx_word' id='word_1_700' title='bbox 3304 4282 3432 4330; x_wconf 87' lang='lat' dir='ltr'>istis.</span> 
     </span>
    </p>
   </div>
   <div class='ocr_carea' id='block_1_95' title="bbox 2291 4341 3475 4408">
    <p class='ocr_par' dir='ltr' id='par_1_95' title="bbox 2291 4341 3475 4408">
     <span class='ocr_line' id='line_1_96' title="bbox 2291 4341 3475 4408; baseline 0.003 -20"><span class='ocrx_word' id='word_1_701' title='bbox 2291 4341 2493 4392; x_wconf 71' lang='lat' dir='ltr'>Divinas</span> <span class='ocrx_word' id='word_1_702' title='bbox 2523 4341 2717 4393; x_wconf 80' lang='lat' dir='ltr'>mentis</span> <span class='ocrx_word' id='word_1_703' title='bbox 2745 4356 2904 4406; x_wconf 84' lang='lat' dir='ltr'>quam</span> <span class='ocrx_word' id='word_1_704' title='bbox 2947 4341 3083 4392; x_wconf 77' lang='lat' dir='ltr'>male</span> <span class='ocrx_word' id='word_1_705' title='bbox 3115 4345 3288 4406; x_wconf 82' lang='lat' dir='ltr'>imago</span> <span class='ocrx_word' id='word_1_706' title='bbox 3312 4345 3475 4408; x_wconf 78' lang='lat' dir='ltr'>peris!</span> 
     </span>
    </p>
   </div>
   <div class='ocr_carea' id='block_1_96' title="bbox 431 4434 2394 4500">
    <p class='ocr_par' dir='ltr' id='par_1_96' title="bbox 431 4434 2394 4500">
     <span class='ocr_line' id='line_1_97' title="bbox 431 4434 2394 4500; baseline 0.002 -18"><span class='ocrx_word' id='word_1_707' title='bbox 431 4447 451 4472; x_wconf 76' lang='grc' dir='ltr'><strong>ει</strong></span> <span class='ocrx_word' id='word_1_708' title='bbox 496 4435 715 4484; x_wconf 72' lang='lat' dir='ltr'>Videtur</span> <span class='ocrx_word' id='word_1_709' title='bbox 736 4449 837 4483; x_wconf 79' lang='lat' dir='ltr'>vox</span> <span class='ocrx_word' id='word_1_710' title='bbox 869 4435 1109 4498; x_wconf 66' lang='lat' dir='ltr'>quaedam</span> <span class='ocrx_word' id='word_1_711' title='bbox 1140 4434 1335 4495; x_wconf 85' lang='lat' dir='ltr'>dresse,</span> <span class='ocrx_word' id='word_1_712' title='bbox 1364 4435 1504 4485; x_wconf 79' lang='lat' dir='ltr'>verbi</span> <span class='ocrx_word' id='word_1_713' title='bbox 1518 4437 1686 4499; x_wconf 83' lang='lat' dir='ltr'>gratia</span> <span class='ocrx_word' id='word_1_714' title='bbox 1704 4435 1850 4486; x_wconf 65' lang='grc' dir='ltr'>(Ποία</span> <span class='ocrx_word' id='word_1_715' title='bbox 1871 4441 1963 4486; x_wconf 88' lang='lat' dir='ltr'>aut</span> <span class='ocrx_word' id='word_1_716' title='bbox 1990 4437 2166 4500; x_wconf 87' lang='lat' dir='ltr'>aliqua</span> <span class='ocrx_word' id='word_1_717' title='bbox 2185 4436 2394 4487; x_wconf 87' lang='lat' dir='ltr'>similis.</span> 
     </span>
    </p>
   </div>
   <div class='ocr_carea' id='block_1_97' title="bbox 1343 4671 2876 4838">
    <p class='ocr_par' dir='ltr' id='par_1_97' title="bbox 1343 4671 2876 4838">
     <span class='ocr_line' id='line_1_98' title="bbox 1343 4671 2876 4838; baseline 0 -2"><span class='ocrx_word' id='word_1_718' title='bbox 1343 4671 1940 4837; x_wconf 79' lang='lat' dir='ltr'>ORDO</span> <span class='ocrx_word' id='word_1_719' title='bbox 2097 4675 2876 4838; x_wconf 78' lang='lat' dir='ltr'>RERUM</span> 
     </span>
    </p>
   </div>
   <div class='ocr_carea' id='block_1_98' title="bbox 895 4940 3294 5057">
    <p class='ocr_par' dir='ltr' id='par_1_98' title="bbox 895 4940 3294 5057">
     <span class='ocr_line' id='line_1_99' title="bbox 895 4940 3294 5057; baseline -0.004 0"><span class='ocrx_word' id='word_1_720' title='bbox 895 4940 1222 5057; x_wconf 68' lang='lat' dir='ltr'>QUAE</span> <span class='ocrx_word' id='word_1_721' title='bbox 1274 4943 1420 5045; x_wconf 90' lang='lat' dir='ltr'>IN</span> <span class='ocrx_word' id='word_1_722' title='bbox 1477 4943 1762 5047; x_wconf 85' lang='lat' dir='ltr'>HOC</span> <span class='ocrx_word' id='word_1_723' title='bbox 1815 4942 2214 5049; x_wconf 88' lang='lat' dir='ltr'>TOMO</span> <span class='ocrx_word' id='word_1_724' title='bbox 2267 4945 3294 5052; x_wconf 83' lang='lat' dir='ltr'>CONTINENTUR</span> 
     </span>
    </p>
   </div>
   <div class='ocr_carea' id='block_1_99' title="bbox 426 5190 2054 5253">
    <p class='ocr_par' dir='ltr' id='par_1_99' title="bbox 426 5190 2054 5253">
     <span class='ocr_line' id='line_1_100' title="bbox 426 5190 2054 5253; baseline -0.003 -12"><span class='ocrx_word' id='word_1_725' title='bbox 426 5192 618 5242; x_wconf 81' lang='lat' dir='ltr'>Notitia</span> <span class='ocrx_word' id='word_1_726' title='bbox 652 5191 704 5240; x_wconf 86' lang='lat' dir='ltr'>in</span> <span class='ocrx_word' id='word_1_727' title='bbox 738 5190 796 5240; x_wconf 86' lang='lat' dir='ltr'>S.</span> <span class='ocrx_word' id='word_1_728' title='bbox 836 5190 1208 5253; x_wconf 77' lang='lat' dir='ltr'>Augustinum.</span> <span class='ocrx_word' id='word_1_729' title='bbox 1255 5252 1260 5253; x_wconf 14' lang='grc' dir='ltr'><em>γ</em></span> <span class='ocrx_word' id='word_1_730' title='bbox 2026 5194 2054 5241; x_wconf 89' lang='lat'><strong>9</strong></span> 
     </span>
    </p>
   </div>
   <div class='ocr_carea' id='block_1_100' title="bbox 365 5252 2054 5366">
    <p class='ocr_par' dir='ltr' id='par_1_100' title="bbox 365 5252 2054 5366">
     <span class='ocr_line' id='line_1_101' title="bbox 365 5252 2054 5366; baseline -0.001 -63"><span class='ocrx_word' id='word_1_731' title='bbox 365 5255 771 5366; x_wconf 45' lang='grc' dir='ltr'>ΟρὲΑὲξέυιιωι</span> <span class='ocrx_word' id='word_1_732' title='bbox 849 5252 1404 5301; x_wconf 77' lang='lat' dir='ltr'>EXERCITATIONES</span> <span class='ocrx_word' id='word_1_733' title='bbox 1464 5254 1529 5302; x_wconf 80' lang='grc' dir='ltr'><strong>ΙΝ</strong></span> <span class='ocrx_word' id='word_1_734' title='bbox 1592 5254 1642 5303; x_wconf 92' lang='lat' dir='ltr'>S.</span> <span class='ocrx_word' id='word_1_735' title='bbox 1708 5254 2054 5366; x_wconf 49' lang='lat' dir='ltr'>AUGUSTilg;</span> 
     </span>
    </p>
   </div>
   <div class='ocr_carea' id='block_1_101' title="bbox 974 5390 1468 5426">
    <p class='ocr_par' dir='ltr' id='par_1_101' title="bbox 974 5390 1468 5426">
     <span class='ocr_line' id='line_1_102' title="bbox 974 5390 1468 5426; baseline 0.002 -2"><span class='ocrx_word' id='word_1_736' title='bbox 974 5391 1019 5425; x_wconf 75' lang='lat' dir='ltr'>IN</span> <span class='ocrx_word' id='word_1_737' title='bbox 1055 5390 1228 5426; x_wconf 68' lang='lat' dir='ltr'>TOIUI</span> <span class='ocrx_word' id='word_1_738' title='bbox 1265 5390 1468 5425; x_wconf 66' lang='lat' dir='ltr'>PRIMUM.</span> 
     </span>
    </p>
   </div>
   <div class='ocr_carea' id='block_1_102' title="bbox 435 5439 2061 5489">
    <p class='ocr_par' dir='ltr' id='par_1_102' title="bbox 435 5439 2061 5489">
     <span class='ocr_line' id='line_1_103' title="bbox 435 5439 2061 5489; baseline 0.001 -3"><span class='ocrx_word' id='word_1_739' title='bbox 435 5439 684 5487; x_wconf 83' lang='lat' dir='ltr'>Desiderii</span> <span class='ocrx_word' id='word_1_740' title='bbox 734 5439 934 5488; x_wconf 79' lang='lat' dir='ltr'>Erasini</span> <span class='ocrx_word' id='word_1_741' title='bbox 979 5453 1202 5487; x_wconf 86' lang='lat' dir='ltr'>censura</span> <span class='ocrx_word' id='word_1_742' title='bbox 1235 5439 1289 5486; x_wconf 91' lang='lat' dir='ltr'>in</span> <span class='ocrx_word' id='word_1_743' title='bbox 1326 5439 1488 5488; x_wconf 77' lang='lat' dir='ltr'>libros</span> <span class='ocrx_word' id='word_1_744' title='bbox 1523 5439 1970 5489; x_wconf 76' lang='lat' dir='ltr'>Retractationum</span> <span class='ocrx_word' id='word_1_745' title='bbox 2007 5443 2061 5488; x_wconf 89' lang='lat' dir='ltr'>et</span> 
     </span>
    </p>
   </div>
   <div class='ocr_carea' id='block_1_103' title="bbox 371 5501 2060 5550">
    <p class='ocr_par' dir='ltr' id='par_1_103' title="bbox 371 5501 2060 5550">
     <span class='ocr_line' id='line_1_104' title="bbox 371 5501 2060 5550; baseline 0 0"><span class='ocrx_word' id='word_1_746' title='bbox 371 5501 791 5550; x_wconf 77' lang='lat' dir='ltr'>Cout’essionum.</span> <span class='ocrx_word' id='word_1_747' title='bbox 1926 5503 2060 5550; x_wconf 84' lang='lat' dir='ltr'>Ibid.</span> 
     </span>
    </p>
   </div>
   <div class='ocr_carea' id='block_1_104' title="bbox 429 5562 2054 5614">
    <p class='ocr_par' dir='ltr' id='par_1_104' title="bbox 429 5562 2054 5614">
     <span class='ocr_line' id='line_1_105' title="bbox 429 5562 2054 5614; baseline 0.001 -3"><span class='ocrx_word' id='word_1_748' title='bbox 429 5563 925 5614; x_wconf 79' lang='lat' dir='ltr'>Animadversioues</span> <span class='ocrx_word' id='word_1_749' title='bbox 955 5562 1006 5612; x_wconf 93' lang='lat' dir='ltr'>iu</span> <span class='ocrx_word' id='word_1_750' title='bbox 1031 5562 1189 5612; x_wconf 88' lang='lat' dir='ltr'>libros</span> <span class='ocrx_word' id='word_1_751' title='bbox 1212 5563 1682 5612; x_wconf 82' lang='lat' dir='ltr'>Retractationnm.</span> <span class='ocrx_word' id='word_1_752' title='bbox 1971 5565 2054 5613; x_wconf 86' lang='lat' dir='ltr'>20l</span> 
     </span>
    </p>
   </div>
   <div class='ocr_carea' id='block_1_105' title="bbox 2163 5189 3869 5250">
    <p class='ocr_par' dir='ltr' id='par_1_105' title="bbox 2163 5189 3869 5250">
     <span class='ocr_line' id='line_1_106' title="bbox 2163 5189 3869 5250; baseline 0.004 -8"><span class='ocrx_word' id='word_1_753' title='bbox 2163 5192 2655 5243; x_wconf 80' lang='lat' dir='ltr'>Animadversiones</span> <span class='ocrx_word' id='word_1_754' title='bbox 2681 5195 2736 5242; x_wconf 92' lang='lat' dir='ltr'>in</span> <span class='ocrx_word' id='word_1_755' title='bbox 2760 5191 2926 5241; x_wconf 85' lang='lat' dir='ltr'>libros</span> <span class='ocrx_word' id='word_1_756' title='bbox 2947 5189 3370 5244; x_wconf 82' lang='lat' dir='ltr'>Confessionum.</span> <span class='ocrx_word' id='word_1_757' title='bbox 3777 5201 3869 5250; x_wconf 59' lang='lat'>204</span> 
     </span>
    </p>
   </div>
   <div class='ocr_carea' id='block_1_106' title="bbox 2164 5254 3868 5310">
    <p class='ocr_par' dir='ltr' id='par_1_106' title="bbox 2164 5254 3868 5310">
     <span class='ocr_line' id='line_1_107' title="bbox 2164 5254 3868 5310; baseline 0.004 -6"><span class='ocrx_word' id='word_1_758' title='bbox 2164 5255 2656 5304; x_wconf 82' lang='lat' dir='ltr'>Animadversiones</span> <span class='ocrx_word' id='word_1_759' title='bbox 2681 5256 2733 5303; x_wconf 91' lang='lat' dir='ltr'>in</span> <span class='ocrx_word' id='word_1_760' title='bbox 2767 5254 2926 5303; x_wconf 88' lang='lat' dir='ltr'>libros</span> <span class='ocrx_word' id='word_1_761' title='bbox 2959 5257 3143 5302; x_wconf 87' lang='lat' dir='ltr'>contra</span> <span class='ocrx_word' id='word_1_762' title='bbox 3165 5257 3520 5307; x_wconf 83' lang='lat' dir='ltr'>Academicos.</span> <span class='ocrx_word' id='word_1_763' title='bbox 3777 5263 3868 5310; x_wconf 73' lang='grc'>218</span> 
     </span>
    </p>
   </div>
   <div class='ocr_carea' id='block_1_107' title="bbox 2164 5313 3869 5372">
    <p class='ocr_par' dir='ltr' id='par_1_107' title="bbox 2164 5313 3869 5372">
     <span class='ocr_line' id='line_1_108' title="bbox 2164 5313 3869 5372; baseline 0.004 -6"><span class='ocrx_word' id='word_1_764' title='bbox 2164 5317 2670 5366; x_wconf 83' lang='lat' dir='ltr'>Animadversioues</span> <span class='ocrx_word' id='word_1_765' title='bbox 2701 5317 2753 5366; x_wconf 90' lang='lat' dir='ltr'>in</span> <span class='ocrx_word' id='word_1_766' title='bbox 2787 5317 2978 5365; x_wconf 88' lang='lat' dir='ltr'>librum</span> <span class='ocrx_word' id='word_1_767' title='bbox 3009 5313 3074 5362; x_wconf 90' lang='lat' dir='ltr'>de</span> <span class='ocrx_word' id='word_1_768' title='bbox 3106 5317 3220 5366; x_wconf 82' lang='lat' dir='ltr'>Vita</span> <span class='ocrx_word' id='word_1_769' title='bbox 3249 5319 3413 5368; x_wconf 83' lang='lat' dir='ltr'>beata.</span> <span class='ocrx_word' id='word_1_770' title='bbox 3776 5325 3869 5372; x_wconf 73' lang='grc'>219</span> 
     </span>
    </p>
   </div>
   <div class='ocr_carea' id='block_1_108' title="bbox 2165 5373 3868 5433">
    <p class='ocr_par' dir='ltr' id='par_1_108' title="bbox 2165 5373 3868 5433">
     <span class='ocr_line' id='line_1_109' title="bbox 2165 5373 3868 5433; baseline 0.004 -6"><span class='ocrx_word' id='word_1_771' title='bbox 2165 5379 2666 5428; x_wconf 81' lang='lat' dir='ltr'>Animadversiones</span> <span class='ocrx_word' id='word_1_772' title='bbox 2695 5379 2752 5427; x_wconf 91' lang='lat' dir='ltr'>in</span> <span class='ocrx_word' id='word_1_773' title='bbox 2783 5378 2943 5426; x_wconf 87' lang='lat' dir='ltr'>libros</span> <span class='ocrx_word' id='word_1_774' title='bbox 2964 5373 3028 5423; x_wconf 90' lang='lat' dir='ltr'>de</span> <span class='ocrx_word' id='word_1_775' title='bbox 3059 5377 3272 5428; x_wconf 90' lang='lat' dir='ltr'>Ordine.</span> <span class='ocrx_word' id='word_1_776' title='bbox 3775 5387 3868 5433; x_wconf 85' lang='grc'>220</span> 
     </span>
    </p>
   </div>
   <div class='ocr_carea' id='block_1_109' title="bbox 2170 5436 3867 5505">
    <p class='ocr_par' dir='ltr' id='par_1_109' title="bbox 2170 5436 3867 5505">
     <span class='ocr_line' id='line_1_110' title="bbox 2170 5436 3867 5505; baseline 0.004 -17"><span class='ocrx_word' id='word_1_777' title='bbox 2170 5441 2425 5505; x_wconf 70' lang='lat' dir='ltr'>Desiderii</span> <span class='ocrx_word' id='word_1_778' title='bbox 2446 5442 2650 5505; x_wconf 78' lang='lat' dir='ltr'>Erasini</span> <span class='ocrx_word' id='word_1_779' title='bbox 2675 5440 2981 5505; x_wconf 73' lang='lat' dir='ltr'>censuram</span> <span class='ocrx_word' id='word_1_780' title='bbox 3013 5436 3423 5505; x_wconf 81' lang='lat' dir='ltr'>Soliloquiorum</span> <span class='ocrx_word' id='word_1_781' title='bbox 3451 5442 3632 5495; x_wconf 86' lang='lat' dir='ltr'>libros.</span> <span class='ocrx_word' id='word_1_782' title='bbox 3773 5449 3867 5495; x_wconf 83' lang='grc'>223</span> 
     </span>
    </p>
   </div>
   <div class='ocr_carea' id='block_1_110' title="bbox 2169 5502 3867 5568">
    <p class='ocr_par' dir='ltr' id='par_1_110' title="bbox 2169 5502 3867 5568">
     <span class='ocr_line' id='line_1_111' title="bbox 2169 5502 3867 5568; baseline 0.005 -20"><span class='ocrx_word' id='word_1_783' title='bbox 2169 5503 2214 5568; x_wconf 75' lang='lat' dir='ltr'>.l.</span> <span class='ocrx_word' id='word_1_784' title='bbox 2252 5503 2539 5568; x_wconf 72' lang='lat' dir='ltr'>Phereponi</span> <span class='ocrx_word' id='word_1_785' title='bbox 2567 5502 3051 5568; x_wconf 71' lang='lat' dir='ltr'>animadversiones</span> <span class='ocrx_word' id='word_1_786' title='bbox 3081 5502 3135 5568; x_wconf 79' lang='lat' dir='ltr'>in</span> <span class='ocrx_word' id='word_1_787' title='bbox 3164 5502 3374 5556; x_wconf 76' lang='lat' dir='ltr'>eosdem</span> <span class='ocrx_word' id='word_1_788' title='bbox 3396 5506 3578 5556; x_wconf 82' lang='lat' dir='ltr'>libros.</span> <span class='ocrx_word' id='word_1_789' title='bbox 3773 5509 3867 5556; x_wconf 85' lang='grc'>222</span> 
     </span>
    </p>
   </div>
   <div class='ocr_carea' id='block_1_111' title="bbox 2172 5562 3866 5620">
    <p class='ocr_par' dir='ltr' id='par_1_111' title="bbox 2172 5562 3866 5620">
     <span class='ocr_line' id='line_1_112' title="bbox 2172 5562 3866 5620; baseline 0.004 -6"><span class='ocrx_word' id='word_1_790' title='bbox 2172 5562 2726 5617; x_wconf 66' lang='lat' dir='ltr'>Animadv‘ersionesin</span> <span class='ocrx_word' id='word_1_791' title='bbox 2761 5564 2955 5617; x_wconf 88' lang='lat' dir='ltr'>librum</span> <span class='ocrx_word' id='word_1_792' title='bbox 3000 5562 3065 5613; x_wconf 86' lang='lat' dir='ltr'>de</span> <span class='ocrx_word' id='word_1_793' title='bbox 3097 5567 3497 5619; x_wconf 82' lang='lat' dir='ltr'>lmmortalitate</span> <span class='ocrx_word' id='word_1_794' title='bbox 3531 5569 3740 5620; x_wconf 64' lang='lat' dir='ltr'>animus.</span> <span class='ocrx_word' id='word_1_795' title='bbox 3772 5571 3866 5620; x_wconf 70' lang='grc'>224</span> 
     </span>
    </p>
   </div>
  </div>
