4018 6400
331 305 394 352 tu
776 358 779 363 ν
1796 286 1801 291 ’

2418 328 2421 329 ,
3528 287 3593 331 IV

331 415 582 496 Duplex
613 431 757 475 vero
791 426 881 475 est
910 412 1287 492 Spurioram
1335 428 1526 489 genus
1567 426 1703 489 qua:
1746 407 2057 468 communi
2079 405 2336 485 afficere
2363 404 2814 484 reprobatione
2846 401 3092 461 minime
3134 414 3375 477 aequum
3400 399 3592 477 foret.

331 522 479 583 Alia
513 528 682 587 sunt.
715 537 980 600 quorum
1011 527 1301 579 auctores
1332 517 1631 596 temporis
1664 513 1907 576 invidia
1937 511 2153 573 obruti
2183 512 2401 585 latent,
2435 519 2490 571 et
2536 528 2692 590 quae,
2727 507 2801 569 ob
2832 506 3163 588 quamdam
3192 502 3439 583 ingenii
3468 512 3602 562 tra-

332 624 561 686 ctatie‘c
618 621 977 702 argumenti
1022 618 1502 682 similitudinem
1533 663 1548 691 ,
1601 613 2026 679 celeberrimis
2078 612 2424 693 aliquando
2473 609 2903 689 scriptoribus
2957 608 3359 670 tribuuntur.
3425 604 3600 667 Licet

329 725 622 805 gravibus
655 726 844 804 fraus
861 721 1235 801 plerumque
1272 720 1695 805 demonstrari
1730 723 1917 796 queat
1966 714 2365 787 testimoniis,
2408 713 2650 793 spuriis
2703 707 3067 790 hujusmodi
3097 725 3215 767 nos
3269 704 3442 767 ultro
3495 724 3600 766 ve-

328 832 499 889 niam
549 824 965 897 concedimus,
999 826 1151 904 quia
1196 802 1596 902 philologicx
1641 822 1896 883 critiees
1944 821 2258 884 thesauris
2299 820 2364 882 in
2412 816 2548 878 dies
2579 813 3027 886 crescentibus,
3058 812 3226 891 forte
3266 810 3501 872 eveniet
3532 816 3603 868 ut

331 948 472 989 cras
501 928 853 1007 probentur
880 928 1150 1005 genuina
1190 943 1322 1006 quae
1353 924 1690 987 hodiedum
1721 924 2086 986 adulterina
2132 920 2451 983 videntur.
2483 918 2631 979 Alia
2679 934 2823 977 vero
2856 924 3050 975 scatet
3082 916 3324 995 fetuum
3355 926 3597 988 suppo-

327 1032 676 1094 sititiorum
712 1030 1013 1108 ignobilis
1038 1030 1391 1109 plebecula,
1426 1030 1534 1109 qui
1562 1028 2126 1102 reverendissimis,
2167 1026 2289 1086 imo
2327 1021 2745 1085 sanctissimis
2789 1020 3176 1081 adltxrentes
3212 1012 3598 1083 nominibus,

332 1156 398 1196 ea
435 1137 696 1215 indigno
715 1115 997 1214 .turpant
1041 1138 1387 1211 consortio,
1424 1146 1478 1197 et
1528 1137 1619 1197 sic
1671 1135 1965 1197 indebita:
2000 1135 2159 1214 ﬁunt
2190 1128 2689 1194 immortalitatis
2717 1126 3093 1205 participes.
3136 1124 3403 1184 Tantum
3430 1112 3635 1185 abest'

324 1251 395 1300 ut
445 1236 520 1299 ab
552 1238 665 1299 hac
690 1248 862 1317 peste
892 1240 1183 1300 immunis
1227 1238 1421 1320 fuerit
1468 1236 1649 1297 divus
1683 1236 2187 1315 Chrysostomus,
2224 1239 2281 1291 et
2318 1228 2528 1289 varios
2564 1229 2725 1289 inter
2758 1230 2890 1308 ejus
2930 1224 3224 1290 editores,
3258 1237 3434 1280 nemo
3470 1234 3600 1278 non

326 1340 545 1411 sensit,
578 1357 755 1399 nemo
792 1331 923 1399 non
952 1338 1123 1399 dixit
1150 1318 1335 1419 quam
1383 1337 1725 1415 optandum
1758 1324 1913 1395 esset
1958 1330 2320 1413 quisquiliis
2357 1330 2497 1391 istis
2532 1334 2662 1409 ejus
2695 1345 2890 1407 opera
2923 1322 3297 1404 expurgari.
3328 1318 3420 1384 Ne
3444 1318 3598 1400 quid

326 1448 533 1500 autem
570 1458 647 1500 ex
684 1441 811 1518 iam
850 1440 1044 1501 editis
1067 1441 1144 1501 in
1186 1441 1301 1501 hac
1337 1439 1616 1501 editione
1664 1448 1889 1498 nostra
1930 1434 2353 1506 desideretur,
2402 1450 2478 1490 ne
2516 1429 2939 1491 insulsissima
2968 1424 3213 1507 quidem
3254 1433 3596 1484 commenta

329 1544 670 1616 omisimus,
693 1542 945 1623 judicio
999 1541 1304 1603 lectorum
1359 1540 1761 1619 confidentes,
1812 1537 2037 1617 quibus
2087 1546 2393 1614 praterea
2445 1533 2773 1612 exquisita
2832 1518 3313 1607 Montefalconii
3357 1528 3597 1607 prxfa-

328 1645 626 1706 tiuncula:
656 1665 875 1707 secura
905 1646 1172 1708 consilia
1205 1644 1728 1725 suppeditabunt.
1764 1644 1855 1703 Μ.

331 2104 1311 2223 BEBNABDI
1391 2103 1634 2215 DE
1708 2087 2992 2215 MONTPAUGON
3050 2091 3596 2208 VITA.

407 2568 965 2648 Monte/alconius.
1000 2563 1225 2641 gallice
1258 2558 1330 2619 de
1367 2558 1782 2637 Montfaucon
1820 2554 2262 2648 (Bernardus),
2294 2555 2625 2635 provincia
2657 2553 3019 2629 Occitanus,
3056 2556 3122 2616 in
3158 2555 3413 2618 castello
3441 2560 3601 2620 Son-

325 2667 485 2751 lagii
513 2690 589 2731 ex
618 2646 882 2746 antiqua
910 2663 1233 2742 nobilique
1261 2659 1509 2740 familia
1536 2668 1725 2720 natus
1760 2646 1850 2718 est
1881 2657 1980 2718 die
1996 2658 2297 2737 januarii
2322 2657 2561 2718 decima
2582 2658 2872 2736 septima,
2898 2675 3062 2717 anno
3094 2658 3268 2719 1655.
3294 2660 3598 2723 Militiam

321 2779 597 2855 primum
624 2770 975 2850 amplexus,
1010 2786 1218 2829 rerum
1247 2767 1663 2827 humanarum
1711 2763 2124 2841 fragilitatem
2152 2770 2350 2824 morte
2376 2774 2709 2844 parentum
2741 2763 3000 2827 edoctus
3031 2778 3144 2826 est.
3174 2767 3365 2829 Haud
3399 2769 3598 2832 multo

322 2890 467 2958 post
497 2878 723 2937 sa'culo
771 2872 1083 2936 valedixit
1130 2869 1567 2946 Maurineeque
1616 2864 1748 2949 PP,
1798 2864 2357 2927 Benedictinorum
2405 2866 2890 2944 congregationi
2933 2883 3063 2926 sese
3116 2865 3597 2932 adscribendum

324 2982 572 3042 curavit
608 2994 771 3038 anno
805 2974 981 3038 1675.
1032 2972 1199 3036 Novi
1247 2969 1483 3031 sodalis
1517 2970 1686 3046 fama
1726 2984 1876 3027 mox
1925 2976 2111 3028 extra
2160 2964 2425 3027 canobii
2483 2966 2711 3027 limites
2741 2965 2864 3028 late
2906 2985 3023 3047 per
3053 2976 3246 3031 totam
3273 2969 3596 3053 Europam

326 3086 575 3164 ﬂoruit.
609 3083 931 3144 Memoria
979 3075 1327 3143 miraculis,
1366 3075 1663 3135 immensa
1712 3070 2030 3146 doctrina,
2061 3069 2313 3153 judicio
2343 3070 2697 3150 prxsertim
2747 3080 2807 3132 et
2854 3072 3095 3151 ingenii
3140 3076 3425 3137 acumine
3453 3078 3595 3158 jam

327 3188 786 3261 celeberrimus,
816 3185 889 3246 in
920 3181 1173 3244 Italiam
1208 3179 1503 3258 migravit
1533 3194 1698 3237 anno
1734 3177 1918 3249 1698,
1949 3176 2416 3253 manuscriptos
2451 3175 2692 3237 codices
2729 3176 3187 3238 vetustissimos
3215 3181 3452 3257 passim
3479 3198 3596 3260 per

322 3290 726 3356 bibliothecas
775 3287 1302 3364 investigaturus.
1346 3284 1510 3343 Dum
1540 3280 1751 3341 Romae
1797 3278 2068 3358 degeret,
2101 3276 2274 3357 apud
2301 3276 2595 3340 Sanctam
2630 3275 2846 3358 Sedem
2879 3278 3124 3342 ordinis
3153 3283 3258 3342 sui
3280 3299 3594 3360 procura-

322 3406 447 3467 tor,
483 3390 938 3452 benedictinam
977 3386 1110 3449 diei
1155 3384 1502 3462 Augustini
1534 3381 1872 3446 editionem
1912 3392 2138 3445 contra
2184 3382 2526 3444 acerrimos
2577 3382 2980 3445 inimicorum
3016 3384 3298 3445 assultus
3322 3385 3599 3467 feliciter

317 3494 776 3575 propugnavit.
813 3488 1150 3567 Pontifices
1185 3485 1464 3550 Clemens
1494 3484 1587 3545 XI
1638 3494 1696 3548 et
1744 3485 2126 3549 Benedictus
2174 3483 2345 3545 XIII
2380 3484 2847 3564 imperatorque
2890 3484 3155 3547 Carolus
3209 3488 3289 3550 Vl
3318 3491 3595 3551 maxima

320 3617 456 3659 eum
506 3613 746 3675 semper
790 3611 1084 3672 excepere
1136 3590 1588 3654 benevolentia.
1624 3589 1939 3653 Lutetiam
1982 3609 2272 3652 reversus
2315 3608 2482 3653 anno
2536 3595 2716 3669 1701,
2745 3595 3083 3655 continuos
3121 3599 3267 3659 vita
3299 3596 3601 3660 studiosa

321 3701 565 3764 labores
591 3708 968 3781 prosecutus
1003 3707 1115 3759 est.
1148 3696 1586 3774 Quamobrem,
1619 3696 1767 3758 licet
1800 3698 1947 3759 vitte
1988 3696 2382 3759 curriculum
2419 3715 2617 3777 usque
2655 3697 2736 3759 ad
2779 3717 2892 3760 sex
2929 3710 2984 3761 et
3020 3703 3348 3780 octoginta
3393 3721 3594 3763 anime

319 3804 746 3884 protraxerit,
783 3803 988 3883 ferreo
1018 3817 1218 3880 prope
1256 3799 1551 3878 corporis
1580 3795 1812 3859 robore
1842 3816 2037 3879 usque
2079 3797 2314 3874 valens,
2352 3799 2467 3860 vix
2496 3808 2701 3859 tamen
2731 3798 3118 3880 intelligitur
3149 3804 3454 3882 quomodo
3504 3813 3593 3864 tot

321 3922 564 3985 tamque
593 3904 892 3985 gravibus
921 3903 1219 3982 operibus
1251 3900 1503 3967 edendis
1553 3900 1900 3981 suffecerit.
1937 3899 2219 3980 Legatur
2254 3901 2438 3963 modo
2492 3917 2750 3981 sequens
2778 3904 3255 3965 nomenclatura
3283 3925 3303 3965 :
3341 3907 3399 3966 1°
3425 3908 3594 3967 Ano-

326 4009 482 4073 lecta
520 4023 744 4088 grteta,
780 4004 805 4065 l
843 4002 967 4066 vol.
1002 4004 1195 4075 ἰη-Ιιο,
1228 3999 1695 4082 graeco-latine,
1721 4001 1901 4064 1688.
1937 4000 2004 4060 2°
2035 4001 2322 4063 Diarium
2346 4000 2667 4073 Italicum,
2703 4003 2734 4063 1
2765 4000 2883 4063 vol.
2922 4002 3119 4075 in-h‘,
3158 4004 3333 4066 1702.
3359 4005 3423 4065 3°
3455 4007 3597 4069 Col-

322 4111 511 4176 lectio
548 4118 837 4171 veterum
882 4105 1272 4184 scriptorum
1319 4106 1714 4178 Graecorum,
1759 4098 1799 4165 2
1837 4101 1965 4164 vol.
2020 4102 2257 4184 in-fol.,
2290 4104 2749 4184 grtecoJatine,
2787 4105 2965 4167 1706.
3002 4103 3066 4165 ιδ’
3094 4107 3335 4169 Gallica
3382 4109 3598 4171 versio

321 4205 475 4274 libri
505 4210 796 4274 Philonis
829 4211 922 4272 De
965 4210 1106 4269 Vita
1156 4206 1677 4285 contemplativa,
1726 4207 1756 4266 1
1799 4204 1927 4267 vol.
1979 4205 2187 4285 in-ﬂ.
2219 4206 2280 4268 5°
2312 4204 2790 4285 Palazographia
2832 4207 3074 4278 Graeca,
3112 4198 3153 4269 1'
3181 4210 3304 4270 vol.
3348 4209 3591 4290 in-fol.,

322 4313 498 4381 1708,
540 4329 697 4391 opus
732 4309 1028 4371 eximium
1060 4308 1127 4368 in
1158 4323 1280 4385 quo
1314 4307 1496 4367 varia
1527 4305 1961 4367 characterum
1991 4301 2359 4367 Graecorum
2392 4306 2737 4386 specimina
2770 4304 3170 4372 exhibentur.
3204 4314 3265 4373 6°
3309 4312 3593 4390 Hexaplo

322 4413 641 4492 Origenis,
672 4413 714 4472 2
748 4408 875 4472 vol.
910 4406 1154 4487 in-fol.,
1189 4407 1367 4469 1713.
1394 4409 1455 4468 7°
1487 4404 1881 4466 Bibliotheca
1912 4403 2334 4480 Coisliniana,
2374 4407 2404 4466 1
2445 4406 2571 4467 vol.
2607 4406 2818 4485 in—fol.
2852 4405 2915 4467 8°
2954 4405 3324 4486 Antiquitas
3364 4412 3589 4491 expla-

320 4529 484 4592 nata,
525 4529 616 4578 etc
649 4563 667 4592 ,
703 4520 775 4579 10
820 4517 944 4578 vol.
998 4512 1254 4595 in-fol.,
1314 4514 1489 4575 1719.
1545 4514 1611 4574 9'
1643 4509 2034 4593 Antiquitati
2094 4513 2454 4592 explanatis
2499 4512 3063 4593 Supplementmn,
3097 4518 3135 4577 5
3180 4521 3303 4583 vol.
3340 4520 3592 4603 in-fol.,

322 4624 511 4693 1721s,-
568 4637 899 4703 utrumque
949 4619 1449 4702 gallica-latine.
1510 4620 1609 4679 10'
1654 4617 2045 4680 Monorchite
2092 4606 2353 4681 Gallicos
2400 4617 2844 4692 Monumento,
2898 4624 2938 4686 δ
2983 4620 3111 4683 vol.
3159 4622 3400 4705 in-fol.,
3452 4645 3594 4688 cum

321 4730 571 4813 figuris,
605 4727 854 4809 gatlice,
891 4729 1067 4789 1729.
1107 4729 1206 4787 11'
1234 4724 1628 4788 Bibliotheca
1666 4721 2207 4785 bibliothecarum
2249 4724 2842 4803 manuscriptorum
2898 4741 3084 4799 nova,
3119 4724 3160 4785 2
3188 4726 3314 4789 vol.
3351 4728 3591 4808 in-fol.,

321 4834 507 4896 1739.
542 4834 642 4894 12'
672 4834 941 4894 Joannis
977 4831 1413 4910 Chrysostomi
1457 4846 1716 4910 operum
1768 4826 1961 4893 editio
2023 4829 2525 4906 exquisitissimo
2554 4844 2737 4907 want
2766 4828 2970 4891 denuo
2999 4831 3173 4911 typis
3201 4834 3593 4907 mandamus,

322 4937 397 4997 13
444 4933 572 4997 vol.
621 4935 866 5019 in-fol.,
899 4935 975 4998 ab
1027 4952 1195 4996 anno
1252 4934 1409 4996 1718
1441 4949 1633 5011 usque
1662 4930 1748 4992 ad
1797 4948 2031 4991 annum
2064 4932 2244 4995 1738.
2279 4935 2428 4996 Haec
2475 4942 2567 4995 est
2607 4939 3076 5019 pracipuorum
3109 4936 3594 5018 Montefaleonii

318 5054 578 5115 operum
610 5034 828 5110 moles,
881 5054 1017 5115 quae
1059 5038 1255 5099 niulto
1306 5038 1503 5119 magis
1531 5044 1908 5117 portentosa
1939 5036 2280 5112 videbitur,
2323 5040 2382 5099 si
2416 5039 2787 5103 attendatur
2817 5042 3164 5121 unicuique
3194 5044 3375 5121 operi
3402 5040 3590 5119 vulgo

317 5138 609 5232 accedere
660 5140 1033 5213 versionem,
1084 5148 1292 5214 notas,
1345 5138 1844 5214 dissertationes,
1888 5138 2211 5218 epistolas,
2245 5141 2725 5216 commentaria,
2770 5162 2894 5203 uno
2935 5144 3120 5205 verbo
3159 5144 3468 5224 quidquid
3513 5144 3594 5203 uel

322 5238 760 5314 explanandas
791 5242 991 5304 omnis
1020 5244 1270 5322 generis
1302 5242 1711 5321 difficultates
1745 5242 2042 5321 prodesse
2070 5252 2299 5321 potest.

401 5344 928 5425 Montefalconius
981 5346 1257 5409 Parisiis
1307 5346 1463 5408 obiit
1508 5348 1609 5409 die
1656 5346 1998 5409 decembris
2051 5349 2348 5427 vigesima
2396 5347 2635 5426 prima,
2685 5367 2847 5407 anno
2899 5347 3074 5421 17’s],
3127 5356 3179 5406 et
3222 5330 3303 5407 in.
3337 5345 3591 5407 ecclesia

323 5445 547 5505 Sancti
586 5448 946 5511 Germania
978 5449 1191 5511 Pratis
1233 5447 1516 5527 sepultus
1557 5463 1666 5510 est.
