4018 6404
365 256 431 295 νη

1014 344 1216 355 ,---υ‹‹ι
1247 340 1553 355 —'——_,-"‘,‘:——.____

998 350 1009 355 ξ
1150 344 1216 353 ῌ⁴
1368 340 1553 350 .______.
1618 340 1637 347 ν
1836 337 2089 347 ﬂ——~———
2110 337 2213 341 v—v—
2226 337 2414 341 —~~‘v-V—*—V
2436 337 2471 339 κ
2500 337 2535 339 -ί
2562 337 2716 340 νί-νρ
2759 337 3065 341 --τ-πὴ---ν-
3092 337 3437 349 ν-οσ·ο-νη-σ-----ν
3496 344 3503 349 .

357 337 3619 408 ww

455 377 1922 405 w—

455 596 464 606 .
562 490 734 601 n.
790 470 1768 626 nmmum:
1838 471 1922 580 li

2029 377 3603 585 satiassatias“

1628 644 2303 831 ἣβτρείαιὶο.

1454 913 2522 993 mireame

421 1081 516 1134 Diu
564 1080 851 1147 expetitam
896 1077 952 1131 S.
1005 1074 1220 1129 Joannis
1275 1067 1644 1141 Chrysostomi
1691 1063 1920 1133 Operum

346 1171 581 1225 onmium
610 1168 894 1224 editionem
921 1182 951 1220 a
981 1164 1160 1219 multis
1186 1162 1294 1232 jatu
1325 1159 1476 1213 annis
1504 1170 1752 1227 paramus
1780 1170 1795 1207 :
1833 1167 1927 1207 ne-

345 1276 447 1330 que
476 1259 616 1313 enim
646 1265 853 1327 poterat
881 1272 967 1311 res
999 1265 1103 1309 tam
1147 1267 1369 1321 operosa
1392 1292 1407 1317 ,
1437 1260 1542 1303 tam
1572 1246 1745 1316 ampla
1765 1286 1780 1311 ,
1811 1259 1925 1297 mo-

343 1353 464 1406 dico
490 1351 743 1420 temporis
771 1347 1036 1403 curriculo
1055 1343 1386 1401 concinnari.
1412 1338 1737 1395 Bibliotheca
1759 1343 1920 1399 sunt,

346 1460 451 1498 non
503 1443 655 1508 liber,
700 1440 830 1495 tanti
893 1434 1469 1506 doctorisOpuscnla,
1498 1427 1920 1487 Commentaria.

345 1534 619 1603 Epistohe.
666 1526 739 1585 Ea
777 1546 906 1585 vero
943 1544 1050 1583 non
1086 1543 1192 1582 uno
1229 1527 1281 1579 in
1331 1524 1448 1578 loco
1491 1520 1647 1576 simul
1702 1517 1923 1573 collecta

342 1621 737 1693 comparent'ln
766 1618 1100 1675 bibliothecis
1152 1612 1666 1681 manuscriptorum,
1696 1605 1837 1676 quod
1869 1605 1920 1657 in

343 1716 566 1770 aliorum
609 1714 927 1781 scriptorum
996 1709 1245 1778 operith
1288 1718 1432 1773 saepe.
1474 1699 1783 1769 contingit;

343 1805 572 1873 undique
600 1804 841 1873 dispersa
870 1814 1095 1870 carpere
1115 1810 1168 1852 et
1188 1797 1441 1865 colligere
1481 1801 1563 1848 est
1589 1804 1722 1860 opus
1746 1806 1759 1838 ε
1783 1800 1923 1841 acet-

339 1892 522 1964 ditque
572 1910 678 1949 non
730 1892 930 1957 semel,
960 1899 1018 1944 ut
1063 1905 1185 1944 cum
1225 1900 1410 1941 omnes
1458 1883 1688 1951 Europae
1732 1877 1920 1934 biblio~

343 1986 524 2038 thecas
564 1982 615 2036 in
658 1996 869 2036 cassum
914 1979 1260 2050 percurreris,
1287 1977 1337 2030 in
1375 1973 1571 2045 angulo
1604 1969 1818 2025 tandem
1857 1982 1920 2021 ea

340 2088 457 2141 qua:
494 2072 585 2126 ditt
638 2071 966 2141 exquisieras
1018 2067 1508 2139 deprehendantur.
1560 2062 1619 2117 Id
1656 2058 1921 2144 quantivis

341 2165 537 2219 laboris
590 2165 659 2218 sit
708 2163 933 2217 libenter
990 2161 1310 2230 suscipitur,
1351 2157 1564 2230 quando
1612 2156 1678 2210 de
1716 2152 1921 2208 Joanne

338 2254 725 2325 Chrysmtomo
755 2254 942 2324 agitur,
983 2262 1126 2307 tanto
1163 2251 1382 2307 doctore
1403 2291 1418 2315 ,
1445 2257 1661 2304 oratore
1689 2256 1918 2305 summo,

339 2349 426 2416 qui
457 2362 566 2401 rem
588 2345 943 2401 Christianam
974 2344 1096 2415 plus
1119 2358 1279 2414 quam
1320 2342 1406 2395 alii
1437 2353 1622 2394 omnes
1636 2372 1658 2403 ο,
1683 2345 1794 2391 tum
1831 2333 1920 2403 qui

339 2446 761 2504 prmeessertmt,
795 2445 903 2490 tum
948 2434 1039 2504 qui
1086 2442 1205 2504 post
1247 2432 1395 2486 illum
1439 2430 1766 2488 ﬂoruerunt,
1809 2425 1920 2479 elo-

339 2525 569 2595 quentiae
595 2524 924 2579 ornamentis
953 2522 1245 2578 decoravit.
1276 2522 1322 2576 ls
1352 2535 1380 2574 a
1412 2533 1577 2588 puero
1594 2516 1788 2571 divinis
1820 2513 1915 2568 hu-

339 2616 615 2687 manisque
656 2616 824 2671 literis
873 2630 1088 2686 operam
1120 2614 1306 2670 dedit:
1342 2628 1370 2665 a
1401 2611 1729 2679 Libanioqne
1767 2609 1918 2661 invi.-

341 2718 485 2761 ttttus
520 2716 720 2761 tantum
753 2705 1008 2777 profecit,
1037 2717 1094 2759 ut
1123 2705 1174 2760 in
1197 2703 1449 2760 extremis
1478 2716 1640 2771 agens
1668 2699 1920 2754 Libamus

343 2794 612 2865 professus
639 2797 729 2861 sit,
760 2809 818 2850 se
841 2794 1100 2850 Joannem
1142 2794 1242 2848 sibi
1276 2806 1638 2848 successorem
1682 2789 1917 2843 destina-

342 2895 557 2951 turum,
603 2884 702 2938 nisi
748 2884 791 2938 is
820 2884 921 2939 sibi
966 2898 999 2936 a
1040 2882 1358 2937 Christianis
1404 2881 1655 2951 abreptus
1711 2879 1916 2933 fuisset.

345 2976 536 3031 Forum
588 2976 932 3046 forensesque
974 2989 1164 3030 causas
1190 2975 1447 3044 tantisper
1475 2982 1738 3036 sectatus,
1775 2969 1921 3027 brevi

338 3083 367 3118 a
419 3075 596 3134 coepto
633 3065 849 3130 resiliit,
903 3081 966 3121 ac
1009 3066 1322 3122 Christianae
1360 3078 1585 3135 prorsus
1622 3062 1918 3131 disciplina:

339 3156 706 3226 sevcrioriqtte
747 3157 870 3212 vitae
909 3144 1153 3212 instituto
1191 3172 1250 3212 sc
1296 3165 1462 3211 totum
1502 3154 1740 3221 dedidit;
1769 3162 1827 3207 ut
1869 3154 1918 3206 in

339 3246 454 3312 ejus
494 3246 706 3301 vita-ad
751 3247 951 3302 calcem
979 3247 1209 3318 Operum
1246 3255 1523 3311 accurate,
1553 3255 1806 3316 quantum
1843 3244 1921 3298 fas

340 3335 471 3401 erit,
505 3335 809 3392 adornanda
839 3335 1081 3407 pluribus
1127 3339 1446 3393 narrabitur.
1485 3336 1708 3392 Juvenis
1747 3336 1922 3390 adhuc

341 3429 532 3483 eximia
554 3430 699 3485 dedit
727 3431 923 3501 ingenii
948 3430 1271 3499 speeimiua;
1306 3430 1613 3485 Partenescs
1637 3430 1918 3511 nempead

340 3520 678 3575 Theodorum
705 3521 931 3591 lapsum,
956 3522 1122 3577 libros
1158 3522 1224 3576 ad
1253 3522 1610 3587 Demetrium,
1640 3522 1706 3577 ad
1745 3522 1920 3578 Stele-

340 3609 517 3665 chium
536 3651 552 3677 ,
575 3610 640 3665 ad
671 3610 957 3681 Stagirium
986 3619 1042 3666 et
1062 3611 1128 3666 ad
1155 3612 1288 3667 alios
1318 3628 1332 3666 :
1357 3627 1475 3681 quae
1503 3611 1754 3681 opuscula
1778 3626 1922 3681 pra:-

341 3702 539 3754 elaruni
581 3700 817 3756 referunt
853 3711 1161 3757 oratorem:
1193 3696 1487 3757 limatiorcs
1531 3712 1654 3757 sunt
1701 3701 1819 3757 libri
1853 3702 1921 3757 de

340 3792 651 3847 Sacerdotio
671 3836 685 3861 ,
720 3795 771 3848 in
804 3794 975 3864 iisque
1003 3793 1452 3864 deprehendimus
1479 3794 1921 3867 Chrysostomum

340 3885 722 3955 Chrysostomo
755 3884 1197 3955 eloquentiorem.
1228 3885 1323 3940 llis
1350 3886 1514 3941 veluti
1555 3884 1825 3955 pratludiis
1853 3886 1921 3940 ad

340 3977 524 4031 orandi
553 3992 744 4031 munus
765 3994 823 4033 se
847 3978 1192 4047 comparabat
1219 3978 1455 4034 Joannes
1479 3996 1492 4032 :
1515 3978 1606 4048 qui
1646 3979 1923 4048 presbyter

342 4069 638 4123 Antiochia:
679 4069 835 4124 annis
873 4068 1154 4124 duodecim
1179 4110 1195 4136 ,
1240 4070 1521 4139 epise0pus
1551 4068 1925 4125 Constantino-

342 4159 445 4227 poli
474 4160 706 4229 quinque
725 4174 887 4214 sexve
915 4159 1072 4214 annis
1090 4200 1104 4223 ,
1131 4174 1159 4213 a
1187 4159 1540 4215 concionaudi
1566 4160 1741 4216 ofﬁcio
1762 4174 1923 4215 num-

342 4264 498 4317 quam
528 4249 765 4315 destitit,
796 4250 959 4320 inque
996 4248 1080 4305 sui
1110 4248 1519 4305 admirationem
1552 4259 1720 4306 totum
1748 4252 1925 4319 rapuit

339 4339 631 4395 Orientem.
664 4339 907 4405 Paratus,
931 4341 1224 4411 imparatus
1266 4341 1568 4408 accederet,
1606 4342 1785 4396 omnia
1822 4342 1923 4412 ipsi

345 4445 510 4499 prona
556 4439 746 4498 erant,
778 4446 845 4487 eo
881 4445 1094 4502 semper
1132 4431 1340 4487 dicendi
1366 4448 1564 4503 genere
1593 4446 1754 4497 usus,
1783 4432 1923 4502 quod

345 4520 546 4590 majore
586 4521 654 4575 ad
697 4521 1122 4591 persuadendum
1176 4531 1449 4578 momento
1488 4524 1718 4577 futurum
1759 4530 1921 4577 esset.

349 4612 477 4681 l-Ijus
509 4612 697 4667 orandi
719 4613 855 4667 ratio
884 4612 1003 4683 plus
1028 4612 1188 4669 habet
1219 4613 1409 4682 nativa:
1435 4614 1732 4683 elcgantim,
1765 4629 1923 4684 quam

341 4705 643 4758 artificiosae
692 4703 978 4773 tliligeutize
1008 4722 1023 4759 :
1052 4704 1219 4759 sicubi
1265 4714 1384 4760 arte
1435 4704 1633 4771 utitur,
1682 4706 1754 4759 ita
1811 4720 1925 4760 rem

344 4804 641 4863 temperat,
676 4804 733 4848 ut
765 4795 926 4850 lateat
948 4810 1163 4866 semper
1181 4797 1466 4852 artiﬁcium
1507 4805 1565 4853 et
1603 4796 1927 4868 quadrandae

345 4887 601 4941 orationis
628 4887 907 4943 industria.
938 4889 1206 4959 Expedita
1231 4899 1285 4945 et
1318 4890 1616 4961 proﬂuente
1644 4892 1926 4947 verborum

342 4979 492 5048 copia
541 4979 806 5048 loquitur,
852 4983 1229 5037 concinnitatis
1275 4984 1579 5053 leporisque
1624 4984 1827 5053 plena:
1869 4992 1925 5038 ut

342 5071 563 5123 mirifice
585 5070 683 5138 ipsi
709 5081 975 5140 competat
1002 5073 1129 5127 illud
1157 5072 1497 5128 Homericum
1525 5092 1539 5129 :

483 5170 582 5216 Τοῦ
609 5172 692 5216 καὶ
729 5165 824 5216 ἀπό
844 5172 1051 5229 γλώττης
1077 5175 1266 5232 μέλιτος
1294 5175 1489 5233 γλυκίων
1510 5175 1607 5238 ῥᾶεν
1637 5171 1781 5229 αὖδή.

588 5261 638 5304 t".t
663 5268 725 5304 ex
751 5267 839 5304 ore
861 5255 968 5317 ejus
986 5255 1136 5306 melle
1157 5260 1350 5308 suavior
1369 5259 1555 5309 ﬂuebat
1577 5273 1689 5309 vox.

340 5339 726 5405 Perspietiitate
772 5339 971 5395 nemini
1017 5341 1293 5405 concedit,
1328 5342 1426 5394 nisi
1474 5341 1698 5397 fortasse
1738 5357 1927 5398 omnes

349 5437 586 5495 superet.
618 5427 930 5486 inventione
950 5473 964 5494 ,
994 5448 1112 5500 quae
1138 5448 1202 5485 ex
1236 5431 1712 5499 ingenii-felicitate
1754 5434 1926 5486 nasci-

339 5530 451 5584 tur,
472 5518 751 5576 universos
776 5533 1031 5593 quotquot
1057 5524 1314 5577 hactenus
1344 5525 1489 5577 fuere
1514 5536 1753 5579 oratores
1771 5525 1927 5594 longe
1952 5564 1967 5574 .

344 5618 490 5660 retro
535 5610 803 5678 relinquit.
832 5613 1210 5683 lnexspeetatis
1253 5616 1340 5669 ille
1372 5615 1541 5669 modi;
1569 5631 1681 5669 rem
1729 5631 1924 5685 prOpO-

352 5699 504 5744 sitam
536 5700 723 5765 vertit,
749 5710 796 5754 et
826 5717 926 5770 qua
965 5706 1045 5756 via
1086 5712 1240 5761 nemo
1279 5707 1565 5759 divinas-tet
1608 5708 1670 5760 ad
1708 5721 1924 5772 sceptnn

2039 1060 2240 1124 tendit;
2273 1062 2427 1131 idque
2456 1064 2523 1117 ita
2554 1065 2719 1123 libere
2748 1068 3099 1141 expediteque
3126 1115 3137 1136 ,
3168 1082 3224 1127 ut
3257 1089 3314 1129 re
3339 1086 3614 1146 perspecta

2036 1160 2189 1221 putes
2214 1168 2334 1207 eum
2361 1155 2503 1209 nulla
2534 1156 2635 1211 alia
2666 1173 2823 1227 posse
2852 1161 2966 1226 via,
2995 1162 3140 1217 nullo
3176 1177 3334 1219 cursu
3383 1167 3615 1223 feliciore

2034 1243 2100 1297 ad
2126 1243 2445 1301 destinatum
2469 1263 2689 1319 pergere
2715 1251 3100 1307 finent.\’erum
3128 1257 3247 1324 quia
3273 1257 3403 1312 nihil
3429 1268 3614 1315 natura

2031 1334 2199 1405 gignit
2242 1339 2388 1392 omni
2430 1354 2495 1394 ex
2542 1348 2691 1409 parte
2728 1343 3061 1412 perfectum,
3109 1346 3239 1401 nihil
3282 1362 3371 1403 ars
3412 1350 3616 1420 profert

2033 1429 2281 1484 omnibbs
2304 1431 2606 1487 absolutum
2639 1435 2876 1503 partibus
2918 1445 2972 1491 et
3007 1441 3276 1506 numeris,
3310 1458 3473 1496 unum
3509 1443 3616 1499 for-

2035 1531 2177 1575 tasse
2202 1526 2309 1575 erit
2335 1522 2475 1592 quod
2508 1524 2559 1577 in
2589 1534 2805 1580 oratore
2835 1535 3018 1583 nostro
3061 1528 3463 1599 reprehendas;
3507 1544 3615 1587 tro-

2034 1628 2221 1681 porum
2263 1629 2453 1683 nempe
2478 1630 2541 1669 ac
2570 1616 2976 1679 similitudinum
3011 1620 3395 1691 frequentiam,
3420 1642 3519 1696 qua
3546 1628 3612 1683 ad

2030 1716 2280 1757 nauseam
2317 1719 2487 1774 usque
2526 1706 2786 1761 redundat
2839 1710 3031 1764 oratio.
3070 1708 3176 1766 Sed
3228 1713 3281 1768 id
3327 1715 3442 1770 vitii
3494 1732 3611 1773 mvo

2030 1793 2206 1862 potius
2247 1792 2617 1864 Cbrysostomi
2665 1812 2824 1867 quam
2869 1799 3253 1870 Chrysostomo
3300 1804 3609 1875 adscribas,

2028 1885 2455 1956 quandoquidem
2502 1887 2632 1956 ille,
2678 1890 2764 1944 tali
2808 1893 3164 1950 concionaudi
3202 1911 3400 1965 genere
3447 1915 3605 1965 usus,

1983 1995 1990 2003 ·
2028 1978 2265 2031 omnium
2289 1978 2387 2031 sibi
2415 1980 2714 2035 conciliavit
2746 1983 3215 2053 existimationem,
3243 1996 3446 2058 gratam
3480 2004 3610 2046 cou-

2028 2066 2198 2120 eionis
2250 2067 2836 2139 admurmurationem,
2883 2074 3099 2144 plausus
3170 2089 3492 2149 perpetuos,
3549 2098 3613 2139 ac

2032 2158 2378 2228 plerumque,
2410 2169 2467 2215 ut
2509 2161 2600 2217 ille
2650 2163 2756 2229 ait,
2782 2165 3163 2234 importunus;
3210 2172 3462 2240 aureique
3499 2175 3612 2228 oris

2029 2246 2152 2302 ideo
2192 2264 2386 2304 nomen
2426 2253 2650 2306 sortitus
2697 2264 2798 2309 est.
2832 2256 2965 2310 Audi
3018 2256 3234 2314 Suidam
3266 2279 3279 2316 :
3324 2261 3612 2335 Martyrum

2026 2340 2294 2395 conciones
2333 2343 2566 2410 expedita
2593 2355 2640 2398 et
2678 2350 3009 2417 extemporali
3037 2351 3400 2408 declamatione
3433 2358 3611 2411 admo-

2027 2431 2149 2485 dum
2181 2433 2330 2486 tuxit.
2352 2433 2552 2506 Lingua
2569 2437 2679 2506 ejus
2705 2436 2816 2491 Nili
2840 2441 3090 2511 ealadupa
3112 2444 3390 2513 proﬂuente
3413 2445 3610 2503 dicendi

2028 2540 2175 2594 septa
2222 2526 2512 2595 superabat.
2559 2527 2721 2583 Nemo
2768 2547 2991 2599 unquam
3040 2535 3192 2589 lautis
3229 2533 3522 2601 eloquentia:
3564 2551 3611 2594 et

2027 2613 2268 2669 ubertatis
2307 2616 2495 2670 divitiis
2544 2628 2815 2673 exornatus
2856 2622 2995 2691 fuit:
3022 2624 3161 2679 solus
3194 2624 3359 2695 itaque
3401 2636 3611 2683 aureum

2024 2705 2350 2777 divinumque
2379 2724 2558 2761 nomen
2587 2710 2694 2761 sine
2728 2708 2837 2763 labe
2861 2711 3066 2766 sorlilus
3090 2722 3180 2767 est.
3221 2714 3346 2768 Haec
3370 2726 3607 2774 veterum

2029 2797 2126 2850 fuit
2180 2799 2419 2852 omnium
2461 2799 2643 2869 opinio
2673 2818 2685 2853 :
2716 2801 3097 2869 quamobrem,
3127 2804 3170 2857 si
3206 2804 3331 2874 quid
3377 2809 3512 2862 nmvi
3552 2809 3607 2864 in

2029 2896 2176 2941 tanto
2204 2898 2419 2959 tamque
2453 2891 2708 2958 imi-claro
2734 2899 2948 2947 oratore
2978 2895 3330 2963 reperiamus,
3360 2897 3409 2952 id
3440 2901 3605 2965 :etati,

2028 2985 2086 3031 ut
2145 2977 2291 3043 dixi,
2340 2994 2444 3033 non
2502 2979 2885 3052 Chrysostotuo
2955 2966 3315 3041 tribuendum.
3386 2988 3612 3046 Solertis

2024 3073 2253 3126 oratoris
2276 3071 2374 3127 fuit
2393 3072 2692 3128 auditorum
2719 3076 2988 3145 ingenium
3016 3077 3239 3134 feliciter
3261 3082 3568 3151 explorasse
3593 3103 3606 3137 :

2028 3177 2122 3231 per
2150 3163 2235 3216 illa
2266 3164 2460 3233 placuit
2489 3180 2606 3235 qua:
2630 3166 2742 3236 jam
2770 3169 2951 3224 multis
2980 3186 3085 3224 non
3127 3171 3198 3226 ita
3235 3173 3463 3242 placent.
3507 3175 3613 3230 La-

2025 3268 2238 3322 erymas
2261 3256 2427 3310 movit
2456 3266 2513 3311 ut
2542 3257 2728 3324 voluit,
2749 3259 2874 3313 vitia
2898 3260 3220 3328 emendavit,
3250 3263 3609 3321 Christianam

2027 3344 2184 3399 ﬁdem
2228 3347 2403 3407 auxit.
2449 3347 2664 3404 Jtuheos
2699 3358 2755 3404 et
2802 3350 3081 3406 haereticos
3119 3353 3436 3424 proﬂigavit.
3493 3357 3608 3413 Non

2028 3437 2286 3493 minorem
2312 3440 2455 3494 enim
2497 3440 2547 3494 in
2592 3441 2869 3498 dialectica
2925 3458 3081 3513 quam
3113 3445 3164 3499 in
3213 3448 3447 3502 oratoria
3496 3460 3613 3506 arte

2024 3528 2283 3586 Joannem
2316 3542 2566 3587 nostrum
2596 3537 2955 3604 comperimus
3003 3554 3017 3590 :
3065 3537 3221 3608 idque
3260 3536 3611 3609 proculdubio

2018 3621 2280 3677 fatebitur
2303 3625 2542 3694 quisquis
2579 3626 2865 3681 conciones
2886 3628 3000 3696 ejus
3025 3633 3213 3683 contra
3232 3631 3521 3687 Anommos
3558 3642 3612 3688 et

2024 3722 2212 3767 contra
2250 3712 2465 3769 Judaos
2505 3723 2753 3770 accurate
2788 3718 3103 3787 perleget-it,
3151 3719 3238 3773 ubi
3276 3723 3613 3791 argutissime

2025 3805 2261 3876 disputat
2286 3847 2301 3870 ,
2333 3815 2389 3861 et
2418 3807 2815 3863 ratiociniorum
2854 3809 2903 3863 vi
2930 3808 3268 3865 adversarios
3308 3812 3377 3866 ita
3415 3824 3609 3884 urget,

2026 3908 2085 3953 ut
2114 3899 2256 3954 nulla
2283 3899 2515 3970 supersit
2554 3900 2681 3970 ipsis
2702 3900 2947 3957 elabendi
2976 3902 3078 3956 via.
3110 3902 3241 3958 Rem
3270 3905 3609 3974 epistolarem

2026 3992 2186 4047 etiam
2214 3992 2389 4062 attigit
2412 3992 2830 4064 Chrysostomus
2848 4035 2863 4058 ,
2894 3994 3132 4050 maxime
3161 4010 3288 4050 vero
3317 3997 3366 4049 in
3399 3998 3607 4062 exsilio,

2027 4082 2150 4137 dum
2182 4083 2455 4137 calamitas
2476 4123 2490 4143 .
2516 4091 2728 4147 metus,
2759 4083 2992 4140 solitudo
3019 4084 3368 4155 prohiberent
3399 4101 3430 4140 a
3456 4085 3615 4143 solito

2024 4173 2384 4229 concionaudi
2415 4175 2594 4231 officio
2623 4216 2640 4240 ,
2667 4185 2719 4230 et
2746 4176 2971 4231 multum
3012 4176 3168 4245 spatii
3210 4185 3355 4232 esset
3388 4177 3452 4231 ad
3482 4176 3616 4232 scri-

2028 4264 2281 4319 bendum.
2315 4265 2509 4321 Pulsus
2537 4266 2717 4337 itaque
2739 4266 2869 4322 sede
2896 4266 3101 4323 curavit
3128 4275 3274 4322 utne
3304 4268 3473 4338 ipsum
3498 4269 3615 4337 qni-

2028 4357 2151 4413 dem
2178 4359 2345 4413 otium
2362 4362 2519 4414 ‘esset
2545 4358 2795 4413 otiosum.

2029 4489 2057 4561 ς
2095 4490 2135 4545 1.
2161 4520 2223 4531 -
2250 4489 2328 4544 De
2345 4490 2497 4544 variis
2516 4488 2860 4559 Chrysostomi
2896 4464 3240 4549 Ediiiouibus.
3276 4507 3336 4544 ac
3364 4493 3619 4563 praecipue

2415 4583 2479 4635 de
2516 4580 2728 4636 Henrici
2762 4580 2943 4636 Sm'ilii
2982 4580 3235 4635 Editione.

2103 4696 2246 4752 Nihil
2293 4698 2486 4751 mirmn
2534 4697 2638 4751 sia
2667 4695 2973 4766 primordiis
3013 4709 3183 4765 usque
3223 4694 3617 4767 typographlcm

2031 4793 2161 4843 artis
2184 4789 2317 4843 tanti
2335 4787 2569 4843 doctoris
2587 4787 2839 4856 operibus
2858 4775 3083 4841 edendis
3104 4788 3250 4841 multi
3273 4788 3612 4848 desudarint:

2031 4879 2327 4933 innumera:
2353 4880 2503 4932 vario
2530 4886 2774 4947 tempore
2799 4877 3180 4946 opusculorum
3211 4878 3326 4946 ejus
3355 4878 3615 4936 editiones

2030 4970 2281 5039 prodiere
2333 4969 2385 5023 in
2434 4968 2619 5030 Italia,
2658 4967 2862 5035 Gallia,
2906 4967 3226 5033 Germania,
3258 4970 3464 5039 Anglia.
3515 4971 3616 5024 Alii

2030 5062 2287 5130 quasdam
2330 5076 2551 5130 operum
2591 5071 2772 5132 partes
2798 5061 2986 5117 Latine
3036 5071 3237 5116 tantum
3264 5058 3498 5128 dabant,
3533 5063 3618 5115 alii

2031 5153 2251 5218 Graece,
2294 5151 2533 5206 nonnulli
2581 5162 2803 5224 utraque
2854 5153 3049 5224 lingua.
3095 5152 3208 5206 Non
3248 5152 3399 5220 pauci
3449 5153 3615 5207 colle-

2030 5248 2193 5303 ctioni
2243 5263 2464 5317 operum
2516 5251 2755 5304 omnium
2805 5245 3126 5315 adornanda:
3171 5260 3385 5299 manum
3437 5244 3612 5298 admo-

2030 5352 2238 5395 verunt.
2272 5341 2327 5396 Si
2355 5344 2444 5412 qui
2471 5358 2598 5398 vero
2622 5352 2747 5397 ante
2762 5341 3028 5396 decimum
3058 5340 3339 5408 septimum
3366 5340 3618 5395 saeculum

2033 5433 2083 5488 id
2107 5433 2339 5502 aggressi
2371 5441 2518 5498 sunt,
2553 5433 2586 5485 ii
2625 5432 2841 5487 Latinas
2865 5440 3066 5484 tantum
3093 5430 3459 5501 Chrysostomi
3488 5446 3614 5500 ope-

2032 5536 2148 5577 rum
2168 5523 2510 5577 eollcctioxncs
2535 5522 2828 5576 emiserunt
2862 5537 2923 5574 .ic
2958 5521 3128 5574 multa
3164 5520 3487 5590 reliquerunt
3538 5523 3610 5575 iu-

2036 5625 2172 5668 taeta
2204 5624 2257 5668 et
2303 5614 2659 5667 inobservata.
2700 5613 2892 5666 Verum
2937 5618 3003 5662 de
3049 5615 3110 5665 iis
3144 5614 3392 5667 omnibus
3427 5614 3605 5665 editio-

2037 5708 2185 5761 nibnc-
2215 5706 2352 5760 aiius
2378 5717 2456 5759 est
2485 5704 2633 5759 nobis
2663 5706 2724 5759 ad
2757 5705 3038 5757 dicendum
3068 5708 3385 5759 consumtus
3410 5708 3573 5760 locus.
