4018 6484
561 437 645 480 ιιι.

643 541 872 596 Demum
904 539 1064 610 paulo
1088 548 1223 612 post:
1252 539 1459 596 initium
1500 537 1692 596 decimi
1733 539 1945 610 septimi
1983 538 2167 593 saeculi

566 633 677 687 duo
705 632 807 687 viri
828 633 1024 687 summi
1055 631 1245 688 eodem
1273 632 1443 688 ferme
1473 642 1713 702 tempore
1738 646 1853 687 eam
1882 646 2167 701 suscepere

570 714 944 792 provinciam,
975 730 1033 776 nt
1072 723 1250 777 omnia
1295 737 1514 793 prorsus
1541 723 1781 793 ejusdem
1821 722 1878 778 S.
1928 722 2165 778 doctoris

572 829 740 885 opera
767 829 931 869 unum
977 814 1031 868 in
1060 829 1256 884 corpus
1287 814 1618 884 redigerent;
1667 814 1928 870 llenricus
1973 829 2165 884 nempe

569 905 803 961 Savilius
828 913 881 959 et
906 904 1106 959 Fronto
1138 906 1384 961 Duczeus.
1410 905 1562 960 Prior
1583 907 1797 976 magnis,
1829 915 1885 959 ut
1916 906 2028 976 ipse
2052 906 2161 971 ait,
2203 936 2215 951 ι

568 996 839 1051 sudoribus
864 1005 911 1049 et
950 996 1208 1051 inmensis
1236 997 1537 1067 sumptibus,
1566 996 1940 1066 undecumque
1984 997 2027 1051 si
2058 1012 2162 1067 qua

571 1088 804 1142 laterent
844 1087 897 1141 in
938 1088 1100 1143 variis
1148 1086 1377 1157 Europa:
1419 1086 1759 1143 bibliothecis
1805 1088 2159 1158 perquircnda

570 1178 1028 1246 exscribendaque
1079 1179 1325 1247 curavit,
1371 1179 1666 1234 amicorum
1722 1180 2162 1250 literatorumque

571 1284 709 1337 pene
728 1268 966 1323 omnium
988 1284 1152 1338 opera
1177 1285 1306 1324 usus
1335 1279 1390 1325 et
1417 1270 1694 1325 industria.
1722 1270 1836 1337 Quo
1860 1272 1917 1324 in
1939 1271 2160 1342 negotio,

572 1361 777 1429 inquit,
807 1360 1059 1432 egregiam
1100 1360 1242 1415 nobis
1278 1372 1323 1415 et
1361 1371 1618 1416 strenuam
1664 1378 1870 1432 operam
1911 1373 2161 1417 navarunt

578 1450 674 1504 uiri
693 1450 993 1521 amplissimi
1020 1450 1396 1521 doctissimique
1419 1494 1434 1516 ,
1465 1469 1601 1523 quos.
1629 1453 1835 1508 honoris
1873 1469 2030 1508 causa
2062 1469 2157 1508 no-

568 1545 745 1610 mine,
795 1543 1019 1598 Iacobus
1067 1545 1325 1614 Augustus
1367 1544 1649 1613 Thurinus,
1703 1563 1943 1618 maguum
1994 1547 2174 1601 lumen

572 1634 792 1701 Gallice,
839 1633 1049 1689 Marcus
1108 1633 1341 1704 Velserns
1384 1634 1445 1689 11
1493 1637 1568 1689 vir
1608 1637 1935 1708 Augustanus
1959 1679 1973 1704 ,
2007 1636 2157 1692 Geor.

575 1725 797 1780 Michael
843 1724 1297 1797 Lingelslteimius,
1340 1726 1570 1781 Andreas
1617 1728 1862 1783 Schottus
1887 1770 1899 1791 ,
1949 1728 2161 1783 Isaacus

571 1816 895 1871 Casaubonus
918 1858 935 1883 ,
971 1815 1164 1871 Fronto
1188 1816 1412 1872 Ducteus
1428 1858 1449 1882 .,
1481 1818 1922 1873 .IanusGruterus
1947 1862 1961 1885 ,
1994 1819 2160 1873 David

571 1906 908 1975 Ilwscltelius,
939 1907 1266 1963 Sebastianus
1295 1908 1607 1980 Teugnagel,
1635 1909 2161 1964 eLReverendissimus

573 1999 781 2053 Gabriel
807 1997 1227 2071 Archiepiscopus
1265 2000 1751 2072 Philadelphiensis.
1794 2003 1955 2072 Nefas
2000 2013 2163 2058 tarere

571 2091 637 2146 de
662 2090 982 2146 Serenissimi
1004 2090 1158 2162 Regis
1182 2092 1341 2146 nostri
1363 2093 1503 2162 apud
1530 2104 1727 2148 exteros
1757 2093 2024 2163 Principes
2051 2096 2158 2149 cla-

571 2185 784 2240 rissimis
814 2184 1019 2254 legatis,
1051 2185 1230 2254 quibus
1272 2186 1380 2255 ipse
1409 2187 1502 2239 hoc
1530 2187 1582 2240 in
1614 2187 1869 2241 mandatis
1916 2187 2156 2253 dederat,

571 2288 628 2331 ut
654 2277 787 2331 omni
815 2293 915 2347 qua
941 2286 1142 2347 possent
1169 2294 1325 2349 opera
1363 2278 1587 2333 studium
1633 2279 1727 2332 hoc
1756 2295 1921 2333 meum
1952 2295 2155 2349 promo-

569 2377 760 2423 verent.
808 2366 985 2438 Itaque
1039 2367 1260 2423 librariis
1316 2369 1499 2422 nostris
1547 2369 1714 2423 aditus
1768 2372 2050 2441 patefactus
2092 2370 2161 2423 ad

572 2458 920 2519 bibliothecam
948 2457 1157 2530 Regiam
1187 2456 1418 2524 Lutetia’,
1448 2444 1763 2525 Palatinam,
1787 2458 2157 2530 Augustanam,

570 2550 874 2606 Bararicam
893 2593 907 2617 ,
934 2549 1215 2607 Caesaream
1236 2593 1249 2617 ,
1281 2560 1486 2605 crateras
1511 2567 1530 2604 :
1550 2551 1728 2621 quibus
1768 2551 1884 2622 freti
1926 2551 2163 2605 subsidiis

568 2644 702 2698 illud
748 2643 951 2698 domum
990 2642 1266 2697 attulerunt
1306 2644 1730 2711 instrumentum,
1764 2644 1906 2697 illam
1941 2643 2161 2713 supelle-

568 2738 739 2794 ctilem
761 2780 775 2804 ,
809 2753 871 2793 ex
898 2754 997 2809 qua
1022 2738 1164 2792 nobis
1184 2747 1257 2792 est
1284 2738 1391 2792 lucc
1417 2736 1670 2791 adornata
1702 2736 1873 2791 editio.
1899 2737 2011 2804 Qua
2054 2736 2154 2790 uti-

567 2845 697 2898 quev
727 2830 959 2885 editione
1000 2829 1141 2884 nulla
1192 2837 1347 2894 ante,
1377 2827 1517 2898 quod
1563 2843 1750 2900 parum
1793 2837 1877 2883 est
1920 2828 2119 2882 dixisse
2144 2868 2158 2892 ,

546 2924 822 2993 nullaque
846 2931 1030 2994 postea
1054 2921 1325 2991 cepiosior
1352 2920 1570 2991 prodiit.
1599 2921 2008 2976 Aecurationem
2033 2936 2161 2975 vero

571 3016 626 3069 in
651 3012 973 3085 castigandis
998 3013 1198 3069 Graecis
1225 3012 1546 3067 dictionibus
1573 3020 1733 3083 atque
1762 3012 2045 3083 phrasihus
2069 3013 2158 3067 vix

568 3108 767 3163 alicubi
798 3107 1055 3178 majorem
1082 3106 1476 3174 deprehendas.
1526 3104 1789 3160 Nimirum
1830 3119 2041 3159 summo
2070 3104 2160 3160 ille

568 3199 750 3256 studio
776 3200 897 3256 folia
932 3217 1158 3272 qumque
1184 3201 1370 3272 dispici
1398 3199 1617 3254 curabat
1663 3198 1963 3268 mundaque
2002 3197 2155 3252 tolli:

567 3309 678 3365 quo
700 3293 891 3350 factum
916 3304 992 3361 ut,
1017 3296 1060 3349 si
1082 3297 1203 3364 quis
1228 3293 1610 3365 longitudinem
1632 3291 1811 3361 operis
1831 3290 2157 3356 consideret,

568 3393 718 3440 certe
747 3400 911 3454 pauca
938 3395 1111 3441 errata
1142 3385 1372 3455 reperiat
1402 3385 1455 3437 in
1479 3392 1556 3438 tot
1578 3381 1880 3438 orationum
1910 3380 2158 3435 homilia-

568 3493 799 3548 rumque
828 3477 1058 3533 decursu
1094 3496 1107 3532 :
1140 3493 1258 3547 qua:
1288 3486 1464 3531 tamen
1504 3484 1680 3545 errata
1712 3473 1802 3528 ille
1837 3474 1891 3527 in
1921 3473 2024 3528 ﬁne
2060 3487 2156 3527 no-

571 3578 742 3625 tarum
792 3585 999 3624 summa
1035 3568 1307 3638 diligentia
1352 3567 1527 3636 colligi
1570 3564 1762 3635 cdiquc
1791 3565 2033 3627 curavit,
2070 3562 2157 3617 ubi

568 3661 654 3717 vel
684 3661 899 3715 minima
922 3675 1147 3730 qua:un
1177 3666 1450 3715 notantur.
1484 3658 1649 3713 Notas
1678 3655 1956 3717 autemad
1972 3655 2160 3726 singu-

568 3753 653 3809 los
682 3760 854 3808 tomos
894 3752 947 3806 in
979 3752 1082 3806 ﬁne
1111 3751 1285 3807 octavi
1332 3764 1437 3804 non
1478 3763 1603 3803 suas
1639 3746 1799 3803 modo
1836 3745 2040 3811 edidit,
2065 3746 2159 3801 sed

568 3844 729 3899 etiam
775 3843 1004 3898 aliorum
1051 3841 1333 3897 doctorum
1378 3840 1678 3908 hominum,
1703 3838 1922 3894 Joannis
1959 3838 2157 3901 Boisil,

572 3933 800 3990 Androm
844 3933 1060 3990 Douna2i
1083 3973 1096 3998 ,
1129 3932 1343 3987 Ricardi
1383 3931 1713 3996 Montaeutii,
1742 3938 1798 3984 et
1836 3928 2070 3994 llalesii;
2103 3938 2161 3983 ut

568 4026 703 4081 alios
734 4034 933 4081 taceam
963 4024 1056 4095 qui
1084 4025 1168 4079 vel
1200 4024 1410 4095 rogati,
1440 4024 1523 4079 vel
1546 4031 1738 4093 suopte
1762 4022 1987 4079 consilio
2015 4021 2157 4076 varia

569 4121 687 4187 loca
713 4117 997 4174 restituere
1022 4117 1197 4173 conati
1219 4159 1233 4181 ,
1264 4117 1331 4175 ab
1362 4117 1479 4187 ipso
1505 4115 1799 4171 afferuntur
1824 4115 1878 4169 in
1900 4113 2156 4170 medium.

569 4210 715 4265 Inter
742 4209 857 4265 illas
879 4225 1007 4267 vero
1038 4218 1194 4264 notas
1220 4249 1235 4275 ,
1269 4223 1391 4263 meo
1433 4207 1648 4278 quidem
1682 4205 1886 4276 judicio
1906 4247 1920 4270 ,
1949 4205 2159 4260 caneris

569 4301 817 4360 omnibus
838 4309 1093 4370 praestant
1117 4300 1283 4370 ipsius
1301 4298 1513 4353 llenriei
1540 4297 1723 4353 Savilii
1749 4306 1912 4365 nota},
1931 4298 1973 4353 si
2001 4311 2156 4366 saga-

567 4394 784 4450 citatem
807 4401 1017 4463 spectes
1036 4433 1052 4459 ,
1082 4392 1126 4448 si
1154 4391 1393 4447 eriticam
1419 4399 1621 4455 artem,
1654 4389 1698 4443 si
1729 4397 1923 4444 caetera
1956 4386 2155 4442 omnia.

570 4486 807 4543 Aliorum
838 4486 1037 4557 quippe
1061 4492 1238 4551 natm,
1272 4491 1331 4539 ut
1359 4482 1644 4552 plurimum
1676 4482 1823 4537 leves
1849 4489 2007 4547 sunt,
2038 4493 2159 4549 quae

567 4578 892 4649 coniecturis
919 4586 1171 4633 constant
1215 4575 1501 4646 aliquando
1535 4574 1754 4630 incertis
1793 4582 1849 4628 et
1888 4587 2158 4629 nonnum—

565 4684 728 4741 quam
770 4668 1029 4725 futilibus.
1080 4668 1347 4723 Saviliana
1407 4682 1568 4737 porro
1617 4665 1824 4733 editio,
1869 4678 1989 4734 qum
2036 4672 2160 4718 octo

565 4761 904 4820 densissimis
960 4761 1012 4815 in
1061 4760 1188 4818 folio
1236 4760 1394 4815 tomis
1431 4767 1679 4824 constat,
1709 4773 1873 4829 opera
1916 4757 2159 4827 Chryso-,

565 4852 726 4908 stomi
756 4852 945 4909 Graece
972 4862 1174 4907 tantum
1205 4850 1611 4922 complectitur.

604 4984 635 5038 8
670 4983 736 5040 ιι.
760 5015 833 5026 -
851 4984 932 5041 De
961 4985 1245 5051 Frontonis,
1264 4984 1443 5045 Ducazi
1473 4984 1708 5041 Editioue
1759 4993 1806 5039 et
1835 4984 2121 5049 deuorel-

1275 5082 1435 5143 liana.

636 5235 751 5292 Non
779 5238 1041 5293 minorem
1066 5239 1402 5309 dﬂigentiam
1420 5237 1472 5292 in
1502 5237 1817 5309 colligendis
1836 5238 2159 5309 Chrysosto-

564 5328 635 5382 mi
669 5329 923 5399 operibus
967 5330 1208 5387 exhibuit
1256 5330 1463 5386 Fronto
1514 5330 1740 5386 Ducazus
1787 5345 1855 5386 ex
1886 5330 2158 5387 Societate

563 5420 694 5477 lesu
720 5432 956 5491 nostras,
984 5424 1073 5495 qui
1103 5434 1280 5482 tamen
1306 5467 1322 5494 ,
1356 5425 1572 5495 paribus
1599 5424 1826 5481 fortasse
1870 5423 2158 5482 destitutus

566 5515 904 5571 facultatibus
929 5526 984 5572 et
1007 5519 1219 5574 auxiliis
1242 5561 1257 5588 ,
1290 5519 1341 5574 in
1370 5517 1679 5575 diuturnum
1736 5527 1945 5589 tempus
1977 5529 2157 5575 extra-

567 5615 709 5661 ctum
740 5622 879 5678 opus
923 5607 1036 5664 fato
1085 5620 1489 5681 pra-occupatus
1519 5611 1797 5667 absolvere
1826 5627 1932 5666 non
1962 5613 2150 5682 potuit.

571 5696 763 5753 Verum
809 5715 1056 5770 magnam
1085 5703 1174 5757 ille
1200 5712 1254 5757 et
1277 5700 1498 5759 arduam
1538 5719 1651 5758 rem
1701 5710 1814 5758 est“
1835 5719 2116 5774 aggressus
2137 5746 2150 5771 ,

568 5797 626 5843 ut
642 5789 848 5845 scilicet
877 5807 984 5845 non
1013 5793 1173 5849 modo
1201 5794 1385 5849 Grzrca
1414 5794 1780 5866 Chrysostomi
1824 5796 2045 5864 perinde
2075 5806 2155 5851 at-

569 5894 663 5949 que
690 5878 919 5937 Savilius
952 5882 1150 5947 ederet,
1202 5886 1293 5940 scd
1332 5886 1490 5941 etiam
1524 5886 1744 5956 singulis
1778 5888 2030 5957 operibus
2056 5888 2171 5955 hoe

1608 421 1670 478 D.
1716 422 1774 478 Β.
1820 421 1908 479 DE
1946 416 2411 477 MONTFAUCON
2453 413 2842 479 PRMATIO.
3279 464 3291 473 .
3827 447 3863 487 κ

2282 535 2550 608 miliisque
2578 536 2819 593 Latinam
2851 539 3345 609 interpretationem
3389 552 3637 614 aptaret:
3678 563 3779 616 qua
3808 553 3860 603 in

2277 644 2337 686 re
2381 639 2652 686 strenuam
2700 631 2791 688 ille
2829 647 3047 703 operam
3101 635 3336 690 navavit.
3386 637 3859 708 lnterpretationcs

2274 721 2473 793 quippe
2523 724 2811 778 multorum
2867 739 3090 795 operum
3125 728 3331 795 jamdiu
3378 728 3549 785 editas
3581 746 3612 786 e
3647 733 3858 802 regione

2274 812 2583 869 Graecorum
2614 815 2809 884 posuit,
2842 815 2939 871 sed
2969 816 3278 873 emendatas
3302 826 3360 874 et
3377 820 3444 874 ad
3470 819 3629 876 ﬁdem
3658 821 3855 878 Gnaeus

2274 905 2537 960 orationis
2585 906 2954 961 concinnatas.
2983 906 3038 963 Si
3066 922 3170 978 qua
3199 923 3327 963 vero
3350 909 3571 967 oll‘endit
3619 911 3854 968 nondum

2274 996 2462 1053 Latine
2491 997 2747 1052 translata
2774 1013 2937 1068 opera
2969 999 3147 1071 (erant
3173 1009 3353 1055 autem
3383 1001 3690 1072 hujusmodi
3721 1004 3857 1061 bene

2272 1088 2495 1159 multa),
2524 1088 2643 1147 hmo
2680 1090 2771 1145 ille
2814 1090 2882 1145 de
2908 1089 3096 1146 Grreeo
3124 1092 3406 1158 convertit,
3429 1102 3485 1148 et
3509 1093 3725 1163 quidem
3755 1103 3860 1150 tam

2273 1187 2522 1235 accurate
2552 1187 2609 1236 et
2644 1180 2950 1251 eleganter,
2980 1191 3040 1236 ut
3090 1182 3229 1237 inter
3277 1184 3509 1252 optimos
3539 1184 3861 1255 interpretes

2270 1268 2389 1339 jure
2410 1281 2745 1327 numeretur.
2777 1272 3030 1343 Ejusdem
3074 1288 3236 1343 porro
3261 1275 3486 1331 erudita:
3525 1285 3665 1332 notae
3700 1292 3858 1348 repe—

2273 1360 2483 1417 riuntur
2517 1363 2703 1422 iuliae
2737 1365 2925 1435 primi,
2951 1368 3131 1436 quarti,
3164 1377 3220 1423 et
3261 1370 3397 1427 sexti
3452 1371 3603 1426 torni.
3645 1369 3863 1426 Similes

2271 1449 2412 1509 haud
2457 1451 2617 1508 dubie
2666 1463 2819 1512 notas
2868 1456 2922 1511 in
2988 1457 3474 1526 quintumtomum
3518 1459 3860 1523 destinabat;

2268 1552 2324 1597 at
2359 1543 2465 1599 vita
2514 1544 2723 1601 functus
2771 1562 2886 1603 rem
2944 1548 3204 1618 perﬁcere
3244 1550 3513 1621 nequivit.
3554 1551 3866 1610 Editionent

2270 1632 2685 1691 Frontonianam
2714 1637 2930 1709 incepit
2957 1639 3277 1697 Fredericus
3312 1641 3582 1708 Morellus,
3633 1643 3864 1699 absolvit

2269 1723 2524 1781 Claudius
2555 1742 2649 1781 sex
2682 1728 2732 1782 in
2775 1728 2906 1784 folio
2953 1731 3149 1795 tomis;
3191 1732 3281 1803 qui
3323 1732 3383 1788 S.
3437 1733 3681 1791 Doctoris
3710 1734 3863 1805 0pu-.

2272 1815 2420 1870 scula
2481 1827 2537 1870 et
2585 1817 3015 1875 Counnentarios
3082 1821 3135 1876 in
3212 1822 3377 1878 Vetus
3459 1824 3871 1881 Testamentum

2268 1909 2717 1978 complectuntur.
2768 1911 2971 1968 Deinde
3016 1928 3160 1969 anno
3218 1915 3355 1970 “355
3408 1915 3548 1972 idem
3601 1916 3854 1972 Claudius

2268 1999 2523 2054 Morellus
2559 2000 2992 2056 Commentarios
3021 2002 3071 2056 in
3096 2003 3303 2059 Novum
3328 2005 3729 2062 Testamentum
3761 2022 3857 2062 sex

2271 2090 2322 2143 in
2378 2090 2507 2145 folio
2556 2093 2713 2146 tomis
2760 2092 2828 2148 ad
2878 2092 3041 2149 ﬁdem
3099 2094 3542 2152 Commclinianze
3604 2096 3858 2153 editibnis

2268 2180 2465 2235 emisit.
2510 2183 2667 2236 Anno
2705 2191 2885 2238 autem
2918 2184 3055 2241 H336
3086 2186 3342 2257 integram
3396 2203 3587 2243 novam
3629 2189 3864 2261 Chryso-

2270 2272 2432 2326 stomi
2478 2287 2702 2342 operum
2754 2273 3046 2329 editionem
3100 2274 3381 2332 duodecim
3432 2277 3484 2331 in
3528 2277 3656 2332 folio
3706 2278 3863 2335 tomis

2267 2371 2428 2433 atque
2495 2363 2745 2419 undecim
2792 2365 3153 2422 voluminibus
3208 2368 3473 2438 publicam
3528 2368 3673 2425 fecit.
3738 2368 3860 2425 llzec

2269 2473 2429 2527 porro
2463 2470 2730 2529 postrema
2764 2461 2929 2517 editio
2971 2461 3154 2519 charta
3186 2463 3365 2519 minus
3399 2463 3626 2533 eleganti
3659 2463 3853 2521 instru-

2267 2558 2374 2615 cta,
2399 2550 2494 2605 sed
2522 2561 2708 2607 contra
2732 2568 2892 2621 quam
2924 2553 3084 2624 vulgo
3112 2554 3351 2609 creditur
3376 2553 3711 2609 emendatior
3739 2563 3857 2617 est;

2269 2654 2395 2695 usus
2436 2641 2619 2711 operis
2667 2642 2981 2698 melioribus
3031 2643 3285 2699 Morellus
3348 2643 3560 2710 menda,
3602 2652 3860 2714 quantum

2268 2730 2472 2801 potuit,
2506 2747 2574 2787 ex
2624 2732 2724 2787 hac
2753 2742 3022 2802 postrema
3054 2734 3292 2789 editione
3343 2734 3600 2799 sustulit;
3652 2742 3763 2788 tum
3794 2749 3857 2789 ea

2267 2839 2385 2893 qua:
2408 2823 2610 2879 Fronto
2639 2824 2863 2880 Ducavus
2889 2825 2941 2878 in
2978 2824 3119 2880 notis
3167 2826 3323 2895 primi
3348 2835 3402 2880 et
3431 2826 3604 2897 quarti
3632 2826 3759 2881 tomi
3782 2826 3858 2880 ir-

2267 2914 2500 2984 repsisse
2540 2923 2839 2982 monuerat,
2874 2925 2996 2985 tum,
3024 2914 3185 2970 etiam
3235 2915 3337 2970 alia
3366 2931 3484 2986 qum
3505 2915 3862 2972 occurrebant

2269 3006 2289 3075 (
2316 3016 2574 3076 expertus
2608 3006 2840 3079 loquor)
2865 2989 3149 3074 {maxime
3174 3022 3303 3063 vero
3332 3008 3400 3063 de
3439 3009 3632 3078 primo,
3665 3016 3859 3079 quarto

2267 3105 2322 3152 et
2349 3097 2537 3168 quinto
2564 3107 2728 3153 tumo.
2755 3098 2811 3154 1ιι
2854 3099 3001 3154 hisce
3042 3114 3171 3154 vero
3196 3098 3404 3154 duobus
3431 3108 3709 3169 postremo
3740 3114 3854 3154 me-

2267 3188 2486 3244 moratis
2519 3191 2676 3244 tomis
2701 3190 2945 3261 qumdam
2970 3189 3239 3261 Opuscula
3265 3190 3655 3260 Chrysostomi,
3678 3206 3798 3260 quae
3824 3206 3855 3243 a

2266 3280 2437 3348 prima
2467 3279 2708 3346 aberant,
2757 3282 2810 3335 in
2854 3282 2961 3336 fine
3006 3281 3188 3336 addita
3217 3292 3361 3336 sunt.
3408 3281 3603 3337 Verum
3650 3283 3703 3337 in
3752 3282 3856 3338 hoc

2264 3373 2506 3442 peccavit
2570 3372 2821 3428 Claudius
2889 3373 3174 3439 Morellus,
3236 3374 3379 3444 quod
3429 3383 3595 3429 notas
3649 3374 3701 3429 in
3752 3375 3859 3430 fine

2265 3466 2439 3533 quarti
2472 3465 2600 3520 ιοιηί
2644 3480 2674 3520 a
2706 3463 2981 3520 Frontone
3027 3465 3220 3530 Ducaso
3262 3466 3497 3534 positas,
3549 3474 3605 3519 et
3651 3465 3859 3534 aliquot

2266 3552 2531 3624 Opuscula
2563 3555 2951 3627 Chrysostomi,
2991 3555 3181 3610 Latine
3220 3563 3423 3609 tantum
3465 3555 3651 3624 quinto
3701 3564 3847 3609 ιοιιιυ

2266 3661 2415 3714 cusa,
2445 3647 2496 3701 in
2547 3647 2646 3702 hac
2690 3646 2972 3717 posteriori
3021 3646 3256 3702 editione
3290 3646 3587 3700 suswlerit.
3632 3644 3859 3711 Eodem,

2269 3739 2341 3792 uti
2399 3737 2631 3793 diximus
2662 3779 2677 3804 ,
2725 3737 2893 3793 ferme
2940 3749 3199 3808 tempore
3232 3736 3493 3791 llenricus
3538 3734 3769 3792 Savilius
3805 3744 3861 3790 et

2270 3828 2468 3909 Frpnto
2500 3829 2743 3896 Ducaens,
2780 3828 2967 3883 Ειυιιω
3008 3829 3115 3891 ille,
3165 3828 3252 3882 hic
3291 3826 3549 3891 Lutetia},
3591 3824 3859 3885 editiones

2267 3934 2490 3988 operum
2548 3919 2787 3973 omnium
2851 3916 3217 3989 Chrysostomi
3268 3916 3544 3987 parabant.
3601 3914 3862 3985 Quodque

2266 4011 2549 4067 ohservatu
2600 4009 2819 4080 dignum
2870 4009 3135 4075 videatur,
3178 4008 3304 4063 licet
3342 4006 3531 4063 eodem
3580 4006 3632 4061 in
3685 4004 3861 4061 stadio

2267 4106 2425 4157 ambo
2456 4109 2753 4166 currerent,
2784 4101 2915 4161 licet.
2935 4111 3041 4155 tam
3070 4100 3242 4158 varias
3267 4112 3542 4154 sacrorum
3573 4096 3861 4166 religiones

2267 4195 2427 4249 ambo
2472 4197 2894 4265 proﬁterentur,
2944 4193 3086 4248 nulla
3132 4190 3390 4256 invidiae,
3448 4188 3658 4244 adversi
3695 4187 3859 4243 animi

2267 4289 2411 4342 nulla
2462 4295 2589 4341 nota
2636 4285 3021 4354 comparebat:
3053 4282 3330 4352 quinimo,
3378 4288 3440 4335 ut
3477 4294 3597 4334 sese
3642 4277 3857 4334 occasio

2265 4378 2563 4445 offerebat,
2623 4376 2821 4432 dabant
2858 4390 3048 4444 operas
3106 4380 3352 4439 mutuas,
3406 4386 3695 4442 numquam
3741 4370 3860 4425 sine

2269 4469 2487 4525 honoris
2531 4462 3415 4536 observantiaeque.significatione
3455 4461 3592 4517 alter
3630 4460 3858 4516 alterum

2268 4563 2643 4628 memorabat,
2700 4568 2889 4619 contra
2914 4572 3073 4629 quam
3121 4572 3223 4612 usu
3261 4556 3477 4613 evenire
3525 4555 3684 4611 solet.
3726 4553 3861 4609 Nam

2268 4655 2508 4726 plerique
2535 4668 2656 4708 cuin
2686 4651 2827 4706 idem
2857 4665 2992 4719 Opus
3021 4648 3177 4704 simul
3208 4647 3608 4719 aggrediuntur,
3631 4660 3865 4716 prteser-

2271 4747 2367 4801 tim
2398 4760 2521 4802 cum
2550 4741 2837 4799 intervenit
2862 4741 3181 4811 religionum
3207 4740 3520 4805 discrimen,
3549 4737 3858 4808 frequenter

2266 4853 2389 4896 sese
2436 4834 2736 4892 maledictis
2765 4842 2817 4890 et
2847 4832 3103 4889 conviciis
3132 4833 3367 4888 lacerant
3391 4873 3408 4898 ,
3448 4829 3683 4900 nihilque
3710 4826 3858 4882 aliud

2266 4942 2458 4983 curare
2505 4925 2753 4981 videntur
2816 4938 2975 4995 quam
3041 4932 3098 4977 ut
3146 4921 3381 4978 auctoris
3440 4919 3653 4975 adversi
3702 4917 3866 4992 fama;

2265 5019 2570 5082 detrahant,
2613 5032 2677 5073 ac
2727 5018 2773 5073 si
2817 5017 2869 5071 id
2914 5015 3056 5087 quod
3101 5016 3189 5071 alii
3240 5013 3537 5070 detrahitur
3578 5011 3861 5074 existinm-

2266 5111 2450 5178 tionis,
2483 5108 2655 5165 laudis
2680 5107 2913 5180 propria:
2956 5107 3098 5163 foret
3121 5105 3384 5162 accessio.
3431 5103 3679 5165 Livorcm
3710 5116 3861 5159 cam-

2264 5203 2386 5259 dem
2415 5200 2779 5257 exercentium
2823 5209 2993 5255 artem
3050 5198 3128 5254 sic
3184 5196 3454 5268 exprimit,-
3491 5190 3861 5255 illud_,trituni

2264 5292 2480 5349 Hesiodi
2513 5310 2526 5348 :

2432 5436 2532 5483 Καὶ
2546 5437 2779 5501 κεραμεὺς
2799 5442 2991 5499 κεραμεῖ
3015 5435 3162 5482 κρατέει
3186 5433 3271 5479 καὶ
3296 5430 3475 5477 τέκτονι
3499 5430 3694 5487 τέκτων,

2441 5529 2543 5575 Καὶ
2563 5530 2747 5590 πτωχὸς
2773 5531 2944 5589 πτωχῷ
2972 5524 3142 5588 φθονέει
3172 5523 3253 5569 καὶ
3272 5515 3435 5576 ἀοιδὸς
3454 5515 3622 5584 ἀοιδῷ.

2418 5617 2470 5661 Et
2492 5610 2671 5674 figulus
2692 5610 2892 5674 ﬁgulum
2915 5611 3166 5669 impugnat
3189 5611 3242 5656 et
3266 5605 3454 5655 fabrum
3483 5604 3642 5664 faber,

2419 5699 2470 5743 Et
2487 5693 2740 5742 mendicus
2760 5690 2983 5740 mendico
3006 5687 3193 5738 invidet
3214 5695 3268 5738 et
3288 5684 3455 5740 cautor
3478 5689 3683 5739 cautori.

2268 5795 2319 5851 Id
2352 5811 2478 5850 vero
2508 5796 2738 5849 niaxime
2783 5792 2868 5846 illa
2899 5791 3185 5847 Frontonis
3234 5800 3289 5848 ct
3314 5790 3495 5846 Savilii
3542 5796 3858 5859 tempestate

2266 5887 2402 5943 inter
2442 5885 2625 5941 doctos
2674 5884 2724 5937 in
2776 5899 2873 5939 usu
2920 5894 3074 5948 erat,
3136 5885 3225 5953 qui
3278 5881 3359 5937 vel
3409 5881 3675 5936 levissima
3735 5880 3883 5936 data:
