4018 6506
637 449 737 492 It“!

633 563 838 606 uutncn
883 549 1132 622 perstare,
1181 549 1361 608 multis
1405 559 1531 622 post
1566 550 1779 606 initium
1805 550 2148 605 commutatis
2173 560 2233 607 et

2072 432 2459 494 ramum.

3845 463 3933 506 ιιν

2343 558 2506 621 atque
2527 547 2718 618 iutilia,
2735 557 2919 621 utpote
2934 550 3092 622 digna
3117 550 3374 620 tenebris,
3397 551 3595 612 intacta
3615 557 3928 614 manabunt.

629 639 856 697 aliunde
881 634 1154 696 ωιτιείὶῖ
1174 640 1304 698 Eam
1323 655 1493 710 ,ροηο
1511 641 1746 697 Savilins
1772 648 1924 710 putat
1948 654 2014 696 se
2041 641 2238 711 legisse
2297 640 2300 644 ’
2339 639 2441 696 Er
2466 639 2532 696 iis
2571 655 2702 700 vero
2724 641 2922 712 spuriis
2943 681 2960 708 ,
2988 658 3112 714 quae
3137 643 3368 702 Savilius
3395 656 3450 702 et
3476 645 3676 702 Fronto
3705 646 3928 706 ῡιιθωυς

629 731 936 788 aditum
955 714 1112 790 atteri
1127 717 1394 794 coniciant.
1415 749 1512 790 nec
1533 733 1769 804 assignat
1790 733 1964 789 locum
1992 750 2006 788 :
2030 731 2236 789 Fronto

629 831 817 879 autem
848 823 1079 879 Dacicus
1121 823 1260 880 inter
1301 825 1482 894 spuria
1519 823 1806 896 ablegavit.
1853 823 1922 880 lis
1969 824 2228 894 permoti,

629 917 756 986 quia
781 915 942 972 nobis
964 915 1198 986 suspicio
1223 923 1310 971 est
1333 930 1452 971 eam
1481 929 1512 970 a
1540 915 1774 971 librariis
1799 916 1884 972 vel
1909 925 2224 972 temeratam

630 1008 840 1072 fuisse,
882 1007 968 1062 vel
1010 1022 1076 1062 ex
1109 1007 1245 1063 locis
1273 1006 1522 1063 alicunde
1559 1007 1829 1078 cxcerptis
1873 1005 2186 1063 adornatam
2208 1047 2229 1072 ,

632 1113 760 1154 cura
789 1099 1023 1154 nondum
1052 1097 1179 1170 quid
1207 1099 1350 1154 circa
1389 1099 1534 1154 illam
1559 1110 1738 1155 actum
1764 1099 1832 1154 sit
1859 1099 1992 1155 satis
2025 1099 2230 1154 intelli-

630 1205 857 1262 gamus,
889 1193 941 1246 in
983 1200 1296 1263 sequentem
1345 1201 1546 1247 tomum
1588 1191 1969 1248 rescrvandam
2011 1193 2228 1249 censui.

635 1297 778 1350 ntus,
811 1293 961 1338 extra
996 1283 1270 1354 prtqtrium
1291 1283 1502 1338 scilicet
1528 1283 1838 1350 Iocum,,ne
1877 1293 2226 1355 posteaquam

633 1375 778 1428 illam
806 1373 1185 1438 edidisscmns,
1215 1389 1282 1431 ex
1307 1374 1522 1430 assidua
1551 1375 2093 1447 tractatione-aliquid
2124 1375 2224 1431 im-

633 1475 937 1536 portarctur
965 1466 1112 1520 novi.
1137 1465 1380 1522 Proiecto
1403 1475 1660 1538 quantum
1689 1465 1869 1523 fucum
1893 1459 2120 1524 fecerint
2140 1476 2224 1524 te-

631 1556 848 1612 merarii
892 1557 972 1613 illi
1005 1565 1100 1613 aut
1126 1557 1466 1628 bibliopolae,
1505 1567 1600 1613 aut
1625 1557 1856 1615 (ἔπνευιί
1897 1559 2220 1630 scriptorcs,

639 1648 733 1702 vis
779 1649 1044 1720 quispiam
1091 1647 1283 1704 credat
1327 1649 1430 1704 nisi
1475 1658 1780 1720 expertus:
1813 1649 2221 1716 bomilia,.verbi

626 1755 813 1804 causa,
829 1739 881 1794 in
903 1732 1404 1808 Annuntiationem',
1423 1755 1543 1812 qua:
1568 1743 1620 1794 in
1650 1739 1889 1796 secundo
1908 1747 2056 1795 torno
2081 1739 2223 1795 inter

627 1832 808 1910 spuria
834 1831 1006 1889 locum
1035 1831 1212 1895 habet,
1239 1832 1496 1904 cujusque
1520 1831 1726 1886 Initium
1757 1840 1840 1887 est
1869 1829 2070 1888 Rarus
2091 1831 2222 1886 heli—

627 1925 718 1977 tire
733 1924 858 1996 [alia
882 1923 1116 1991 nuntius,
1140 1924 1190 1978 in
1221 1941 1325 1978 non
1355 1924 1534 1994 paucis
1560 1923 1834 1978 codicibus
1849 1923 2218 1994 Cltrysostomi
2252 1987 2264 1997 ν

627 2031 822 2072 notnen
839 2016 1052 2088 pra-fert
1071 2035 1089 2078 ι
1104 2017 1158 2072 in
1175 2017 1295 2072 aliis
1307 2016 1568 2088 Gregorio
1580 2016 2000 2073 Neociesariensi
2016 2015 2218 2073 adscri-

627 2107 790 2174 bitur,
820 2115 982 2179 atque
1006 2109 1129 2164 ideo
1155 2109 1294 2165 inter
1314 2109 1558 2180 Gregorii
1586 2109 2032 2166 Neocaesarieusis
2051 2124 2216 2181 opera

623 2197 768 2253 edita
793 2197 908 2253 fuit.
934 2199 1135 2255 Eadem
1166 2216 1320 2264 vero,
1351 2209 1408 2255 ut
1433 2215 1604 2270 nuper
1629 2201 2011 2271 comperimus,
2039 2201 2092 2256 in
2117 2217 2213 2258 co-

620 2289 742 2344 dice
769 2289 870 2344 l06
896 2289 1234 2348 bibliotheca:
1247 2290 1611 2360 Coislinianae,
1637 2293 1688 2347 in
1713 2291 1890 2348 indice
1913 2292 2123 2349 scilicet
2143 2293 2213 2350 ad

621 2383 852 2438 frontem
892 2383 1012 2439 libri
1049 2385 1260 2454 posito,
1300 2385 1515 2440 Macarii
1559 2383 2048 2456 Philadelphiensis
2089 2400 2213 2442 esse

620 2472 838 2530 dicitur.
869 2473 986 2530 iam
1030 2475 1200 2530 tribus
1235 2475 1562 2548 adscriptam
1605 2475 1915 2532 auctoribus
1943 2491 2101 2532 unam
2131 2477 2215 2532 in-

617 2564 862 2621 venimus
883 2565 1184 2632 linmiliam,
1213 2565 1456 2638 tortoque
1477 2567 1530 2622 in
1551 2567 1668 2623 dies
1687 2569 2212 2638 quartusquintusve

617 2655 857 2726 ejusdem
883 2666 1074 2713 auctor
1099 2669 1358 2729 emerget.
1393 2657 1462 2714 Ut
1499 2659 1663 2729 igitur
1694 2667 1810 2713 tuto
1846 2658 1904 2714 in
1933 2658 2034 2714 ltac
2065 2667 2207 2714 tanta

617 2749 934 2820 Inpellectili
977 2751 1156 2804 omnia
1183 2749 1561 2820 disponantur,
1595 2751 1808 2806 nonnisi
1841 2759 1962 2821 post
1989 2765 2208 2806 accura-

573 2832 580 2838 ’
615 2851 727 2895 tam
754 2841 1192 2912 perquisitionem
1222 2840 1337 2896 lucc
1368 2857 1504 2896 nova
1532 2851 1588 2898 et
1623 2855 1815 2898 recens
1843 2849 1994 2897 eruta
2027 2843 2080 2896 in
2106 2857 2207 2911 puo

617 2931 812 2987 blicum
855 2931 1175 2987 efferimus:
1209 2947 1380 3002 eoque
1425 2932 1652 2988 cmtsilio
1707 2947 1904 3002 paucas
1953 2932 2210 2988 ltumilias

612 3021 903 3080 auecdotas
942 3023 996 3077 in
1035 3021 1245 3077 duobus
1277 3023 1543 3091 prioribus
1590 3023 1750 3078 tomis
1779 3022 2004 3090 damus;
2037 3030 2096 3078 ut
2136 3038 2204 3079 ex

613 3111 922 3182 quotidiana
949 3128 1046 3166 usu
1076 3112 1202 3183 quid
1246 3113 1317 3168 de
1360 3113 1480 3169 aliis
1520 3114 1853 3170 consolidant
1890 3115 1960 3170 sit
1999 3115 2207 3170 cautius

614 3211 893 3258 statuatur.
921 3198 1158 3260 Cmteras
1199 3204 1251 3258 in
1286 3206 1638 3276 sequentibus
1681 3206 1876 3272 tomis,
1905 3206 2200 3277 etquidem

612 3297 946 3366 congruenti,
980 3305 1235 3367 quantum
1262 3295 1341 3352 fas
1363 3297 1486 3363 erit,
1513 3296 1704 3353 ordine
1732 3296 2048 3354 locabimus.
2071 3296 2206 3352 Sunt

613 3403 776 3464 porro
801 3387 905 3444 illa:
933 3403 1126 3460 magno
1154 3403 1402 3455 numero,
1425 3388 1668 3460 variique
1686 3389 2009 3460 argumenti.
2034 3386 2206 3444 Caete-

611 3496 734 3536 ται)
757 3481 896 3536 inter
922 3481 1042 3536 illas
1067 3481 1365 3539 bomiliasc
1387 3482 1622 3539 tenebris
1645 3498 1788 3538 nunc
1813 3481 2046 3552 prinunn
2073 3481 2206 3537 edu-

610 3580 728 3628 ctas
753 3573 1044 3644 principem
1075 3573 1322 3630 obtinent
1365 3575 1542 3630 locum
1571 3589 1710 3630 unus
1736 3585 1792 3630 et
1829 3575 2042 3647 triginta
2087 3591 2204 3630 ser-

614 3679 804 3720 mones
851 3665 902 3720 in
955 3665 1239 3733 Psalntos,
1279 3665 1370 3737 qui
1421 3666 1475 3721 in
1519 3665 1758 3737 ejusdem
1805 3669 2204 3726 commentariis

613 3755 874 3812 hactenus
899 3755 1362 3826 desiderabantur,
1391 3773 1564 3830 exque
1590 3759 1903 3830 Anglicanis
1931 3759 2203 3814 codicibus

611 3849 750 3904 eruti
773 3857 916 3905 sunt.
945 3849 1148 3906 [lorum
1178 3849 1467 3922 apograpbi
1507 3859 1711 3922 partem
1727 3851 1888 3907 nobis
1909 3849 2204 3907 lrammisit

611 3938 696 3994 vir
743 3939 1136 3998 illustrissimus
1173 3940 1236 3996 D.
1288 3941 1525 3998 Joannes
1570 3942 1858 4007 Potterus,
1903 3943 2202 4014 Episcopus

611 4030 949 4101 Oxoniensis,
977 4049 1086 4088 non
1107 4035 1284 4090 minus
1307 4033 1611 4090 eruditione
1631 4075 1649 4100 ,
1682 4049 1842 4104 quam
1869 4033 2226 4090 humanitate.

611 4123 952 4194 conspicuus,
993 4125 1083 4196 qui
1125 4125 1306 4180 multis
1350 4125 1753 4196 insignibusquc
1791 4117 2042 4196 operibus
2087 4140 2198 4179 rem

609 4212 900 4269 iitcrariam
923 4215 1240 4282 exornavit;
1272 4224 1468 4271 caetera
1495 4215 1646 4270 brevi
1680 4216 2112 4280 transmissurus,
2144 4225 2216 4270 ut.

609 4320 829 4378 sperare
847 4307 1020 4378 jubet.
1048 4307 1177 4364 limo
1202 4323 1333 4364 sane
1371 4316 1516 4363 tanta
1546 4308 1946 4373 commentariis
1971 4309 2026 4363 in
2057 4307 2198 4363 Psal-

610 4413 734 4456 mos
765 4400 1007 4457 accessio
1037 4417 1282 4473 magnam
1310 4401 1388 4458 rei
1415 4401 1806 4461 Ecclesiastica:
1847 4401 2202 4471 literariazquc

609 4488 861 4546 studiosis
889 4491 1128 4548 laetitiam
1157 4494 1330 4564 pariat
1355 4503 1589 4564 oportet.

594 4599 655 4674 ’ς
673 4600 834 4658 νι-
861 4601 936 4658 De
963 4604 1155 4677 ingenti
1191 4621 1400 4677 operum
1438 4621 1676 4674 numero,
1703 4621 1822 4678 quis
1853 4603 2198 4677 Chrysostomi

1124 4713 1306 4754 nomen
1331 4699 1690 4753 continuatur.

677 4809 752 4866 In.
765 4809 853 4866 illa
877 4825 1009 4867 vero
1039 4805 1193 4866 tanta
1213 4809 1598 4875 anecdotorum
1630 4809 1784 4882 sylva
1802 4850 1818 4877 ,
1845 4809 2043 4880 spuria.
2063 4809 2202 4865 bene

608 4900 772 4956 multa
800 4903 1158 4974 reperiuntur.
1183 4901 1314 4957 Nam
1343 4903 1608 4959 innumeri
1635 4918 1778 4974 pene
1801 4901 2052 4967 Grmculi,
2093 4918 2200 4958 non

607 4991 820 5066 ingenio
849 4995 1028 5052 minus
1050 5037 1066 5064 ,
1093 5010 1252 5068 quam
1283 4991 1440 5054 astate
1465 4995 1708 5068 dispares
1727 5039 1741 5062 ,
1779 5011 1900 5052 cum
1933 5011 2033 5052 nec
2062 4995 2200 5052 fama

605 5084 1016 5142 celebrarentur
1051 5099 1152 5142 nec
1191 5096 1379 5158 suapte
1421 5103 1586 5158 opera
1625 5103 1820 5144 nomen
1862 5087 1964 5143 sibi
2007 5103 2201 5163 parere

608 5189 765 5246 posse
791 5177 1139 5246 conﬁderent,
1167 5189 1409 5236 mutuato
1431 5180 1803 5254 Chrysostomi
1833 5183 2072 5246 nomine,
2098 5181 2200 5238 ali-

605 5281 764 5338 quam
793 5270 1080 5340 Spcrabant
1116 5273 1330 5343 scriptis
1369 5271 1664 5344 suisadjici
1691 5273 2044 5345 dignitatem;
2076 5273 2200 5330 hinc

605 5358 809 5414 accidit
844 5369 902 5415 ut
943 5361 1258 5434 piat-umque
1301 5363 1673 5434 imperitorum
1719 5363 1997 5420 hominum
2044 5365 2202 5436 nugis

607 5451 748 5508 taste
773 5461 976 5510 auctus
993 5455 1064 5510 sit
1093 5465 1200 5512 tam
1229 5457 1430 5528 peritus
1452 5457 1665 5514 artifex.
1691 5457 1808 5514 Non
1837 5457 1954 5516 haec
1973 5473 2078 5515 una
2104 5457 2226 5514 fulta

609 5553 716 5599 tam
746 5545 996 5604 immanis
1023 5549 1352 5606 accessionis
1381 5565 1542 5606 causa
1565 5569 1580 5606 :
1611 5549 1873 5622 siquidem
1898 5551 2202 5624 bibliopola}

610 5643 848 5702 teleres,
879 5645 940 5692 ut
964 5636 1314 5709 librospluris
1331 5633 1647 5708 venderent,
1667 5642 1950 5712 praemisso
1973 5643 2202 5699 ementi-

608 5727 1155 5802 toquc.Chrysostomi
1182 5731 1420 5801 nomine,
1440 5741 1716 5804 eruptores
1732 5733 1833 5790 hac
1859 5743 1976 5789 arte
1995 5733 2200 5790 allicie-

609 5814 754 5872 bant.
790 5817 869 5875 Ex
903 5821 1008 5876 illis
1029 5837 1162 5879 vero
1186 5825 1383 5895 spuriis
1406 5841 1467 5881 ea
1494 5826 1666 5882 solum
1691 5827 1967 5897 publicare
1989 5827 2198 5882 animus
2242 5871 2254 5882 .

607 5917 709 5979 est,
731 5925 852 5981 qua:
881 5911 1102 5978 alicuius
1123 5925 1247 5972 sunt
1277 5919 1534 5974 momenti
1557 5936 1569 5974 :
1590 5929 1784 5976 statera
1807 5929 1991 5977 autem
2019 5921 2196 5982 inepta

2331 729 2442 801 jam
2475 731 2671 802 publici
2707 731 2850 803 juris
2873 731 3143 802 fecerant,
3181 735 3384 791 nullout
3413 738 3926 808 praetermittendum

2335 821 2610 891 duximus,
2639 839 2718 892 ne
2736 824 2865 896 quid
2895 826 2954 880 in
2974 826 3212 883 editione
3245 839 3426 884 nostra
3455 829 3926 886 desiderari:vide-

2335 923 2486 970 retur
2511 931 2525 970 :
2553 917 2768 972 tametsi
2797 917 2938 972 inter
2966 916 3081 982 illa,
3111 917 3334 988 plurima
3363 929 3510 975 certe
3535 931 3661 976 sunt
3681 921 3810 976 luce
3837 922 3924 978 iu.-

2334 1003 2518 1074 digna,
2544 1021 2665 1076 quae
2690 1022 2852 1063 nemo
2878 1023 3040 1063 sanus
3066 1009 3184 1065 sine
3217 1010 3496 1068 stomacho
3523 1011 3701 1083 legere
3732 1014 3921 1083 possit».

2333 1094 2444 1150 Nec
2470 1097 2616 1154 venit
2642 1098 2695 1153 in
2727 1107 2962 1154 mentem
2987 1098 3390 1167 curSavilius,
3432 1101 3523 1172 qui
3569 1103 3739 1158 multa
3764 1103 3932 1173 .cjus-s

2335 1191 2476 1248 modi
2499 1191 2672 1248 futilis
2695 1195 2952 1264 opuscula
2971 1235 2984 1258 ,
3013 1209 3240 1265 quorum
3261 1194 3560 1268 catalogum
3583 1196 3702 1266 ipse
3724 1197 3918 1263 texuit,

2331 1297 2393 1337 se
2431 1284 2678 1340 consulto
2707 1286 2870 1342 missa
2913 1286 3104 1342 fecisse
3135 1285 3438 1358 proﬁtetur,
3467 1295 3544 1342 tot
3569 1287 3700 1344 alias
3735 1285 3921 1358 hujus-

2332 1375 2474 1430 modi
2501 1389 2708 1432 merces
2735 1377 2890 1457 nobis
2906 1376 3180 1446 obtulerit,
3204 1393 3339 1448 quas
3354 1392 3485 1433 sane
3500 1377 3714 1433 aeternis
3732 1376 3946 1449 dignas.

2329 1479 2448 1522 esse
2482 1467 2720 1522 tenebris
2749 1483 2908 1523 nemo
2938 1484 3043 1524 non
3075 1467 3320 1525 fateatur.
3346 1469 3402 1526 ld
3429 1469 3568 1524 haud
3598 1469 3759 1525 dubie
3779 1471 3919 1524 acci—
3945 1510 3950 1514 .

2327 1554 2428 1624 dit,
2456 1557 2579 1627 quia
2607 1557 2662 1612 in
2690 1567 2834 1613 tanta
2863 1573 3086 1630 operum
3121 1559 3268 1632 sylva
3289 1599 3304 1624 ,
3343 1559 3397 1614 in
3431 1567 3578 1614 tanto
3615 1559 3944 1614 orationum.

2325 1645 2580 1715 decursu,
2602 1663 2709 1704 non
2733 1665 2827 1720 par
2849 1665 3060 1719 semper
3078 1659 3162 1706 est
3179 1650 3390 1704 animus
3415 1665 3589 1720 neque
3611 1648 3749 1705 idem
3766 1664 3918 1706 men-

2326 1737 2395 1791 tis
2438 1737 2734 1809 judiciique
2775 1741 2932 1796 situs.
2973 1741 3156 1811 Neque
3183 1741 3314 1797 satis
3347 1740 3635 1797 habuimus
3673 1740 3855 1812 spuria
3887 1759 3915 1796 a

2322 1829 2596 1896 germanis
2615 1831 2984 1901 segregavisse
3002 1847 3018 1896 ;
3041 1831 3108 1886 ad
3125 1831 3381 1902 majorem
3403 1832 3600 1903 quippe
3618 1831 3917 1888 distinctio-

2325 1933 2446 1972 nem
2473 1918 2563 1973 illa
2588 1919 2654 1974 ad
2687 1919 2848 1976 finem
2877 1920 3138 1992 cujusque
3156 1921 3440 1978 voluminis
3465 1921 3834 1992 ablegavimus
3851 1937 3921 1978 ac

2323 2010 2611 2066 minutiore
2637 2009 2951 2068 charactere
2977 2011 3063 2068 edi
3091 2013 3394 2068 curavimus
3415 2055 3430 2078 ,
3455 2013 3632 2068 habita
3655 2021 3919 2084 quantum

2323 2101 2472 2158 licuit
2509 2105 2810 2174 argumenti
2844 2105 3087 2162 ratione:
3119 2119 3224 2162 non
3253 2105 3398 2160 enim
3433 2119 3648 2174 semper
3686 2121 3749 2161 ca
3793 2121 3921 2176 qua:-

2321 2209 2426 2250 una
2464 2195 2605 2252 serie
2632 2196 2876 2266 ponenda
2909 2195 3228 2254 videbantur
3257 2197 3448 2253 eodem
3478 2197 3531 2251 in
3557 2204 3704 2250 tomo
3733 2195 3912 2252 locare

2321 2269 2613 2357 potuimus,
2642 2305 2708 2344 ne
2735 2290 2898 2345 nimia
2924 2288 3064 2346 foret
3082 2289 3364 2344 voluminis
3381 2288 3569 2344 moles.
3590 2288 3758 2344 Dubia
3783 2303 3933 2345 vero.

2318 2393 2506 2450 opera,
2531 2397 2651 2452 qua:
2678 2397 2784 2436 non
2807 2396 2972 2452 parvo
2995 2388 3121 2436 sunt
3146 2395 3400 2445 numero,
3423 2379 3490 2436 ad
3517 2379 3717 2436 calcem
3732 2377 3916 2450 genui-

2317 2485 2512 2526 norum
2535 2472 2724 2528 eadem
2752 2471 3076 2528 characteris
3101 2471 3272 2526 forma
3299 2470 3595 2542 posuimus,
3617 2470 3920 2540 prannissis.

2315 2563 2779 2620 admonitionibus
2802 2573 2858 2620 et
2891 2563 3071 2621 allatis
3094 2561 3372 2620 dubitandi
3397 2561 3594 2618 causis.

2319 2691 2346 2764 §
2375 2691 2644 2750 Vll.—De
2669 2695 2820 2748 variis
2847 2693 3140 2748 lectionibus
3163 2701 3315 2761 atque
3335 2692 3486 2758 notis,
3505 2689 3664 2761 deque
3681 2690 3903 2753 monitis,

2614 2801 2728 2857 qtae
2746 2785 2814 2839 ad
2839 2785 3042 2856 singula
3067 2800 3222 2854 opera
3247 2783 3600 2855 pmmt'simus.

2389 2894 2576 2951 Varias
2607 2896 2866 2952 lectiones
2895 2911 2960 2951 ex
2988 2894 3360 2964 manuscriptis
3389 2901 3571 2949 erutas
3601 2893 3654 2948 in
3682 2893 3784 2948 iuta
3809 2908 3906 2964 pa.

2314 2987 2435 3056 gina
2465 2987 2740 3056 posuimus
2766 3001 2858 3042 eas
2888 2979 3088 3050 solum:
3114 3001 3232 3056 qua:
3257 2985 3484 3054 alicujus
3505 2984 3760 3040 momenti
3782 3001 3914 3060 esse.

2311 3078 2630 3134 videbantur
2655 3099 2668 3135 :
2693 3095 2838 3145 nam,
2870 3079 2914 3136 si
2943 3094 3133 3134 omnes
3153 3079 3270 3135 sine
3289 3077 3499 3134 delectu
3526 3077 3903 3142 cdidissemus,

2267 3204 2275 3214 -
2319 3171 2371 3226 in
2403 3172 2622 3227 nimiam
2655 3173 2850 3228 molem
2875 3173 3024 3228 nullo
3049 3188 3228 3244 opera:
3255 3171 3429 3242 pretio
3456 3170 3717 3228 crevisset
3743 3184 3909 3242 opus,_

2309 3263 2450 3332 quod
2477 3265 2588 3333 jam
2613 3264 2860 3334 quemvis
2888 3265 3208 3334 scriptorem
3233 3263 3479 3321 Grteeum
3499 3262 3642 3318 mole
3661 3272 3898 3334 supcrat.

2310 3353 2472 3408 Notas
2496 3355 2743 3424 ponimus
2771 3353 2962 3409 breves
2985 3395 2998 3419 ,
3026 3353 3112 3408 ubi
3145 3367 3366 3408 necesse
3391 3353 3635 3408 ducimus
3661 3367 3783 3410 esse
3811 3371 3824 3406 :
3855 3353 3926 3409 si,

2309 3462 2412 3517 qua
2445 3462 2572 3502 vero
2613 3447 2872 3518 majorem
2905 3445 3186 3516 requirunt
3231 3432 3694 3516 disquisitionem,
3733 3445 3914 3500 eaiatl

2309 3538 2561 3593 trutinam
2595 3539 2972 3594 examinantur
3000 3537 3051 3591 in
3082 3536 3336 3604 monitis,
3363 3551 3483 3607 qua:
3518 3534 3570 3590 iu
3601 3533 3776 3590 fronte
3801 3549 3897 3590 cu.—

2303 3627 2500 3700 jusque
2531 3628 2648 3684 libri
2678 3628 2762 3684 vel
2794 3627 3026 3683 humilia:
3057 3627 3491 3698 przrmittuntur:
3520 3639 3580 3681 re
3617 3633 3792 3680 tamen
3823 3614 3901 3680 ni:

2309 3729 2635 3790 temperata,
2668 3729 2728 3776 ut
2755 3737 2876 3777 cum
2908 3722 3090 3791 plures
3114 3719 3357 3790 ejusdem
3393 3718 3694 3788 argumenti
3725 3719 3901 3773 conti-

2309 3825 2412 3865 nua
2439 3811 2579 3866 serie
2608 3813 3209 3881 ponunturoratioues,
3243 3825 3406 3864 unum
3438 3823 3535 3879 pro
3559 3808 3624 3864 iis
3651 3808 3901 3865 omnibus

2308 3909 2358 3954 et
2406 3900 2634 3970 singulis
2661 3901 2919 3956 monitum
2961 3901 3012 3955 in
3060 3900 3236 3955 fronte
3282 3900 3476 3970 prioris
3515 3899 3740 3956 locetur.
3769 3899 3898 3966 Quze

2307 3990 2524 4061 quidem
2551 3991 2752 4046 monita
2773 3991 2983 4055 lecun-i,
3014 3999 3070 4044 ut
3095 4006 3278 4061 spero,
3305 4004 3406 4044 nec
3428 3989 3635 4060 ingrata
3671 4003 3770 4044 nec
3806 3989 3891 4043 in-

2309 4080 2458 4138 utilia
2499 4080 2673 4138 futura
2704 4091 2848 4138 sunt.
2879 4081 3098 4136 Mullum
3125 4081 3270 4137 enim
3307 4080 3460 4152 juvat
3485 4079 3551 4135 ad
3595 4079 3896 4150 intelligen-

2309 4171 2436 4225 tiam
2468 4172 2700 4228 bomilizc
2743 4173 2827 4228 vel
2873 4172 3168 4238 orationis,
3213 4172 3258 4228 si
3305 4187 3410 4244 qua
3454 4171 3754 4234 occasione,
3795 4185 3901 4240 quo

2308 4273 2552 4336 tempore
2572 4307 2588 4331 ,
2631 4280 2660 4319 a
2704 4267 2900 4338 quibus
2942 4266 3186 4321 inductus
3210 4274 3394 4320 orator
3415 4279 3475 4320 ea
3503 4261 3570 4318 de
3594 4277 3658 4319 re
3684 4261 3901 4318 concio-

2308 4373 2430 4412 nent
2478 4357 2753 4424 habuerit,
2799 4358 2966 4412 lector
2989 4355 3308 4412 edidicerit:
3335 4363 3389 4410 ct
3417 4354 3462 4409 si
3488 4369 3607 4435 qua:
3637 4353 3900 4424 legentem

2308 4447 2508 4504 morari
2533 4455 2830 4519 poterant,
2851 4457 3136 4518 antequam
3168 4446 3328 4502 lectio
3355 4443 3600 4513 adeatur,
3631 4443 3904 4515 explicem

2309 4551 2412 4598 tur.
2443 4541 2576 4598 Illud
2603 4557 2738 4598 vero
2757 4540 3024 4597 commodi
3053 4539 3106 4594 in
3141 4539 3294 4612 prius
3319 4537 3476 4594 editis
3504 4551 3726 4608 prorsus
3749 4534 3894 4592 desi-

2307 4635 2616 4692 derabatur.
2645 4633 2702 4690 lu
2727 4635 2874 4690 hisce
2903 4633 3124 4688 monitis
3153 4647 3261 4687 non
3293 4629 3711 4702 infrequentem
3735 4626 3897 4683 Tillc-

2307 4729 2495 4784 montii
2551 4727 2816 4784 sententia
2879 4726 3250 4790 deflectimus;
3297 4724 3424 4779 licet
3471 4723 3618 4778 enim
3667 4712 3783 4792 ejus
3829 4719 3896 4774 ad

2307 4817 2594 4878 historiam.
2611 4859 2614 4864 -
2633 4818 3067 4876 Ecclesiasti‘cam
3114 4814 3486 4873 illustrandam
3521 4814 3900 4870 concinnatum

2305 4923 2442 4980 Opus
2492 4908 2670 4980 magni
2719 4907 3012 4972 faciamus,
3063 4921 3169 4962 non
3195 4919 3384 4977 .pauca
3436 4912 3614 4960 tamen
3659 4909 3816 4966 sunt,
3846 4907 3913 4958 tu

2308 5001 2502 5072 quibus
2530 5013 2652 5055 cum
2677 5014 2708 5054 a
2737 5010 2864 5054 vero
2888 4999 3465 5067 aberrassepntamus.
3489 4993 3652 5050 Certe
3677 5007 3898 5047 accura-

2309 5091 2460 5148 tione
2508 5089 2598 5146 ille
2635 5105 2698 5145 ac
2741 5089 3018 5161 diligentia
3062 5087 3269 5144 nemini
3307 5083 3595 5141 concedit:
3623 5081 3805 5138 omnia
3848 5083 3900 5135 iu

2309 5181 2540 5238 medium
2573 5179 2751 5248 affert,
2775 5179 2990 5250 singula
3020 5179 3259 5242 discutit,
3296 5175 3431 5236 nihil
3452 5173 3651 5231 omittit
3687 5187 3899 5238 eorum,

2315 5290 2436 5346 quae
2460 5273 2526 5328 ad
2557 5287 2672 5330 rem
2704 5273 2772 5329 de
2796 5286 2899 5344 qua
2923 5271 3098 5344 agitur
3123 5267 3510 5342 explorandam
3535 5263 3847 5328 conferunt;
3871 5281 3923 5317 τι.

2311 5365 2656 5438 ιινιιιίιιᾶίοειιιι
2684 5365 2938 5436 opinione
2967 5365 3162 5418 mirum
3197 5367 3454 5432 quantum
3483 5360 3554 5410 sit
3577 5355 3805 5410 alienus.
3843 5356 3925 5410 im

2305 5457 2509 5528 judicio
2539 5455 2965 5515 tamcnlfercndo
2991 5470 3098 5511 non
3129 5464 3346 5520 semper
3361 5447 3487 5518 pari.
3505 5447 3761 5503 felicitate
3781 5461 3904 5516 pru-

2308 5548 2482 5614 cedit;
2503 5547 2610 5610 sed
2631 5560 2764 5604 tunc
2790 5549 2950 5604 etiam
2977 5541 3392 5610 oti-diligentiam
3423 5538 3576 5594 utilis
3601 5538 3682 5592 vel
3711 5537 3916 5608 iisuqui

2309 5642 2592 5698 adversam
2635 5648 2853 5698 tuentur
2892 5637 3221 5710 opinionem.
3251 5633 3634 5690 Ad-Jtmcwero
3675 5645 3795 5703 quat
3831 5631 3922 5686 de

2313 5733 2519 5790 Ioatme
2540 5733 2930 5804 Cbrysostomo
2953 5727 3040 5784 ille
3061 5727 3373 5798 scripserat,
3397 5725 3488 5780 diu
3515 5733 3634 5796 post
3663 5739 3780 5793 ejus
3807 5723 3898 5779 ob-

2309 5831 2440 5886 itum
2473 5837 2596 5884 sunt
2622 5828 2673 5882 in
2704 5827 2876 5893 lucem
2901 5822 3130 5888 emissa;
3163 5836 3260 5876 nec
3279 5819 3455 5892 potuit
3477 5833 3562 5887 ea,
3584 5833 3700 5890 qua:
3721 5813 3920 5871 utilius.

2314 5929 2563 5978 accurate
2591 5919 2762 5988 posita
2791 5928 2938 5974 erant
2964 5957 2978 5986 ,
3009 5913 3395 5988 posterioribus
3423 5911 3566 5968 curis
3590 5907 3816 5966 sancire.
