4018 6484
183 448 248 493 xv
1419 416 1482 471 D.
1522 413 1583 469 B.
1625 407 1715 466 DE
1752 405 1811 462 Mt

1915 402 2225 481 l’E-AUCON‘

258 548 442 604 Varias
471 544 728 603 lectiones
756 548 810 597 et
835 545 988 595 notas
1018 531 1234 591 llcnrici
1261 530 1442 588 Savilii
1464 537 1519 585 et
1541 526 1771 583 Fronto-

186 646 270 699 nis
309 640 494 712 Bucari
532 627 637 712 noui
683 635 918 704 integras
961 629 1191 685 damus:
1221 638 1345 680 nam
1388 638 1454 679 ex
1492 617 1777 677 Savilianis

188 738 328 792 notis
359 708 537 789 multa:
564 708 749 785 ὅτεπερ
779 723 1079 795 respiciunt
1104 714 1481 800 restauranda,
1509 726 1629 783 qme
1655 723 1776 765 cum

188 830 252 911 ad
283 826 441 883 ﬁdem
469 820 956 905 manuscriptorum
981 814 1093 886 jam
1116 826 1153 893 a7
1169 809 1329 895 nobis
1348 804 1629 869 emendata
1660 803 1778 911 lue-

191 893 315 991 r‘lnt,
345 930 602 990 quorsum
631 913 736 991 illa:
757 900 929 975 ‘nottc,
954 906 1057 962 nisi
1086 913 1143 960 ut
1166 903 1276 974 jam
1301 893 1479 956 actum
1514 893 1779 991 agendum

190 982 310 1068 esse
340 982 630 1066 moneant?
651 990 802 1061 Notae
827 1016 963 1082 vero
984 996 1366 1055 Fro'ntonianm
1396 992 1499 1048 illa:
1519 1033 1534 1057 ,
1564 988 1686 1059 Quae
1713 986 1783 1044 de

191 1100 505 1174 corrigenda
529 1094 972 1168 interpretatione
994 1090 1184 1147 Latina
1200 1087 1369 1145 veteri
1390 1085 1617 1157 agebant
1637 1082 1786 1151 (sunt

192 1172 372 1251 autem
412 1190 615 1248 eaedem
644 1176 1039 1259 ipsze'numero.
1063 1181 1296 1251 multm),
1320 1179 1430 1248 jam
1458 1187 1682 1248 prorsus
1701 1172 1783 1226 in-

196 1266 353 1343 utiles
382 1292 582 1350 essent,
596 1267 816 1353 quando
837 1263 900 1335 ea
931 1277 1019 1334 vel
1034 1272 1313 1355 emendata
1342 1271 1458 1336 fuit,
1484 1269 1567 1326 vel
1589 1266 1786 1338 reiecta

196 1362 351 1433 nova:
378 1349 808 1446 interpretationi
837 1371 1016 1426 locum
1043 1349 1211 1447 dedit.
1241 1365 1387 1435 Alias
1411 1364 1537 1447 item
1560 1360 1792 1416 Fronto-

198 1454 281 1525 nis
308 1453 485 1522 Πικεὼί
517 1442 693 1531 notas,
722 1463 773 1517 in
801 1460 996 1532 quibus
1017 1442 1164 1531 varia
1189 1442 1557 1527 Gltrysostomi
1583 1452 1702 1507 loca
1721 1447 1789 1504 ad

199 1548 339 1614 idem
362 1564 733 1627 argumentum
752 1542 1050 1624 spectantia
1070 1547 1332 1620 congerit,
1356 1544 1587 1615 exempli
1604 1555 1786 1606 causa,

200 1665 323 1704 rum
347 1649 414 1703 de
429 1645 657 1718 jejunio,
681 1644 749 1700 de
771 1643 1142 1717 matrimonio,
1163 1640 1231 1695 de
1253 1637 1553 1693 humilitate
1580 1634 1787 1716 agitur:

203 1730 341 1806 illas,
363 1729 603 1810 inquam,
625 1744 784 1791 notas
819 1734 1022 1805 pariter
1055 1730 1536 1805 praetermisimus:
1566 1732 1792 1795 quanta-

202 1846 434 1903 cumque
474 1816 617 1887 enim
650 1825 955 1899 liujusmodi
1002 1822 1160 1879 simul
1204 1829 1491 1892 ponantur,
1535 1816 1589 1871 id
1635 1828 1795 1869 num-

204 1939 362 1994 quam
393 1916 536 1978 tauta
567 1918 907 1976 accuratione
942 1912 1304 1986 prmstabitur,
1327 1918 1525 1981 quanta
1545 1908 1598 1962 in
1618 1905 1798 1961 Indice

207 2013 471 2084 generali,
506 2011 593 2066 ubi
622 2011 800 2065 omnia
827 2007 1051 2063 omnino
1080 2004 1198 2060 loca
1228 2002 1296 2058 ad
1335 2001 1475 2056 idem
1515 2011 1799 2069 argumen-

210 2096 321 2187 tum
355 2088 674 2187 pertinentia
705 2098 806 2175 sub
834 2110 942 2153 uno
964 2102 1265 2164 conspectu
1309 2089 1647 2147 locabuntur.
1672 2087 1804 2141 Bre-

213 2177 390 2249 vitatis
425 2177 585 2265 igitur
611 2205 772 2267 causa
796 2199 951 2267 notas
973 2186 1157 2243 Savilii
1191 2194 1246 2241 et
1272 2180 1564 2238 Frontonis
1588 2177 1796 2249 delegi-

212 2302 362 2351 mus,
385 2294 438 2341 et
471 2283 553 2338 ad‘
573 2264 780 2359 calcem
814 2264 1072 2351 cujusque
1108 2277 1237 2333 tomi
1277 2273 1553 2345 posuimus
1587 2285 1680 2326 eas
1715 2284 1792 2324 so-

213 2379 356 2444 lum,
387 2391 506 2447 qua:
546 2374 864 2430 videbantur
892 2370 967 2426 ad
999 2364 1111 2450 rem
1153 2363 1522 2448 explicandam
1547 2367 1806 2433 opportu-

217 2484 319 2523 "3:.

215 2618 241 2688 ς
268 2614 404 2691 Ytll.
423 2646 490 2657 --
509 2614 584 2669 De
614 2613 1050 2692 interpretatione
1086 2607 1280 2682 Latina
1313 2618 1530 2687 onerum
1560 2602 1798 2671 chryso-

225 2698 249 2711 ”
281 2690 459 2765 atomi.
502 2690 819 2765 Retiuentur
850 2706 1092 2776 pristina:
1131 2698 1595 2777 {raterpretationes
1634 2690 1800 2747 variis

283 2804 337 2855 in
385 2790 533 2854 locis.
564 2798 888 2862 enzeudatw;
929 2794 1051 2850 libri
1109 2801 1314 2845 tantum
1370 2789 1443 2844 De
1496 2783 1805 2870 sacerdotio

287 2882 419 2946 narrt
445 2882 680 2946 versione
708 2893 995 2946 donantur.

283 3107 445 3175 Circa
477 3101 970 3177 intei‘preuitionem
1011 3111 1233 3167 Operum
1275 3094 1333 3150 S.
1374 3091 1593 3148 Joannis
1632 3088 1806 3162 Chry-

214 3171 444 3269 SOSlOmi
484 3171 583 3269 diu.
618 3171 922 3265 ltmrcbatn,
970 3198 1025 3245 ct
1071 3187 1210 3243 inter
1252 3185 1463 3241 diversa
1514 3181 1807 3237 amicorum
1838 3171 1853 3185 ⁹

216 3276 440 3369 consilia
478 3285 654 3367 animi
686 3282 1013 3355 pendebam;
1056 3278 1304 3334 volebant
1344 3276 1434 3331 alii
1479 3288 1670 3331 novam
1696 3288 1810 3327 om-

220 3363 364 3439 nium
381 3363 881 3454 interpretationem
912 3388 947 3443 a,
976 3386 1063 3427 me
1095 3368 1383 3435 adornari;
1415 3366 1503 3421 alii
1530 3380 1597 3421 ex
1625 3363 1811 3435 pristi-

218 3475 304 3532 nis
331 3486 527 3545 paucas
549 3467 876 3548 conservari,
898 3463 1197 3534 eorrigique
1219 3470 1419 3527 tamen,
1441 3456 1610 3513 sicubi
1629 3472 1813 3513 emcn-

219 3566 436 3622 datione
475 3576 610 3632 opus
653 3557 933 3637 baberent,
977 3554 1101 3635 [lare
1130 3567 1257 3608 vero
1287 3549 1383 3605 fuit
1419 3563 1632 3619 semper
1669 3548 1816 3603 omni

222 3656 535 3726 exceptione
564 3650 824 3726 majorum
847 3648 1246 3726 amicorumque
1270 3643 1507 3698 virorum
1529 3641 1814 3708 sententia,

223 3724 400 3803 Caroli
425 3743 634 3814 Cangii,
663 3724 1002 3816 Emericiqne
1028 3736 1239 3808 Bigotii,
1261 3734 1579 3809 quibuscum
1600 3730 1819 3787 senibus

221 3837 433 3909 juvenis
468 3835 595 3892 olim
625 3832 900 3899 versabar,
933 3839 989 3885 ut
1017 3844 1084 3885 ne
1117 3827 1338 3884 semotis
1374 3824 1702 3881 laudatorum
1734 3822 1819 3877 in-

227 3936 519 4001 terpretum
559 3910 911 3993 versionibus
939 3934 1087 4001 meas
1114 3918 1521 4001 substituerent;
1554 3914 1607 3971 id
1648 3914 1819 3984 ipsum

227 3996 496 4092 praecipue
538 4032 635 4089 per
671 4016 855 4073 literas
918 3996 1172 4093 monebat
1209 3996 1444 4093 Joannes
1485 4006 1819 4073 Cotelerius,

228 4122 511 4185 antequam
538 4112 849 4168 Grmcorum
877 4107 1095 4184 Patrum
1130 4102 1453 4181 cditionibns
1479 4116 1695 4181 manum
1724 4099 1822 4155 ad—

230 4220 521 4277 moverent.
552 4203 737 4274 Neque
760 4215 889 4258 vero
914 4201 1031 4256 sine
1053 4199 1231 4279 aliqua
1253 4196 1566 4253 temeritatis
1592 4204 1719 4271 nota
1739 4209 1825 4267 me

231 4310 604 4370 aggressurum
627 4293 894 4358 dicebant,
924 4299 982 4348 ut
1002 4288 1406 4370 laudatissimas
1424 4280 1542 4364 illas
1565 4287 1826 4363 interpre-

235 4367 463 4453 tationes
486 4367 620 4457 meis
638 4392 1036 4458 postponerem.
1065 4367 1247 4458 Itaque
1268 4367 1374 4435 non
1397 4386 1467 4453 ut.
1480 4375 1826 4449 convertendi

235 4477 472 4548 laborem
513 4456 936 4547 subterfugercm
979 4471 1117 4543 (non
1160 4456 1303 4548 enim
1343 4468 1515 4548 multo
1539 4469 1718 4547 minus
1754 4467 1830 4521 la-

236 4546 549 4624 borisincst
582 4546 638 4637 in
665 4553 1014 4620 emendandis
1053 4561 1121 4618 de
1147 4546 1313 4617 verbo
1337 4558 1419 4639 ad.
1438 4546 1657 4635 verbum
1693 4558 1829 4614 alio-

237 4676 356 4730 rum
381 4657 929 4731 interpretationibus,
959 4670 1117 4726 quam
1146 4653 1198 4708 in
1226 4651 1378 4708 novis
1398 4649 1830 4729 concinnandis),

238 4752 335 4809 sed
382 4761 440 4807 ut
480 4748 638 4809 tantis
663 4748 793 4804 viris
821 4761 1024 4803 morem
1053 4760 1294 4817 gererem
1315 4784 1331 4810 ,
1382 4743 1435 4799 in
1477 4742 1580 4799 hoc
1616 4741 1832 4798 demum

240 4843 515 4916 proposito
535 4840 745 4909 subsnti
766 4859 781 4895 :
812 4848 871 4911 ut
902 4852 1093 4914 omnes
1111 4851 1327 4910 prorsus
1348 4834 1636 4916 Frontonis
1656 4833 1832 4914 [lucaei

242 4914 711 5007 interpretationes
738 4946 1042 5009 servarem,
1070 4930 1173 4986 nisi
1197 4945 1319 4987 cum
1341 4972 1357 4998 ,
1386 4914 1714 5009 variantibus
1738 4942 1835 5007 co-

243 5006 481 5096 dicibus,
512 5027 765 5097 mutanda
803 5006 964 5083 lectio
990 5033 1106 5093 est,
1145 5031 1201 5081 et
1228 5006 1599 5097 interpretatio
1624 5006 1838 5091 quoque

246 5094 480 5187 mutetur
510 5094 754 5189 oportet;
786 5116 871 5191 vel
910 5130 1031 5190 cum
1061 5114 1163 5169 alia
1189 5112 1520 5170 commodior
1546 5094 1598 5169 et
1636 5112 1839 5191 Graecis

248 5212 624 5283 congruentior
646 5226 747 5280 vox
781 5219 876 5270 aut
914 5189 1170 5284 periodus
1190 5209 1349 5283 etiam
1390 5208 1573 5264 Latina
1608 5189 1730 5281 sese
1753 5205 1840 5261 of-

250 5305 382 5368 lcrt;
411 5303 552 5373 quod
575 5304 940 5376 iufrcquentcr
962 5302 1179 5373 evenit:
1209 5316 1355 5367 nam,
1380 5310 1437 5355 ut
1452 5300 1562 5369 jam
1585 5298 1838 5365 diximus,

251 5406 393 5467 inter
442 5398 673 5466 optimos
716 5399 1039 5468 interpretes
1084 5396 1203 5466 iure
1261 5393 1463 5450 Fronto
1506 5377 1837 5449 numeratur.

256 5488 462 5562 ξιτεδιηί
496 5500 704 5558 quoque
731 5498 787 5545 et
823 5489 1006 5545 Jacobi
1046 5486 1182 5560 Billii
1223 5485 1499 5557 versiones
1527 5484 1642 5562 pari
1681 5482 1843 5537 modo

252 5560 556 5638 retinendas
601 5579 804 5632 censui.
860 5579 1100 5636 Aliorum
1150 5587 1329 5645 autem
1378 5560 1845 5647 interpretationes

255 5677 347 5730 aut
379 5662 542 5721 variis
571 5668 624 5721 in
666 5666 798 5722 locis
825 5669 1135 5726 emendatas
1175 5668 1519 5735 rctinuimus,
1560 5682 1682 5722 cum
1713 5665 1845 5721 satis

256 5769 505 5827 accurate
531 5758 973 5831 Chrysostomum
1009 5774 1252 5818 orantem
1280 5761 1551 5827 referunt,
1578 5762 1661 5817 vel
1690 5774 1844 5830 pror-

259 5869 350 5943 sus
379 5851 660 5920 rejecintus
685 5859 738 5904 et
762 5864 926 5923 novas
947 5851 1235 5929 edidimus,
1266 5852 1477 5924 quando
1506 5853 1608 5907 illa:
1638 5861 1846 5908 veteres

3373 411 3465 461 XVI

1884 533 1996 575 non
2039 525 2290 588 poterant
2324 517 2529 574 medica
2570 527 2731 574 mam:
2770 518 2849 574 ad
2877 518 3071 575 bonam
3114 519 3471 577 conditionem

1884 608 2147 666 revocari.
2178 609 2325 665 Alias
2387 611 2512 666 item
2542 610 2943 682 paraphrastiee
2987 610 3308 679 adornatas,
3355 626 3476 682 quae

1886 702 2046 773 longo
2069 701 2356 757 verborum
2387 702 2651 758 inutilium
2678 703 2903 760 circuitu
2932 702 3200 759 fastidium
3224 702 3441 774 pariunt
3458 742 3477 768 ,

1887 809 2111 866 prorsus
2146 788 2542 866 ablegavimus,
2584 811 2853 866 novasque
2904 797 3227 866 paravimus.
3278 796 3478 866 Hujus-

1889 885 2038 942 modi
2057 896 2188 943 sunt
2207 887 2482 944 Godct‘ridi
2507 887 2772 944 Tilmanni
2801 898 2857 945 et
2879 889 3106 945 aliorum
3125 888 3481 961 quorumdam

1890 978 2379 1050 interpretationes,
2407 996 2528 1051 qua:
2555 980 2871 1037 redundanti
2900 981 2988 1037 illa
3007 981 3299 1039 dictionum
3328 982 3484 1052 copia

1891 1069 2331 1142 Chrysostomum
2351 1114 2364 1135 .
2393 1072 2485 1143 qui
2515 1072 2696 1142 inopia
2716 1072 2924 1130 dicendi
2951 1086 3240 1143 numquam
3268 1072 3485 1127 labora-

1892 1162 1997 1229 vit,
2025 1160 2392 1219 verbosiorem
2429 1149 2589 1235 quam
2621 1179 2717 1234 par
2743 1165 2812 1219 sit
2847 1162 3108 1224 rcierunt.
3139 1163 3259 1221 Illas
3296 1178 3493 1227 omnes

1893 1254 2162 1311 variorum
2192 1254 2687 1326 interpretationes,
2717 1270 2750 1312 e
2785 1256 3002 1327 regione
3036 1254 3488 1320 Grtccornmcdi.

1897 1355 2012 1415 tas,
2056 1355 2345 1419 utcumque
2384 1347 2766 1405 emendaverat
2810 1347 3012 1407 Fronto
3058 1348 3282 1404 Ducreus
3313 1365 3327 1399 :
3357 1361 3490 1416 quas

1896 1454 2018 1496 cum
2058 1442 2138 1497 sic
2161 1441 2323 1496 etiam
2352 1442 2665 1500 emendatas
2708 1458 2814 1499 non
2844 1442 3065 1498 omnino
3089 1442 3370 1513 probaret,
3400 1455 3490 1497 scr

1897 1530 2088 1613 cundis
2111 1532 2256 1588 curis
2285 1532 2478 1588 iterum
2518 1533 2789 1605 corrigere
2830 1534 2881 1588 in
2924 1532 3358 1590 annotationibus
3380 1533 3506 1598 suis~

1899 1634 1984 1679 est
2004 1638 2305 1695 aggressus.
2331 1624 2526 1681 Verum
2548 1667 2564 1692 ,
2596 1627 2669 1681 uti
2691 1627 2801 1697 jam
2838 1626 3071 1683 diximus
3089 1667 3106 1691 ,
3133 1641 3318 1681 earum
3347 1641 3494 1694 qua)-

1899 1714 2022 1770 dam
2062 1715 2132 1770 ita
2161 1716 2494 1771 concinnata:
2530 1725 2686 1784 sunt,
2735 1726 2793 1772 ut
2816 1719 2905 1773 vix
2942 1733 3005 1774 ac
3047 1734 3114 1774 ne
3152 1718 3238 1773 vix
3278 1717 3497 1787 quidem

1896 1809 2111 1877 possint
2134 1808 2348 1880 corrigi.
2379 1808 2662 1865 Nonnulla:
2688 1825 2817 1867 vero
2835 1852 2849 1874 ,
2877 1810 3063 1882 quales
3090 1820 3214 1867 sunt
3250 1811 3455 1866 Erasmi
3475 1850 3492 1875 ,

1900 1900 2085 1957 Jacobi
2116 1900 2254 1965 Billii
2273 1941 2288 1966 ,
2319 1900 2571 1981 Germani
2600 1902 2765 1958 Brixii
2785 1945 2801 1969 ,
2841 1902 3168 1980 Sigismundi
3208 1902 3413 1960 Gelcuii
3442 1913 3499 1957 et

1903 1992 2129 2049 aliorum
2156 2008 2262 2049 non
2291 1992 2575 2051 infeliciter
2594 1995 2901 2063 adornatzc,
2930 1997 3123 2068 corrigi
3153 2005 3408 2067 possunt,
3440 2006 3505 2051 ut

1903 2100 2004 2141 nos
2027 2084 2195 2142 libere
2223 2084 2467 2154 fecimus,
2505 2087 2592 2143 ubi
2620 2102 2840 2144 necesse
2866 2089 3039 2145 visum
3069 2098 3169 2143 est.
3199 2088 3391 2144 Libros
3415 2095 3497 2142 ta-

1907 2192 2027 2233 men
2066 2177 2136 2233 de
2171 2176 2517 2245 Sacerdotio,
2564 2180 2686 2236 licet
2726 2196 2755 2235 a
2790 2180 3059 2237 Germano
3094 2180 3274 2236 Brixio
3313 2180 3501 2236 Latine

1908 2269 2148 2325 conversi
2177 2280 2388 2336 essent,
2430 2286 2564 2325 nova
2607 2272 3044 2344 interpretatione
3069 2272 3347 2328 donandos
3370 2287 3500 2342 cen-

1906 2360 2145 2426 suimus,
2185 2362 2307 2431 quia
2349 2362 2600 2418 nimirum
2631 2363 2720 2420 ille
2752 2364 3098 2436 paraphrasin
3128 2364 3199 2421 ibi
3227 2363 3336 2420 fere
3359 2377 3502 2425 sem.-

1912 2464 2004 2521 per
2028 2450 2297 2507 alfectavit
2315 2493 2331 2519 ,
2374 2453 2516 2525 quod
2550 2469 2722 2527 genus
2749 2455 3131 2526 interpretandi
3159 2455 3288 2511 viris
3315 2466 3503 2511 emun-

1918 2549 2010 2601 ω
2045 2543 2191 2605 naris
2229 2543 2517 2600 admodum
2562 2545 2828 2618 displicet.
2863 2548 2939 2603 Ea
2977 2562 3140 2619 porro
3164 2562 3377 2618 semper
3410 2547 3506 2619 luit

1912 2634 2137 2690 instituti
2182 2637 2351 2691 nostri
2383 2637 2557 2705 ratio,
2606 2646 2664 2692 ut
2702 2618 3103 2707 interpretando
3139 2637 3368 2694 mediam
3407 2618 3506 2694 ceu

1912 2726 2050 2780 viam
2074 2733 2380 2782 teneremus
2407 2729 2545 2782 inter
2564 2727 3038 2798 paraphrasticam,
3053 2739 3106 2783 ct
3133 2729 3415 2798 strigosam
3438 2729 3506 2784 il—

1916 2820 2018 2873 lam
2039 2819 2228 2886 aliam,
2253 2835 2373 2890 qum
2401 2818 2588 2875 Grtcca
2615 2818 2945 2902 pedetentim
2973 2829 3027 2875 et
3057 2819 3223 2875 nimio
3252 2820 3507 2891 scrupulo

1915 2920 2268 2967 consectatur.
2298 2920 2301 2921 '
3208 2911 3221 2924 ‘

1921 3068 1953 3139 §
1980 3066 2069 3122 IX.
2100 3096 2173 3136 -—.
2203 3064 2277 3120 De
2302 3067 2478 3131 ordine
2507 3068 2783 3147 multarum
2808 3067 2937 3119 inter
2966 3082 3018 3120 sc
3055 3066 3377 3127 homiliarmn
3395 3067 3508 3136 jam

2583 3160 2831 3214 restituto.

1992 3292 2147 3369 Aliud
2180 3292 2231 3347 in
2276 3292 2375 3348 hac
2413 3290 2649 3347 editione
2678 3292 3025 3362 praestitimus
3062 3307 3168 3346 non
3210 3292 3384 3346 minus
3413 3306 3513 3345 nc~

1918 3385 2231 3451 cessarium,
2264 3400 2362 3440 nec
2385 3388 2560 3452 minus
2580 3385 2647 3439 ad
2669 3383 3110 3461 Chrysostomum
3142 3382 3513 3439 illustrandum

1918 3466 2295 3554 opportunum.
2326 3475 2460 3530 Cum
2491 3490 2684 3545 nempe
2709 3474 2935 3530 Sat-ilius
2968 3483 3022 3551 et
3059 3473 3257 3530 Fronto
3292 3474 3515 3529 Ducrcus

1922 3567 2117 3638 ubique
2142 3576 2407 3644 terrarum
2452 3567 2737 3644 perquisita
2768 3566 2822 3622 S.
2852 3565 3088 3644 doctoris
3115 3580 3277 3644 opera
3304 3564 3515 3641 confer-

1921 3636 2395 3727 tim—accipereut,
2446 3640 2552 3711 non
2593 3639 2722 3712 satis
2761 3640 3049 3713 advertere
3084 3638 3366 3727 potuerunt
3411 3636 3515 3727 qua

1921 3748 2061 3804 serie
2096 3757 2152 3803 ct
2189 3747 2378 3803 ordine
2411 3747 2590 3802 multae
2621 3746 2854 3801 homilim
2893 3736 3129 3801 locanda:
3164 3755 3377 3811 essent;
3420 3732 3516 3800 sed
3552 3736 3557 3743 ’

1921 3839 2041 3896 illas
2080 3847 2139 3894 ut
2166 3838 2276 3894 fors
2304 3837 2507 3893 ferebat
2541 3836 2820 3902 locabant,
2860 3837 2929 3892 ab
2957 3837 3056 3903 iis,
3096 3850 3217 3906 quae
3245 3850 3349 3890 una
3376 3835 3518 3891 serie

1922 3932 2049 4003 poni
2089 3931 2426 3994 debuerant,
2471 3929 2628 4001 longo
2672 3929 2845 3999 Spatio
2885 3914 3201 3999 disiunctas.
3247 3928 3324 3983 Ea
3350 3926 3418 3983 de
3459 3942 3520 3983 re

1922 4002 2053 4079 vero
2078 4022 2152 4078 illi
2179 4020 2468 4092 aliquando
2495 4024 2546 4074 in
2589 4020 2731 4076 notis
2757 4028 3110 4089 monuerunt,
3143 4019 3229 4074 ubi
3258 4002 3518 4075 mutatum

1924 4128 2146 4186 cperunt
2184 4113 2344 4169 situm
2374 4111 2897 4176 animadverterunt;
2930 4112 3124 4183 smpius
3163 4120 3341 4166 autem
3373 4110 3519 4164 illum

1924 4214 2312 4278 praeposterum
2374 4202 2617 4258 ordinem
2668 4202 2973 4258 nullatenus
3017 4211 3319 4258 sensvrnut.
3373 4190 3520 4255 Illam

1925 4282 2056 4375 vero
2084 4298 2352 4371 propriam
2384 4297 2581 4352 seriem
2610 4312 2716 4351 non
2754 4311 2818 4351 ex
2849 4306 3168 4368 argumento
3199 4303 3403 4351 tantum
3437 4306 3524 4349 as-

1926 4390 2078 4463 sequi
2124 4402 2439 4460 possumus,
2480 4386 2574 4442 sed
2617 4386 2778 4442 etiam
2829 4386 3137 4453 frequenter
3177 4399 3247 4440 ex
3289 4382 3524 4455 Chryso-

1926 4483 2085 4540 stomi
2110 4480 2403 4552 prooemiis,
2431 4479 2519 4533 ubi
2545 4479 2740 4548 prioris
2766 4477 2999 4531 homili:e
3030 4476 3312 4549 bypotliesi
3338 4488 3398 4530 se
3429 4474 3526 4529 ad-

1929 4574 2036 4629 huc
2064 4574 2115 4629 in
2156 4572 2455 4645 posteriore
2482 4570 2687 4625 lnorere
2727 4568 3061 4636 testiﬁcatur,
3090 4568 3173 4622 vel
3202 4567 3362 4623 etiam
3402 4580 3523 4621 cum

1929 4665 2125 4720 multas
2169 4676 2452 4719 enumerat
2476 4670 2625 4717 certo
2650 4659 2842 4716 ordine
2880 4658 3070 4715 eadem
3104 4657 3171 4714 de
3200 4673 3258 4713 re
3292 4658 3523 4712 habitas.

1928 4755 2062 4822 Nam
2098 4754 2238 4810 solet
2265 4754 2357 4827 ille
2385 4759 2755 4827 argumentum
2796 4749 2940 4823 idem
2980 4749 3035 4805 in
3078 4748 3259 4805 multis
3292 4747 3525 4803 ltomiliis

1931 4855 2294 4919 pertractare;
2327 4846 2397 4901 ita
2437 4854 2496 4898 ut
2518 4859 2639 4914 qua:
2677 4842 2927 4919 dicuntur
2953 4842 3005 4896 in
3032 4840 3206 4912 aliqua
3235 4840 3523 4906 concione,

1930 4954 2051 5007 cum
2082 4946 2339 5013 sequente
2378 4935 2718 5013 cohrmrcant,
2763 4943 2817 5001 et
2847 4933 2924 4991 sic
2969 4947 3091 5011 cum
3133 4932 3403 5005 plerisilue
3431 4945 3527 5001 po-

1930 5030 2247 5101 sterioribus
2276 5028 2427 5100 quasi
2464 5034 2708 5099 catenam
2750 5026 3004 5103 efficiant.
3038 5025 3161 5083 llaec
3186 5024 3524 5081 bomiliarum
3582 5050 3587 5057 ~

1933 5121 2270 5193 perturbatio
2291 5119 2430 5191 apud
2454 5119 2709 5175 Savilium
2727 5161 2745 5189 ,
2775 5120 2870 5175 sed
2906 5119 3103 5191 saepius
3126 5117 3267 5188 apud
3294 5116 3555 5172 Fronto-.

1934 5231 2056 5271 nem
2100 5215 2349 5270 Ducamm
2393 5196 3021 5289 observatur.illomili;c
3062 5209 3210 5266 verbi
3248 5207 3415 5279 gratia
3459 5205 3527 5262 de

1933 5303 2467 5377 lncompreltcnsibili
2493 5314 2548 5359 et
2572 5316 2760 5360 contra
2798 5306 3122 5375 Anomceos,
3168 5302 3374 5372 priores
3406 5300 3527 5371 qui-

1933 5400 2056 5457 dem
2099 5413 2202 5453 una
2244 5405 2299 5453 et
2340 5398 2514 5465 nativa
2557 5399 2695 5453 scrie
2733 5403 3023 5473 ponuntur,
3068 5394 3161 5450 sed
3202 5392 3527 5465 posteriores

1935 5491 2207 5548 distracta:
2248 5499 2375 5545 sunt
2415 5501 2471 5545 et
2517 5489 2701 5560 procul
2751 5488 2937 5559 posita:
2985 5487 3037 5541 iu
3086 5495 3315 5557 utroque
3357 5483 3524 5540 edito.

1935 5583 2074 5652 Quid
2116 5590 2293 5637 autem
2342 5580 2465 5635 hinc
2508 5579 2814 5637 detrimenti
2857 5587 3096 5648 emergat
3133 5576 3237 5632 ltoc
3280 5574 3528 5647 exemplo

1935 5675 2253 5744 comperies.
2297 5672 2541 5729 Halesius
2577 5672 2629 5726 in
2673 5671 2824 5727 Notis
2861 5669 3144 5726 Savilianis
3167 5683 3286 5733 cum
3316 5668 3530 5739 legisset

1938 5760 2218 5820 l'lomiliam
2248 5764 2315 5821 de
2340 5763 2544 5823 Lazaro
2573 5762 2929 5833 quatriduano
2955 5771 3010 5818 ct
3034 5759 3103 5818 de
3128 5760 3323 5819 Christi
3354 5759 3528 5830 preci-

1942 5858 2067 5923 bus,
2110 5873 2227 5929 qua:
2271 5859 2407 5936 inter
2449 5857 2779 5913 illas-contra
2809 5858 3097 5914 Anomocos
3142 5855 3388 5913 homilias
3420 5852 3527 5923 jam
