4018 6414
175 447 262 486 xvn
1335 466 1346 476 -
1633 435 1791 492 PIUE

1901 438 2017 497 ΠΟ.

173 557 279 599 nona
312 555 684 615 numeratur,
715 547 863 602 illam
891 546 1278 618 Chrysostomo
1298 546 1658 616 abjudicavit:
1688 551 1782 622 qui

176 633 205 688 si
230 649 358 690 mox
383 635 624 708 legisset
653 639 806 692 illam
827 680 844 706 ,
874 654 992 709 qua:
1013 637 1122 708 jam
1154 637 1276 694 huic
1303 638 1571 708 cohaeret,
1599 649 1788 712 estque

178 741 392 781 munero
416 727 677 794 decima,
724 744 756 783 a
787 729 878 782 tali
909 728 1048 783 haud
1085 729 1242 784 dubie
1267 729 1469 798 judicio
1492 731 1784 788 abstinuis-

181 827 262 871 set.
299 817 359 872 ln
387 819 502 874 hac
529 821 736 891 quippe
763 821 1080 890 posteriore,
1105 836 1223 892 qua:
1249 821 1380 876 nulli
1408 821 1507 878 fuit
1533 839 1784 894 umquam

185 911 471 980 mspieioni
508 911 784 977 obnoxia;
822 911 1008 969 eadem
1055 927 1200 982 smpe
1235 915 1428 984 repetit
1465 915 1788 987 Cbrysosto-

184 1019 318 1069 unus,
349 1019 478 1074 qua:
501 1005 557 1058 in
586 1004 752 1074 priori
779 1004 1007 1071 dixerat,
1037 1019 1201 1076 seque
1227 1005 1278 1060 in
1305 1004 1392 1060 illa
1419 1006 1616 1062 dixisse
1635 1021 1789 1062 cum-

186 1103 473 1149 memorat.
519 1095 718 1150 Verum
765 1096 888 1166 quia
934 1095 1080 1166 prior
1126 1105 1270 1151 tomo
1313 1097 1500 1168 quinto
1542 1097 1786 1167 jacebat,

190 1185 457 1253 posterior
485 1199 614 1240 vero
641 1193 786 1240 tomo
813 1195 964 1241 sexto
993 1195 1114 1256 post
1137 1197 1398 1243 centenas
1418 1188 1586 1244 ferme
1616 1190 1786 1245 inter-

189 1275 412 1346 positas,
435 1290 546 1329 non
572 1275 806 1332 advertit
831 1275 1099 1343 Halesius,
1125 1277 1182 1332 in
1206 1278 1308 1334 hac
1327 1280 1609 1348 posteriori
1637 1282 1791 1351 prio-

190 1365 263 1418 ris
307 1365 644 1440 authentiam
687 1365 876 1421 asseri.
899 1365 955 1421 lu
985 1366 1217 1433 editione
1266 1369 1462 1438 pariter
1505 1369 1792 1426 Frontonis

194 1456 370 1509 l)uc;1:i
413 1455 498 1522 lia:
527 1455 762 1522 humilia:
805 1457 963 1527 longo
1005 1457 1284 1524 intervallo
1321 1458 1603 1529 disjunctm
1644 1469 1790 1515 sunt.

195 1545 480 1617 \‘ulgatum
510 1561 642 1601 sane
683 1554 798 1614 est,
847 1563 965 1618 qua:
995 1549 1290 1619 peregrinis
1329 1550 1384 1610 in
1426 1551 1560 1607 locis
1584 1561 1795 1610 exstant

193 1641 538 1709 peregrinum
566 1640 748 1708 olere,
777 1650 832 1697 et
871 1656 1263 1712 quamcumque
1291 1660 1407 1699 rem
1450 1645 1662 1700 nonnisi
1693 1661 1796 1701 suo

195 1728 318 1784 loco
360 1744 487 1784 suas
515 1740 689 1799 partes
717 1730 938 1801 implere
979 1746 1154 1801 posse.
1198 1733 1386 1798 Parem
1429 1735 1793 1805 perturbatio-

199 1835 325 1875 nem
347 1821 715 1891 deprehendas
742 1823 794 1878 in
816 1823 1062 1887 llomiliis
1087 1835 1273 1882 contra
1301 1827 1536 1896 Jtidmos,
1567 1845 1794 1900 quarum

195 1913 502 1966 secundam
569 1921 626 1968 et
701 1913 912 1970 tertiam
956 1916 1143 1987 quinto
1189 1927 1332 1974 temo
1373 1921 1551 1990 posuit
1591 1920 1794 1977 Fronto

199 2001 464 2074 Ducarus,
492 2015 584 2058 sex
626 2017 758 2059 vero
797 2005 1028 2076 reliquas
1069 2006 1242 2078 primo
1287 2015 1432 2063 tomo
1457 2027 1470 2064 :
1497 2010 1638 2081 quod
1690 2012 1794 2068 nisi

195 2093 507 2148 advertatur
545 2104 796 2165 quantam
840 2096 894 2150 in
933 2097 1271 2169 cbronologia
1303 2099 1472 2169 pariat
1509 2101 1792 2172 caliginem

195 2183 327 2254 vide
353 2185 426 2239 sis
452 2185 503 2238 in
524 2185 726 2240 monito
753 2194 936 2240 nostro
955 2187 1022 2242 ad
1063 2187 1320 2244 llomilias
1345 2198 1530 2244 contra
1556 2191 1790 2248 Jud.eos.

198 2273 324 2349 [fari
349 2273 510 2330 modo
534 2275 813 2345 disjuncta:
839 2276 1050 2332 fuerant
1075 2278 1310 2334 humilia:
1337 2288 1446 2336 tres
1471 2279 1541 2337 de
1575 2282 1795 2338 Diabolo

200 2371 500 2429 tentatore,
533 2379 664 2434 quas
693 2380 792 2420 suo
813 2366 1000 2422 ordine
1030 2367 1086 2421 in
1112 2367 1212 2424 hac
1232 2368 1468 2426 editione
1496 2372 1782 2442 posuimus

202 2451 330 2506 llzec
362 2453 414 2506 in
445 2453 614 2522 primo
644 2467 698 2510 et
717 2456 954 2511 secundo
983 2465 1152 2513 tumo.

273 2542 356 2622 Ex
386 2545 541 2599 tertio
574 2553 717 2601 tumo
753 2546 894 2601 aliud
925 2549 1226 2619 exemplum
1266 2549 1610 2620 proferimus.
1647 2551 1795 2608 Lon-

199 2650 323 2704 gam
387 2636 581 2705 seriem
633 2637 969 2692 homiliarum
1031 2639 1291 2696 habuerat
1342 2640 1792 2714 Cltrysostomus,

201 2743 431 2812 quarum
457 2728 544 2784 ille
573 2729 813 2786 ordinem
836 2730 904 2785 ita
931 2731 1076 2787 clare
1102 2747 1208 2796 non
1237 2735 1405 2806 semel
1435 2737 1706 2804 enuntiat,
1735 2745 1794 2792 ut

202 2835 274 2895 ne
297 2819 384 2874 vel
427 2821 704 2876 minimum
739 2821 884 2878 dubii
919 2822 988 2890 de
1029 2823 1218 2890 ordine
1255 2840 1538 2896 superesse
1580 2829 1792 2899 possit:

201 2909 276 2988 ita
302 2925 430 2965 vero
458 2911 725 2982 diSpositae
751 2922 904 2969 erant
932 2915 1033 2980 illa:
1060 2917 1346 2981 conciones
1365 2959 1382 2986 ,
1422 2927 1485 2978 ut
1527 2921 1796 2989 posterior

201 2999 400 3082 prioris
427 3015 640 3071 semper
667 3013 1034 3074 argumentum
1065 3016 1496 3076 prosequeretur.
1524 3011 1796 3082 Erantque

202 3079 308 3165 illa:
335 3107 562 3148 numero
589 3110 803 3163 novem,
827 3111 1049 3167 quarum
1076 3099 1311 3170 quinque
1333 3101 1541 3172 priores
1564 3104 1618 3158 in
1637 3102 1798 3159 Prin-

201 3181 394 3260 eipimn
413 3182 653 3239 Actorum
669 3186 1126 3257 inscribebantur;
1149 3201 1375 3260 quatuor
1401 3201 1584 3262 autem
1613 3203 1795 3264 poste-

204 3271 379 3347 riores
421 3273 484 3326 de
513 3272 794 3348 Mutatione
820 3275 1098 3349 Nominum
1116 3321 1133 3347 ,
1163 3281 1444 3352 occasione
1482 3285 1799 3350 mutationis.

203 3365 441 3442 nominis
478 3365 621 3422 Sauli
644 3368 695 3422 in
715 3369 956 3442 Paulum.
987 3372 1064 3428 Ex
1087 3373 1170 3442 his
1189 3389 1318 3442 vero
1343 3391 1533 3440 novem
1561 3377 1796 3436 homiliis

203 3465 330 3511 octo
360 3465 566 3514 tantum
599 3459 652 3514 in
675 3469 897 3533 utraque
919 3463 1151 3520 editione
1175 3477 1488 3536 comparent
1517 3487 1530 3522 :
1561 3471 1796 3526 secunda

203 3550 348 3622 enim
371 3551 673 3621 exciderat,
703 3569 820 3624 qua:
843 3554 954 3626 jam
979 3567 1192 3626 reperta
1217 3567 1318 3614 est.
1337 3558 1472 3614 Octo
1485 3569 1662 3617 autem
1692 3562 1796 3617 illa:

205 3639 445 3719 humilia:
460 3651 606 3697 tomo
617 3644 801 3714 quinto
813 3645 1060 3722 editionis
1072 3646 1447 3705 Frontoniante
1461 3653 1794 3718 exstant,sed

202 3732 476 3804 susdeque
501 3735 729 3808 posite:
759 3736 928 3807 prima
971 3754 1204 3810 namque
1239 3756 1359 3812 pag.
1391 3743 1504 3809 556.
1546 3743 1799 3824 habetur,

203 3824 444 3894 secunda
485 3825 757 3881 exciderat
786 3838 841 3882 ut
877 3829 1108 3884 diximus
1127 3871 1152 3908 ,_
1187 3831 1340 3887 tertia
1370 3849 1423 3904 p.
1455 3835 1578 3906 lb‘l,
1609 3845 1795 3905 quarta

202 3928 259 3996 ρ.
286 3914 428 3981 589.,
459 3916 637 3988 quinta
670 3933 723 3988 p.
756 3919 878 3983 85!,
912 3929 1061 3991 sexta
1091 3937 1142 3991 p.
1173 3922 1297 3990 544,
1326 3917 1549 3993 septima
1577 3941 1629 3996 p.
1663 3925 1790 3994 850,

198 3985 392 4062 octava
417 4022 472 4078 p.
507 3985 628 4074 lﬁd,
653 3985 790 4064 nona
817 4025 870 4082 p.
899 3985 1216 4082 563..M-ajor
1240 3985 1414 4068 adhuc
1436 3985 1639 4070 ordinis
1669 3985 1794 4086 per;

201 4100 442 4174 turbatio
471 4101 522 4156 in
557 4101 790 4158 editione
815 4104 1080 4159 Saviliana
1111 4105 1566 4176 deprehenditur:
1600 4109 1651 4162 in
1691 4125 1795 4180 qua

197 4193 442 4246 lgomilite
471 4193 585 4247 ista:
617 4195 775 4248 variis
796 4194 847 4248 in
877 4196 1032 4250 tomis
1059 4195 1328 4252 distracta:
1356 4206 1410 4252 et
1433 4207 1692 4270 separatae
1721 4199 1798 4254 lc-

193 4291 421 4352 gantur.
454 4281 595 4336 Cave
633 4294 808 4338 autem
837 4284 888 4339 id
915 4285 996 4340 vel
1037 4284 1236 4340 Savilio
1261 4287 1345 4342 vel
1385 4287 1640 4342 Frontoni
1669 4289 1796 4344 vitio

197 4386 384 4430 vertas
418 4393 433 4429 :
476 4391 599 4430 nam
641 4378 1044 4446 properantibus
1093 4379 1452 4450 typograpliize
1497 4381 1677 4450 operis
1713 4381 1796 4435 ha:

197 4467 440 4522 humiliau
470 4469 756 4538 separat‘m
801 4469 1158 4533 accedebant,
1205 4486 1378 4540 neque
1407 4469 1632 4526 fortasse
1674 4486 1800 4542 spa-

198 4560 332 4634 titur)
375 4567 495 4614 erat
536 4559 602 4614 ad
634 4576 815 4614 carum
845 4561 1252 4616 restauraudum
1289 4561 1554 4618 ordinem.
1597 4562 1653 4618 ln
1696 4561 1796 4618 hac

197 4631 332 4712 vero
363 4660 548 4704 nostra
577 4650 809 4706 editione
839 4651 920 4706 ha:
948 4668 1136 4708 novem
1165 4654 1396 4710 humilia:
1425 4654 1570 4728 (nam
1583 4644 1796 4712 'secun-

195 4739 296 4806 da,
343 4755 466 4810 qua:
501 4739 730 4805 latebat,
773 4757 836 4796 ex
879 4742 1113 4798 lCIli'lN'iS
1153 4744 1408 4816 emersit)
1437 4761 1535 4802 suo
1569 4747 1793 4816 ordine,

195 4829 336 4882 duce
384 4828 806 4900 Chrysoslomo,
853 4831 905 4885 in
955 4833 1111 4888 tertio
1151 4841 1295 4889 lomo
1342 4845 1626 4905 ponentur,
1671 4852 1794 4892 cum

198 4920 405 4988 prmvio
432 4919 653 4986 Monito,
675 4921 758 4976 ubi
777 4922 916 4994 idem
937 4923 1050 4996 ipse
1073 4925 1204 4980 ordo
1231 4935 1287 4980 ut
1306 4927 1568 4998 genuinus
1593 4929 1798 5000 perspi-

193 5024 298 5065 cue
340 5019 633 5066 asseretur.
686 5013 919 5068 Plurima
967 5005 1069 5069 alia
1102 5017 1340 5086 proferre
1384 5033 1664 5088 possemus
1693 5019 1796 5074 bu-

192 5100 433 5168 jusmodi
479 5100 891 5171 perturbationis
917 5108 1184 5178 exempla,
1205 5107 1296 5162 sed
1325 5107 1440 5164 ha-c
1467 5109 1516 5162 in
1548 5108 1796 5180 prmsenti

194 5190 330 5244 satis
380 5200 576 5257 erunt;
606 5204 797 5248 uetera
824 5197 1030 5252 erudito
1063 5197 1246 5254 lectori
1275 5199 1330 5253 in
1369 5201 1547 5269 operis
1568 5200 1796 5257 decursu

195 5283 540 5338 observanda
567 5287 938 5358 relinquimus.

196 5393 230 5466 ς
259 5395 332 5448 Χ.
355 5425 428 5435 --
457 5393 536 5450 De
553 5397 905 5452 distributione
924 5408 1171 5454 tomorum
1195 5403 1247 5455 in
1273 5401 1538 5456 Savih’ana
1556 5409 1602 5456 ct
1629 5399 1800 5456 Fron-

753 5490 960 5542 toniana
987 5489 1250 5546 Editione.

263 5599 383 5656 Jam
410 5598 479 5654 ad
510 5599 758 5654 ordinem
788 5607 848 5656 et
867 5599 1298 5657 distributionem
1328 5611 1592 5657 tomorum
1623 5603 1799 5674 Chry-

198 5691 421 5745 sostomi
449 5689 768 5746 veniamus:
803 5706 906 5761 qua
939 5692 990 5744 in
1023 5707 1082 5746 rc
1109 5695 1227 5763 plus
1257 5692 1395 5748 inest
1435 5694 1798 5760 difﬁcultatis,

199 5795 352 5860 quam
383 5782 549 5853 vulgo
591 5782 868 5837 credatur.
913 5782 1092 5853 Longe
1133 5785 1400 5840 diversam
1449 5785 1798 5842 distribuendi

194 5876 498 5934 methodum
549 5875 766 5947 sequuti
795 5885 917 5929 sunt
949 5875 1175 5933 Savilius
1201 5887 1255 5936 et
1295 5878 1496 5948 Fronto
1529 5879 1790 5946 Ducarius;

3356 475 3440 519 \‘v'.’
3447 476 3478 517 ιι

1895 565 2084 612 neuter
2109 565 2286 616 tamen
2327 564 2499 633 potuit
2536 579 2690 632 eam,
2731 583 2890 639 quam
2937 568 3034 626 sibi
3063 573 3478 647 praescripserat,

1897 663 2138 705 normam
2157 653 2407 710 retinere.
2429 655 2572 712 Duas
2593 673 2720 713 vero
2738 659 2788 714 in
2813 671 2990 730 partes
3009 673 3227 732 possunt
3247 665 3302 721 S.
3322 667 3481 722 Joan-

1895 739 1980 796 nis
2005 739 2374 813 Chrysostomi
2415 761 2578 816 opera
2607 751 2903 819 generatim
2947 751 3199 827 distingui
3225 799 3236 809 .
3269 757 3319 810 in
3351 774 3484 827 opu-

1894 832 2040 886 scula
2058 831 2322 902 videlicet,
2337 845 2394 891 et
2417 836 2470 892 in
2501 841 2912 896 commentarios
2929 826 3152 898 inV’etus
3174 826 3484 918 Notumque

1897 920 2323 980 Testamentum.
2370 925 2598 984 Savilius
2636 931 3048 987 commentarios
3079 933 3249 1003 primo
3275 938 3482 1004 posuit,

1897 1011 1934 1066 ii
1961 1026 2092 1068 vero
2128 1026 2358 1084 quatuor
2381 1017 2581 1088 primos
2608 1029 2782 1078 tomos
2809 1034 3104 1092 occupant;
3148 1013 3400 1095 epuseula
3435 1028 3483 1081 in

1897 1108 2247 1176 sequentibus.
2286 1110 2445 1166 tomis
2493 1111 2767 1178 locantur;
2818 1113 2868 1168 in
2912 1116 3098 1185 quinto
3146 1135 3337 1188 nempe
3385 1121 3485 1178 hoc

1897 1195 2042 1250 ritu:
2077 1198 2132 1252 l"
2155 1197 2444 1255 Sermones
2485 1202 2536 1256 in
2580 1202 2702 1258 loca
2737 1219 2902 1259 sacrae
2935 1205 3243 1276 Scriptum.
3273 1209 3486 1265 ‘2’Scr-

1897 1301 2086 1342 mones
2132 1293 2430 1362 panegyrici
2487 1293 2823 1350 Sanctorum.
2875 1297 2933 1352 3°
2980 1297 3268 1356 Sermones
3309 1303 3483 1374 dubiae

1898 1375 2019 1434 ﬁdei
2074 1381 2126 1434 in
2167 1381 2283 1437 loca
2325 1399 2492 1440 sacra:
2539 1386 2846 1458 Scriptum.
2895 1391 3266 1448 tif-Sermones
3319 1412 3477 1464 pane-

1895 1471 2062 1540 gyrici
2105 1472 2280 1528 dubiae
2330 1475 2475 1530 ﬁdei.
2535 1478 2590 1532 In
2618 1489 2774 1534 sexto
2815 1491 2993 1544 autem
3043 1491 3230 1538 tumo:
3267 1488 3320 1541 l“
3348 1488 3481 1558 Tra-

1897 1569 2070 1617 elatus
2108 1563 2259 1618 varii.
2307 1565 2365 1619 2°
2397 1566 2474 1622 De
2519 1567 2720 1624 Statuis
2760 1571 3030 1627 orationes
3079 1589 3182 1629 una
3213 1586 3268 1630 ct
3312 1577 3484 1648 vigin-

1901 1652 1972 1718 ti,
2021 1670 2154 1723 quas
2202 1667 2499 1726 sequuntur
2539 1660 2630 1714 alii
2659 1676 2938 1720 sermones
2987 1665 3116 1720 varii
3163 1671 3483 1738 argumenti.

1898 1743 1956 1798 5°
1995 1745 2277 1803 Orationes
2323 1765 2388 1804 ex
2437 1751 2599 1805 variis
2642 1751 3007 1824 Chrysostomi
3051 1757 3182 1812 locis
3217 1761 3471 1814 consarri

1900 1843 2058 1902 natm,
2090 1839 2586 1908 quas‘Azmot'apam
2614 1857 2710 1896 seu
2731 1841 3011 1914 Florilegia
3033 1855 3246 1902 vocant.
3278 1847 3474 1904 1.30:2:-

1901 1924 2072 1979 tiones
2119 1927 2362 1994 quatdam
2407 1931 2671 2002 ambigua:
2723 1924 2868 1989 ﬁdei.
2915 1933 2970 1988 In
3019 1945 3164 1991 tomo
3213 1941 3482 2009 septimo:

1905 2018 1957 2071 l"
1989 2017 2274 2088 Epistolze,
2304 2022 2596 2092 praemissis
2624 2023 2832 2082 duabus
2872 2027 3201 2084 orationibus
3229 2046 3362 2101 quas
3388 2048 3484 2087 ex-

1901 2108 2004 2163 silii
2038 2111 2120 2164 sui
2152 2119 2390 2182 tempore
2423 2113 2844 2186 Cbrysostomus
2878 2119 3078 2174 emisit.
3119 2119 3392 2192 2°-Spuria
3435 2125 3487 2178 in

1901 2199 2016 2256 loca
2084 2202 2396 2274 Scriptum.
2453 2206 2512 2261 5°
2566 2205 2857 2264 Sermones
2925 2212 3228 2283 panegyrici
3298 2215 3486 2284 spurii.

1901 2293 1958 2348 4°
1983 2293 2264 2352 Tractatus
2293 2297 2424 2352 varii
2445 2299 2632 2370 spurii.
2665 2300 2724 2356 5°
2748 2299 3031 2358 Orationes
3052 2304 3294 2373 quautam
3321 2305 3461 2360 ambi

1899 2397 2016 2454 gua:
2049 2384 2188 2440 ﬁdei.
2221 2386 2278 2442 6°
2299 2386 2586 2460 Florilegia
2613 2377 2981 2462 Chrysostumi
3009 2408 3038 2447 a
3068 2393 3352 2450 Theodoro
3377 2395 3488 2449 Ma-

1901 2478 2068 2546 gistro
2109 2478 2355 2534 collecta.
2405 2480 2460 2534 7°
2499 2479 2782 2538 Orationes
2827 2484 3070 2553 quaedam
3121 2485 3489 2557 Cltrysostouti

1901 2567 2109 2625 Latine.
2129 2570 2184 2625 In
2206 2579 2394 2628 octavo
2418 2580 2600 2628 torno:
2629 2575 2679 2628 ιθ
2697 2575 2976 2631 Orationes
2998 2577 3238 2648 qumdam
3271 2579 3321 2632 in
3351 2595 3488 2647 pras-

1901 2659 2216 2718 cedentibus
2253 2663 2413 2718 tomis
2451 2665 2686 2721 omissaz.
2713 2665 2772 2719 2°
2805 2665 2948 2722 Varii
2977 2667 3266 2738 scriptores
3293 2667 3362 2723 dc'
3383 2669 3487 2724 vita

1900 2751 2123 2808 Joannis
2148 2753 2546 2825 Cbrysustomi,
2580 2765 2636 2812 et
2665 2756 2814 2813 initia
2843 2758 3080 2812 omnium
3122 2757 3487 2830 Chrysostomi

1899 2844 2239 2918 orationum,
2281 2861 2351 2904 ac
2391 2856 2574 2917 postea
2620 2849 2989 2918 epistularum.
3039 2849 3097 2905 5"
3125 2849 3275 2904 Nola:
3303 2844 3485 2904 Savilii

1901 2911 2210 2992 et‘aliorum
2236 2937 2288 2991 in
2317 2939 2495 2992 omnia
2537 2938 2594 2994 S.
2619 2938 2842 2994 Joannis
2878 2939 3250 3012 Chrysostumi
3279 2957 3442 3012 Opera
3470 2959 3484 2995 :

1899 3042 2019 3098 qua:
2050 3035 2192 3082 nota:
2213 3028 2500 3084 maximam
2526 3031 2704 3084 octavi
2733 3029 2858 3085 tomi
2887 3040 3090 3100 partem
3109 3029 3402 3100 occupant.

1989 3117 2172 3189 Longe
2229 3120 2388 3174 aliam
2448 3120 2798 3176 distribucndi
2863 3121 3174 3176 methodum
3231 3133 3501 3193 sequutus.

1904 3210 2105 3265 Fronto
2153 3212 2397 3278 Duewus,
2430 3213 2602 3282 primo
2629 3223 2774 3267 tumo
2800 3215 2977 3283 posuit
3002 3217 3254 3283 opuscula
3299 3215 3484 3282 multa,

1899 3315 2054 3356 orsus
2083 3301 2150 3358 ab
2171 3301 2414 3358 Homiliis
2457 3301 2522 3358 ad
2555 3302 2803 3373 populum
2842 3304 3236 3360 Antiocbcnum
3283 3305 3333 3360 in
3365 3305 3487 3361 Sta-

1902 3402 2040 3460 tuas,
2063 3393 2255 3464 quibus
2289 3395 2526 3450 subdidit
2560 3396 2664 3450 alia
2701 3396 2954 3467 opuscula
2991 3397 3121 3452 varii
3151 3399 3486 3468 argumenti;

1903 3495 2012 3540 tum
2053 3501 2334 3545 sermones
2379 3490 2746 3561 mncgyricos,
2780 3489 3024 3546 bomilias
3051 3491 3118 3546 de
3147 3491 3487 3560 Pmnitcntia,

1856 3592 1862 3596 ·
1903 3575 2066 3632 libros
2097 3575 2165 3632 tle
2206 3577 2338 3633 Fato
2359 3619 2375 3644 ,
2403 3587 2454 3634 et
2495 3579 2599 3634 alia
2649 3593 2836 3649 pauca.
2874 3580 3075 3635 llurum
3107 3583 3336 3636 maxima
3368 3597 3490 3651 pars

1905 3668 2218 3737 Antiochia;
2238 3684 2338 3725 nec
2362 3670 2464 3726 nisi
2481 3671 2797 3741 paucissima
2808 3671 3267 3744 Constantinopoli
3293 3675 3488 3730 emissa

1900 3769 2042 3814 sunt.
2073 3761 2128 3816 In
2177 3763 2418 3818 secundo
2445 3772 2622 3829 tomo,
2656 3764 2910 3820 llomilias
2936 3779 3030 3820 seu
3061 3766 3488 3823 Commentarios

1901 3851 1958 3914 in
1975 3851 2265 3921 Gcncsim;
2303 3865 2366 3912 et.
2382 3865 2565 3926 postea
2607 3856 2810 3927 aliquot
2849 3855 3094 3912 llomilias
3121 3858 3172 3911 in
3204 3857 3365 3914 Vetus
3388 3859 3489 3914 Tc-
3569 3875 3577 3881 '

1901 3956 2250 4016 stamentum,
2276 3947 2326 4002 in
2349 3949 2496 4004 varia
2523 3948 2724 4004 scilicet
2739 3948 2864 4004 hinc
2889 3957 2944 4004 et
2971 3947 3094 4005 inde
3114 3947 3322 4019 sumpta
3351 3950 3486 4004 loca.

1901 4038 1960 4094 in
1991 4040 2146 4095 tertio
2185 4048 2331 4095 tomo
2363 4041 2618 4096 llomilias
2659 4055 2754 4096 seu
2788 4041 3216 4097 Commentarios
3255 4043 3306 4094 in
3341 4041 3489 4096 Psal-

1901 4146 2058 4198 mos,
2091 4141 2274 4202 postea
2317 4131 2772 4188 Commentarium
2821 4133 2873 4188 in
2920 4143 3043 4188 octo
3085 4134 3256 4202 capita
3302 4133 3486 4188 lsaim:

1903 4223 2002 4277 sub
2041 4223 2155 4279 haec
2179 4223 2436 4278 llomilias
2465 4225 2517 4278 in
2555 4224 2732 4278 varios
2761 4213 3004 4279 Psalmos
3030 4238 3126 4279 seu
3156 4223 3481 4279 l’salmornm

1905 4323 2100 4384 partes.
2153 4315 2208 4369 ιη
2237 4323 2428 4386 quarto
2477 4324 2622 4370 tomo
2660 4315 2825 4370 libros
2863 4315 2930 4370 de
2971 4315 3285 4372 Sacerdotio
3311 4332 3326 4369 :
3357 4330 3490 4386 quos

1901 4413 2198 4477 sequuntur
2222 4407 2437 4477 quidam
2494 4406 2612 4462 libri
2651 4407 2868 4463 aseetici
2914 4407 3170 4462 adversus
3219 4423 3463 4479 Oppugna

1907 4507 2048 4554 tores
2073 4499 2194 4553 vita:
2219 4499 2554 4566 monasticar,
2583 4498 2650 4554 ad
2671 4497 3018 4563 Demetrium,
3041 4497 3108 4554 ad
3131 4497 3485 4566 Stelcrhium,
3529 4579 3532 4583 t

1901 4593 1966 4648 ad
1994 4593 2277 4664 Stagirium
2300 4634 2316 4658 ,
2363 4591 2432 4650 de
2471 4591 2925 4660 subintroductis,
2968 4601 3078 4648 tum
3108 4592 3207 4647 alia
3247 4591 3491 4663 qumdam

1872 4741 1885 4750 ,
1903 4700 2064 4755 opera
2093 4684 2397 4754 permixtim
2425 4683 2588 4750 edita,
2619 4683 2828 4754 liturgia
2853 4683 3222 4756 Chrysostomi
3252 4685 3490 4751 nomine,

1903 4779 2168 4850 epistolxe,
2190 4777 2402 4834 demum
2430 4777 2520 4832 alii
2549 4777 2764 4848 quidam
2793 4776 2956 4832 libelli
2995 4785 3144 4832 extra
3186 4777 3358 4832 locum
3395 4792 3492 4846 po-

1902 4870 2012 4933 siti,
2035 4870 2158 4940 quia
2205 4869 2408 4926 tardius
2435 4877 2790 4924 accesserant.
2823 4868 2884 4924 ln
2920 4871 3108 4940 quinto
3135 4878 3282 4926 tumo
3311 4871 3489 4924 homi-

1906 4963 2004 5019 lias
2029 4962 2195 5018 edidit
2227 4961 2282 5016 in
2311 4961 2454 5016 varia
2501 4959 2633 5017 Novi
2660 4959 2988 5015 Testamenti
3021 4960 3158 5028 loca,
3183 4971 3294 5016 tum
3325 4976 3488 5031 panc-

1903 5053 2116 5125 gyricos
2141 5067 2416 5108 sermones
2444 5051 2495 5106 in
2519 5051 2882 5107 solemnitatcs
2907 5050 3126 5119 Christi,
3149 5053 3280 5108 etin
3311 5052 3490 5107 divum

1906 5144 2152 5210 Paulum,
2183 5143 2398 5199 demum
2426 5142 2693 5198 orationes
2723 5153 2778 5198 et
2796 5143 3052 5214 opuscula
3083 5143 3312 5214 plurima
3341 5155 3490 5200 extra

1905 5235 2080 5290 locum
2110 5235 2300 5304 posita,
2329 5233 2452 5304 quia
2482 5231 2686 5288 tardius
2714 5233 2872 5288 allata
2909 5243 3054 5290 sunt.
3087 5233 3144 5288 ln
3170 5245 3323 5291 sexto
3351 5243 3493 5286 temo

1906 5324 2154 5380 llomilias
2181 5323 2392 5393 spurias
2440 5322 2668 5388 locavit,
2713 5339 2848 5394 quas
2887 5333 3184 5394 sequuntur
3212 5321 3494 5390 Florilegia

1907 5431 1972 5472 ex
2000 5416 2162 5470 variis
2183 5414 2555 5486 Cbrysostomi
2584 5413 2936 5470 orationibus.
2969 5415 3045 5468 Eo
3065 5422 3242 5468 autem
3265 5411 3494 5466 consilio
3587 5473 3594 5478 ,

1909 5509 2134 5567 Ducmus
2177 5505 2426 5561 llomilias
2470 5506 2528 5560 in
2557 5506 2704 5560 varia
2739 5505 2872 5560 Novi
2909 5501 3232 5560 Testamenti
3269 5503 3396 5557 loca
3440 5503 3494 5558 in

1907 5601 2149 5670 quintum
2178 5607 2378 5653 tomum
2406 5597 2660 5668 rejecisse
2704 5597 2931 5660 videtur,
2960 5605 3016 5648 ut
3047 5608 3164 5662 qua:
3191 5593 3256 5648 ad
3289 5592 3492 5649 Novum

1908 5691 2306 5746 Testamentum
2335 5687 2693 5758 pertinebant,
2721 5695 2840 5756 post
2868 5683 3282 5739 commentarios
3311 5685 3364 5738 in
3393 5683 3494 5739 Ve-

1911 5794 1994 5840 tus
2021 5782 2424 5840 Testamentum
2477 5782 2653 5836 locum
2699 5778 2992 5833 haberent:
3031 5778 3180 5847 quasi
3211 5793 3338 5833 vero
3373 5785 3490 5832 tan-

1913 5887 2018 5935 tam
2046 5878 2357 5934 afﬁnitatem
2399 5890 2516 5930 cum
2561 5873 2958 5928 commentariis
2997 5872 3222 5935 habeant
3265 5871 3492 5931 humilia:
