4018 6434
1721 308 1748 319 ρ

539 451 625 491 XIX

542 554 667 615 illae,
698 565 813 622 qua:
838 564 869 605 a
897 550 1143 622 quapiam
1171 550 1462 624 Scriptum
1490 566 1659 608 sacra:
1697 552 1932 607 clausula
1973 568 2129 622 argu-

543 654 779 700 mentum
809 653 1139 700 mutuantur.
1160 642 1321 700 Certe
1346 645 1391 701 si
1427 644 1729 715 bujnsmodi
1761 646 2013 701 homilias
2031 662 2128 714 pro

543 736 938 790 corumentariis
972 736 1265 791 habeamus
1288 776 1304 804 ,
1336 752 1445 791 non
1495 752 1676 806 paucae
1715 736 2048 807 reperiemur
2074 736 2127 789 in

542 827 714 896 primo
742 836 885 882 tomo
912 826 1142 884 homilirc
1188 828 1489 899 huiusmodi
1512 872 1523 892 ,
1549 847 1614 885 ex
1646 830 1781 886 Novi
1805 829 2129 891 Testamenti

539 918 790 974 clausulis
808 928 1180 991 argumentum
1210 930 1531 980 mutnautes.
1552 938 1673 993 quae
1701 935 1826 985 ante
1845 923 2133 981 Commen-

459 1011 471 1023 '
550 1011 715 1067 tarios
745 1012 796 1065 in
823 1010 1074 1068 Cenesim
1117 1024 1171 1068 et
1218 1013 1269 1068 in
1303 1015 1465 1070 \‘etns
1494 1016 1894 1071 Testamentum
1921 1016 1989 1071 ab
2015 1015 2135 1084 ipso

544 1102 816 1159 Frontone
832 1105 1015 1175 positae
1033 1103 1266 1161 fuerunt.
1285 1108 1357 1161 Ex
1380 1108 1537 1163 dictis
1555 1109 1719 1179 liquet
1736 1123 1973 1164 summos
1992 1108 2133 1163 viros

546 1195 802 1251 Savilium
828 1205 882 1251 et
917 1197 1167 1252 [luctuum
1197 1197 1248 1252 in
1288 1198 1654 1254 concinnauda
1691 1215 1917 1269 operum
1967 1209 2022 1254 et
2051 1209 2137 1252 to~

545 1297 754 1340 morum
785 1283 1159 1343 distributione
1209 1303 1313 1343 non
1362 1305 1549 1357 parum
1596 1289 1925 1346 laboravisse
1970 1308 1984 1345 :
2034 1289 2135 1344 etsi

543 1377 740 1447 quippe
781 1377 831 1432 id
858 1393 922 1434 ex
951 1380 1172 1434 arbitrio
1202 1390 1258 1435 ut
1289 1380 1581 1450 plurimum
1616 1383 1854 1453 pendere
1895 1391 2128 1452 putetur,

546 1483 652 1524 non
686 1470 755 1524 ita
786 1469 941 1527 facile
968 1481 1046 1528 est
1087 1473 1151 1544 ad
1182 1473 1407 1527 aliorum
1436 1475 1692 1543 placitum
1715 1484 1915 1530 tantam
1956 1474 2132 1544 supel-

547 1558 781 1615 lectilcm
807 1560 1086 1618 ordinare.
1108 1543 1249 1619 'Jam
1275 1564 1584 1620 monuimus
1612 1578 1712 1620 nec
1750 1564 2007 1620 Savilium
2025 1543 2140 1618 nec

548 1651 798 1705 Duca'um
816 1668 973 1721 quem
1002 1653 1100 1708 sibi
1122 1655 1519 1723 praestituerunt
1533 1652 1776 1710 ordinem
1803 1669 2020 1710 servare
2040 1669 2137 1724 po—

550 1743 719 1798 tuisse
749 1760 763 1796 :
792 1744 915 1814 quia
948 1754 1065 1815 post
1093 1745 1267 1800 editas
1303 1746 1601 1815 cuiuspiam
1630 1746 1931 1816 argumenti
1963 1745 2140 1799 homi—

553 1836 651 1889 tias
681 1835 1061 1906 inexspectata:
1104 1835 1224 1890 alia:
1268 1835 1509 1905 ejusdem
1565 1836 1863 1905 argumenti
1900 1849 2141 1892 accesse-

549 1935 692 1981 runt.
725 1927 858 1982 lliuc
877 1937 979 1991 est,
1007 1925 1151 1997 quod
1179 1926 1322 1996 apud
1346 1926 1603 1985 Savilium
1635 1926 1801 1981 multa
1830 1925 1884 1981 in
1912 1925 2141 1995 septimo

552 2030 602 2072 et
632 2029 822 2074 octavo
853 2027 998 2073 tomo
1049 2020 1407 2088 reperiantur,
1435 2034 1556 2087 qnze
1596 2017 1663 2072 ad
1697 2017 1868 2088 quinti
1908 2025 1967 2072 et
2002 2017 2139 2071 sexti

560 2109 756 2165 seriem
783 2109 1138 2179 pertinebant.
1160 2110 1470 2181 Paritrrque
1496 2108 1703 2167 Fronto
1721 2110 1944 2166 [luemus
1971 2108 2147 2178 aliqua

555 2203 607 2256 in
647 2213 857 2273 quarto.
886 2218 1007 2274 qua:
1050 2202 1207 2273 primi
1239 2203 1367 2257 tomi
1400 2211 1563 2268 sunt;
1601 2201 1765 2257 multa
1811 2200 2061 2258 similiter
2087 2200 2146 2253 in

555 2294 760 2361 quinto,
787 2308 907 2364 qua:
934 2294 1017 2349 vel
1045 2293 1110 2348 ad
1144 2292 1381 2363 primum
1404 2293 1488 2349 vel
1531 2292 1599 2348 ad
1644 2300 1893 2364 quartum
1937 2297 2150 2362 specta-

557 2384 703 2452 bant,
737 2385 990 2457 reposuit.

558 2475 586 2547 §
614 2475 703 2529 XI.
731 2505 804 2517 —
846 2474 925 2530 De
952 2475 1305 2531 distributione
1328 2485 1578 2531 lentarum
1612 2478 1664 2531 in
1696 2485 1870 2532 nostra
1890 2475 2149 2533 Editionc.

627 2566 772 2622 Ordo
822 2567 1037 2634 Savilii,
1090 2569 1180 2636 qui
1231 2567 1403 2636 primo
1447 2569 1565 2623 loco
1615 2568 2047 2623 Commentarios
2094 2567 2146 2620 in

559 2659 887 2732 Scripturam
943 2660 1143 2731 posuit,
1170 2661 1510 2736 quantumvis
1561 2661 1868 2729 placuisset,
1897 2674 2004 2713 non
2060 2672 2154 2728 po—

563 2763 702 2809 terat
726 2769 755 2806 a
785 2754 940 2809 nobis
967 2753 1211 2823 usurpari
1231 2754 1345 2817 hac
1378 2752 1451 2808 de
1477 2768 1640 2808 causa
1674 2770 1687 2806 :
1720 2751 2155 2806 Commentarius

564 2847 621 2903 in
649 2846 893 2904 Psalmos
915 2846 1035 2918 plus
1068 2862 1228 2917 quam
1249 2845 1466 2901 dimidia
1495 2844 1838 2909 bomiliarum
1861 2854 2013 2916 parte
2040 2859 2159 2898 mn-

567 2938 693 2994 tilus
724 2938 789 2992 ad
825 2946 1064 2991 nostram
1096 2937 1342 3006 pervenit
1366 2944 1602 2991 aetatem.
1642 2935 1778 3006 Spes
1814 2945 1996 2991 autem
2044 2944 2161 2990 erat

569 3044 667 3084 nos
709 3043 778 3085 ex
807 3026 1043 3093 bomiliis
1068 3028 1172 3084 illis
1209 3028 1505 3098 deperditis
1541 3044 1647 3084 non
1678 3043 1874 3099 paucas
1900 3044 1966 3084 ex
2005 3038 2155 3083 teneo

568 3119 679 3175 bris
705 3118 991 3174 educturos
1010 3135 1170 3176 esse:
1203 3135 1396 3191 resque
1415 3121 1526 3190 jam
1556 3121 1718 3176 cessit
1737 3136 1804 3176 ex
1833 3130 1958 3176 voto
1989 3137 2004 3175 :
2035 3136 2160 3178 nam

571 3218 628 3265 nt
649 3218 772 3264 ante
800 3211 1115 3278 narrabam,
1164 3227 1271 3267 una
1305 3220 1359 3266 et
1403 3211 1617 3282 triginta
1661 3211 1896 3267 bomilizn
1938 3212 2167 3267 sincera:

571 3303 623 3359 in
656 3303 841 3373 Anglia
862 3311 1089 3373 reperta:
1112 3312 1258 3370 sunt,
1286 3318 1513 3374 quarum
1539 3304 1763 3359 alteram
1807 3313 2010 3375 partem
2051 3304 2163 3373 jam

572 3397 892 3467 exscriptatn
917 3404 1096 3463 teneo,
1123 3396 1352 3451 alteram
1376 3408 1650 3468 exspecto.
1681 3397 1869 3469 Neque
1897 3409 2165 3468 postrema
2202 3430 2219 3443 ς

576 3491 816 3546 fortassis
860 3489 965 3544 erit
1011 3489 1103 3547 illa
1149 3490 1422 3556 accessio;
1483 3505 1605 3544 nam
1654 3490 1893 3560 reliquas
1943 3494 2171 3543 amissas

578 3581 692 3652 pari
744 3579 922 3636 studio
968 3581 1366 3650 perquirimus,
1428 3588 1484 3635 et
1550 3580 1704 3652 fugax
1783 3595 1955 3634 mrum
2024 3595 2171 3649 stupe

577 3674 703 3746 quid
749 3676 1004 3745 importat
1051 3674 1199 3728 novi.
1247 3673 1303 3729 Si
1356 3688 1483 3729 vero
1536 3689 1568 3728 a
1615 3675 2015 3729 commentariis
2058 3688 2170 3729 cte-

580 3767 846 3837 pissemns
868 3808 886 3834 ,
935 3765 1193 3836 quidquid
1253 3767 1306 3821 in
1363 3767 1604 3823 Psalmos
1657 3768 1778 3822 novi
1828 3782 2171 3825 accessurum

581 3866 696 3913 erat
721 3900 736 3924 ,
768 3866 921 3912 extra
947 3856 1192 3912 ordinem
1218 3868 1272 3913 ct
1303 3858 1480 3913 locum
1510 3858 1809 3928 proprium,
1843 3871 2039 3928 magno
2061 3857 2172 3912 sei.

581 3949 702 4005 licet
731 3965 852 4003 cum
897 3948 1210 4019 dispendio,
1256 3948 1532 4019 jacuisset.
1586 3948 1738 4003 Hune
1776 3963 1907 4019 ergo
1949 3962 2172 4018 Operam

583 4050 955 4110 tantorumque
999 4039 1243 4094 ordinem
1269 4081 1289 4107 ι
1324 4055 1383 4095 re
1413 4049 1661 4096 accurate
1692 4054 1950 4110 perpensa
1971 4079 1987 4105 ,
2020 4038 2178 4095 nobis

586 4131 969 4205 prazstituimus
1000 4147 1014 4186 :
1055 4132 1310 4199 opuscula
1336 4131 1567 4199 primum
1592 4131 1797 4197 orantia,
1826 4130 2061 4201 cujusvis
2079 4146 2177 4202 ge-

585 4225 732 4288 neris
769 4226 898 4291 sint,
931 4225 985 4280 iu
1014 4224 1183 4280 tribus
1215 4226 1375 4281 tomis
1415 4225 1685 4295 prioribus
1723 4226 1994 4290 haesurus;
2024 4239 2179 4280 eom-

586 4317 878 4376 utentarios
905 4332 1027 4374 cum
1050 4318 1258 4375 Veteris
1290 4328 1399 4373 tum
1445 4317 1578 4374 Novl
1615 4318 1942 4375 Testameuti
1971 4325 2177 4388 septem

589 4410 915 4489 posteriores
956 4409 1312 4478 occupabunt.
1344 4408 1612 4478 Opuscula
1641 4424 1772 4462 vero
1801 4409 1905 4465 hoc
1945 4410 2053 4464 ritu
2093 4406 2178 4463 di-

588 4499 842 4554 viduntur
871 4516 883 4552 :
917 4499 1089 4568 primo
1121 4499 1366 4567 ponimus
1395 4514 1457 4553 ea
1504 4514 1626 4577 quae
1661 4498 1739 4553 ob
1756 4500 2068 4556 varietatem
2094 4514 2183 4554 ar-

586 4590 825 4663 gumenti
854 4605 957 4644 non
991 4599 1211 4659 [iussum
1236 4589 1288 4643 in
1337 4604 1495 4643 unam
1522 4600 1577 4645 et
1604 4598 1805 4644 certam
1835 4589 2003 4661 redigi
2039 4591 2182 4646 clas-

587 4698 702 4738 sem
732 4698 748 4747 ;
776 4683 971 4752 illaque
998 4682 1294 4737 secundum
1313 4682 1562 4737 ordinem
1594 4682 1851 4753 temporis
1876 4725 1892 4750 ,
1920 4693 2187 4754 quantum

562 4774 749 4853 licet,
799 4773 1192 4828 constituimus.
1246 4776 1451 4844 Agmcn
1509 4773 1710 4829 ducunt
1771 4789 2074 4844 parmncses
2116 4774 2187 4833 ad

588 4865 933 4930 Theodorum
980 4866 1183 4936 lapsum
1209 4907 1228 4933 ,
1271 4865 1397 4920 hinc
1434 4877 1734 4937 sequuntur
1762 4866 1886 4927 libri
1927 4867 2191 4923 adversus

588 4956 999 5027 0,.pugn:ttores
1035 4959 1159 5012 vita:
1203 4958 1539 5025 monastie'c,
1565 4958 1685 5013 libri
1710 4959 1779 5013 ad
1820 4959 2189 5024 Demetrium,l

596 5047 661 5111 ad
703 5047 1030 5102 Stelecbinm
1055 5088 1074 5110 ,
1105 5048 1172 5102 ad
1217 5048 1546 5119 Stagirinm—,
1597 5049 1666 5104 de
1708 5050 2183 5118 Subintroductis,

594 5140 662 5197 de
687 5138 1016 5210 Virginitate,
1048 5140 1114 5195 ad
1144 5141 1652 5210 Viduamjuniorem
1680 5160 1693 5195 :
1727 5143 2021 5199 secundum
2050 5151 2188 5198 tem-

597 5233 742 5307 poris
768 5233 967 5288 seriem
1007 5233 1439 5290 at-ccdnnt‘libri
1483 5235 1552 5290 de
1591 5236 1903 5292 Saecrdotio
1925 5277 1940 5303 ,
1971 5236 2191 5291 humilia

595 5342 718 5393 eum
748 5325 1032 5398 presbyter
1070 5325 1166 5380 fuit
1205 5311 1521 5381 ordinatus:
1551 5328 1618 5382 de
1662 5327 2191 5398 lneomprebensihill

510 5474 517 5481 ,
600 5424 655 5481 et
674 5428 865 5472 contra
882 5417 1176 5471 Anommos
1201 5417 1447 5472 llomilize
1469 5417 1579 5480 XII,
1600 5429 1789 5474 contra
1810 5419 2027 5474 Judmos
2051 5417 2189 5483 Vlll;

593 5511 840 5566 tlnmilize
896 5513 968 5568 de
1001 5511 1256 5567 Kalendis
1285 5522 1340 5567 et
1389 5513 1455 5568 de
1501 5513 1703 5568 Lazaro
1748 5514 1857 5582 iam
1897 5523 2040 5569 octo.
2100 5513 2193 5569 lite

594 5620 720 5661 vero
752 5605 980 5674 primum
1009 5618 1214 5663 tomum
1244 5608 1546 5663 absolvunt.
1576 5610 1649 5664 lix
1681 5609 1781 5665 bac
1823 5610 1992 5679 prima
2021 5610 2196 5664 classe

595 5695 647 5747 iu
673 5694 927 5751 secundo
953 5706 1098 5754 tomo
1120 5702 1364 5755 llmniliae
1391 5700 1517 5756 XXI
1543 5701 1594 5754 in
1623 5700 1858 5767 Statuas,
1883 5700 2195 5756 catecheses

599 5784 750 5865 duae,
780 5793 892 5841 tres
917 5786 985 5841 de
1007 5782 1234 5846 Diabolo
1259 5802 1521 5847 tentatum
1551 5776 1808 5858 homiliae,
1829 5801 1885 5847 et
1915 5807 2105 5848 novem
2129 5792 2221 5854 de,

602 5873 941 5931 l‘muitentia.
981 5879 1091 5938 llnc
1130 5881 1323 5939 desinit
1372 5885 1541 5964 prima
1572 5884 1791 5951 classis,
1823 5900 1941 5953 qua:
1982 5884 2045 5939 ad
2080 5900 2194 5941 tne-

1790 437 1852 492 Ξ).
1896 436 1954 493 Β.
1999 435 2086 491 DE
2127 434 2589 493 MGNTFAUCON

3742 434 3826 477 χι

2234 551 2383 606 dium
2420 551 2596 606 ferme
2632 551 2853 607 secundi
2893 552 3024 608 tomi
3054 551 3322 623 pertingit.
3352 550 3597 609 Secunda
3636 553 3831 611 classis

2234 654 2320 697 est
2345 644 2665 699 concinnum
2712 644 3151 716 panegyricarnm
3190 644 3259 700 de
3286 643 3437 701 festis
3486 645 3695 702 Domini
3722 662 3828 700 no.

2236 737 2332 792 stri
2362 736 2487 792 Jesu
2515 736 2737 793 Christi.
2768 737 3013 793 Homilize
3054 738 3107 793 in
3149 737 3370 794 Paulum
3416 748 3472 793 et
3510 738 3562 793 in
3589 738 3835 812 reliquos

2238 824 2501 881 Sanctos:
2529 826 2614 882 hae
2643 826 2934 884 secundum
2961 827 3217 884 claudunt
3238 838 3461 883 tomum.
3494 828 3670 884 Tertia
3691 831 3839 886 clas-

2241 920 2316 974 sis
2340 928 2423 973 est
2453 918 2789 974 homiliarnm
2815 934 2934 990 qua:
2962 934 3030 978 ex
3056 919 3222 975 variis
3249 900 3541 990 Scriptura;
3578 920 3839 975 clausulis

2241 1018 2611 1079 argumentum
2645 1016 2993 1073 mutuantur;
3034 1008 3119 1064 he
3145 1023 3274 1065 vero
3312 1008 3650 1078 occupabunt
3684 1009 3840 1079 prio-

2246 1117 2359 1157 rem
2393 1111 2599 1171 partem
2627 1102 2755 1157 tomi
2784 1101 2946 1157 tertii.
2978 1101 3175 1170 Quarta
3206 1102 3397 1157 classis
3435 1111 3519 1158 est
3542 1101 3848 1173 opusculo-

2246 1208 2363 1248 rum
2386 1192 2453 1248 ad
2494 1202 2672 1248 motus
2699 1192 3342 1263 Constantinopolitanos,
3365 1202 3419 1248 et
3446 1192 3513 1248 ad
3544 1203 3838 1265 utrumque

2246 1284 2924 1358 SJoannisChrysostomi
2950 1286 3197 1342 exsilium
3214 1285 3615 1356 pertinentium.
3639 1285 3838 1353 Quinta

2245 1379 2436 1434 classis
2478 1378 2824 1449 epistolarmn
2854 1378 3093 1433 omnium
3121 1394 3136 1431 :
3166 1386 3355 1449 quarta
3383 1385 3439 1432 et
3480 1378 3686 1448 quinta,
3714 1393 3838 1448 qua:

2248 1484 2493 1540 magnam
2526 1469 2722 1526 habent
2750 1470 2890 1524 inter
2904 1484 2963 1524 se
2986 1468 3318 1537 affinitatem,
3341 1477 3666 1539 postremam
3697 1470 3842 1524 tertii

2254 1563 2381 1617 tomi
2437 1571 2641 1633 partem
2689 1562 3056 1633 complebunt.
3098 1561 3317 1628 Septem
3361 1575 3491 1616 vero
3515 1560 3846 1631 posteriores

2251 1657 2379 1710 tomi
2416 1670 2607 1710 omnes
2651 1655 2873 1710 omnino
2917 1654 3359 1721 commentarios,
3381 1653 3477 1725 'qni
3520 1663 3843 1723 supersunt,

2252 1747 2695 1818 complectantur.
2745 1747 2923 1816 Atque
2969 1745 3021 1800 in
3084 1745 3189 1800 fine
3239 1745 3493 1817 postremi
3546 1743 3846 1815 fragmenta

2253 1839 2401 1892 varia
2426 1838 2719 1893 afferentur
2749 1846 2859 1893 tum
2889 1852 2955 1892 ex
2987 1836 3181 1892 Photio
3203 1879 3218 1902 ,
3244 1846 3354 1891 tum
3382 1852 3447 1892 ex
3473 1836 3593 1891 aliis
3618 1838 3850 1907 scriptor-

2259 1932 2404 1987 ribus
2433 1942 2593 2003 atque
2631 1946 2695 1986 ex
2725 1930 3099 2000 manuscriptis
3141 1937 3410 1999 excerpta.
3445 1927 3608 1984 Dubia
3639 1943 3771 1984 vero
3797 1937 3853 1984 et

2258 2027 2440 2095 spuria
2479 2041 2640 2096 opera
2671 2025 2740 2079 ita
2770 2023 3094 2079 distribuere
3136 2023 3310 2078 conati
3342 2036 3546 2087 sumus,
3584 2032 3640 2075 ιιι
3668 2021 3851 2076 habita

2258 2117 2560 2189 argumenti
2591 2117 2797 2171 ratione
2828 2115 2879 2169 in
2912 2113 3070 2169 finem
3116 2115 3374 2184 cujusque
3419 2113 3546 2167 tomi
3595 2112 3853 2182 ablegen-

2264 2223 2366 2266 tur.
2403 2210 2656 2266 Fatemnr
2716 2219 2895 2263 tamen
2956 2223 3063 2266 non
3121 2209 3359 2278 potu'sse
3407 2221 3506 2261 nos
3549 2203 3602 2260 id
3654 2204 3856 2275 ubique

2262 2312 2518 2372 pnestare
2539 2319 2553 2355 :
2572 2301 2615 2355 si
2643 2301 2807 2362 enim,
2832 2299 3060 2370 exempli
3090 2311 3269 2363 causa,
3292 2313 3478 2352 omnes
3504 2297 3857 2367 panegyricos

2261 2397 2473 2467 spurios
2500 2408 2777 2450 sermones
2805 2394 2856 2448 in
2887 2392 2992 2448 fine
3020 2390 3239 2449 secundi
3269 2390 3398 2445 tomi
3420 2432 3433 2454 ,
3463 2392 3551 2460 qni
3580 2389 3730 2444 locus
3758 2402 3856 2444 eo-

2261 2504 2380 2542 rum
2423 2487 2672 2558 proprius
2728 2494 2882 2551 erat,
2937 2484 3326 2556 posuissemus,
3376 2482 3426 2535 in
3470 2481 3685 2535 nimiam
3742 2494 3861 2533 mo.-

2263 2579 2367 2634 lcm
2423 2579 2679 2632 crevisset
2732 2578 2820 2632 ille
2888 2586 3063 2631 tomus
3121 2593 3133 2629 :
3187 2573 3535 2644 quamobrem
3600 2571 3861 2642 plurimos

2264 2669 2568 2739 hujusmodi
2590 2668 2661 2722 ad
2683 2675 2971 2738 sequentes
3001 2675 3174 2720 tomos
3195 2652 3417 2735 reﬁcere
3447 2663 3614 2718 coacti
3646 2676 3855 2719 sumus.

2264 2760 2377 2815 Sed
2409 2760 2459 2816 id
2490 2760 2818 2816 levissimum
2848 2768 2951 2822 est,
2984 2757 3037 2811 ni
3075 2755 3255 2820 fallor,
3281 2752 3678 2809 incommodum
3702 2771 3714 2806 :
3738 2767 3860 2822 spn-

2265 2853 2343 2907 ria
2374 2850 2571 2921 quippe
2599 2860 2705 2906 tam
2738 2850 2915 2918 inepta
2945 2834 3260 2918 plerumque
3288 2853 3413 2899 sunt
3441 2851 3500 2899 ut
3541 2842 3715 2898 lucem
3748 2856 3869 2901 non.

2269 2954 2596 2999 mereantur.
2633 2940 2687 2997 In
2717 2941 2902 2997 decem
2931 2941 3090 3010 igitur
3130 2948 3304 2994 tomos
3346 2938 3524 2992 omnia
3557 2936 3614 2991 S.
3640 2934 3868 2991 Joannis

2272 3032 2639 3108 Chrysostotui
2686 3047 2847 3101 Opera
2887 3030 3323 3088 distribuentnrz:
3377 3026 3715 3082 undecimum
3774 3041 3865 3097 ap-

2272 3126 2501 3197 pendici,
2533 3124 2601 3180 de
2639 3138 2740 3193 qua
2772 3137 2895 3177 mox
2949 3130 3153 3191 agetur,
3184 3119 3534 3176 destinamus.
3568 3116 3674 3173 Sed
3701 3124 3873 3172 erunt.

2273 3222 2503 3276 fortasse
2532 3218 2620 3287 qui
2652 3224 2893 3288 qnmrant
2917 3232 2930 3268 :
2958 3214 3248 3285 Frontonis
3272 3212 3447 3267 Duczei
3478 3210 3643 3266 editio
3668 3209 3871 3265 duode—

2274 3314 2376 3367 cim
2409 3312 2568 3365 tomis
2594 3352 2607 3376 ,
2641 3310 2753 3365 sive
2781 3306 3031 3363 undecim
3077 3305 3268 3376 ampla:
3313 3302 3470 3357 molis
3510 3299 3881 3355 voluminibus

2275 3402 2571 3458 absolvitur
2606 3419 2620 3456 :
2669 3415 2778 3472 quo
2828 3408 2985 3468 pacto
3035 3396 3200 3468 igitur
3240 3402 3316 3448 tot
3359 3402 3567 3448 auctam
3596 3389 3875 3446 anecdotis

2277 3507 2461 3567 totque
2488 3494 2704 3549 monitis
2734 3491 3024 3548 editionem
3057 3488 3241 3543 decem
3284 3487 3335 3541 iu
3377 3484 3745 3538 voluminibus
3782 3483 3864 3537 in-

2276 3587 2505 3642 cludas?
2536 3586 2588 3640 Id
2619 3585 2707 3656 qui
2755 3583 2869 3638 tieri
2921 3582 3153 3653 potuerit
3190 3578 3344 3635 facile
3386 3575 3649 3645 intelligas
3678 3574 3720 3629 si
3756 3588 3874 3645 peu-

2279 3680 2481 3752 pondas
2510 3678 2666 3748 longe
2704 3675 2892 3745 majori
2921 3674 3105 3728 charta
3146 3678 3202 3727 et
3239 3669 3427 3741 pagina
3473 3682 3599 3722 usos
3629 3674 3875 3737 typOgra-

2278 3774 2415 3846 phos
2446 3779 2657 3825 nostros
2685 3767 2843 3822 tomis
2871 3780 3063 3820 novem
3094 3773 3147 3819 et
3175 3761 3402 3817 dimidio
3427 3775 3491 3815 ea
3528 3759 3706 3813 omnia
3741 3770 3880 3815 con:

2280 3862 2499 3918 cludere
2525 3870 2683 3930 posse
2709 3899 2726 3923 ,
2757 3871 2877 3927 quae
2908 3855 2960 3909 in
3000 3852 3250 3926 undecim
3281 3849 3568 3906 Frontonis
3594 3846 3877 3902 volumini-

2280 3955 2381 4010 hns
2426 3951 2792 4013 continentur,
2821 3946 2961 4019 quod
3007 3947 3117 4017 jam
3163 3944 3530 4014 experimento
3569 3937 3885 3997 didicimus.

2283 4048 2367 4105 Ad
2396 4049 2512 4103 base
2538 4061 2667 4101 vero
2697 4045 2878 4116 spuria
2912 4059 3037 4114 qua:
3063 4042 3114 4097 in
3152 4039 3441 4097 Frontonis
3488 4036 3728 4093 editione
3763 4046 3876 4087 am-

2283 4142 2430 4215 plum
2461 4140 2710 4196 volumen
2753 4135 3139 4201 conﬁciebant,
3171 4133 3224 4187 in
3265 4139 3450 4186 nostra
3496 4127 3732 4184 editione
3760 4136 3885 4183 cum

2285 4251 2350 4289 ex
2381 4247 2539 4302 supra
2578 4238 2873 4286 memorata
2913 4226 3116 4282 chartae
3155 4221 3552 4294 magnitudine,
3586 4228 3696 4276 tum
3723 4217 3883 4273 etiam

2285 4341 2351 4380 ex
2378 4325 2580 4379 minuta
2610 4330 2856 4395 typorum
2892 4318 3062 4373 forma
3084 4315 3150 4372 ad
3178 4313 3457 4374 dimidium
3488 4310 3771 4366 voluminis
3799 4323 3883 4362 re-

2290 4415 2598 4480 ducuntur:
2643 4412 2755 4483 jam
2804 4409 2972 4465 habes
3019 4407 3270 4464 undecim
3307 4404 3579 4460 volmnina
3608 4402 3661 4458 in
3691 4413 3881 4457 novem

2289 4506 2524 4563 redacta.
2556 4505 2801 4575 Insuper,
2829 4501 3050 4557 sublatis
3091 4501 3194 4556 illis
3218 4497 3623 4572 paraphrastice
3652 4495 3881 4552 adorna-

2293 4599 2358 4654 tis
2403 4596 2607 4654 Latinis
2650 4591 3202 4664 interpretationibus,
3247 4607 3368 4661 quae
3407 4589 3693 4649 verborum
3734 4581 3881 4654 copia

2291 4688 2685 4756 redundabant,
2714 4705 2833 4759 qum
2864 4687 2985 4742 illis.
3010 4685 3310 4742 substitutze
3345 4689 3470 4737 sunt
3508 4680 3667 4748 longe
3711 4676 3885 4732 minus

2294 4783 2449 4854 spatii
2476 4780 2833 4849 occupabunt,
2860 4778 3092 4848 hincque
3122 4773 3361 4830 nonnihil
3392 4772 3656 4832 etiame:
3682 4780 3884 4824 mento:

2296 4877 2425 4933 ratis
2476 4889 2669 4930 novem
2702 4869 3064 4927 voluminibus
3110 4867 3394 4924 deciditur.
3427 4865 3884 4934 QuibusperSpe-

2295 4976 2399 5035 etis
2426 4973 2580 5029 facile
2625 4969 2890 5039 intelligas
2929 4967 2980 5022 iu
3008 4965 3198 5022 decem
3249 4963 3354 5019 illis
3394 4960 3648 5018 editionis
3692 4963 3885 5011 nostra)

2296 5062 2654 5124 voluminibus
2730 5071 2841 5116 tum
2906 5074 2969 5114 ea
3037 5071 3157 5128 qua:
3218 5071 3289 5111 ex.
3357 5051 3593 5107 tenebris
3654 5047 3894 5104 eruimus

2296 5152 2665 5225 Cbrysostomi
2695 5168 2888 5222 opera,
2918 5135 3035 5211 tum
3079 5147 3238 5203 etiam
3279 5144 3516 5211 monita,
3564 5141 3684 5214 plus
3732 5149 3901 5210 quam.

2298 5264 2461 5305 unum
2491 5246 2738 5302 volumen
2768 5257 3031 5315 occupare
3069 5240 3170 5311 (α).

2304 5384 2333 5458 §
2364 5382 2479 5440 XII.
2511 5412 2585 5423 -—
2614 5380 2690 5435 De
2717 5377 2998 5451 appendice
3040 5391 3287 5447 perquam
3334 5369 3615 5427 necessaria
3664 5363 3889 5438 ορρτὶιιιη

2541 5475 2603 5529 S.
2634 5471 2854 5526 Joannis
2876 5466 3225 5539 Chrysostomi
3255 5462 3642 5536 sttbjgtnggndn.

2378 5590 2522 5644 lnter
2549 5603 2611 5643 ea
2643 5599 2761 5657 qum
2789 5583 2854 5638 ad
2882 5582 3332 5653 Chrysostomnm
3365 5574 3741 5632 illustrandum
3763 5582 3886 5626 con.-

2350 5767 2424 5829 (o)
2451 5764 2581 5815 ttaud
2599 5762 2751 5829 multo
2771 5768 2876 5829 post
2893 5760 3049 5829 sensit
3070 5753 3889 5829 sesctnale_tl‘1‘i'!dm§$§"139:3?

2303 5808 3149 5881 ιοἷῖιῆιιιίιιῆἶεῖἶιι’ίιεῖ-ιὶἶἇιιὶιιιῙόιιιί
3175 5808 3469 5884 ι›ι·ςιέ1’ίιιὶἶ›ιιιῖ
3485 5818 3584 5877 jam
3608 5822 3771 5884 “milvi
3797 5808 3891 5857 cdt:

2309 5899 2651 5951 tmuctnusqu;
2694 5889 2740 5938 in
2759 5886 2995 5935 tredecim
3023 5881 3186 5935 tonius
3203 5881 3325 5932 forte
3348 5891 3619 5931 evasuram.
3658 5882 3715 5923 st.
