4018 6418
164 441 236 482 ω
1617 408 2009 486 PREFATIO.
2105 434 2111 440 '

169 547 292 618 terre
322 556 570 616 metunt
601 589 618 612 .
669 548 808 606 nihil
845 545 1216 619 opportunis.
1247 563 1372 605 mea
1395 545 1613 619 quidem
1642 543 1781 615 μυη-
1810 613 1818 621 ,

174 643 266 706 rio,
293 641 620 709 appenttice
672 640 767 698 illa
819 641 888 698 ad
930 641 1130 696 calcem
1173 655 1394 710 operum
1442 635 1742 708 adjlcienda
1761 677 1779 704 ,

180 745 286 800 qua
312 729 588 794 editionis
614 731 868 788 ultimum
893 739 1096 788 tomum
1132 729 1421 787 constituet
1449 744 1468 785 :
1495 729 1612 799 ubi,
1642 743 1784 798 prte-

181 821 346 888 missis
406 831 666 888 veterum
716 823 788 880 de
843 822 1050 880 Joanne
1105 821 1493 894 Chrysostonto
1543 821 1786 878 testium!

181 919 294 976 niis.
322 915 583 972 diatriba!
606 917 846 986 quinque
873 917 1122 974 eduntur.
1158 915 1217 971 In
1237 931 1421 972 earum
1448 915 1618 984 prima
1645 929 1780 986 age-

176 1018 259 1064 tur
285 1006 354 1063 d‘e
393 1006 614 1062 fortuna
641 1024 868 1076 opt-rum
905 1008 1034 1064 tanti
1079 1007 1316 1064 doctoris
1338 1049 1354 1074 ,
1395 1008 1571 1078 deque
1620 1005 1782 1060 variis

175 1097 568 1180 niangscriptis
593 1100 870 1157 codicibus
901 1101 1166 1170 ejusdem,
1195 1101 1285 1171 qui
1319 1099 1376 1155 in
1407 1098 1646 1170 plurimis
1667 1098 1779 1154 Eu-

178 1205 326 1258 rupta
376 1188 724 1265 bibliothecis
765 1191 966 1260 ingenti
1001 1205 1224 1261 numero
1267 1188 1556 1245 feruntur:
1585 1189 1630 1243 si
1677 1202 1781 1259 qua

178 1295 312 1345 vero
339 1283 396 1336 in
421 1281 488 1337 iis
519 1291 704 1338 notato
731 1281 888 1352 digna
915 1290 972 1337 et
999 1281 1287 1353 singularia
1315 1282 1690 1346 observentur,
1717 1295 1780 1335 ea

182 1388 293 1426 rion
333 1372 536 1442 pigebit
560 1383 842 1429 annomre.
871 1373 1006 1428 'l‘utn
1033 1373 1102 1429 de
1141 1373 1436 1430 innumeris
1462 1387 1602 1442 pene
1623 1371 1782 1428 editis

183 1464 526 1529 tractabitur,
547 1465 642 1534 qui
682 1463 767 1519 vel
815 1473 992 1534 partes
1034 1478 1280 1535 cperum,
1303 1463 1385 1519 vel
1411 1479 1572 1534 opera
1601 1463 1781 1520 omnia

184 1556 639 1625 complectuntur,
663 1557 934 1618 annotatis
961 1571 1126 1626 anno,
1168 1556 1289 1618 loco
1310 1565 1364 1614 et
1403 1554 1652 1612 editionis
1680 1570 1780 1608 au-

183 1659 338 1710 ctore
370 1666 384 1700 :
415 1647 758 1716 pra-fationes
795 1649 956 1704 etiam
993 1647 1320 1718 singularum
1349 1647 1642 1705 editionum
1681 1645 1782 1700 mi-

187 1738 406 1792 nutiore
457 1737 772 1793 charactere
820 1738 1104 1792 cudentur.
1158 1737 1214 1792 In
1265 1735 1499 1792 secunda
1547 1735 1776 1791 diatriba

187 1827 260 1884 de
295 1843 360 1882 re
397 1827 686 1884 admodum
734 1844 959 1899 operosa
989 1827 1387 1898 disputabitur;
1436 1827 1686 1882 nimirum
1714 1825 1780 1882 de

185 1920 408 1996 amksis
457 1921 576 1990 ejus
619 1920 770 1989 libris
818 1921 1176 1996 operibusque
1229 1919 1433 1993 variis,
1476 1933 1597 1988 qua:
1644 1925 1781 1972 teste

149 2020 162 2028 “
183 1993 350 2066 Suida
399 2025 613 2068 omnem
651 1993 932 2068 numerum
979 2010 1306 2080 superabant
1339 2027 1353 2064 :
1405 2009 1477 2078 ibi
1515 2009 1585 2064 de
1617 2007 1780 2062 Cont-

183 2102 469 2158 mentariis
495 2101 546 2156 in
578 2101 810 2156 Marcum
841 2112 895 2156 et
923 2102 972 2156 in
1017 2101 1215 2158 Lucam
1245 2100 1621 2172 disputabitur,
1644 2115 1785 2170 quos

183 2193 279 2248 alii
327 2192 562 2248 edidisse
595 2191 1038 2265 Cbrysostnmum
1089 2203 1342 2254 narrant.
1367 2193 1458 2247 alii
1489 2207 1778 2262 numquam

184 2286 464 2358 exstitisse
510 2287 876 2344 contendunt:
907 2287 975 2344 de
1019 2287 1388 2359 Chrysostomi
1425 2286 1552 2343 item
1583 2286 1780 2341 oratio-

186 2380 346 2446 nibus
376 2385 564 2432 contra
587 2377 815 2442 Arabas,
845 2379 936 2449 qui
963 2378 1212 2436 dicebant
1233 2375 1466 2434 animam
1497 2379 1634 2433 mori
1655 2393 1779 2435 cum

185 2484 456 2540 corpore,
499 2476 630 2539 quas
687 2469 958 2526 orationes
1006 2469 1168 2540 aliqui
1222 2470 1362 2524 inter
1408 2467 1780 2540 Cbrysostomi

184 2575 352 2630 opera
383 2567 666 2616 recensent
693 2579 706 2614 :
738 2559 913 2631 deque
949 2561 1068 2616 aliis
1101 2549 1402 2632 hujusmodi
1431 2560 1572 2616 bene
1596 2560 1783 2617 multis

187 2651 506 2723 disseretnr.
548 2650 604 2706 ln
643 2651 802 2720 tertia
843 2650 1068 2722 diatriba
1092 2651 1162 2708 de
1190 2651 1435 2708 doctrina
1470 2651 1528 2708 S.
1555 2651 1783 2707 Joannis

184 2743 560 2814 Cbrysostomi
605 2743 748 2798 circa
802 2741 927 2799 ﬁdei
982 2743 1228 2816 dogmata
1283 2743 1594 2799 tractabitur
1619 2781 1635 2810 ,
1689 2743 1780 2799 ubi

185 2835 354 2915 ipsius
399 2835 620 2904 prolatis
675 2835 735 2891 S.
789 2833 1026 2890 doctoris
1086 2835 1246 2892 dictis
1293 2847 1455 2908 atque
1498 2835 1782 2906 sententiis,

179 2927 363 2990 omnia
394 2928 856 2991 recensebuntur;
887 2929 1046 3000 idque
1075 2945 1181 2985 non
1209 2929 1542 3000 disceptandi
1569 2929 1778 2999 animo,

183 3019 282 3074 sed
312 3035 382 3074 cx
423 3035 531 3074 uno
559 3020 669 3075 veri
710 3021 906 3076 studio.
942 3022 995 3077 In
1033 3032 1224 3094 quarta
1251 3022 1481 3084 diatriba
1511 3023 1580 3079 de
1617 3023 1778 3080 disci-

181 3113 324 3188 plina
353 3121 458 3169 tem
469 3129 600 3183 pore
625 3113 993 3188 Chrysostomi
1018 3132 1086 3172 ex
1113 3117 1279 3187 ipsius
1309 3117 1542 3174 maxime
1567 3115 1782 3186 scriptis

177 3212 391 3278 agetur.
429 3203 534 3260 Ubi
558 3206 849 3276 singularia
889 3215 1069 3275 certe,
1102 3207 1216 3264 sive
1251 3207 1392 3279 quod
1418 3208 1484 3262 ad
1513 3207 1782 3276 liturgiam

177 3305 232 3367 ct
273 3295 528 3352 sacriﬁcii
555 3297 1004 3366 celebrationem,
1035 3299 1150 3355 sive
1174 3299 1314 3370 quod
1346 3298 1410 3353 ad
1449 3298 1582 3353 alios
1609 3299 1742 3352 ritus
1761 3338 1778 3364 ,

174 3386 638 3456 observabuntur,
664 3405 859 3460 nempe
897 3390 968 3446 de
991 3391 1152 3447 variis
1181 3391 1370 3446 ofﬁciis
1404 3390 1615 3446 diaconi
1644 3390 1781 3446 alio-

173 3491 412 3548 rumque
455 3478 858 3547 ministrorum;
903 3484 971 3537 de
1013 3482 1344 3537 ornamentis
1385 3481 1778 3550 Ecclesiarum,

169 3568 242 3640 de
271 3569 416 3639 signi
463 3568 653 3626 Crucis
681 3571 828 3626 vario
855 3586 988 3640 usu;
1028 3571 1096 3628 de
1120 3573 1240 3628 oleo
1265 3588 1330 3630 ex
1357 3573 1456 3628 SS.
1487 3583 1778 3646 martyrum

165 3659 441 3730 sepulcris
483 3659 792 3734 desumpto,
835 3679 941 3734 quo
983 3663 1265 3720 utebantur
1307 3664 1373 3720 ad
1399 3664 1673 3722 dzemones
1699 3669 1782 3722 lu-

159 3751 387 3838 gandos
431 3753 757 3826 morbosque
801 3755 1109 3828 pellendos;
1156 3757 1510 3830 similiterque
1551 3758 1620 3814 de
1659 3759 1788 3816 olco‘

161 3839 381 3916 sanctae
423 3847 646 3914 Crucis,
685 3849 754 3906 de
783 3866 892 3921 quo
927 3852 980 3906 in
1010 3851 1126 3906 Vita
1155 3851 1212 3908 S.
1245 3851 1434 3917 Sabae;
1462 3852 1638 3924 deque
1662 3853 1781 3910 aliis

162 3939 485 4006 innumeris
516 3941 708 3997 veteris
750 3940 1006 3999 Ecclesize
1047 3943 1336 4000 Orientalis
1374 3943 1604 4001 ritibus:
1644 3961 1782 4016 quos

157 4031 312 4106 ritus
333 4032 540 4102 smpius
566 4049 724 4104 quam
756 4035 932 4114 quivis
950 4036 1086 4091 alius
1123 4046 1508 4093 commemorat
1533 4037 1592 4094 S.
1619 4037 1782 4095 Joan-

158 4139 268 4195 nes
311 4124 760 4197 Cbrysostomus.
805 4129 862 4186 In
907 4128 1090 4200 quinta
1137 4129 1368 4186 diatriba
1407 4130 1478 4187 de
1521 4132 1684 4186 variis
1725 4141 1781 4188 et

159 4218 544 4290 miscellaneis
568 4219 728 4276 rebus
761 4221 1076 4287 tractabitur
1097 4239 1117 4278 ε
1146 4222 1191 4276 si
1219 4221 1346 4293 quid
1375 4223 1632 4280 omissum
1661 4223 1778 4279 fue-

159 4308 262 4384 rit,
295 4309 352 4364 id
381 4309 666 4374 aﬂeretur;
695 4311 740 4366 si
769 4311 892 4382 quid
919 4321 1154 4368 erratum
1184 4321 1276 4367 aut
1305 4313 1482 4378 minus
1510 4324 1654 4369 recte
1685 4329 1780 4384 po-

159 4401 335 4466 situm
359 4443 378 4468 ,
412 4401 827 4470 emendabitur;
853 4419 975 4459 nam
1011 4420 1138 4462 usus
1163 4414 1217 4460 et
1256 4405 1502 4470 tractatio
1527 4405 1789 4462 diuturna-

161 4493 568 4549 aecuratiorem
598 4493 826 4552 aferunt
852 4512 1031 4552 rerum
1069 4498 1336 4554 notitiam.

237 4584 518 4655 Sequetur
540 4585 656 4642 Vita
679 4587 736 4644 S.
758 4587 980 4646 Ioannis
996 4589 1373 4662 Chrysostomi
1395 4634 1411 4659 ,
1437 4601 1550 4648 tum
1571 4608 1636 4648 ex
1659 4593 1775 4666 ejus

165 4677 418 4744 nntiate
463 4677 717 4748 scriptis,
766 4689 878 4737 tum
920 4697 984 4739 ex
1027 4683 1254 4738 aliorum
1299 4684 1424 4742 sive
1457 4685 1774 4756 aequalium,

161 4769 292 4838 sive
319 4771 638 4846 supparium
661 4814 677 4836 ,
708 4773 822 4829 sive
852 4775 1211 4844 posteriorum
1238 4777 1560 4848 scriptorum
1587 4794 1772 4834 narra-

166 4866 228 4914 tu
255 4901 272 4925 ,
305 4861 716 4920 accuratissime
744 4875 1002 4939 quantum
1040 4867 1220 4924 licebit
1259 4869 1600 4925 concinnata.
1641 4870 1778 4926 Huic

165 4950 540 5022 subjicientur
561 4953 679 5023 ejus
717 4955 846 5012 vita:
873 4957 1164 5029 scriptores
1189 4969 1401 5020 veteres
1419 5002 1435 5027 ,
1466 4961 1733 5018 Palladius
1760 5005 1774 5028 ,

168 5041 446 5123 Georgius
469 5086 486 5110 ,
522 5045 718 5116 aliique
743 5049 1001 5120 anonymi
1024 5091 1039 5116 ,
1070 5066 1300 5122 quorum
1325 5054 1566 5122 nonnulli
1601 5055 1776 5111 lucem

171 5137 424 5209 agndum
453 5137 712 5196 viderant.
746 5141 860 5198 Sub
882 5141 998 5198 hanc
1016 5143 1247 5200 indicem.
1265 5145 1511 5202 dabimus
1536 5147 1777 5204 locorum

170 5226 477 5300 Scriptum
505 5246 672 5287 sacrae
694 5273 710 5298 ,
740 5248 900 5304 quem
928 5246 1183 5306 sequetur
1207 5236 1374 5294 index
1402 5253 1578 5296 rerum
1609 5255 1775 5310 gene-

172 5319 311 5380 ralis
339 5319 396 5374 in
421 5320 601 5376 omnia
629 5321 746 5393 ejus
775 5339 960 5394 opera.
993 5325 1109 5382 Erit
1138 5342 1302 5398 porro
1329 5328 1488 5385 index
1517 5329 1606 5388 ille
1625 5331 1777 5387 locu-

174 5409 508 5480 pletissimus
529 5423 585 5470 et
610 5430 825 5471 summo
853 5416 1035 5475 labere
1058 5421 1505 5493 accttrationeque
1522 5423 1776 5494 singulari

179 5507 553 5592 minacius.
581 5507 810 5577 Quot-te
837 5525 1002 5580 porro
1031 5513 1282 5570 utilitatis
1307 5515 1416 5570 sint
1441 5515 1646 5572 indices
1673 5515 1776 5570 hu.

83 5677 90 5684 _
176 5597 404 5668 instandi
449 5603 610 5674 pauci
652 5603 887 5674 experiri
926 5605 1129 5660 volunt.
1179 5607 1249 5662 At
1286 5609 1432 5663 enim
1471 5625 1575 5662 non
1618 5609 1780 5666 modo

185 5704 302 5756 sunt
323 5697 389 5753 ad
415 5698 536 5756 loca
582 5697 952 5768 perquirenda
993 5699 1188 5766 utiles;
1231 5701 1326 5756 sed
1367 5703 1526 5758 etiam
1565 5703 1779 5773 quando

183 5797 415 5849 accurate
437 5790 796 5864 cogitatequc
825 5788 1008 5860 scripti
1039 5801 1162 5846 sunt
1186 5835 1200 5854 ,
1241 5794 1356 5848 sine
1392 5794 1552 5849 tazdio
1574 5803 1628 5848 et
1655 5811 1776 5851 cum

181 5877 333 5964 fructu
360 5887 612 5964 maximo
646 5882 904 5959 leguntur
927 5923 951 5961 ,_
972 5885 1186 5942 omissis
1218 5885 1463 5958 videlicet
1497 5887 1732 5956 numeris
1757 5930 1772 5958 ,

3370 438 3484 481 χχιι

1895 545 1986 616 qui
2016 543 2084 602 ad
2113 542 2312 600 seriem
2337 539 2568 606 minime
2581 538 2878 622 pertinent.
2907 541 2990 596 Ex
3023 537 3326 612 huiusmodi
3355 554 3487 594 vero

1893 636 2122 692 lectione
2150 635 2194 692 is
2225 633 2426 690 fructus
2455 633 2765 704 decerpitur
2789 673 2803 698 ,
2841 647 2999 702 quem
3024 633 3084 686 in
3111 631 3222 700 ipsa
3249 633 3486 686 auctoris

1891 729 2122 786 lectione
2151 729 2238 784 vix
2267 727 2529 799 reperias.
2557 726 2616 780 lu
2639 734 2860 780 auctore
2892 725 3090 795 quippe
3115 722 3293 782 omnia
3328 738 3482 792 spar-

1890 821 1993 877 sim
2017 819 2188 891 posita
2211 827 2372 885 sunt;
2395 819 2440 874 si
2467 817 2592 890 quid
2619 817 2686 874 de
2710 818 2839 882 Deo,
2866 816 3016 870 verbi
3041 816 3233 884 gratia,
3255 816 3486 870 senserit

1889 913 2310 986 Chrysostontus
2335 911 2578 967 ediscere
2605 909 2790 978 cupias
2815 950 2831 974 ,
2859 908 2904 962 si
2934 906 3062 976 quid
3087 905 3154 960 de
3179 905 3444 974 baptismo
3465 946 3482 965 .

1890 1004 1960 1060 de
1983 1003 2154 1074 gratia
2177 1046 2194 1070 ,
2220 1011 2327 1060 etc.
2355 1005 2372 1070 ,'
2401 1011 2510 1058 tota
2537 1001 2722 1056 decem
2752 998 3023 1054 volumina
3054 997 3296 1066 perlegas
3320 1010 3484 1064 Opor-

1891 1104 2008 1164 tet,
2053 1095 2458 1174 periculumque
2501 1109 2716 1164 semper
2753 1100 2838 1148 est
2877 1104 2945 1146 ne
2985 1091 3036 1144 in
3085 1099 3190 1143 tam
3230 1086 3484 1141 diuturno

1892 1187 2136 1244 lectionis
2181 1186 2412 1244 decursu
2438 1226 2454 1252 ,
2505 1183 2647 1256 quod
2695 1184 2868 1254 primo
2910 1190 3218 1252 perceptum
3269 1179 3439 1234 fuerat
3467 1218 3480 1242 ,

1891 1287 2180 1349 antequam
2206 1277 2273 1336 ad
2305 1276 2465 1332 ﬁnem
2503 1275 2758 1332 devenias
2783 1317 2796 1340 .
2843 1273 3087 1330 elabatur
3119 1289 3134 1327 :
3186 1268 3482 1341 periculum

1891 1369 2022 1426 item
2052 1385 2122 1425 ne
2149 1369 2382 1428 assiduae
2407 1377 2674 1438 tantmqne
2703 1367 2947 1423 lectionis
2973 1365 3132 1420 taedio
3154 1364 3290 1420 bene
3319 1361 3483 1417 multa

1891 1460 2235 1517 inobservata
2267 1469 2575 1530 praetereas.
2606 1459 2808 1516 Contra
2833 1472 2962 1514 vero
2991 1457 3045 1512 in
3073 1453 3371 1510 istiusmodi
3402 1452 3484 1508 in-

1889 1551 2012 1608 dice
2033 1593 2048 1618 ,
2075 1566 2434 1623 quaecumque
2445 1550 2514 1606 de
2535 1551 2649 1606 Deo
2672 1591 2687 1615 ,
2715 1562 3065 1620 quaecumque
3088 1546 3157 1601 de
3177 1545 3441 1614 baptismo
3463 1584 3482 1610 ,

1889 1643 2030 1700 deve
2063 1643 2185 1699 aliis
2227 1641 2553 1714 quibuslibet
2597 1641 2652 1698 in
2695 1649 2915 1698 auctore
2954 1637 3176 1709 reperiri
3219 1645 3480 1706 possunt,

1889 1749 2052 1788 unum
2099 1734 2202 1790 sub
2238 1742 2514 1802 aspectum
2567 1730 2944 1800 subjiciuntur.
2991 1727 3350 1795 Quamobrem
3397 1725 3482 1778 vel

1891 1824 2079 1881 iisdem
2111 1824 2242 1896 ipsis
2268 1823 2358 1894 qui
2387 1833 2468 1879 tot
2494 1822 2764 1878 volumina
2805 1821 3024 1890 legunt,
3067 1817 3258 1872 indicis
3295 1815 3483 1872 lectio-

1890 1933 2014 1974 nem
2043 1933 2110 1973 ne
2131 1916 2544 1988 praetermittam
2561 1923 2750 1969 auctor
2767 1927 2906 1968 sum.
2932 1910 3058 1966 Post
3084 1908 3312 1964 indicem
3333 1905 3482 1962 Ono-

1889 2009 2153 2066 masticon
2173 2007 2560 2078 amplissimum
2582 2004 2794 2060 dabitur
2817 2017 3006 2058 vocum
3033 1999 3272 2056 omnium
3299 1997 3483 2066 singu-

1889 2101 2079 2156 larium
2103 2142 2120 2166 ,
2147 2115 2266 2170 qua:
2295 2099 2346 2154 in
2371 2096 2519 2154 edito
2543 2093 2916 2168 Chrysostomi
2946 2089 3288 2163 reperiuntur
3314 2131 3329 2155 ,
3357 2103 3481 2144 cum

1888 2208 2074 2249 earum
2107 2191 2550 2262 interpretatione
2577 2188 2766 2244 Latina
2795 2205 2810 2242 :
2842 2185 3129 2252 idiotismi,
3154 2183 3243 2254 qui
3268 2181 3482 2252 plurimi

1887 2284 2025 2356 apud
2051 2284 2536 2346 illumoccurruut,
2563 2280 2910 2343 notabuntur.
2982 2280 3190 2346 Agmen
3269 2273 3482 2330 claudet

1887 2377 2162 2446 catalogus
2189 2374 2556 2445 alphabeticus
2595 2387 2817 2442 operum
2847 2367 3084 2423 omnium
3113 2364 3480 2437 Cltrysostomi

1887 2477 1942 2522 et
1969 2465 2314 2536 epistularum
2355 2481 2385 2519 a
2425 2464 2611 2534 primis
2657 2462 2918 2532 cujusque
2959 2459 3141 2530 operis
3182 2456 3357 2512 verbis
3385 2455 3484 2510 du-

1887 2568 2042 2623 ctus,
2074 2557 2338 2628 longeque
2364 2554 2592 2624 amplior
2625 2568 2786 2624 quam
2821 2549 3120 2608 Sardianus
3142 2589 3158 2614 ,
3199 2548 3253 2604 in
3293 2558 3482 2604 octavo

1889 2664 2034 2709 tumo
2063 2653 2207 2708 illius
2231 2651 2482 2707 editionis
2515 2649 2738 2720 positus.

1929 2827 1961 2908 ᾗ
1986 2828 2129 2898 XI".
2148 2859 2222 2872 —-
2249 2827 2327 2896 De
2350 2831 2470 2886 viris
2519 2831 2802 2900 insignibus
2823 2870 2838 2892 ,
2867 2845 3082 2896 quorum
3111 2845 3204 2894 ope
3259 2829 3308 2878 in
3355 2831 3449 2878 huc

2391 2923 2606 2978 editione
2643 2923 2723 2975 usi
2749 2937 2944 2976 sumus.

1959 3133 2147 3200 Besmt
2173 3141 2229 3192 ut
2259 3133 2310 3188 in
2335 3132 2470 3203 grati
2501 3131 2665 3186 animi
2697 3128 3062 3202 testimonium
3093 3125 3284 3182 lectori
3313 3125 3480 3195 signi-
3543 3177 3550 3184 ,

1889 3223 2112 3277 liccmus
2134 3263 2150 3290 ,
2181 3237 2408 3293 quarum
2435 3219 2878 3276 bibliothecarum
2907 3216 3181 3272 codicibus
3207 3256 3224 3282 ,
3251 3228 3479 3284 quorum

1885 3329 1988 3384 ope
2035 3313 2274 3368 virorum
2313 3312 2380 3367 ad
2421 3311 2559 3366 hanc
2599 3309 2890 3366 editionem
2939 3309 3018 3366 [hi
3055 3306 3243 3360 simus.
3273 3305 3483 3360 Primus

1885 3405 2240 3461 celebrandus
2267 3404 2423 3460 nobis
2449 3411 2533 3458 est
2562 3401 3046 3458 excellentissimus
3092 3399 3242 3453 Dom.
3279 3396 3480 3452 "ENN-

1885 3512 1982 3552 cos
2007 3497 2256 3553 Canou's
2303 3513 2368 3552 ou
2410 3496 2666 3552 Caunour
2709 3511 2776 3550 ne
2809 3493 3021 3549 Celsus
3047 3533 3060 3555 ,
3112 3490 3226 3547 Dux
3273 3499 3328 3546 et
3372 3490 3482 3546 l‘ttn

1885 3588 2165 3654 Francia),
2238 3588 2538 3662 Episcopus
2607 3585 2900 3648 Meteusis,
2953 3584 3042 3655 qui
3107 3582 3481 3637 bibliothecam

1885 3695 2038 3738 suam
2066 3679 2213 3734 omni
2245 3679 2730 3748 tnnnuscriptorum
2757 3717 2772 3740 ,
2804 3674 3099 3744 prrcscrtim
3129 3672 3436 3730 Grzecorum
3462 3713 3478 3739 ,

1884 3785 2084 3841 genere
2111 3768 2364 3824 refertam
2397 3769 2500 3822 hoc
2527 3767 2580 3826 in
2608 3767 2857 3826 emnobio
2885 3765 3126 3836 deposuit
3157 3805 3172 3828 ,
3203 3773 3257 3818 et
3286 3777 3382 3832 pro
3403 3764 3483 3819 itt-

1885 3869 2008 3916 nata
2040 3860 2395 3918 beneﬁcentia
2432 3869 2546 3914 tam
2580 3859 2738 3913 lautae
2765 3855 3113 3928 supellectilis
3144 3855 3297 3909 nobis
3325 3869 3480 3909 usum

1884 3953 2153 4008 concessit
2177 3967 2193 4019 ;
2217 3951 2359 4008 unde
2383 3951 2546 4007 multa
2573 3950 3012 4022 Cbrysostomum
3035 3947 3329 4019 spectantia
3359 3962 3480 4001 mu-

1884 4045 2016 4101 tuati
2053 4059 2260 4099 sumus.
2309 4043 2384 4099 Ex
2430 4041 2754 4100 bibliotheca
2801 4041 2963 4113 Regia
3009 4053 3224 4108 semper
3267 4037 3481 4093 codices

1883 4137 2043 4192 nobis
2084 4135 2150 4190 ad
2193 4134 2475 4190 arbitrium
2519 4132 2841 4205 suppeditati
2887 4141 3013 4186 sunt
3061 4129 3390 4184 humanitate
3425 4141 3481 4186 ct

1881 4227 2247 4284 muniﬁcentia
2279 4225 2551 4281 illustriss.
2593 4227 2826 4285 Δίωνι-ιε
2860 4224 2925 4280 D.
2975 4239 3042 4278 at:
3090 4221 3321 4277 Louvots
3345 4261 3362 4286 ,
3395 4219 3478 4274 bi-

1881 4319 2162 4378 bliothecae
2192 4316 2371 4388 Regia:
2402 4317 2638 4388 prmfecti
2663 4359 2678 4382 ,
2719 4316 2821 4372 sub
2859 4315 3011 4385 cujus
3047 4313 3299 4382 auspiciis
3325 4313 3474 4384 ejuse

1881 4413 2006 4474 dem
2058 4411 2398 4469 bibliotheca:
2421 4409 2674 4466 custodes
2714 4409 2772 4463 D.
2816 4407 2889 4464 de
2931 4407 3202 4470 TARGNIS,
3253 4419 3480 4474 pr.rscr-

1883 4508 2084 4578 sintque
2106 4506 2190 4560 vir
2211 4505 2282 4560 cl.
2302 4503 2540 4561 Joannes
2561 4497 2836 4559 Borrtatus
2859 4543 2874 4568 ,
2900 4515 3006 4556 non
3029 4499 3206 4555 minus
3228 4497 3492 4554 comitate.

1879 4613 2040 4669 quam
2071 4597 2374 4653 eruditione
2405 4604 2518 4651 toto
2543 4595 2676 4650 orbe
2705 4593 2944 4650 literario
2971 4590 3285 4646 notissimus
3307 4632 3324 4656 ,
3351 4588 3480 4653 soli.-

1881 4691 1952 4746 tis
1974 4688 2166 4746 ofﬁciis
2196 4703 2296 4744 nos
2327 4686 2640 4759 prosequuti
2662 4693 2808 4741 sunt.
2835 4683 2990 4740 [laud
3029 4683 3196 4739 multo
3241 4683 3489 4747 minores

1881 4781 2036 4845 nobis
2063 4781 2322 4852 suppetize
2347 4793 2628 4834 accessere
2655 4793 2723 4832 ex.
2751 4775 3078 4833 bibliotheca
3123 4773 3490 4843 illustrissimi
3520 4848 3526 4853 _

1878 4871 2105 4928 COIllTIS
2132 4887 2202 4926 ne
2227 4870 2530 4928 SBIGNELAY
2552 4911 2567 4935 ,
2601 4884 2721 4940 qua:
2747 4867 3074 4924 Colbertiuzc
3104 4865 3320 4922 nomine
3351 4865 3491 4927 insi‘

1879 4965 2024 5036 gnita
2079 4963 2286 5035 ingenti
2331 4963 2649 5020 Graecorum
2689 4961 2820 5016 Mss.
2865 4960 3018 5044 copia
3074 4959 3335 5014 instructa
3374 4969 3478 5015 est.

1879 5057 2082 5120 Horum
2115 5056 2272 5112 nobis
2297 5054 2366 5117 ad
2405 5064 2595 5111 nutum
2635 5054 2848 5125 copiam
2891 5052 3018 5108 fecit
3060 5051 3492 5114 humanissimus.

1879 5148 1970 5212 ille
1997 5150 2078 5204 vir
2105 5189 2120 5213 ,
2148 5147 2218 5204 ad
2243 5147 2524 5204 literarum
2546 5145 2891 5203 commodum
2919 5153 3098 5200 natus.

1953 5241 2008 5295 In
2034 5238 2360 5296 bibliotheca
2383 5238 2644 5294 Vaticana
2661 5279 2681 5306 ,
2707 5237 2835 5292 dum
2865 5237 3053 5292 Roma:
3081 5251 3328 5292 versarer
3345 5273 3361 5299 ,
3395 5233 3485 5288 ine.

1879 5346 2104 5388 munera
2133 5328 2394 5400 exscripsi
2419 5369 2435 5397 ,
2458 5329 2651 5399 collegi
2672 5369 2688 5395 ,
2716 5327 2944 5384 contuli.
2966 5327 3096 5383 Post
3123 5326 3353 5382 reditum
3383 5335 3487 5378 au.

1878 5434 1988 5480 tem
2014 5465 2030 5490 ,
2058 5439 2124 5480 ex
2153 5437 2260 5494 quo
2289 5421 2687 5480 illustrissimus
2711 5421 2793 5476 vir
2833 5420 2896 5476 D.
2937 5417 3188 5475 Canotus
3221 5415 3479 5475 Marsus

1879 5517 1936 5574 iu
1977 5515 2444 5572 bibliothecarum
2482 5523 2766 5586 cooptatus
2809 5523 2930 5576 est,
2977 5508 3160 5566 omnia
3202 5521 3300 5578 pro
3352 5515 3490 5566 rcta

1879 5607 2215 5678 suppeditata
2259 5606 2428 5664 fuere.
2476 5606 2576 5663 Est
2609 5607 2756 5663 enim
2797 5605 2881 5661 vir
2925 5603 3054 5666 ille,
3094 5609 3155 5656 ut.
3193 5602 3485 5670 omnigcna.

1877 5683 2180 5759 eruditione
2207 5711 2428 5758 ornatus
2452 5743 2468 5768 ,
2517 5701 2588 5756 ita
2627 5701 2854 5757 literatis
2894 5695 3182 5754 admodum
3216 5706 3477 5768 Opportu-

1877 5807 1997 5850 nus.
2029 5793 2104 5850 Ex
2137 5793 2236 5850 ista
2265 5809 2398 5852 vero
2438 5793 2763 5850 bibliomeca
2789 5790 2954 5847 multa
2987 5789 3143 5846 nobis
3169 5787 3484 5861 apographa

1884 5885 2174 5959 transmisit
2204 5885 2285 5955 vir
2313 5883 2669 5942 amicissimus
2699 5891 2753 5940 ct
2780 5881 3122 5952 doctissimus
3151 5881 3485 5946 [inmotis
