4018 6406
479 478 483 483 ,
564 434 692 476 XXIII

551 547 802 601 Asnaus
825 541 974 597 Lana
1001 583 1014 607 ,
1048 539 1135 612 qui
1162 540 1270 611 jam
1299 540 1524 598 Lutetizc
1543 537 1672 612 agit.
1704 541 1781 595 Ex
1814 540 2153 598 bibliotheca

551 636 680 691 item
709 629 1059 689 Ottoboniana
1082 674 1096 698 ,
1143 632 1355 688 favente
1398 631 1833 687 eminentissimo
1866 631 2135 688 Gardinali

550 726 734 782 Pereo
763 724 1050 779 O'r'ronoxo
1069 766 1083 789 ,
1116 739 1225 778 non
1253 737 1418 793 pauca
1443 722 1666 777 mutuati
1696 735 1900 777 sumus.

625 818 678 872 In
706 817 894 888 Anglia
923 816 1064 871 nulla
1095 830 1200 871 non
1229 816 1525 870 oliieiorum
1571 830 1769 886 genera
1808 814 1961 870 nobis
2001 829 2139 884 prte-

550 911 671 964 stita
702 919 824 964 sunt
846 951 862 977 ,
885 907 1162 979 fateorque
1188 924 1274 961 me
1296 922 1553 978 nusquam
1576 906 1832 978 majorem
1855 915 2135 977 expertum

554 1002 935 1058 humanitatem
978 1015 1135 1071 quam
1183 999 1321 1070 apud
1367 1000 1660 1070 Anglorum
1705 1007 1938 1069 gentem.
1983 998 2142 1053 Prteit

558 1094 656 1150 hoc
696 1094 751 1149 in
782 1108 1001 1149 munere
1027 1094 1108 1148 vir
1136 1093 1204 1147 el.
1235 1102 1289 1147 et
1329 1093 1720 1148 illustrissimus
1745 1092 1980 1148 Joansss
2005 1091 2141 1146 Por-

555 1198 727 1239 τειιυε
748 1225 764 1250 ,
792 1185 1085 1253 Episcopus
1109 1182 1428 1239 Oxoniensis
1448 1225 1460 1245 .
1487 1183 1787 1238 eruditione
1808 1198 1929 1238 cum
1959 1183 2142 1252 primis

558 1275 918 1331 numerandus
943 1317 958 1342 ,
1000 1276 1087 1345 qui
1136 1275 1348 1331 eximiis
1389 1275 1643 1357 operibus
1686 1291 1803 1331 rem
1853 1275 2141 1330 literarium

555 1367 899 1436 locupletavit
928 1385 941 1421 :
966 1367 1011 1420 is
1037 1366 1192 1422 nobis
1216 1365 1517 1437 apographa
1547 1382 1723 1421 rerum
1751 1366 1817 1421 ad
1845 1366 2140 1421 institutum

557 1467 798 1513 nostrum
843 1459 1220 1528 pertinentium
1264 1466 1481 1528 rogatus
1527 1472 1633 1512 non
1677 1467 1893 1527 rogatus
1929 1456 1983 1511 in
2027 1455 2144 1511 dies

558 1550 757 1613 mittit,
790 1559 843 1603 et
871 1551 1136 1619 ingentem
1168 1550 1312 1603 illam
1343 1548 1749 1604 commentariis
1779 1549 1829 1602 in
1860 1547 2103 1602 Psalmos
2124 1587 2140 1612 ,

558 1648 616 1693 ut
641 1639 749 1707 jam
778 1640 1010 1697 diximus
1030 1682 1043 1703 ,
1075 1640 1435 1694 accessionem
1468 1638 1774 1708 procuravit
1796 1678 1811 1703 ,
1847 1637 1999 1706 cujus
2033 1637 2156 1705 jam

561 1741 764 1800 partem
793 1740 1035 1785 tenemus
1058 1772 1073 1794 ,
1103 1739 1306 1800 partem
1332 1739 1725 1796 exspectamus.
1754 1729 1935 1798 Neque
1961 1737 2143 1783 taeen-

558 1822 658 1874 dus
686 1821 765 1874 vir
789 1820 1145 1875 amicissimus
1170 1829 1224 1874 et
1249 1819 1642 1875 eruditissimus
1668 1820 1975 1879 Ttuorueus
2002 1818 2143 1873 Goo-

562 1926 730 1967 wxsus
755 1954 769 1977 ,
805 1911 1100 1980 Episc0pus
1121 1910 1492 1966 Kilmoriensis
1516 1952 1531 1978 ,
1557 1911 1646 1979 qui
1676 1911 1804 1964 mihi
1833 1920 1887 1965 et
1915 1925 2069 1980 Opem
2093 1918 2148 1965 et

508 2055 512 2065 ,
562 2002 991 2056 benevolentiam
1014 2000 1357 2056 illustrissimi
1382 2001 1580 2055 Potteri
1606 2000 1911 2055 conciliavit
1932 2042 1944 2063 ,
1974 2015 2149 2069 neque

504 2091 515 2167 ᾖ
563 2101 740 2147 cessat
787 2091 1081 2148 commodis
1123 2093 1256 2148 meis
1295 2091 1602 2163 advigilare.
1641 2091 2150 2160 Cautabrigimofﬁ»

564 2185 663 2238 eiis
690 2184 800 2238 suis
826 2198 922 2238 nos
950 2183 1192 2238 certatim
1222 2183 1540 2253 prosequuti
1571 2191 1696 2237 sunt
1736 2184 1818 2236 vir
1857 2182 1927 2236 cl.
1970 2182 2146 2237 Bene

567 2289 718 2329 unus
742 2314 756 2338 ,
784 2274 1091 2344 reipublica:
1119 2274 1367 2329 literarias
1390 2274 1555 2328 decus
1582 2282 1637 2328 et
1663 2281 2031 2327 ornamentum
2055 2311 2072 2338 ,
2096 2281 2152 2326 et

566 2367 648 2420 vir
693 2366 1033 2421 doctissimus
1076 2365 1539 2435 amicissimusque
1588 2365 1805 2420 I’ETBUS
1848 2363 2148 2428 Neennau,

569 2458 748 2513 multis
777 2458 1072 2526 insignibus
1099 2456 1256 2512 editis
1283 2456 1534 2525 operibus
1558 2455 1755 2509 clarus.

639 2550 695 2603 In
724 2549 1005 2603 Germania
1037 2549 1191 2603 nobis
1219 2561 1432 2617 semper
1457 2554 1652 2616 praesto
1682 2544 1816 2609 fuit,
1847 2552 1903 2600 et
1949 2543 2017 2599 ad
2057 2560 2154 2598 nu-

569 2650 680 2694 tum
710 2640 966 2695 bcuefieia
993 2640 1218 2695 contulit
1245 2641 1327 2694 vir
1352 2639 1682 2693 clarissimus
1717 2636 1951 2691 Joannes
1980 2636 2153 2690 Bema-

571 2747 756 2786 DICTUS
785 2732 1161 2787 GENTILOTTUS
1191 2747 1256 2785 an
1284 2731 1625 2785 Encratseuoa
1650 2771 1665 2794 ,
1690 2727 2024 2782 bibliotheca:
2045 2725 2156 2781 Ca:-

568 2840 735 2883 sareae
765 2824 1046 2893 prtefectus
1070 2865 1084 2888 ,
1118 2822 1200 2876 vir
1234 2821 1533 2875 eruditione
1574 2819 1893 2888 conspicuus
1918 2859 1933 2883 ,
1961 2817 2151 2871 humat-

578 2935 2512 2975 ,________________________

1997 430 2390 489 Pll/EFA'I’IO.

3687 382 3825 463 έλιγ,

2244 530 2409 596 nitate
2437 552 2555 593 cum
2585 539 2765 607 primis
2790 540 3141 599 celebrandus
3166 583 3179 608 ,
3207 541 3436 614 denique
3461 544 3826 602 omniumno-

2244 646 2537 688 merorum.
2570 631 2787 687 Vienna:
2812 649 3024 705 quoque
3048 643 3105 690 et
3134 650 3294 690 manu
3319 646 3374 692 et
3397 653 3500 708 ope
3535 648 3589 694 et
3625 640 3830 695 amico-

2243 739 2363 780 rum
2393 724 2687 779 ministerio
2708 724 2776 780 ad
2804 727 2970 780 nostri
2998 726 3338 782 commodum
3361 743 3490 784 usus
3511 744 3722 799 semper
3744 742 3834 787 est

2242 819 2475 876 Joannes
2516 818 2953 875 Catus'rornoaos
2997 820 3462 876 BAR'I'ENSTEINIUS
3498 836 3685 887 meus,
3726 825 3833 877 Ar-

2241 913 2632 983 gentoratensis
2654 952 2669 977 ,
2701 927 2868 967 sacrae
2908 912 3172 969 Caesarea:
3213 912 3477 983 Majestati
3502 929 3531 967 a
3561 914 3834 970 Consiliis.

2244 1004 2534 1075 Hamburgi
2561 1005 2721 1060 etiam
2767 1005 2879 1074 pari
2919 1018 3016 1058 nos
3059 1003 3436 1059 benevolentia
3476 1015 3838 1075 prosequutus

2245 1106 2327 1152 est
2347 1097 2429 1151 vir
2448 1096 2835 1166 insignissimus
2860 1095 3334 1155 cteruditissimus
3358 1095 3595 1151 Joannes
3624 1098 3837 1151 Atat-za-

2246 1203 2344 1243 ros
2381 1187 2696 1253 FABRICIUS,
2745 1203 2904 1257 quem
2951 1186 3020 1240 ob
3059 1186 3311 1256 praeclara
3352 1187 3405 1240 in
3450 1187 3837 1256 rempublicam

2245 1280 2535 1335 literarium
2559 1280 2750 1335 collata
2778 1278 3035 1334 beneﬁcia
3074 1278 3283 1348 ignorat
3318 1290 3476 1331 nemo
3522 1278 3612 1349 qui
3653 1278 3838 1332 literas

2246 1370 2405 1424 norit.
2435 1369 2484 1424 ls
2511 1368 2931 1439 manuscriptum
2952 1366 3384 1437 epistolarumS.
3415 1365 3639 1422 Joannis
3658 1365 3835 1438 Chry-

2246 1460 2466 1514 sostomi
2491 1502 2508 1527 ,
2537 1475 2636 1515 nec
2664 1468 2918 1528 rogatus,
2949 1458 3251 1528 Ilamburgo
3274 1456 3536 1511 Lutetiam
3563 1457 3709 1511 misit
3733 1498 3747 1522 ,
3777 1468 3840 1512 ut

2246 1552 2413 1605 oculis
2429 1552 2541 1621 ipse
2562 1551 2696 1605 meis
2716 1552 2890 1603 varias
2910 1548 3035 1604 inde
3053 1548 3313 1603 lectiones
3328 1550 3575 1616 excipere
3597 1562 3809 1617 possem
3823 1589 3835 1600 .

2248 1643 2431 1713 Neque
2456 1642 2669 1697 silentio
2693 1639 3185 1711 praztermittendus
3206 1640 3289 1694 vir
3316 1639 3387 1694 cl.
3415 1638 3695 1694 CONRADUS
3719 1639 3838 1693 Wt-

2249 1751 2369 1790 now
2394 1776 2410 1803 ,
2441 1734 2530 1805 qui
2563 1734 2768 1789 nullum
2798 1733 3028 1802 lapidem
3057 1747 3163 1786 non
3194 1731 3361 1785 movit
3384 1741 3441 1785 ut
3465 1731 3662 1785 nostris
3690 1730 3847 1785 fama

2250 1838 2332 1884 ret
2360 1828 2550 1884 studiis
2579 1837 2635 1884 et
2671 1826 2942 1898 operibus.
2989 1825 3069 1880 En
3107 1824 3271 1879 babes
3296 1866 3312 1892 ,
3361 1823 3584 1879 candide
3624 1823 3798 1878 lector
3820 1862 3837 1888 ,

2251 1920 2493 1975 festivam
2562 1918 2940 1988 przeelarorum
3002 1915 3276 1969 hominum
3336 1914 3839 1981 enumerationem,

2251 2027 2477 2083 quorum
2521 2009 2963 2067 commemoratio
3012 2009 3210 2063 nemini
3258 2007 3441 2063 literas
3485 2006 3684 2061 amanti
3733 2021 3844 2061 non

2252 2111 2403 2172 grata
2438 2109 2611 2172 potest
2637 2115 2777 2156 esse.

2324 2192 2508 2262 Neque
2560 2190 2768 2245 tacendi
2826 2198 2951 2243 sunt
3006 2187 3267 2242 carissimi
3325 2185 3536 2240 sodales
3583 2186 3686 2240 mei
3743 2186 3849 2240 viri

2253 2285 2396 2341 docti
2421 2326 2436 2348 .
2465 2285 2552 2351 qui
2586 2299 2794 2338 mecum
2828 2283 2880 2336 in
2913 2281 3012 2334 hoc
3039 2280 3247 2336 edendo
3275 2294 3440 2350 opere
3466 2279 3797 2341 desudaruut
3828 2322 3845 2343 ,

2255 2376 2319 2430 D.
2349 2375 2598 2430 Cauows
2622 2390 2688 2428 os
2711 2389 2776 2427 LA
2803 2371 2919 2426 Ilus:
2941 2413 2954 2436 ,
2985 2371 3043 2425 D.
3076 2370 3356 2425 MARTINUS
3376 2370 3630 2432 Βουρυετ
3653 2411 3668 2435 ,
3696 2379 3751 2424 et
3778 2370 3847 2422 Ι).

2254 2466 2517 2522 ,Ιοεειιιιυε
2546 2465 2803 2520 Doussor.
2831 2462 3025 2517 Czetcri
3051 2472 3227 2516 autem
3263 2460 3352 2529 qui
3396 2461 3557 2514 variis
3598 2460 3847 2515 lectioni-

2255 2561 2357 2615 bus
2383 2555 2711 2627 exeipicndis
2737 2570 2955 2625 Operam
2987 2553 3128 2608 bene
3150 2551 3302 2606 nulli
3323 2551 3581 2606 dederunt
3603 2591 3619 2616 ,
3643 2561 3698 2606 et
3716 2550 3861 2613 dant

2258 2652 2543 2721 hodieque,
2560 2649 2611 2704 in
2625 2648 2800 2718 aliquo
2820 2655 3084 2701 tomorum
3107 2644 3441 2713 sequentium
3459 2658 3824 2697 commemora
3836 2673 3853 2681 -

2257 2746 2455 2801 buntur
2474 2762 2486 2797 :
2506 2740 2629 2796 nam
2648 2741 2698 2794 in
2720 2739 2835 2794 dies
2853 2738 2973 2791 novi
2995 2736 3060 2789 ad
3084 2736 3133 2789 id
3150 2735 3385 2789 muneris
3396 2733 3770 2797 seconferunt,
3795 2742 3873 2786 et.

2477 2868 2490 2882 .
2517 2869 2530 2882 .
2561 2867 2574 2880 .
2608 2876 2616 2882 .
2644 2866 2658 2881 .
2676 2844 2775 2879 uno
2796 2829 2964 2878 avulso
2985 2840 3081 2876 non
3097 2826 3261 2875 deﬁcit
3276 2825 3418 2875 alter.

3596 2919 3859 2937 ...ι-..α

1172 3036 1321 3117 DE
1368 3029 1640 3116 VITA
1692 3032 1778 3114 S.
1821 3028 2308 3113 JOANNIS
2370 3016 3235 3115 CHR‘YSOSTOMI,

925 3194 1027 3257 ΕΤ
1078 3191 1325 3257 PRIMO
1368 3191 1472 3251 DE
1516 3185 2078 3261 SCRIPTOIKIBUS
2121 3181 2339 3246 νιΤΛῖ.
2386 3173 2737 3238 EIUSDEM
2768 3171 3052 3246 SANC'I‘I
3098 3167 3487 3239 DOCTOIlIS

1578 3333 1757 3414 QL‘QS
1797 3324 2404 3387 PR.~‘E'I‘ERMITTERE
2444 3318 2650 3375 Ἦδυῖκὶ
2694 3315 2840 3373 LST.

1870 3490 2137 3513 _______,._.

646 3608 743 3676 Qui
776 3608 976 3677 primus
1007 3605 1073 3659 ab
1100 3604 1328 3659 l'Ienrieo
1363 3602 1567 3657 Savilio
1593 3600 1765 3653 editus
1807 3596 1903 3649 fuit
1935 3594 2063 3647 Vitae
2096 3588 2153 3644 S.

571 3704 653 3758 .Io.
690 3682 1060 3769 Chrysuslomi
1104 3697 1351 3765 scriptor,
1381 3703 1463 3749 est
1505 3692 1766 3761 Georgius
1819 3685 2176 3743 Alexandriae.

572 3791 1038 3861 archiepiscomts,
1071 3804 1228 3860 quem
1275 3787 1491 3857 quidam
1538 3793 1725 3854 putant
1749 3781 1969 3838 Joannis
1998 3778 2157 3833 Elec—

575 3881 863 3952 mosynarii
910 3894 1272 3935 successorem
1306 3878 1491 3933 fuisse.
1523 3876 1624 3931 IIic
1667 3874 1853 3928 humili
1901 3881 1955 3926 et
1993 3870 2159 3924 incle-

575 3972 717 4041 ganti
745 3971 884 4042 stylo
905 3971 1182 4025 innumera
1204 3970 1369 4025 refert
1390 3967 1649 4031 fabulosa,
1676 3965 1740 4019 iis
1760 3961 2016 4032 exceptis,
2042 3975 2161 4039 qttzc

577 4078 644 4120 ex
670 4052 906 4116 Palladio
934 4070 988 4115 ct
1013 4059 1233 4114 Socrate
1260 4066 1529 4113 mutuatus
1553 4065 1654 4112 est.
1685 4053 1875 4110 Narrat
1900 4052 2160 4108 Joannem

576 4155 846 4223 juvenem,
886 4152 994 4222 jam
1045 4152 1217 4219 literis
1253 4151 1554 4218 eruditum,
1599 4149 1837 4203 Athenas
1865 4145 2162 4217 profectum

578 4259 733 4309 esse;
765 4243 942 4314 ibique
987 4257 1108 4297 cum
1158 4251 1279 4313 post
1322 4240 1591 4297 modicum
1634 4238 1891 4308 temporis
1934 4235 2163 4305 spatium

580 4335 934 4391 Athenienses
963 4351 1148 4390 omnes
1177 4335 1583 4403 disciplinarum
1615 4332 1800 4386 notitia
1833 4338 1887 4385 et
1921 4326 2163 4383 facundia

582 4434 885 4495 Superaret,
915 4425 1110 4478 multos
1136 4424 1190 4477 in
1219 4424 1299 4477 sui
1321 4422 1727 4476 admirationem
1752 4420 2011 4488 rapuisse,
2035 4416 2167 4472 alio-

586 4533 702 4584 rum
731 4532 860 4571 vero
887 4514 1134 4570 invidiam
1166 4513 1550 4576 concitavisse,
1588 4515 1926 4580 maximeque
1958 4509 2164 4564 Anthe-

586 4607 675 4660 mii
706 4607 978 4676 cujusdam
1009 4606 1105 4659 viri
1128 4604 1267 4659 docti
1292 4612 1345 4659 ct
1367 4602 1603 4673 superbi,
1623 4616 1851 4673 quocum
1878 4601 2040 4655 etiam
2067 4600 2168 4655 dis-

585 4698 809 4766 putavit.
872 4696 998 4750 II:ec
1037 4694 1324 4765 disputatio
1365 4693 1605 4763 pluribus
1650 4700 1999 4748 memoratur.
2040 4689 2172 4745 Post

588 4785 889 4855 hujusmodi
918 4784 1146 4840 fabulam
1170 4783 1368 4838 fusiore
1386 4792 1428 4837 st
1437 4782 1525 4854 ylo
1545 4788 1894 4837 recensentur
1914 4777 2170 4835 miracula

589 4880 726 4934 bene
769 4878 935 4933 multa
982 4893 1012 4932 a
1061 4876 1269 4933 Joanne
1313 4886 1498 4931 nostro
1549 4883 1753 4945 patrata
1784 4888 1946 4929 :cum
1994 4880 2171 4927 tamen

588 4969 1000 5041 Chrysostomus
1019 4982 1122 5022 non
1143 4968 1310 5024 semel
1331 4967 1492 5032 dicat,
1507 4966 1758 5021 miracula
1777 4964 1918 5019 nulla
1931 4971 2176 5018 suotem-

590 5076 719 5131 pore
746 5060 860 5116 fieri
880 5101 894 5127 ,
923 5074 1024 5115 nec
1049 5072 1168 5114 esse
1192 5057 1516 5113 necessaria.
1548 5056 1831 5111 lnnumera
1868 5052 2070 5125 profert
2098 5051 2175 5107 si-

595 5153 773 5218 milia,
817 5167 916 5207 nce
953 5150 1172 5222 majoris
1215 5145 1395 5221 prétii.
1441 5148 1776 5222 Quapropter
1801 5145 1922 5216 jure
1947 5142 2177 5199 Savilius

600 5247 755 5302 talem
780 5244 847 5301 de
873 5244 1105 5313 Georgio
1135 5242 1235 5297 fert
1260 5241 1582 5297 sententiam
1609 5258 1623 5295 :
1654 5237 1900 5293 Omnibus
1925 5245 2057 5290 certe
2074 5234 2179 5287 suis

599 5339 874 5407 aequalibus
896 5380 908 5403 ,
938 5336 1086 5390 etiam
1117 5335 1331 5406 posteris
1369 5331 1466 5405 (ut
1488 5333 1554 5386 de
1574 5330 1922 5386 vetustioribus
1948 5324 2175 5395 taceam)

595 5431 826 5495 infantia:
853 5429 905 5482 in
926 5426 1141 5481 dicendo
1173 5424 1397 5495 palmam
1426 5420 1749 5492 praeripuisse
1775 5419 1953 5472 merito
1975 5416 2179 5487 judice-

599 5527 698 5570 tur.
724 5518 805 5573 lt'a:
826 5518 978 5587 hujus
1003 5525 1172 5571 tamen
1200 5513 1404 5584 fracibus
1434 5512 1708 5564 hauserunt
1739 5509 1842 5563 Leo
1870 5508 2178 5579 Imperator,

599 5617 776 5660 auctor
826 5608 1077 5675 incertus,
1118 5615 1166 5661 et
1213 5604 1424 5660 Simeon
1466 5600 1868 5679 Metaphrastes,
1913 5616 2041 5671 quos
2081 5614 2183 5652 una

598 5701 796 5752 damus.

674 5793 800 5847 Post
840 5789 980 5844 hanc
1009 5789 1182 5844 Vitam
1214 5803 1243 5842 a
1273 5787 1504 5857 Georgio
1534 5785 1901 5842 Alexandrino
1930 5784 2180 5853 scriptam

614 5884 753 5955 apud
797 5882 1051 5938 Savilium
1098 5882 1334 5948 sequitur
1379 5880 1573 5935 Leonis
1622 5878 1962 5948 Imperatoris
2011 5877 2183 5930 Euen-

2142 3463 2242 3489 αντ(

2138 3486 2274 3525 λάκκῳ

2311 3483 2631 3507 -ξ--ι-ν

2265 3581 2429 3634 miunt
2479 3580 2536 3637 S.
2575 3581 2659 3638 Jo.
2702 3581 3094 3654 Chrysostomi.
3137 3581 3246 3635 Leo
3277 3595 3467 3649 nempe
3498 3579 3585 3633 ille
3616 3586 3695 3633 est
3719 3621 3733 3644 ,
3765 3577 3885 3647 qui"

2264 3672 2488 3741 Sapiens
2531 3680 2585 3727 et
2627 3672 2984 3742 Philosophus
3012 3672 3221 3735 dictus,
3252 3670 3521 3725 Orientale
3565 3668 3861 3738 Imperium

2269 3763 2438 3816 tenuit
2460 3761 2528 3814 ah
2550 3777 2689 3815 anno
2714 3761 2820 3816 886
2845 3761 2910 3815 ad
2935 3776 3134 3814 annum
3160 3760 3286 3814 910.
3320 3758 3413 3813 Ille
3437 3769 3614 3812 tamen
3637 3757 3859 3826 sapiens

2269 3840 2565 3920 Imperator
2610 3868 2676 3905 ex
2728 3850 3065 3905 fmtidissimo
3112 3849 3204 3903 illo
3245 3847 3461 3917 Georgii
3503 3847 3651 3901 fonte
3675 3845 3888 3901 omnia:

2269 3952 2561 4009 mutuatur,
2596 3957 2694 3996 nec
2725 3941 2910 4010 majori
2942 3955 3102 4010 quam
3133 3939 3224 3993 ille
3252 3938 3356 3992 fide
3385 3936 3577 4007 dignus
3606 3946 3710 3992 est.

2340 4033 2574 4089 Leonem
2607 4032 2988 4101 Imperatorem
3018 4029 3218 4100 excipit
3254 4028 3396 4099 apud
3435 4027 3689 4082 Savilium
3717 4039 3861 4080 ano-

2270 4140 2466 4196 nynms
2491 4125 2722 4193 scriptor
2750 4123 2882 4177 Vita:
2908 4122 2964 4177 S.
2989 4122 3146 4177 Joau.
3173 4118 3564 4190 Chrysostomi,
3583 4119 3671 4187 qui
3702 4118 3862 4172 initio

2271 4216 2477 4288 profert
2516 4216 2731 4271 nomina
2762 4230 2948 4271 eorum
2980 4215 3067 4284 qui
3097 4213 3166 4269 de
3196 4212 3301 4266 vita
3331 4208 3704 4282 Chrysostomi
3733 4209 3866 4265 scri-

2276 4318 2516 4379 pserunt,
2544 4310 2644 4364 hoc
2671 4309 2825 4362 titulo
2855 4325 2869 4361 :
2904 4307 3123 4373 Quinam
3152 4306 3216 4359 de
3242 4305 3346 4359 vita
3372 4303 3716 4374 Chrysostomi
3733 4304 3869 4357 scri-

2274 4411 2498 4474 pserunt.
2529 4400 2729 4454 IIorum
2756 4399 2972 4453 nomina
3003 4397 3120 4452 hinc
3143 4404 3306 4451 sunt:
3330 4396 3580 4452 Socrates
3604 4392 3867 4450 ecclesia-

2276 4493 2442 4546 sticus
2467 4488 2947 4559 historiographus,
2968 4487 3237 4542 Palladius
3259 4485 3649 4555 lIeIenepolcos
3665 4483 3866 4554 episc.,

2278 4582 2497 4637 Proclus
2520 4579 3162 4648 Gonstantinopolitanus.
3180 4576 3413 4649 Cyrillus
3434 4573 3828 4630 Alexandrinus
3853 4616 3868 4638 ,

2276 4674 2344 4729 de
2370 4672 2526 4743 cujus
2554 4671 2758 4727 visione
2787 4670 3146 4741 infrangitur,
3186 4667 3522 4740 Sophronius
3559 4665 3868 4737 patriarcha

2276 4761 2790 4833 Jerosolymitanus.
2834 4760 3070 4817 Joannes
3126 4761 3529 4824 Damascenus,
3580 4756 3875 4828 Martyrius

2281 4853 2645 4912 Antiochenus
2688 4852 2988 4922 patriarcha
3009 4891 3025 4912 .
3058 4851 3281 4907 Cosmas
3313 4847 3684 4921 Chrysostomi
3728 4854 3872 4901 tem-

2281 4962 2413 5019 pore
2437 4946 2693 5002 diaconus
2717 4947 3036 5001 ἀποστολικῶν
3055 4986 3069 5010 ,
3096 4942 3466 4999 Theodori-tus
3498 4939 3622 5011 Cyri
3657 4937 3827 5007 cpise.
3852 4977 3871 5004 ,

2281 5037 2433 5093 Nilus
2458 5037 2679 5108 Magnus
2701 5078 2714 5102 ,
2740 5035 2975 5091 Isidorus
3007 5034 3274 5090 Pclusiota
3296 5074 3310 5097 ,
3343 5032 3607 5101 Evagrius
3634 5030 3829 5084 Asceta
3852 5069 3871 5093 ,

2280 5128 2505 5185 Cosmas
2526 5126 2785 5192 Vestitor,
2821 5127 2932 5182 Leo
2962 5127 3277 5195 Imperator,
3309 5122 3522 5177 Nicetas
3547 5116 3875 5192 σκευσρὺῐαξξ,

2281 5221 2494 5277 Nicctas
2517 5219 2791 5290 Paphlago
2810 5261 2826 5286 ,
2856 5218 3167 5273 Eustathius
3201 5214 3400 5277 Primi,
3433 5212 3661 5267 Basilius
3688 5215 3714 5264 ὁ
3740 5233 3876 5280 πρω-

2284 5321 2528 5385 τόθρονος,
2577 5311 2960 5367 Constantinus
3010 5307 3508 5379 Porphyrogenitus
3550 5303 3875 5373 Imperator.

2286 5405 2371 5462 Ea:
2401 5408 2479 5461 In's
2507 5404 2760 5470 omnibus,
2792 5401 2964 5472 pergit
2989 5401 3103 5464 ille;
3121 5397 3487 5470 Opportuniora
3508 5404 3554 5449 et
3584 5393 3880 5465 pulchriora

2286 5500 2599 5570 colligentes,
2630 5511 2846 5567 quarunt
2875 5493 3111 5566 quwdam
3139 5493 3254 5547 aliis
3279 5507 3341 5545 cx
3361 5490 3544 5543 Irarum
3573 5488 3881 5555 scriptorum

2289 5607 2499 5647 numero
2520 5598 2661 5649 nota,
2684 5582 2801 5643 aliis
2821 5587 2995 5657 ignota
3016 5595 3181 5651 erant,
3206 5585 3341 5637 hunc
3368 5583 3553 5637 librum
3579 5580 3631 5633 in
3660 5579 3881 5648 gratiam

2190 5737 2199 5753 ‘
2289 5685 2488 5755 piorum
2532 5682 2791 5735 hominum
2829 5679 3190 5732 adornavimus
3232 5675 3301 5729 ad
3336 5674 3552 5745 gloriam
3581 5670 3709 5735 Dei,
3738 5678 3785 5721 ct
3810 5670 3884 5721 ad

2291 5774 2584 5830 memoriam
2613 5772 2777 5826 sancti
2802 5771 2914 5824 t-iri.

2366 5866 2461 5920 llic
2503 5879 2628 5917 vero
2683 5866 2997 5930 Anonymus
3043 5857 3246 5921 ccetcris
3295 5855 3583 5923 elegantior
3625 5861 3739 5913 est;
3788 5853 3883 5902 sed
