4018 6482
277 291 377 332 κιν

273 392 408 448 nihil
441 392 614 462 magis
647 393 866 450 confert
893 395 958 450 ad
1003 397 1162 453 vitam
1193 399 1249 455 S.
1278 400 1438 457 Joan.
1475 403 1838 476 Chrysostomi
1863 449 1876 473 ,

282 501 440 553 quam
467 483 764 563 Georgius,
794 502 860 542 ex
889 489 1040 560 cujus
1067 489 1283 547 fmcibus
1308 496 1486 549 omnia
1513 495 1710 563 hausit,
1743 509 1798 552 ιιι
1827 509 1881 554 et

283 568 680 644 Metapbrastes
709 559 1016 646 Scriptores
1040 595 1168 636 vero
1199 581 1272 636 illi
1299 583 1362 636 de
1388 585 1488 637 vita
1511 559 1875 657 Chrysostomi,

284 668 418 735 quos
447 665 769 720 nominatim
801 668 915 738 ipse
941 682 1344 740 commemorat,
1369 691 1474 728 non
1499 690 1691 732 omnes
1713 689 1877 733 totam

285 757 662 826 Chrysosto'mi
688 759 850 812 vitam
873 759 1292 831 descripserunt,
1323 765 1416 819 scd
1439 782 1502 820 ex
1531 767 1637 822 illis
1665 767 1877 836 plurimi

286 845 543 900 nonnulla
589 856 800 902 tantum
839 841 906 905 ad
949 852 1108 907 vitam
1149 839 1519 926 Chrysostomi
1560 860 1880 930 pertinentia

285 937 534 992 retulere.
565 937 842 996 Visionem
872 953 1050 998 autem
1077 944 1220 1000 illam
1244 946 1426 1018 Cyrilli
1449 989 1464 1013 ,
1491 949 1558 1005 de
1583 966 1686 1021 qua
1717 968 1878 1023 supra

287 1027 518 1098 loquitur
541 1029 864 1103 Ananymus
885 1074 901 1099 ,
931 1034 983 1089 Ea
1014 1033 1164 1090 Notis
1189 1037 1302 1092 suis
1324 1038 1480 1095 atl‘ort
1509 1040 1738 1096 Savilius
1758 1082 1772 1109 ,
1800 1052 1881 1098 at-

285 1135 382 1185 que
414 1117 482 1170 ita
511 1118 740 1174 ridicula
773 1123 880 1176 visa
913 1122 1012 1178 fuit
1033 1124 1398 1196 Tillemontio,
1419 1139 1476 1184 ut
1496 1145 1564 1186 ne
1584 1147 1882 1189 memorare

278 1208 492 1278 quidem
527 1209 679 1265 illam
711 1211 964 1282 dignatus
990 1215 1080 1270 sit.

343 1302 416 1355 De
446 1301 689 1374 Georgio
721 1306 1088 1364 Alexandrino
1125 1321 1180 1366 et
1220 1311 1288 1369 de
1331 1293 1500 1369 tribus
1538 1319 1882 1386 sequentibus

269 1393 384 1445 vitm
404 1389 793 1466 Chrysostomi
821 1400 1192 1470 'srriptoribtts,
1223 1419 1252 1457 a
1283 1405 1479 1462 Savilio
1505 1408 1688 1464 Graece
1715 1411 1878 1476 cusis,

263 1480 311 1534 in
339 1481 600 1539 Latinum
634 1489 920 1545 vertendis
945 1534 960 1556 ,
993 1503 1046 1546 et
1073 1493 1128 1548 in
1161 1494 1260 1550 hac
1287 1496 1522 1552 editione
1551 1499 1882 1568 publicandis

255 1575 463 1642 pridem
494 1580 914 1648 cogitaveram;
948 1585 1054 1639 into
1077 1602 1204 1642 vero
1227 1587 1510 1658 Georgium
1542 1591 1727 1648 Latine
1753 1609 1880 1646 con-

249 1681 463 1724 vertere
486 1686 779 1744 carpento)
805 1693 822 1728 :
850 1677 946 1730 sed
973 1677 1059 1732 ubi
1091 1687 1166 1732 tot
1190 1682 1500 1750 quisquilias
1531 1683 1730 1746 inveni,
1759 1693 1880 1738 tunc

1403 1816 1588 1828 —-

1139 1817 2682 2027 Ξέιῖιῑῖἆῖᾼνιιιι

1198 285 1293 351 ,ΒΕ
1332 285 1819 348 SClllPTORlllUS
1859 290 2099 351 RETtliM
2141 286 2635 352 CllR'x'SOSTOMl.

1749 1820 2069 1833 _——__

3410 319 3432 330 ’
3462 317 3582 360 κλνι

1994 409 2242 478 pmnituit
2269 387 2521 477 cmpisse,
2548 420 2602 465 ct
2630 410 2781 468 lib'ui't
2808 412 3086 479 desistere,
3118 430 3179 471 ac
3211 415 3442 472 Leonem
3475 415 3580 474 hn«

1991 509 2312 569 peratorem,
2345 503 2680 571 Anonymum
2703 514 2756 558 et
2783 505 3200 576 Metaphrastea,
3229 509 3316 579 qui
3336 525 3402 564 ex
3421 509 3581 567 Geor-

1989 591 2060 660 gii
2088 589 2306 646 faecibus
2333 592 2616 647 hauserant
2643 635 2656 658 ,
2686 595 2930 651 similiter
2957 600 3265 656 amandare.
3295 601 3426 656 Nam
3457 620 3578 659 cum

1992 681 2182 735 horum
2209 683 2328 735 vita:
2353 681 2718 754 Chrysostomi
2748 687 3066 756 scriptorum
3095 705 3257 760 opera
3289 691 3575 748 admodum

1985 771 2194 840 prolixa
2217 773 2343 839 sint,
2371 771 2554 828 Latine
2575 790 2833 830 conversa
2859 792 2962 830 non
2991 780 3283 847 potuissent
3308 781 3360 848 in
3387 782 3578 838 eodem

1989 863 2158 918 Tomo
2191 865 2450 919 contineri
2479 908 2495 933 ,
2535 875 2593 920 et
2630 869 2960 937 oportuisset
3001 871 3162 925 alium
3207 873 3470 928 adornare
3499 885 3582 928 to.

1991 970 2135 1009 mum
2158 972 2172 1020 ;
2194 956 2352 1026 idque
2378 959 2524 1012 nullo
2554 959 2744 1022 fructu,
2766 977 2886 1015 eum
2913 962 2978 1017 ad
3004 963 3163 1017 vitam
3185 963 3576 1036 Chrysostomi,

1991 1052 2048 1099 ut
2075 1047 2320 1115 superius
2345 1047 2542 1103 dictum
2569 1058 2672 1117 est,
2695 1051 2820 1105 nihil
2855 1053 3060 1122 possint
3081 1053 3272 1110 afferre
3299 1060 3575 1112 inminenti.

1991 1138 2323 1210 Quapropter
2351 1141 2432 1196 his
2460 1145 2696 1212 omissis,
2727 1159 2756 1198 a
2789 1145 2908 1200 Vita
2935 1145 3301 1218 Chrysostomi
3337 1166 3430 1220 per
3455 1150 3574 1206 Pal-

1991 1231 2187 1286 ladium
2217 1274 2232 1296 ,
2287 1234 2674 1306 llclenopoleos
2725 1239 3034 1308 episcopum
3089 1246 3144 1296 et
3193 1241 3576 1313 Chrysmtomo

1989 1337 2226 1379 co:evnm
2248 1367 2261 1390 ,
2289 1327 2607 1397 incipiemus
2637 1347 2650 1382 :
2683 1331 2771 1400 qui
2801 1330 3168 1402 Ghrysostomi
3199 1343 3377 1402 partes
3403 1330 3577 1389 seéta-

1991 1427 2106 1481 tus,
2143 1419 2302 1472 multa
2337 1421 2554 1485 retulit,
2588 1437 2706 1491 qua:
2737 1423 2850 1491 ipse
2882 1423 3086 1478 viderat
3107 1433 3164 1479 'et
3182 1437 3415 1496 quorum
3440 1441 3573 1480 con—

1989 1524 2108 1565 stvrs
2135 1509 2323 1564 fuerat.
2361 1501 2560 1566 Deinde
2600 1528 2727 1568 vero
2765 1515 2924 1568 vitam
2969 1515 3025 1570 S.
3063 1515 3298 1570 doctoris
3333 1530 3577 1587 Oppone-

1985 1615 2130 1666 mus,
2149 1615 2214 1655 ex
2241 1601 2357 1670 ejus
2380 1603 2610 1658 maxime
2628 1606 2839 1676 scriptis
2855 1615 2908 1660 et
2930 1623 2993 1660 ex
3019 1607 3122 1662 lide
3146 1607 3320 1678 dignis
3345 1609 3577 1664 auctori-

1992 1687 2091 1741 bus
2114 1705 2144 1742 a
2173 1690 2326 1744 nobis
2355 1691 2688 1746 adornatam.

2819 1830 2954 1840 —_

1613 2111 2210 2194 ADMONITIO

1115 2243 1220 2303 DE
1263 2243 1824 2312 SCRIPTORIBUS
1867 2251 2142 2315 RERUM
2186 2255 2776 2334 CHRYSOSTOM],

319 2357 412 2417 ET
455 2360 903 2418 PllrESERTIM
941 2362 1246 2418 GEORGIO
1285 2364 1737 2435 (λκΕτῐΞΙὶιδρυΕ
1777 2369 1906 2427 ΒΙΟ(

1978 2369 2187 2432 .APlllS
2225 2377 2774 2437 RECENTIORIBUS
2809 2382 3039 2439 CAUTE
3081 2375 3434 2440 [.EGENDIS.

1619 2505 1722 2553 -ο-ἓὶ
1733 2504 2135 2561 ιριςεὲὶηι
2148 2513 2250 2560 (2-0-

348 2653 366 2687 ι
405 2633 482 2688 ad
515 2634 816 2703 scriptores
849 2649 1024 2689 rerum
1047 2633 1415 2706 Chrysostomi
1438 2636 1678 2706 quaedam
1705 2639 1876 2694 adno-

272 2734 448 2778 taturo
495 2723 881 2778 constituenda
925 2723 1054 2778 mihi
1101 2733 1226 2778 ante
1267 2727 1446 2780 omnia
1495 2727 1702 2783 videtur
1739 2730 1876 2784 ratio

285 2827 580 2886 temporum
607 2857 624 2882 ,
655 2831 762 2886 qua
793 2816 894 2870 rite
921 2817 1282 2887 constabilita,
1310 2831 1501 2874 etetera
1533 2820 1660 2876 fient
1686 2822 1877 2878 diluci-

277 2907 451 2972 diora,
483 2917 538 2962 ct
565 2909 732 2962 multa
766 2909 818 2962 in
843 2908 941 2964 hac
967 2909 1184 2964 historia
1211 2911 1368 2965 duhia
1395 2913 1707 2978 dissolvere,
1734 2915 1873 2968 mul-

288 3011 367 3056 tos
401 2999 781 3056 historicorum
826 3016 1037 3057 errores
1074 3002 1357 3058 chronicos
1386 3020 1490 3060 non
1530 3007 1632 3062 erit
1658 3007 1876 3064 difﬁcile

289 3091 585 3160 castigare:
619 3107 738 3160 qua:
770 3101 966 3156 tamen,
999 3100 1054 3146 ut
1077 3109 1194 3148 mea
1219 3095 1420 3162 omnia,
1444 3095 1702 3152 lectorum
1727 3097 1874 3168 judi-

282 3183 368 3236 cio
393 3183 476 3237 vel
516 3181 818 3251 recipienda
841 3223 857 3248 ,
889 3184 968 3238 vel
1001 3183 1329 3254 repudianda
1366 3187 1628 3257 relinquo.
1658 3189 1734 3243 Ac
1763 3189 1874 3258 pri-

283 3290 428 3327 munt
467 3273 535 3328 de
563 3273 650 3328 die
689 3283 744 3328 et
772 3274 1024 3340 consule,
1071 3291 1177 3346 quo
1208 3285 1362 3331 natus
1391 3287 1472 3332 est
1499 3277 1736 3334 Joannes
1774 3293 1872 3332 no-

285 3376 416 3430 ster,
447 3379 608 3420 nemo
646 3375 885 3420 veterum
925 3366 1236 3422 Gnecomm
1277 3367 1566 3438 quidquam
1608 3369 1869 3438 prodidit,

287 3473 444 3509 uenio
488 3457 842 3511 recentiorum
875 3474 888 3511 :
918 3458 1053 3537 adeo
1097 3468 1223 3513 sunt
1256 3475 1578 3530 magnorum
1599 3461 1832 3515 virorum
1854 3501 1868 3525 ,

287 3548 506 3616 perinde
544 3562 609 3602 ac
635 3547 911 3602 ﬂuviorum
937 3591 952 3616 ,
983 3560 1134 3605 ortus
1174 3551 1422 3618 obscuri,
1465 3567 1780 3622 prOgrcssus
1819 3563 1873 3608 et

285 3640 464 3692 exitus
487 3640 778 3708 conspicui.
811 3640 1114 3696 Secundum
1134 3683 1150 3709 ,
1183 3641 1402 3697 Joannis
1435 3654 1661 3712 patrem,
1691 3645 1870 3713 paucis

286 3737 405 3798 post
431 3731 756 3786 nativitatem
788 3730 876 3784 lilii
904 3731 1090 3786 diebus
1111 3773 1125 3798 ,
1158 3747 1224 3786 an
1253 3733 1524 3788 mensibus
1553 3732 1770 3801 obiisse,
1799 3750 1866 3788 ex

287 3823 471 3876 matris
503 3821 570 3876 ad
593 3821 852 3878 Joannem
879 3823 1054 3878 verbis
1097 3825 1296 3894 liquet,
1324 3825 1416 3881 lib.
1463 3827 1485 3880 l
1521 3825 1588 3880 de
1608 3824 1872 3881 Sacerdo-

293 3914 362 3966 tio
392 3929 448 3966 n.
477 3914 512 3968 5
539 3931 552 3966 :
586 3911 776 3968 Partus
803 3915 876 3967 tui
901 3913 1102 3968 dolores
1139 3916 1330 3986 excepit
1360 3915 1524 3970 obitus
1551 3917 1728 3986 patris.
1751 3915 1868 3971 Jam

289 4021 404 4062 cum
442 4017 616 4062 mater
645 4007 810 4078 ipsius
837 4024 1006 4065 annos
1032 4010 1304 4066 viduitatis
1331 4011 1605 4082 explesset
1646 4011 1866 4082 viginti,

285 4110 504 4168 apparet
539 4113 659 4154 eum
698 4099 872 4156 adhuc
896 4101 1194 4156 Antiochia:
1221 4101 1273 4156 in
1303 4103 1484 4158 schola
1511 4101 1720 4157 Libanii
1751 4119 1870 4156 ver-

283 4197 478 4256 satum,
513 4204 582 4244 ex
621 4191 787 4260 ipsius
817 4191 1186 4264 Chrysostomi
1213 4194 1412 4260 verbis,
1443 4195 1592 4250 Orat.
1625 4195 1650 4249 1
1681 4195 1748 4249 ad
1775 4195 1871 4250 Vi-

281 4281 439 4336 duam
461 4283 581 4352 jun.
598 4301 612 4337 :
631 4282 768 4338 Nam
789 4294 835 4340 et
862 4301 953 4356 ego
971 4286 1246 4358 aliquando
1261 4302 1374 4341 cum
1391 4303 1545 4342 essem
1558 4287 1758 4358 junior,
1778 4281 1868 4342 do-

281 4375 408 4426 etori
437 4389 546 4428 meo
576 4373 872 4448 (Libanio),
907 4387 1015 4432 erat
1043 4388 1210 4434 autem
1236 4378 1324 4434 ille
1351 4381 1575 4434 omnium
1604 4379 1868 4434 hominum

283 4465 499 4518 maxime
533 4469 939 4536 superstitiosus,
969 4480 1073 4526 etc.
1097 4512 1113 4538 ,
1157 4485 1328 4542 usque
1357 4471 1422 4527 ad
1454 4471 1614 4526 verba
1633 4513 1648 4538 ,
1695 4473 1868 4542 quales

283 4557 515 4612 mulieres
554 4560 691 4629 apud
717 4561 1018 4617 christianos
1051 4574 1168 4618 sunt
1198 4563 1286 4632 (Τ.
1321 4561 1362 4618 l.
1399 4563 1466 4618 ad
1493 4563 1722 4619 Viduam
1746 4564 1863 4634 jun.

283 4664 338 4702 η.
364 4649 457 4718 2).
489 4651 639 4716 Quod
672 4651 716 4706 si
750 4667 1006 4709 muneras
1045 4655 1147 4710 iste
1175 4655 1358 4725 viginti
1399 4670 1660 4710 annorum
1693 4657 1868 4726 justus

280 4748 380 4805 est,
429 4755 534 4794 non
578 4741 868 4809 rotundus,
912 4743 1051 4814 quod
1081 4743 1310 4800 fortasse
1337 4747 1547 4812 verius,
1583 4755 1638 4800 ut
1679 4745 1868 4801 demus

281 4831 463 4884 statim
489 4841 608 4898 post
638 4833 860 4888 Joannis
895 4843 1068 4890 ortum
1099 4847 1302 4905 patrem
1345 4837 1668 4903 decessisse,
1697 4851 1867 4892 annos

281 4931 461 4976 natum
491 4923 768 4978 minimum
795 4926 978 4996 viginti
1010 4927 1061 4982 in
1084 4928 1350 4982 auditorio
1376 4928 1578 4983 Libanii
1603 4928 1864 4984 Joannem

281 5011 500 5068 laesisse
524 5029 744 5070 necesse
779 5027 882 5072 est.
908 5017 1175 5074 Palladius
1219 5034 1416 5075 annum
1445 5033 1689 5076 octavum
1715 5021 1862 5078 deci-

280 5119 419 5156 nmm
450 5113 694 5174 agentem
725 5108 975 5162 oratoria:
1001 5124 1218 5180 operam
1257 5111 1470 5167 dedisse
1499 5121 1739 5168 testatur.
1767 5112 1867 5168 Cc-

276 5191 474 5247 drenus
498 5195 700 5250 diserte
737 5199 924 5253 scribit
953 5191 1094 5254 anno
1121 5201 1293 5256 :etatis
1319 5201 1527 5257 decimo
1557 5213 1746 5258 octavo
1769 5202 1865 5258 de-

275 5285 507 5341 stituisse
549 5287 846 5344 Libanium.
891 5291 1152 5362 Georgius
1197 5303 1253 5348 et
1290 5292 1400 5348 Leo
1441 5293 1542 5348 hoc
1580 5295 1694 5364 ipso
1723 5310 1865 5350 anno

275 5376 494 5432 Athenis
529 5377 678 5449 (quo,
709 5389 765 5434 ut
789 5381 986 5446 ferum,
1019 5392 1139 5453 post
1160 5384 1546 5442 Antiochenam
1577 5387 1862 5443 institutio-

273 5483 389 5523 nem
417 5471 718 5526 studiorum
747 5487 906 5528 causa
944 5474 1284 5546 migraverat)
1315 5475 1539 5532 rediisse
1586 5477 1816 5546 produnt
1845 5496 1860 5534 :

270 5562 352 5615 alii
378 5577 524 5617 anno
549 5563 728 5617 artatis
753 5563 1042 5632 sedecimo,
1067 5565 1275 5637 longius
1291 5567 1467 5622 adhuc
1495 5582 1524 5622 a
1552 5583 1679 5623 vero
1709 5569 1864 5625 aber-

270 5666 458 5710 rantes.
515 5655 753 5725 Expleta
803 5655 958 5726 igitur
986 5673 1126 5714 anno
1154 5644 1408 5713 vicesimo
1455 5659 1674 5728 (neque
1720 5660 1860 5714 enim
1903 5681 1908 5689 ·

271 5749 442 5815 plures
470 5764 676 5821 ponere
705 5750 900 5818 pat'tur
920 5766 1016 5806 nos
1037 5751 1369 5820 sequentium
1394 5753 1626 5808 calculus
1659 5761 1863 5822 tempo-

1985 2641 2124 2692 rum,
2153 2643 2253 2683 nee.
2279 2631 2556 2698 pauciores
2573 2633 2732 2688 verba
2757 2633 3127 2706 Chrysostomi
3155 2637 3196 2706 ),
3223 2635 3450 2692 desertis
3465 2640 3578 2692 sth-

1989 2716 2091 2772 diis
2107 2718 2430 2788 juvenilibus
2455 2723 2772 2796 eloquentiae
2797 2737 2851 2780 et
2881 2727 3232 2796 philosophia:
3254 2729 3466 2799 argutiis
3487 2744 3574 2783 so-

1983 2806 2178 2876 phistae
2202 2808 2406 2864 Libanii
2445 2812 2651 2882 longum
2680 2815 2788 2868 rate
2811 2815 2980 2869 dicens
3010 2817 3104 2885 (att
3143 2817 3446 2887 Georgius),
3479 2821 3566 2873 ad-

1984 2901 2190 2958 hzcrcre
2215 2905 2378 2974 cmpit
2413 2905 2472 2958 Β.
2521 2907 2753 2973 Meletio,
2785 2908 3038 2978 episcopo
3075 2909 3407 2964 Antiocheno
3429 2951 3442 2974 ,
3471 2921 3572 2965 nec

1983 2993 2052 3048 ah
2087 2994 2204 3064 eius
2231 3006 2480 3066 umquam
2513 2999 2679 3053 latere
2706 2999 3018 3067 discedere;
3045 3017 3072 3054 a
3111 3017 3217 3072 quo
3248 3003 3414 3057 sacris
3441 3003 3574 3073 dog-

1981 3087 2211 3141 matibus
2247 3089 2530 3158 diligenter
2553 3091 2840 3146 instructus
2860 3103 2944 3159 et,
2977 3093 3241 3162 baptismo
3269 3103 3387 3162 post
3410 3097 3574 3150 trien-

1982 3178 2127 3233 nium
2153 3180 2310 3248 ferme
2331 3182 2664 3242 illuminatus.
2700 3183 2868 3239 lector
2895 3186 3170 3241 ordinatus
3199 3197 3282 3242 est
3308 3205 3321 3240 :
3351 3190 3426 3244 sic
3450 3189 3572 3244 Pal-

1981 3268 2182 3332 ladius,
2214 3271 2486 3326 Cedrenus
2507 3313 2521 3336 ,
2552 3273 2660 3327 alii.
2703 3274 2800 3328 llic
2833 3290 2959 3345 ergo
2985 3292 3154 3331 annos
3191 3277 3356 3333 habes
3386 3289 3490 3333 tres
3517 3287 3572 3334 et

1979 3359 2184 3429 viginti.
2215 3361 2366 3416 Circa
2406 3360 2508 3418 hoc
2555 3371 2760 3432 tempus
2803 3373 3025 3420 matrem
3069 3366 3266 3421 ohiisse
3302 3369 3575 3436 probabile

1978 3461 2086 3511 est;
2120 3451 2397 3522 ipsumque
2419 3454 2541 3507 vitro
2571 3470 2629 3508 se
2649 3454 2899 3523 deinceps
2922 3457 3248 3524 Iminasticie,
3273 3474 3428 3528 quam
3461 3477 3572 3514 ma-

1981 3545 2144 3598 ternis
2171 3546 2416 3614 precibus
2444 3547 2611 3600 vietus
2648 3548 2926 3604 distulerat
2963 3551 3140 3604 verius
3163 3567 3320 3621 quam
3361 3553 3573 3622 abiece-

1977 3646 2092 3700 rat,
2136 3637 2436 3693 tradidissc.
2475 3639 2890 3705 Quadriennium
2931 3641 3122 3696 vixisse
3153 3642 3202 3696 in
3247 3645 3570 3699 monasterio

1977 3729 2273 3784 Antiochim
2301 3731 2476 3786 vicino
2502 3746 2690 3788 omnes
2711 3735 2997 3804 scriptores
3025 3744 3306 3804 t'stantur,
3337 3749 3440 3792 tam
3469 3749 3568 3794 ve-

1979 3826 2117 3875 teres
2155 3836 2313 3889 quam
2361 3823 2718 3890 recentiores,
2767 3839 3150 3896 sacrorumque
3191 3827 3448 3882 librorum
3489 3829 3566 3883 le-

1975 3909 2157 3974 ctioni,
2187 3919 2233 3963 et
2257 3912 2484 3965 asceticis
2502 3913 2666 3979 rebus,
2695 3915 2832 3982 apud
2855 3913 3152 3970 Cartcriutn
3175 3926 3230 3970 et
3256 3916 3564 3985 Diodorum,

1977 4007 2095 4052 tunc
2117 4003 2422 4055 monasterio
2449 4005 2744 4072 praepositos
2763 4046 2776 4067 ,
2808 4019 3022 4074 operam
3052 3993 3284 4061 dedisse.
3317 4007 3440 4061 llaec
3468 4007 3569 4063 So-

1973 4103 2166 4148 crates.
2203 4093 2276 4147 Ex
2304 4095 2494 4164 quibus
2526 4096 2806 4162 Diodorus,
2833 4102 3026 4154 postea
3053 4098 3330 4154 Tarsensis
3355 4101 3566 4168 cpisco-

1975 4198 2106 4253 pus,
2136 4187 2299 4238 multa
2339 4186 2550 4253 scripsit
2589 4187 2834 4242 literato»:
2877 4189 3162 4242 divinarum
3185 4187 3565 4258 Seriptururum

1972 4292 2172 4330 sensum
2213 4277 2358 4330 unice
2393 4293 2576 4332 curans
2615 4295 2888 4349 earumque
2924 4273 3115 4350 ﬁguras
3165 4279 3464 4350 (allegorias
3510 4290 3565 4336 et

1971 4383 2268 4438 anagogas,
2305 4368 2525 4438 quibus,
2567 4383 2724 4438 supra
2764 4385 2922 4440 quam
2957 4387 3048 4439 per
3077 4380 3228 4436 erat,
3271 4372 3564 4428 delectatus

1975 4458 2440 4534 l'neratOrigencs)
2459 4461 2711 4530 rejieieus.
2733 4461 2901 4528 Quam
2925 4461 3372 4530 interpretationis
3395 4465 3564 4518 ratio-

1972 4569 2093 4610 nem
2118 4557 2149 4608 a'
2175 4556 2428 4625 magistro
2483 4565 2752 4610 mutuatus
2788 4557 2995 4610 videtur
3043 4555 3129 4611 hic
3159 4565 3358 4622 noster,
3404 4569 3564 4623 quem

1971 4647 2186 4704 nonnisi
2211 4648 2424 4717 prmfata
2448 4649 2601 4704 venia
2617 4647 2731 4704 fere
2747 4647 2811 4702 ad
2831 4647 3112 4718 allegorias
3128 4647 3454 4703 descendere
3485 4650 3561 4703 vi-

1935 4775 1946 4780 -
1971 4740 2181 4797 demus.
2195 4739 2469 4798 Cedrenus
2484 4741 2650 4796 solius
2669 4740 2909 4795 meminit
2921 4739 3165 4794 Carterii.
3182 4739 3449 4797 Palladius
3465 4740 3562 4811 Sy-

1973 4849 2090 4888 rum
2117 4832 2400 4902 quemdam
2420 4846 2602 4887 senem
2621 4841 3004 4886 commemorat
3023 4830 3364 4884 continentiae
3383 4830 3564 4898 impri-

1972 4923 2075 4982 mis
2092 4922 2410 4987 studiosum,
2427 4921 2512 4977 cui
2529 4936 2587 4976 se
2603 4921 2807 4976 socium
2826 4920 2878 4974 in
2898 4921 3226 4975 monasterio
3239 4920 3386 4976 dedit
3403 4919 3565 4974 Joan-

1970 5031 2088 5071 nes.
2119 5014 2309 5070 Utrum
2337 5028 2400 5069 ex
2428 5011 2638 5067 duobus
2665 5011 2769 5067 illis
2811 5027 2947 5066 unus
2979 5010 3136 5066 fuerit
3158 5011 3258 5065 iste
3279 5010 3466 5080 Syrus,
3497 5025 3561 5064 an

1971 5107 2150 5177 potius
2181 5105 2502 5176 llesycbius,
2533 5105 2698 5175 Syrus
2726 5121 2905 5176 genere
2930 5119 2961 5163 a
2983 5103 3214 5174 Georgio
3233 5106 3557 5165 nominatus,

1970 5216 2076 5256 non
2107 5214 2322 5270 possum
2354 5207 2610 5254 statuere.
2635 5197 2715 5252 Ex
2739 5206 2846 5252 tota
2881 5205 3028 5252 certe
3047 5196 3260 5267 Georgii
3291 5196 3556 5250 narratio-

1971 5307 2072 5358 ne,
2101 5289 2432 5346 mouasterio
2469 5289 2514 5349 si
2551 5305 2658 5345 non
2703 5287 3014 5358 prmfuisse,
3051 5296 3199 5344 certe
3240 5287 3306 5342 ad
3344 5301 3558 5340 omnem

1969 5385 2222 5454 pietatem
2253 5383 2530 5454 prmivisse
2574 5383 2828 5438 fratribus
2869 5381 3040 5452 iisque
3071 5380 3282 5450 regulas
3303 5387 3560 5434 ascetteas

1969 5461 2295 5540 condidisse,
2319 5475 2497 5544 potius
2515 5485 2674 5545 quam
2701 5474 2801 5529 sub
2821 5473 3039 5527 alterius
3063 5469 3340 5538 disciplina
3363 5469 3557 5524 vixisse

1976 5571 2248 5626 videatur.
2274 5569 2484 5624 Relicto
2509 5578 2631 5639 post
2655 5563 3058 5637 quadriennium
3089 5552 3189 5614 hoc
3209 5563 3552 5627 monasterio,

1971 5661 2240 5718 desiderio
2285 5659 2632 5716 delitesceudi
2682 5657 3023 5727 remotiorem
3067 5668 3307 5708 eremum
3360 5655 3551 5724 petiit:

1937 5762 1940 5766 '
1975 5754 2186 5825 illicque
2226 5753 2492 5824 speluncae
2536 5750 2767 5806 inclusus
2811 5745 3081 5801 biennium
3120 5746 3286 5802 ferme
3333 5745 3552 5816 perc-git.
