4018 6474
389 271 400 279 ο
454 298 599 343 XXVII

454 412 627 478 Atque
649 403 716 463 de
744 405 843 458 hoc
870 400 1143 469 sexennio;
1173 402 1230 455 ut
1250 388 1379 468 dixi,
1409 400 1548 456 inter
1569 410 1815 453 auctores
1835 412 2031 452 conve-

455 501 552 555 ait.
586 497 713 553 inde
758 494 824 550 ad
854 494 1041 550 urbem
1077 496 1343 557 reversus.
1375 493 1632 556 diaconus
1669 507 1698 547 a
1730 494 1787 547 S.
1831 490 2041 545 Melezio

456 588 623 659 (quod
646 590 783 642 inter
807 599 994 641 omnes
1013 584 1244 653 constat)
1267 584 1378 655 jam
1401 584 1787 654 proiicisccnte,
1813 591 1869 636 ut
1890 589 2038 652 puto,

453 678 966 749 Constantinopolim
982 678 1048 732 ad
1064 677 1351 733 secundam
1369 676 1628 748 synodum
1647 675 2040 741 celebrandam,

454 786 601 826 anno
645 769 855 843 Domini
899 769 998 825 381
1033 768 1270 833 ineunte,
1300 767 1597 831 ordinatus,
1623 766 2043 837 quinquennium

460 861 779 918 venerandis
806 860 1127 916 ministravit
1153 860 1427 914 altaribus.
1459 858 1596 913 Nam‘
1620 857 1761 929 quod
1788 866 1909 928 post
1938 857 2047 911 Me-

456 954 564 1010 letii
598 964 849 1017 mortem,
877 966 996 1022 qua:
1018 952 1134 1021 ipso
1153 956 1394 1021 tempore
1420 951 1666 1004 secundm
1694 948 1879 1020 synodi
1902 947 2046 1002 acci-

460 1038 559 1100 dit,
590 1037 840 1092 Socrates
868 1036 946 1090 ait
976 1054 1003 1103 :7
1023 1035 1279 1089 Heredem
1319 1035 1547 1089 Joannes
1575 1054 1605 1088 α
1633 1034 1920 1088 Meletiunis
1966 1032 2050 1104 (ea:

463 1128 599 1191 urbe,
631 1127 801 1197 inquit
816 1125 1096 1197 Georgius)
1112 1135 1211 1180 (res
1231 1128 1449 1196 integros
1465 1128 1625 1179 annos
1644 1125 1912 1196 tranquille
1926 1125 2050 1193 egit;

465 1229 800 1273 remuneratur
818 1219 873 1272 in
892 1218 1197 1273 monasterio
1224 1218 1275 1272 in
1307 1235 1405 1289 quo
1449 1218 1669 1289 primum
1697 1227 1803 1272 erat
1822 1259 1836 1281 ,
1883 1218 2052 1286 inquit

462 1309 753 1379 Georgius;
786 1309 1070 1364 triennium
1092 1309 1214 1374 hoc,
1248 1317 1307 1364 ut
1332 1311 1640 1380 importune
1665 1319 1848 1364 contra
1880 1310 2049 1363 ratio-

464 1417 588 1458 nem
617 1413 938 1473 temporum,
961 1411 1021 1457 ut
1047 1404 1100 1458 in
1129 1402 1478 1473 sequentibus
1502 1402 1910 1467 monstrabitur,
1939 1402 2054 1456 Pal-

466 1493 608 1549 ladio
632 1496 792 1551 etiam
823 1512 931 1551 non
962 1495 1309 1564 suffragante,
1344 1492 1702 1564 inte'rjectum,
1734 1512 1798 1550 ex
1831 1510 2055 1549 numero

465 1604 724 1644 annorum
757 1586 1127 1661 Chrysostomi
1160 1587 1498 1644 eximendum
1545 1603 1761 1642 censeo.
1794 1588 1920 1642 Post
1944 1588 2058 1640 (iiIi-

467 1690 713 1736 conatum
746 1697 893 1751 ergo,
938 1682 1217 1752 presbyter
1245 1680 1458 1745 deinde,
1495 1679 1637 1750 quod
1688 1679 1827 1732 inter
1870 1690 2056 1731 omnes

466 1772 736 1836 convenit,
756 1780 876 1840 post
903 1785 1073 1825 annos
1102 1769 1336 1840 quinque
1363 1785 1393 1823 a
1417 1769 1671 1824 Flaviano
1695 1769 1846 1839 (neu,
1867 1775 1923 1821 ut
1945 1768 2058 1821 vult

466 1861 733 1926 Socrates,
770 1859 1013 1931 Evagrio,
1061 1859 1268 1915 Paulini
1298 1860 1653 1931 successore),
1692 1858 1847 1937 quod
1870 1868 2051 1928 postea

467 1955 835 2021 ostendemus,
875 1953 1152 2009 ordinatus
1178 1962 1281 2008 est.
1317 1952 1404 2009 Sic
1441 1951 1702 2008 habemus
1726 1967 1755 2005 a
1788 1952 2060 2007 nativitate

473 2052 696 2108 Joannis
722 2066 889 2122 usque
915 2050 980 2105 ad
1007 2049 1219 2104 deserta
1260 2048 1432 2103 studia
1454 2046 1710 2117 juvenilia
1751 2059 1939 2106 annos,
1973 2056 2062 2098 se:

471 2148 702 2203 cundum
733 2146 1172 2219 Chrysostomum
1204 2147 1397 2213 ipsum,
1416 2140 1622 2211 viginti,
1642 2136 1747 2203 vel,
1766 2130 2064 2192 secundum

471 2239 627 2305 alios,
660 2237 956 2293 octodecim
993 2255 1006 2292 :
1034 2236 1175 2306 apud
1217 2235 1485 2290 Melctium
1524 2246 1694 2289 annos
1718 2232 1887 2287 ferme
1920 2240 2062 2291 tres;

473 2330 599 2386 inde
624 2332 684 2385 in
704 2346 889 2388 eremo
909 2345 1079 2385 annos
1111 2331 1279 2384 ferme
1299 2345 1391 2383 sex
1426 2346 1441 2384 :
1469 2328 1521 2382 in
1550 2328 1759 2382 diaconi
1787 2326 1951 2397 gradu
1973 2341 2067 2379 au—

475 2436 573 2480 nos
604 2427 855 2496 quinque,
888 2434 961 2493 et,
987 2433 1236 2493 exempto
1264 2422 1601 2478 illoSocratis
1628 2430 1683 2475 et
1707 2420 2064 2474 recentiorum

477 2517 726 2581 triennio,
759 2517 812 2572 in
861 2516 1156 2589 presbyteri
1187 2517 1354 2586 gradu
1384 2530 1552 2569 annos
1581 2512 1886 2569 duodecim.
1914 2498 2068 2578 Quod

475 2613 521 2665 'si
551 2613 690 2682 pleni
732 2612 931 2669 iuerint
957 2612 1011 2666 hi
1040 2612 1187 2676 anni,
1221 2628 1325 2665 non
1362 2611 1476 2665 cavi
1518 2618 1610 2664 aut
1636 2608 1879 2663 labentes
1903 2607 2067 2677 (quod

483 2704 661 2773 potius
681 2719 821 2768 reor,
850 2703 901 2758 in
930 2705 1084 2758 annis
1114 2703 1408 2773 praesertim
1436 2710 1559 2756 ante
1586 2701 1946 2765 diaconatum,
1973 2710 2071 2768 pro

478 2803 629 2849 more
668 2793 907 2849 omnium
958 2793 1071 2849 fere
1112 2803 1388 2848 auctorum
1422 2806 1673 2847 numeros
1702 2805 1845 2860 saepe
1870 2805 2070 2860 augen-

486 2887 638 2952 tium,
666 2894 721 2940 et
744 2886 865 2956 quia
896 2885 1215 2939 vocabulum
1242 2883 1410 2938 lenne
1438 2883 1518 2938 bis
1547 2898 1574 2936 a
1604 2882 1839 2937 Palladio
1871 2880 2070 2949 repeti-

483 2976 596 3031 tum
623 2974 751 3048 est),
783 2991 812 3029 a
843 2976 1119 3030 nativitate
1152 2975 1218 3029 ad
1260 2975 1623 3045 episcopatum
1662 2973 1788 3028 anni
1815 2972 2072 3041 colligen-

488 3076 575 3121 tur
601 3066 691 3121 46.
720 3066 872 3134 Quod
901 3068 944 3120 si
972 3064 1109 3120 duos
1132 3080 1301 3119 annos
1329 3080 1449 3122 Cum
1480 3063 1716 3120 Palladio
1734 3071 1789 3120 et
1810 3063 2077 3119 receptio.

489 3156 637 3212 ribus
655 3156 931 3211 deluamus
956 3171 1019 3212 ex
1038 3156 1228 3212 studiis
1238 3157 1593 3227 juvenilibus;
1616 3165 1671 3210 et
1693 3169 1890 3210 annum
1912 3168 2074 3209 unum

487 3252 583 3315 pro
608 3247 696 3301 illo
726 3246 806 3302 bis
828 3247 1053 3316 repetito
1080 3245 1279 3311 ferme;
1307 3246 1437 3301 anni
1464 3253 1667 3301 tantum
1687 3253 1845 3301 erunt
1860 3245 1947 3300 t5.
1972 3243 2080 3298 Re-

428 3342 431 3349 '
491 3325 631 3409 liqua
653 3339 905 3410 deinceps
932 3354 1118 3410 prona,
1148 3339 1474 3409 epocha'que
1492 3347 1674 3405 certm,
1694 3352 1801 3392 non
1816 3348 2077 3391 annorum

489 3438 715 3496 tantum,
739 3430 833 3485 sed
863 3436 919 3485 et
942 3430 1205 3485 mensium
1240 3428 1624 3499 propemodum
1652 3439 1703 3483 et
1733 3428 1964 3483 dierum.
1992 3427 2079 3481 ln-

489 3532 573 3578 tcr
596 3537 782 3578 omnes
818 3522 1087 3586 convenit,
1132 3529 1238 3575 tam
1285 3529 1499 3575 veteres
1539 3536 1697 3590 quam
1729 3520 2076 3585 recentiores,

488 3607 749 3668 Joannem
783 3611 853 3666 ab
877 3611 1106 3667 Arcadio
1129 3611 1370 3681 Augusto
1406 3610 1708 3675 Antiochia,
1743 3611 1832 3666 ubi
1859 3610 2081 3681 presby-

491 3712 576 3758 ter
601 3703 717 3766 iuit,
758 3702 985 3758 accitum
1028 3703 1081 3757 in
1127 3703 1256 3757 sella
1296 3703 1585 3773 episcopali
1618 3702 2083 3771 Constantinopoli

495 3799 750 3865 iocatum,
770 3799 921 3854 Coss.
949 3798 1187 3853 ilonorio
1203 3799 1237 3852 4
1251 3808 1303 3853 et
1323 3798 1674 3870 Eutychiano,
1700 3797 1798 3852 hoc
1818 3805 1920 3861 est,
1943 3810 2084 3850 anno

491 3892 710 3959 Christi,
744 3900 801 3947 ut
829 3906 929 3947 nos
955 3906 1318 3952 numeramus,
1347 3890 1474 3957 598,
1522 3888 1794 3944 Februarii
1823 3888 1915 3953 26,
1955 3886 2086 3943 sede

495 3984 732 4054 urbeque
762 3985 971 4055 pulsum
995 3984 1085 4057 (de
1107 3984 1400 4053 posteriore
1418 3984 1607 4039 exsilio
1632 3983 1850 4052 iOquor;
1877 3998 1996 4037 nam
2019 3981 2086 4037 de

496 4077 673 4147 priore
708 4088 891 4149 postea
930 4076 1247 4149 videbimus)
1278 4076 1515 4133 Honorio
1556 4079 1609 4143 ti,
1655 4086 1710 4131 et
1761 4077 2085 4131 Aristamato

495 4168 677 4236 (3053.,
705 4169 793 4239 qui
820 4184 991 4224 annos
1015 4179 1099 4225 est
1138 4169 1349 4225 Domini
1375 4170 1501 4237 404-,
1531 4169 1786 4224 vicesimo
1810 4169 1897 4223 die
1921 4168 2085 4233 Junii,

501 4263 640 4325 sive,
674 4272 731 4318 ut
756 4265 843 4317 alii
873 4265 1181 4334 loquuntur,
1217 4264 1450 4335 quinque
1479 4265 1673 4319 diebus
1702 4273 1822 4334 post
1847 4264 2088 4334 comple—

498 4362 605 4410 tam
636 4356 1008 4413 Pentecosten.
1044 4359 1108 4412 Et
1135 4357 1351 4428 quidem
1378 4356 1588 4412 decimo
1630 4357 1786 4411 tertio
1835 4366 1950 4424 post
1979 4356 2087 4417 die,

500 4445 601 4500 hoc
627 4455 728 4512 cst,
757 4450 914 4502 tertio
942 4448 1090 4514 Julii,
1119 4449 1240 4503 data
1271 4458 1351 4503 cst
1374 4448 1594 4504 Joannis
1623 4449 1790 4503 nostri
1817 4450 1881 4502 ad
1908 4448 2095 4519 Olvtué

503 4538 710 4608 piatis-nt
751 4539 974 4609 epistola
1013 4554 1186 4602 noua;
1227 4547 1284 4594 et
1322 4539 1578 4608 postridie
1619 4539 1739 4614 ejus
1781 4540 1909 4607 diei,
1941 4555 2020 4594 se.
2060 4541 2095 4594 4

502 4629 627 4683 Julii
666 4630 748 4684 vel
790 4629 1007 4685 Panemi
1047 4631 1268 4697 mensis,
1311 4631 1476 4684 altera
1510 4629 1577 4685 ad
1605 4622 2005 4687 Constantium.
2038 4630 2094 4686 ιιι

509 4723 610 4777 hoc
635 4722 827 4776 exsilio
857 4722 986 4777 vixit
1012 4721 1209 4777 Cucusi
1240 4736 1437 4776 annum
1467 4736 1650 4786 unum,
1683 4721 1922 4779 Arabissi
1948 4722 2100 4777 bien-

506 4814 675 4881 nium,
706 4814 928 4885 reliquis
951 4814 1226 4869 mensibus
1255 4814 1307 4869 in
1356 4814 1545 4870 itinere
1581 4815 1884 4887 Pityttntetn
1910 4829 2100 4871 versus

506 4907 858 4976 consumptis,
881 4923 988 4977 quo
1006 4915 1180 4962 tamen
1198 4915 1303 4962 non
1323 4908 1586 4977 pervenit,
1610 4918 1784 4963 morte
1801 4917 2101 4979 pra-ventus

510 4992 783 5064 Cumanis,
817 4997 1054 5053 lionorio
1080 5000 1111 5053 ’ἵ
1145 5010 1200 5054 et
1234 4999 1536 5054 Theodosio
1564 5000 1753 5056 iterum
1782 5001 1961 5067 (loss,
1999 4999 2102 5054 hoc

515 5098 619 5158 est,
648 5106 789 5148 anno
814 5089 1011 5148 Christi
1038 5092 1141 5148 607
1173 5111 1188 5148 :
1217 5092 1360 5162 quod
1386 5095 1524 5149 inter
1551 5109 1741 5150 omnes
1765 5101 1995 5149 constat.
2026 5092 2104 5148 De

514 5198 705 5239 mense
743 5184 1103 5239 controversia
1129 5192 1215 5239 est
1245 5202 1257 5238 :
1290 5182 1539 5241 Socrates
1578 5184 1665 5241 die
1698 5185 1762 5240 14
1787 5183 2104 5240 Novembris

515 5279 713 5334 abiisse
740 5277 927 5332 scribit
976 5294 990 5329 :
1042 5276 1325 5349 Georgius,
1365 5287 1421 5333 et
1457 5289 1578 5348 post
1612 5294 1734 5335 eum
1776 5269 2105 5334 recentiores

516 5374 720 5434 omnes,
741 5380 795 5425 et
820 5367 1217 5438 Calendarium,
1250 5378 1308 5426 ut
1335 5370 1563 5438 videtur,
1596 5372 1893 5427 Romanum
1928 5370 2018 5425 die
2042 5371 2106 5447 i4

517 5458 874 5532 Septembris,
925 5465 1040 5535 ipso
1069 5465 1405 5520 exaltationis
1442 5464 1500 5520 S.
1533 5465 1724 5519 Crucis
1748 5464 1857 5519 die.
1887 5464 2025 5532 Quin
2054 5474 2106 5518 ιιι

521 5551 661 5619 apud
692 5555 964 5611 Socratem
996 5555 1328 5625 Septembris
1363 5554 1644 5626 legendum
1674 5569 1791 5609 esse
1806 5563 2016 5609 constat
2040 5571 2105 5611 cx

528 5644 694 5697 \eleri
748 5645 907 5699 latina
953 5648 1392 5717 interpretatione
1427 5648 1478 5703 in
1518 5641 1824 5703 Cassiodori
1876 5646 2105 5701 ilistoria

526 5728 789 5804 tripertita
824 5736 913 5790 lih.
950 5728 1035 5804 i0,
1064 5757 1110 5791 c.
1147 5741 1233 5794 i8.
1268 5738 1339 5793 ita
1381 5738 1449 5793 ab
1492 5738 1642 5794 initio
1682 5739 2019 5812 episcopatus
2042 5741 2107 5796 ad

1545 266 1818 328 ilENllltLl
1861 279 1940 334 SA
1954 278 2107 334 VII.“
2150 278 2593 339 DISSERTATIO

3561 289 3793 347 xxvii!

2150 413 2376 457 mortem
2410 416 2601 456 novent
2630 400 2754 457 anni
2780 410 2940 471 sunt,
2972 392 3306 461 menses'sex
3333 405 3418 461 vel
3449 415 3590 473 octo,
3618 396 3793 463 dits

2147 495 2414 560 sedecim;
2448 505 2503 549 et
2528 510 2555 548 a
2585 495 2861 551 nativitate
2889 495 2955 551 ad
2982 497 3213 552 mortem
3243 498 3538 554 secundum
3564 500 3793 571 majo—

2149 602 2262 642 rem
2287 587 2738 659 computationem
2765 586 2925 659 supra
2944 588 3224 645 collectam
3252 591 3380 645 auoi
3397 592 3483 657 55,
3515 600 3568 647 et
3587 606 3783 647 men—

2149 693 2237 734 ses
2265 679 2500 749 aliquot;
2530 677 2824 735 secundum
2851 680 3112 735 minorem
3139 676 3589 751 "computationem
3611 681 3779 738 anni

2151 771 2241 837 52,
2263 782 2317 827 ct
2341 772 2544 842 aliquot
2563 777 2820 843 prieterea
2849 777 3081 828 menses.
3105 772 3363 838 Zonaras,
3388 771 3662 831 Cedrenus
3693 762 3787 829 ei.

2151 867 2241 921 alii
2271 864 2380 921 fere
2409 880 2619 932 omnes,
2648 872 2816 919 annos
2844 860 2968 920 eum
2995 864 3193 920 vixisse
3221 864 3461 921 scribunt
3481 881 3587 921 non
3625 867 3789 937 piu—

2153 962 2240 1011 res
2286 952 2664 1026 quinquaginta
2709 954 2918 1010 duobus
2956 972 2969 1009 :
3010 959 3196 1011 auctdr
3238 955 3475 1011 incertus
3510 971 3630 1028 pag.
3673 956 3787 1014 54

2156 1049 2297 1104 Edit.
2330 1048 2446 1103 Lat.
2478 1047 2650 1102 Paris.
2685 1047 2844 1114 1588,
2876 1046 3024 1101 addit
3059 1051 3272 1103 menses
3308 1055 3431 1103 octo
3464 1065 3476 1102 :
3504 1049 3589 1103 cui
3618 1043 3790 1120 pro-

2157 1136 2442 1210 pcmodum
2464 1136 2746 1194 assentior.
2772 1138 2846 1192 lla
2870 1137 3162 1194 Secundum
3188 1138 3446 1209 majorem
3468 1149 3782 1210 computa-

2156 1231 2355 1286 tionem
2394 1229 2573 1286 incidit
2616 1232 2784 1284 annus
2814 1228 3104 1284 nativitatis
3146 1221 3367 1285 Joannis
3406 1231 3458 1284 in
3494 1227 3779 1286 consulu-

2158 1325 2267 1377 tum
2289 1320 2583 1376 Constantii
2623 1320 2655 1374 5
2688 1329 2740 1374 et
2767 1309 2904 1374 Galli
2928 1319 3174 1385 Caesaris,
3207 1322 3350 1374 anno
3380 1321 3586 1375 Don'ini
3611 1319 3776 1383 55-2;

2158 1407 2454 1468 secundum
2481 1410 2765 1475 minorem,
2787 1412 2837 1465 in
2863 1409 3199 1465 consulatum
3220 1411 3522 1467 Arbetiouis
3549 1419 3604 1465 et
3623 1408 3784 1465 Lol-

2161 1506 2307 1570 liani,
2339 1521 2478 1559 anno
2506 1503 2629 1579 53:5.
2661 1510 2865 1569 mense,
2887 1513 2943 1557 ttt
2964 1496 3197 1568 videtur,
3222 1502 3494 1570 Januario,
3514 1502 3781 1557 veiZliarl

2164 1597 2258 1651 tio.
2307 1596 2424 1650 .Izun
2484 1596 2733 1664 reliquias
2784 1593 3153 1666 Chrysostomi
3199 1593 3350 1663 jussu
3410 1593 3781 1663 imperatorii

2164 1688 2451 1742 Theodosii
2486 1687 2735 1757 junioris,
2771 1695 2826 1740 ct
2854 1700 3013 1740 suasu
3045 1685 3238 1752 Procli,
3278 1696 3385 1740 tum
3427 1685 3661 1755 episcopi
3684 1683 3775 1740 C‘.

2163 1776 2247 1846 P.,
2281 1780 2533 1835 Cumanis
2560 1780 2609 1833 iu
2642 1774 2826 1833 urbem
2861 1774 3057 1848 regiam
3084 1777 3389 1842 dep'ortatas
3413 1785 3466 1832 ct
3496 1777 3547 1831 in
3572 1774 3780 1835 basili-

2164 1887 2281 1926 cam
2313 1871 2406 1927 SS.
2439 1871 2816 1941 Apostolorum
2846 1870 3018 1924 illatas
3057 1886 3121 1923 cx
3159 1867 3431 1923 Theudor.
3464 1868 3555 1922 lib.
3602 1867 3655 1930 5.
3704 1862 3779 1922 c.

2167 1964 2258 2029 36,
2292 1975 2344 2018 ct
2369 1963 2525 2018 Socr.
2558 1964 2645 2017 iih.
2672 1964 2724 2029 7,
2750 1977 2797 2017 c.
2826 1963 2915 2021 43.
2939 1971 3168 2027 constat,
3201 1960 3504 2015 Theodosio
3541 1959 3602 2014 l6
3622 1973 3779 2014 con-

2171 2057 2306 2119 sulc,
2342 2056 2442 2111 hoc
2473 2065 2554 2109 est
2596 2071 2739 2110 anno
2765 2054 2962 2108 Christi
3002 2052 3126 2115 458,
3156 2051 3390 2107 Januarii
3420 2052 3488 2105 27
3513 2050 3601 2105 die
3640 2066 3655 2103 :
3707 2030 3782 2103 iri

2169 2159 2277 2216 est,
2326 2158 2443 2219 post
2482 2149 2725 2202 exsilium
2768 2148 3029 2217 posterius
3071 2145 3224 2199 annis
3258 2144 3348 2209 53,
3387 2141 3659 2196 mensibus
3687 2141 3779 2205 8:

2171 2244 2286 2311 ‘post
2321 2234 2547 2295 moi-tom
2575 2240 2731 2295 annis
2754 2239 2842 2305 '50,
2869 2234 3144 2293 mensibus
3165 2238 3199 2293 5
3225 2237 3307 2291 vel
3330 2236 3383 2290 5.
3406 2233 3625 2289 Cosmas
3648 2232 3744 2288 Vc
3766 2264 3787 2275 -

2172 2333 2349 2408 stitor,
2397 2341 2509 2402 post
2548 2333 2755 2403 triginta
2794 2340 2841 2385 et
2879 2340 2978 2384 tres
3002 2345 3181 2382 annos.
3213 2322 3460 2383 Socrates
3490 2326 3580 2379 lib.
3610 2324 3664 2389 7,
3713 2338 3782 2378 c;

2172 2406 2261 2488 45,
2312 2424 2529 2479 notabili
2573 2424 2942 2487 inconstantia,
2972 2422 3245 2492 .lrigesimo
3272 2420 3444 2488 quinto
3489 2432 3624 2471 anno
3650 2406 3790 2487 post

2174 2517 2428 2577 exsiliunt,
2459 2526 2513 2570 ct
2542 2516 2769 2584 septimo
2797 2526 2913 2583 post
2940 2530 3116 2578 versu,
3147 2511 3399 2581 trigesimo
3427 2509 3601 2578 quinto
3629 2506 3787 2560 αιιηό

2176 2620 2285 2682 post
2309 2611 2517 2674 obitum,
2541 2624 2661 2663 cum
2691 2609 2829 2663 inter
2852 2607 2969 2661 lit-c
2995 2606 3104 2661 duo
3137 2603 3420 2659 triennium
3450 2602 3791 2656 intercesseé

2175 2706 2265 2770 rit,
2294 2714 2348 2759 et
2390 2704 2594 2772 aliqum
2619 2714 2849 2755 menses.
2881 2700 3060 2769 Atque
3090 2696 3204 2751 haec
3245 2694 3358 2751 fere
3385 2703 3529 2757 sunt,
3562 2693 3616 2747 in
3645 2692 3787 2762 qui-L

2176 2798 2278 2853 bus
2302 2801 2565 2864 tempera,
2584 2802 2640 2848 et
2661 2803 2956 2864 temporum
2979 2805 3140 2860 prope
3163 2796 3430 2843 momenta
3450 2802 3513 2841 ex
3536 2784 3788 2839 historiis

2181 2897 2367 2942 notare
2397 2886 2540 2941 licet.
2570 2884 2790 2954 Reliqua
2831 2884 2932 2938 late
2975 2880 3060 2935 vel
3102 2879 3451 2959 argumentis,
3495 2876 3580 2931 vel
3607 2876 3784 2931 etiam

2176 2978 2501 3048 conjecturis
2526 2975 2844 3047 colligenda.
2887 2976 2963 3029 Ac
3008 2974 3268 3043 primum,
3310 2969 3597 3039 Eutropius
3635 2964 3784 3021 irani

2178 3070 2387 3141 fugiens
2406 3073 2576 3140 Augg.
2601 3069 2667 3124 ad
2689 3068 2968 3123 ecclesiam
2999 3066 3151 3146 fugit,
3190 3078 3248 3119 se
3275 3062 3494 3118 consule
3514 3070 3569 3115 et
3593 3059 3785 3115 Theo-

2181 3163 2336 3227 doro,
2379 3161 2483 3217 hoc
2518 3170 2624 3229 est,
2669 3175 2809 3216 anno
2852 3157 3052 3214 Christi
3098 3156 3221 3222 599,
3257 3156 3419 3210 homo
3446 3166 3551 3207 non
3596 3146 3785 3205 soiuni

2180 3254 2553 3321 Christianus,
2605 3253 2700 3309 sed
2753 3253 2913 3308 etiam
2961 3250 3322 3312 orthodoxus;
3373 3254 3432 3300 ut
3479 3244 3569 3315 qui
3609 3241 3788 3297 libros

2184 3348 2433 3405 Eunomii
2465 3345 2859 3412 hmresiarehae,
2878 3345 2966 3415 qui
2983 3344 3166 3397 Arium
3191 3343 3363 3411 ipsum
3387 3339 3658 3408 impietate
3688 3344 3788 3389 su-

2185 3438 2413 3512 peravit,
2440 3440 2659 3510 publice
2701 3437 2861 3508 jussit
2889 3435 3138 3500 cremari,
3178 3432 3510 3501 cadaverque
3527 3427 3641 3499 ejus
3685 3429 3790 3480 cxi-

2187 3543 2414 3589 tractnm
2463 3532 2673 3603 p‘rojici.
2714 3527 2939 3605 Niceph.
2987 3528 3080 3583 lib.
3114 3528 3201 3594 15,
3229 3540 3280 3581 e.
3326 3526 3378 3591 l‘,
3422 3523 3785 3603 Asiaticorum

2188 3627 2558 3696 episcoporum
2583 3624 2852 3695 negotium
2872 3622 3106 3691 recptum
3129 3626 3211 3675 est
3231 3615 3447 3674 tractari
3467 3621 3547 3669 ἐπὶ
3564 3618 3790 3685 τρισχοιιὲ

2189 3722 2386 3778 δεκάτης
2408 3722 2751 3784 Incubuisse»;
2767 3757 2781 3778 ,
2803 3713 2904 3768 hoc
2929 3722 3033 3777 est,
3063 3710 3351 3766 indictione
3376 3707 3504 3777 (non
3529 3704 3790 3759 distribui

2191 3810 2356 3874 tione,
2381 3819 2440 3863 ut
2466 3809 2605 3863 mal’e
2633 3809 2899 3875 interpres
2925 3803 3144 3859 Palladii
3172 3812 3231 3857 et
3275 3799 3409 3870 alii),
3451 3800 3603 3853 tertia
3633 3796 3790 3851 decis

2191 3919 2312 3965 ma,
2358 3902 2393 3956 i.
2435 3916 2487 3956 e.
2528 3916 2669 3954 anno
2697 3880 2909 3954 homini
2950 3896 3086 3962 £00,
3128 3895 3444 3963 duravitque
3488 3891 3788 3953 biennium,

2193 4000 2330 4050 teste
2356 3984 2615 4059 Palladio;
2644 3991 2747 4047 hoc
2773 3999 2877 4057 est,
2904 4003 3074 4059 usque
3100 3987 3166 4042 ad
3200 3986 3359 4040 linem
3389 3984 3514 4040 anui
3544 3983 3668 4047 101,
3700 3980 3789 4035 vel

2193 4087 2354 4141 etiam
2389 4083 2596 4139 initium
2621 4082 2747 4138 402.
2778 4080 2851 4136 De
2877 4089 3119 4150 tempore
3149 4079 3339 4150 prioris
3367 4076 3543 4132 exsilii
3571 4089 3677 4128 non
3705 4078 3794 4127 cst

2195 4180 2331 4232 adeo
2358 4176 2596 4247 proclive
2629 4174 2850 4230 delinire
2875 4191 2890 4228 :
2916 4186 3084 4242 quare
3112 4169 3464 4241 argumentis,
3495 4175 3553 4221 ιιι
3571 4166 3701 4229 dixi,
3734 4157 3794 4220 ei

2196 4268 2544 4337 conjecturis,
2585 4266 2728 4337 quod
2758 4266 3073 4336 poterimus,
3114 4261 3378 4318 elicienda
3405 4260 3620 4315 veritas.
3663 4251 3794 4313 Post

2200 4359 2269 4415 12
2320 4360 2479 4414 horas
2503 4375 2532 4414 a
2561 4359 2731 4428 prima
2761 4356 3074 4425 expulsione
3119 4356 3300 4424 (quant
3348 4350 3568 4406 meridie
3597 4349 3790 4404 factam

2200 4452 2372 4509 tradit.
2402 4452 2652 4507 Socrates
2694 4458 2748 4505 et
2777 4450 2863 4504 alii
2889 4448 2957 4501 ad
2981 4464 3240 4515 vesperam
3273 4456 3569 4509 extr-enimn,
3614 4440 3792 4514 Chrys;

2201 4544 2423 4600 sustomi
2456 4544 2621 4611 ipsius
2645 4540 2874 4611 epistola
2920 4538 2986 4593 ad
3016 4534 3423 4605 innocentium),
3449 4534 3601 4604 jussu
3623 4531 3794 4602 lmpci

2203 4647 2438 4692 ratorum
2458 4642 2736 4689 revocatus
2756 4631 2991 4687 Joannes
3022 4630 3121 4701 (sic
3147 4624 3460 4697 Palladius),
3493 4619 3794 4696 paucosque

2206 4736 2322 4797 post
2348 4725 2487 4792 dies,
2509 4723 2706 4778 invitus
2736 4722 2861 4777 licet
2879 4722 3210 4791 multumque
3231 4719 3487 4782 renitens,
3507 4718 3562 4771 in
3592 4715 3790 4770 throno

2207 4819 2434 4885 locatus,
2475 4816 2788 4873 concionem
2834 4814 3017 4869 habuit
3053 4813 3189 4883 apud
3220 4810 3474 4884 populum
3502 4824 3646 4875 eam,
3676 4812 3796 4878 quai

2207 4919 2383 4966 exstat
2422 4912 2474 4965 in
2527 4908 2630 4962 line
2678 4907 2921 4978 Georgii,
2970 4907 3093 4961 Cum
3141 4905 3357 4963 Samon
3396 4904 3462 4958 ab
3509 4901 3796 4963 Abraham;

2208 5003 2509 5075 TlteOphilo
2536 5001 2708 5058 adhuc
2734 5002 2800 5056 ad
2854 5000 3039 5055 urbem
3086 5010 3358 5062 manente,
3397 5009 3568 5065 neque
3594 4992 3797 5048 hiscere

2210 5104 2395 5152 contra
2434 5093 2682 5156 audente.
2729 5091 2943 5148 Solum.
2989 5090 3081 5145 Iilt.
3112 5091 3168 5153 8,
3218 5103 3267 5142 c.
3324 5085 3391 5141 18
3421 5104 3435 5140 :
3464 5088 3692 5153 cutnqitc
3732 5076 3798 5135 hii

2208 5186 2465 5256 judicium
2510 5183 2805 5240 Heraclida:
2851 5183 3105 5253 episcopo
3152 5176 3423 5248 Ephesiae
3462 5173 3668 5230 absenti
3711 5184 3799 5242 per

2216 5277 2497 5348 Theophili
2552 5276 2840 5333 factionem
2889 5277 3229 5333 intentatum,
3257 5270 3593 5325 velithtidnes
3621 5265 3797 5321 iicreat

2217 5373 2269 5427 in
2283 5371 2414 5426 urbe
2428 5370 2632 5426 crebrae
2647 5370 2785 5424 inter
2798 5360 3422 5432 Constantinopolitanos
3438 5368 3489 5414 et
3505 5348 3797 5429 Egyptios,

2216 5465 2288 5517 ita
2306 5473 2363 5517 ut
2379 5463 2525 5517 multi
2538 5459 2788 5515 munerati
2807 5458 2928 5523 sint,
2947 5453 3184 5509 nonnulli
3203 5469 3317 5508 vero
3333 5451 3506 5516 occisi;
3523 5454 3800 5518 quaereret-

2216 5571 2323 5626 que
2340 5552 2695 5622 Theophilum
2711 5549 2896 5603 civitas
2921 5548 2969 5600 iu
2990 5560 3138 5600 mare
3154 5542 3485 5614 praecipitare
3499 5557 3513 5607 ;
3528 5539 3629 5595 sibi
3642 5540 3802 5591 metu-'

2219 5664 2315 5701 ens
2336 5642 2664 5714 Tlteuphilus
2682 5640 2811 5709 fugit
2829 5639 2878 5692 in
2903 5637 3215 5708 Egyptum,
3232 5635 3337 5701 iant
3350 5634 3511 5687 hieme
3522 5629 3797 5699 incipiente,

2225 5737 2394 5808 inquit
2414 5734 2770 5799 Sozomenus,
2789 5740 2844 5786 et
2870 5727 3200 5816 Nilccpitorus
3222 5725 3314 5780 lib.
3345 5725 3430 5792 i3,
3452 5737 3500 5778 c.
3536 5722 3620 5789 Π,
3649 5714 3799 5773 adet.-
