4018 6438
213 320 324 364 κω

215 438 316 495 que
344 420 497 475 diem
522 418 698 488 ipsius
729 416 935 472 reditus
953 416 1020 472 ab
1045 416 1240 471 exsilio
1257 415 1490 472 Joannes
1517 419 1827 490 Anonymus

218 529 338 584 cap.
370 513 505 577 166,
531 508 931 580 Metaphrastes
963 521 1081 578 cap.
1107 508 1196 573 ‘56,
1228 519 1285 563 et
1316 507 1613 578 Menologia
1643 507 1829 563 Graeca

216 612 433 682 ponunt
448 604 532 659 1'5
553 601 914 671 Novembris:
937 615 1094 671 quem
1124 599 1268 654 diem
1294 614 1461 669 usque
1487 599 1551 654 ad
1581 614 1676 655 sua
1696 609 1831 655 tem-

218 713 354 771 pora
381 711 486 770 pro
518 696 654 751 festo
680 695 941 750 celebrari
974 692 1435 763 Constantinopoli
1474 693 1660 748 scribit
1685 694 1825 749 idem

219 794 549 862 Anonymus
570 798 627 843 et
652 786 1063 856 MetaphraStes,
1094 793 1149 839 et
1175 784 1408 839 indicant
1431 783 1615 841 Grmca
1641 784 1823 840 Meno-

219 884 386 955 logia.
417 882 556 938 Cum
590 882 767 950 itaque
795 895 859 933 ex
883 878 1071 933 borum
1100 878 1560 933 consentientibus
1585 877 1825 932 testimo-

220 979 331 1032 niis
376 989 567 1031 mense
612 972 896 1028 Novembri
938 970 1154 1025 redierit
1197 970 1264 1025 ab
1306 969 1531 1037 exsilio,
1576 969 1643 1025 de
1683 985 1825 1025 anno

221 1068 492 1137 deinceps
532 1064 911 1136 querendum,
958 1069 1132 1116 utrum
1176 1060 1459 1116 Novembri
1507 1076 1650 1114 anno
1693 1060 1820 1127 405,

221 1154 544 1214 Theodosio
565 1167 621 1211 et
642 1153 941 1211 Rumorido
966 1151 1144 1218 Coss.,
1174 1168 1240 1207 an
1264 1152 1546 1208 Novembri
1576 1152 1700 1218 409.,
1725 1154 1828 1206 Ar-

216 1249 382 1306 cadio
406 1249 442 1305 5
467 1256 523 1303 et
540 1244 778 1305 Honorio
800 1245 856 1313 5,
881 1244 1116 1299 redierit.
1148 1244 1296 1312 Dico,
1321 1244 1569 1314 clareque
1586 1259 1821 1315 pronun-

223 1343 322 1404 tio,
356 1341 411 1393 in
440 1336 796 1392 Novembr-em
824 1349 966 1390 anno
1006 1334 1113 1389 4Οὸ
1141 1335 1366 1389 reditum
1399 1333 1517 1404 ejus
1542 1335 1611 1390 ab
1636 1334 1823 1390 exsilio

215 1432 419 1488 cadere
450 1443 559 1484 non
601 1427 869 1497 potuisse;
902 1425 1144 1495 quamvis
1171 1424 1327 1481 Card.
1358 1424 1621 1479 Baronius
1648 1435 1698 1480 et
1733 1425 1820 1479 alii

217 1538 289 1578 eo
335 1535 488 1576 anno
530 1521 726 1575 locent.
758 1517 1048 1588 Gregorius
1077 1532 1196 1586 cap.
1224 1512 1295 1572 55
1321 1534 1334 1570 :
1363 1510 1593 1585 Dumque
1620 1515 1696 1569 illi
1725 1516 1817 1582 sic,

219 1615 412 1686 inquit,
431 1612 525 1667 alii
540 1611 644 1665 alia
666 1610 964 1663 molirentur
988 1608 1216 1677 (scilicet
1241 1607 1292 1661 in
1314 1608 1553 1663 secundo
1592 1607 1820 1662 concilio

215 1715 411 1760 contra
440 1700 754 1771 Joannem),
786 1700 1098 1753 transierunt
1144 1715 1339 1753 menses
1382 1715 1559 1753 norem
1600 1698 1814 1767 (decent,

224 1797 395 1864 inquit
426 1794 538 1852 Leo
566 1795 697 1864 Imp.
722 1808 844 1862 cap.
880 1791 971 1846 26.
1002 1790 1269 1845 Palladius
1297 1799 1581 1859 utrumque
1609 1790 1814 1860 ponit);

233 1900 407 1941 altera
446 1887 713 1958 festivitate
758 1883 1000 1937 natalium
1039 1881 1322 1938 Saluatoris
1360 1882 1679 1946 adveniente,
1711 1891 1815 1936 etc.

215 1973 300 2035 Ex
320 1958 532 2049 quibus
575 1975 755 2032 verbis
796 1983 1018 2044 apparet
1064 1988 1206 2027 anno
1235 1973 1341 2028 405
1376 1983 1609 2043 emptum
1656 1973 1818 2028 luisse

213 2069 514 2126 secundum
532 2077 716 2123 contra
735 2065 1000 2121 Joannem
1018 2064 1431 2119 conciliabulum
1450 2080 1636 2122 mense
1659 2066 1815 2136 Apri-

216 2160 254 2217 li
284 2179 298 2214 :
333 2171 392 2214 ut
414 2173 637 2215 necesse
660 2158 731 2213 sit
760 2157 908 2228 prius
927 2156 1170 2211 exsilium
1218 2156 1268 2210 in
1293 2155 1647 2212 Novembrem
1674 2172 1817 2212 anno

222 2252 331 2307 40?.
361 2250 620 2312 incidere,
649 2263 770 2303 cum
793 2248 844 2302 in
877 2246 1159 2302 Nove‘tnbri
1195 2262 1335 2300 anno
1360 2247 1468 2302 40.5
1493 2248 1685 2302 cadere
1710 2264 1814 2302 non

222 2344 481 2414 potuerit.
509 2340 660 2409 Quod
677 2341 720 2395 si
743 2341 826 2395 cui
853 2339 1064 2409 Georgii
1093 2339 1223 2393 h-vis
1242 2338 1482 2394 videatur
1503 2340 1812 2405 auctoritas,

220 2437 411 2492 credat
437 2435 626 2490 saltem
658 2432 914 2500 Palladio,
950 2433 1070 2487 testi
1100 2432 1201 2499 {ide
1247 2432 1488 2501 digniori,
1515 2432 1582 2486 de
1626 2433 1813 2487 eadem

221 2541 281 2585 re
324 2543 462 2599 pene
504 2526 688 2582 eadem
734 2525 991 2595 loquenti.
1037 2522 1208 2590 Quid,
1234 2523 1476 2593 inquies,
1507 2533 1682 2578 actum
1730 2527 1814 2577 itt-

224 2622 408 2677 terea?
435 2616 779 2689 Respondeo,
808 2616 1070 2671 Joannem
1116 2627 1232 2685 post
1278 2617 1422 2685 prius
1451 2615 1685 2670 exsiliua
1721 2633 1816 2687 per

222 2713 439 2785 aliquod
471 2724 679 2781 tempus
706 2712 993 2781 quievisse,
1046 2710 1098 2764 in
1142 2724 1437 2780 magnaque
1484 2710 1644 2766 fuisse
1675 2711 1811 2780 apud

231 2805 529 2861 Eudoxiam
571 2803 759 2874 gratia,
807 2804 1003 2872 quippe
1029 2803 1234 2871 magnis
1263 2801 1330 2854 ab
1360 2801 1475 2870 ipso
1507 2800 1813 2856 decoratum

229 2900 477 2953 laudibus
498 2897 548 2951 in
572 2897 812 2951 oratione
837 2908 994 2964 supra
1037 2903 1327 2948 memorata
1370 2893 1435 2946 ad
1461 2893 1615 2948 linem
1643 2893 1812 2948 Geor-

227 2991 319 3061 gii.
368 2989 543 3044 Testis
584 2987 721 3042 idem
759 2985 1046 3049 Palladius,
1089 2985 1240 3054 cujus
1282 2985 1443 3039 verba
1485 2993 1654 3039 sunt:
1691 2984 1817 3039 l’o:t

227 3082 366 3135 duos
404 3080 599 3134 iterum
630 3092 844 3133 menses
871 3091 899 3130 a
930 3077 1083 3147 plaga
1123 3075 1319 3131 inﬂicta
1348 3074 1492 3148 (fuga
1529 3091 1607 3131 se.
1636 3074 1814 3132 Theo-

230 3172 361 3244 phili
388 3180 445 3227 et
471 3169 843 3242 Egyptiorum
873 3166 1271 3239 episcoporum)
1301 3167 1511 3224 modice
1547 3155 1817 3238 respiran-

236 3274 316 3322 tes
350 3264 577 3337 (inimici
603 3262 845 3334 Joannis)
874 3261 1110 3316 secundo
1137 3260 1392 3315 adversus
1417 3259 1677 3315 Joannem
1708 3259 1814 3315 fre-

233 3368 383 3414 munt
415 3376 428 3410 :
461 3358 561 3411 hoc
595 3364 695 3422 est,
728 3355 877 3425 quasi
905 3368 1091 3408 mense
1124 3352 1376 3408 Januario
1403 3367 1545 3407 anno
1569 3352 1694 3417 405,
1727 3366 1821 3421 per

233 3452 569 3505 occasionem
593 3457 777 3503 statum
803 3454 1072 3517 argentea:
1098 3443 1459 3515 ltnperatricis
1471 3442 1721 3497 cblamid:
1742 3446 1824 3498 in-

235 3545 393 3609 dute,
438 3557 596 3612 supra
628 3540 1062 3612 porphyreticam
1089 3538 1391 3594 columnam
1421 3538 1628 3607 positae.
1658 3535 1821 3605 Cujus

237 3639 313 3692 rei
353 3635 707 3692 meminerunt
746 3632 850 3688 hoc
890 3648 1032 3687 anno
1078 3630 1383 3686 Theodosio
1424 3642 1477 3685 et
1526 3630 1821 3685 Rumoriilo

235 3731 411 3795 Coss.,
452 3738 650 3799 prteter
675 3730 950 3785 Socratem
983 3727 1076 3782 lib.
1104 3727 1159 3793 6,
1202 3743 1250 3781 e.
1280 3726 1369 3792 l8,
1399 3726 1634 3796 Prosper
1656 3726 1821 3795 Aqui-

240 3818 464 3883 ta'nicus,
486 3832 538 3875 ct
585 3820 924 3875 Marcellinus
951 3817 1143 3874 Comes
1165 3820 1216 3872 in
1244 3817 1546 3873 Chronicis.
1581 3818 1659 3873 Ad
1688 3818 1824 3873 hanc

238 3920 489 3978 statuam,
515 3911 645 3981 ipsis
674 3909 904 3965 fortasse
934 3909 1187 3964 Kalendis
1205 3908 1462 3973 Januarii,
1489 3910 1577 3978 qui
1608 3908 1724 3963 dies
1743 3917 1825 3962 est

237 4003 496 4058 solemnis
520 4003 642 4056 anni
674 4001 900 4056 Romani
930 3998 1702 4072 incipientis,dedieatamcum
1730 4016 1823 4068 pu-

237 4092 354 4147 blici
382 4094 572 4147 tierent
615 4092 722 4146 ludi
751 4102 805 4146 et
828 4091 1072 4157 cborem;
1117 4092 1280 4145 iratus
1318 4090 1550 4145 Joannes
1589 4091 1822 4160 linguam

236 4194 419 4239 eontra
448 4198 564 4246 eos,
587 4184 677 4253 qui
708 4182 849 4245 ludis
874 4182 956 4238 his
984 4183 1327 4244 interessent.
1347 4186 1507 4237 acuit.
1537 4182 1650 4247 Qua
1671 4197 1827 4237 occa-

233 4275 389 4333 sione
418 4275 541 4330 l‘reli
567 4275 790 4330 Joannis
817 4274 1038 4340 inimici,
1065 4276 1155 4344 qui
1177 4274 1354 4329 adhuc
1381 4275 1433 4329 in
1460 4275 1612 4339 urbe,
1632 4286 1827 4342 prteter

241 4366 545 4439 Egyptios,
576 4368 820 4433 aderant,
866 4368 1149 4438 inStigante
1192 4371 1447 4438 Augusta,
1495 4367 1825 4422 clandesﬁna

238 4460 535 4515 moliuntur
575 4469 761 4516 contra
803 4461 976 4531 ipsum
1016 4461 1271 4527 consilia;
1316 4476 1481 4532 reque
1531 4460 1827 4530 Theophilo

237 4552 446 4607 absenti
475 4566 571 4622 per
597 4552 812 4607 nuntios
836 4562 891 4606 et
915 4552 1101 4607 literas
1125 4553 1537 4619 communicata,
1572 4552 1829 4622 incipien-

240 4652 313 4709 te,
343 4652 403 4706 nt
429 4650 577 4710 puto,
604 4642 775 4713 Aprili
818 4641 1101 4699 concilium
1132 4643 1422 4698 secundum
1453 4642 1637 4699 contra
1662 4643 1826 4698 Joan-

240 4746 361 4787 nem
391 4742 626 4801 cogunt:
659 4734 798 4804 quod
828 4734 996 4788 variis
1035 4733 1102 4789 de
1130 4735 1305 4788 causis
1330 4750 1502 4805 usque
1530 4734 1597 4789 ad
1622 4732 1828 4788 Natali-

243 4828 309 4881 tia
338 4826 583 4894 proxime
621 4826 897 4896 sequentia
926 4835 1246 4890 extractum,
1285 4835 1341 4880 et
1371 4825 1566 4880 deinde
1591 4824 1659 4879 ad
1685 4825 1829 4891 Qua-

226 4918 595 4989 ,dragesimam
621 4932 764 4973 anno
782 4918 904 4982 464,
928 4928 979 4974 et
1000 4917 1067 4972 ad
1094 4918 1296 4972 Pascha
1318 4926 1440 4987 post
1462 4918 1697 4987 quinque
1716 4916 1831 4971 dies
1884 4985 1890 4990 ν

243 5026 272 5063 a
300 5010 565 5080 completa
596 5010 913 5065 Pentecoste
941 5009 1134 5066 Joanni
1175 5021 1360 5064 nostro
1402 5023 1561 5064 causa
1610 5007 1830 5064 secundi

246 5100 416 5155 exsilii
444 5097 569 5169 fuit,
599 5111 740 5155 anno
766 5101 992 5170 integro,
1021 5109 1226 5169 septem
1259 5100 1533 5155 mensibus
1550 5108 1606 5154 et
1625 5109 1832 5169 septem

246 5191 434 5246 diebus
459 5201 581 5262 post
605 5191 830 5248 reditum
855 5193 922 5247 ab
942 5192 1131 5247 exsilio
1151 5192 1354 5263 priore.
1380 5193 1554 5261 Atque
1581 5192 1695 5246 hmc
1715 5204 1828 5248 mea

250 5291 334 5338 est
362 5283 428 5337 de
461 5293 704 5352 tempore
733 5283 923 5353 prioris
942 5284 1113 5339 exsilii
1140 5283 1426 5339 sententia.
1453 5282 1636 5353 Neque
1657 5283 1836 5338 obstat

248 5373 387 5444 quod
418 5374 793 5430 Theodoretus
814 5375 906 5430 lib.
934 5377 989 5441 5,
1016 5391 1068 5431 c.
1098 5376 1189 5443 54,
1216 5375 1311 5437 ait,
1348 5373 1534 5430 Paucis
1560 5375 1835 5443 interiectis

252 5466 498 5520 mensibus
540 5466 756 5536 (nempe
793 5483 823 5521 a
865 5466 1096 5532 reditu),
1143 5471 1431 5539 congregati
1474 5477 1593 5522 sunt
1618 5470 1834 5528 iterum.

250 5577 516 5631 pinnasque
544 5560 859 5632 requirebant
892 5579 983 5630 pro
1013 5562 1230 5615 exercito
1267 5571 1374 5630 post
1396 5560 1648 5615 decretum
1673 5562 1839 5616 exsilii

250 5652 543 5706 nrinisterio.
570 5652 706 5708 Nam
751 5662 873 5722 post
913 5653 1145 5722 quinque
1182 5666 1394 5707 menses
1438 5662 1493 5707 et
1538 5652 1696 5722 paulo
1735 5653 1837 5707 mi-

253 5759 348 5801 nus
368 5786 389 5814 ,ν
415 5755 711 5819 coegerunt
731 5744 1043 5811 concilium;
1066 5742 1215 5815 quod
1241 5730 1448 5800 duravit
1478 5753 1661 5814 postea
1695 5760 1841 5800 men-

1182 285 1266 353 b‘e
1305 281 1796 360 Scutrromnus
1837 304 2074 361 lll'lltUM
2113 292 2601 368 ennisos'roui.

3423 336 3525 389 XX)

1942 433 2027 472 ses
2049 420 2133 474 14.
2178 419 2359 492 Neque
2386 427 2576 479 mirum
2603 441 2687 497 ea,
2711 430 2830 500 quae
2856 424 3181 503 sesquiann'o
3209 434 3355 508 geSta
3384 446 3529 507 Sunt,

1938 511 2107 586 tribus
2154 526 2288 581 pene
2333 515 2510 569 verbis
2546 531 2575 571 a
2616 517 2954 577 Tlieodoreto
2993 526 3236 592 narrari,
3277 532 3366 599 qui
3406 543 3527 586 strt-

1935 603 2064 655 ctim
2097 613 2148 659 et
2182 606 2367 660 timide
2397 616 2562 662 totum
2608 608 2708 665 hoc
2744 614 2954 684 attingit
2999 619 3288 688 negotium,
3320 622 3384 677 iis
3412 636 3527 694 per-

1884 737 1896 746 .
1935 700 2113 748 motus
2138 697 2470 765 rationibus,
2513 715 2630 770 qua:
2670 701 2723 756 in
2756 703 3016 774 principio
3064 708 3189 763 dicti
3229 712 3417 781 capitis
3460 715 3527 772 54

1933 781 2249 840 afferuntur.
2293 788 2608 861 Anonymus
2638 806 2669 845 a
2705 792 2878 848 reditu
2917 794 2984 848 ad
3030 795 3231 852 Pascha
3271 811 3396 856 ante
3434 818 3524 856 se-

1928 873 2161 928 cundum
2209 876 2455 932 exsilium
2501 879 2868 937 intercessisse
2913 884 3099 939 scribit
3143 904 3332 941 annum
3390 892 3522 943 inte-

1926 984 2097 1039 grant;
2114 970 2191 1025 sic
2214 972 2372 1026 etiam
2398 973 2782 1043 Metapbrastes
2803 995 2817 1030 :
2837 977 2926 1047 qui
2948 993 3118 1033 annus
3147 981 3350 1049 integer
3377 996 3521 1038 men»

1928 1061 2066 1116 siunt
2092 1079 2312 1118 necesse
2337 1075 2419 1121 est
2436 1066 2594 1122 fuerit
2614 1068 2699 1134 l7,
2724 1084 2844 1123 eum
2864 1081 3087 1143 uterque
3103 1072 3189 1128 die
3214 1075 3278 1129 15
3297 1074 3519 1130 Novem.

1927 1151 2039 1208 bris
2067 1154 2290 1211 rediisse
2317 1159 2537 1212 scribat.

2002 1264 2022 1298 t
2056 1247 2315 1319 Expedita
2333 1266 2593 1307 annorum
2610 1253 2975 1326 Chrysostomi
2996 1271 3113 1311 com
3122 1260 3412 1327 pltlali0nc,
3432 1270 3518 1315 se-

1925 1337 2124 1406 quitur,
2142 1349 2199 1393 ut
2223 1340 2289 1395 de
2311 1343 2693 1413 subrogatioue
2715 1347 2919 1403 Arsacii
2939 1390 2953 1414 ,
2985 1358 3039 1403 et
3069 1352 3410 1406 successione
3426 1355 3514 1407 At.

1926 1427 2016 1481 tici
2047 1428 2406 1502 Eudoxia'que
2428 1436 2678 1504 Augusta:
2711 1447 2882 1491 morte
2907 1454 3066 1507 pauca
3098 1440 3426 1510 adjiciamus.
3463 1443 3517 1496 In

1923 1518 2142 1576 Joannis
2172 1523 2361 1578 iterum
2404 1526 2609 1594 expulsi
2653 1527 2826 1582 locum
2864 1530 3182 1601 subrogatnr
3232 1533 3514 1598 Arsacias.

1924 1613 2101 1681 paucis
2131 1614 2402 1687 interjectis
2424 1616 2618 1684 diebus,
2657 1620 2827 1689 inquit
2856 1619 3104 1676 Socrates
3126 1621 3219 1676 lib.
3253 1623 3305 1687 6,
3333 1638 3383 1678 c.
3426 1625 3514 1679 illi

1923 1702 2159 1757 Annales
2194 1703 2387 1770 Graeci,
2421 1707 2547 1761 editi
2580 1724 2802 1777 nupera
2834 1709 3069 1779 Joseplto
3110 1711 3381 1781 Scaligero
3407 1730 3509 1767 una

1924 1805 2044 1845 cum
2075 1793 2308 1849 Eusebio
2327 1838 2341 1862 ,
2375 1798 2648 1852 Arsacium
2677 1813 2797 1853 es~e
2828 1798 3018 1853 factum
3040 1803 3346 1871 episcopum
3377 1806 3513 1859 refe-

1921 1894 2047 1939 runt
2074 1884 2124 1938 in
2158 1889 2356 1957 templo
2378 1888 2591 1958 Sophim
2625 1899 2894 1956 cremato,
2924 1892 2994 1946 26
3023 1892 3187 1959 Junii,
3212 1907 3364 1949 sexto
3396 1900 3509 1967 post

1920 1972 2143 2031 Joannis
2191 1978 2561 2047 capulsionem
2608 1980 2716 2034 die.
2765 1983 2975 2036 Obiisse
3034 1984 3309 2039 Arsaeinm
3371 2000 3514 2041 anno

1921 2068 2165 2135 sequenti
2183 2067 2336 2123 circa
2367 2072 2423 2125 ll
2463 2070 2816 2138 Novembris,
2847 2073 2998 2127 Coss.
3030 2073 3289 2130 Stilieone
3320 2077 3509 2132 iterum

1920 2166 1974 2213 et
2011 2160 2322 2228 Anthemio,
2358 2161 2459 2218 hoc
2497 2170 2581 2218 est
2605 2179 2750 2218 anno
2790 2164 2998 2218 Domini
3041 2167 3179 2231 lOl,
3208 2175 3394 2221 aut-tor
3430 2181 3513 2223 est

1918 2249 2164 2305 Socrates
2209 2253 2306 2306 lib.
2332 2254 2391 2316 6,
2424 2270 2473 2307 c.
2502 2253 2593 2309 ‘20.
2624 2254 2767 2308 Vixit
2815 2256 2972 2324 igitur
3016 2256 3265 2310 Arsacias
3306 2258 3359 2310 in
3393 2259 3506 2324 epi-

1918 2352 2139 2412 scopatu
2166 2360 2362 2398 annum
2400 2361 2584 2409 nnntn,
2620 2361 2834 2399 menses
2862 2347 2928 2411 4,
2958 2346 3072 2400 dies
3112 2347 3196 2401 l6.
3246 2347 3512 2401 Palladius

1920 2440 1975 2487 ct
1993 2433 2082 2487 alii
2111 2450 2217 2489 non
2245 2436 2422 2504 plures
2442 2436 2739 2491 attribuunt
2767 2438 2826 2490 l-l
2851 2439 3127 2492 mensibus
3149 2455 3161 2489 :
3182 2437 3512 2508 Nicephorns

1918 2526 2224 2581 Patriarclta
2258 2528 2555 2582 biennium.
2582 2528 2711 2583 Post
2749 2529 2953 2583 Arsacii
2998 2539 3246 2593 mortem,
3284 2547 3423 2599 quin,
3452 2540 3510 2584 ut

1918 2618 2052 2681 dixi,
2103 2619 2299 2673 accidit
2330 2621 2387 2673 ll
2434 2619 2755 2673 Novembris
2797 2621 2920 2683 405,
2955 2620 3134 2674 Multis
3169 2622 3511 2691 episcopatum

1917 2709 2250 2764 ambientibus
2271 2751 2285 2773 ,
2312 2710 2481 2778 inquit
2508 2709 2779 2773 Socrates,
2813 2709 3070 2780 multoque
3093 2713 3351 2781 interJecto
3379 2724 3508 2765 tent-

1919 2819 2059 2873 pore,
2105 2801 2342 2857 succedit
2372 2804 2610 2869 Atticus,
2636 2813 2853 2874 quatuor
2881 2804 3066 2873 elapsis
3109 2807 3382 2872 mensibus,
3419 2807 3503 2860 ius

1918 2896 2034 2963 quit
2063 2894 2354 2967 GeOrgins,
2391 2896 2493 2950 hoc
2519 2894 2753 2949 factum:
2788 2904 2845 2949 ut
2887 2896 2938 2949 in
2985 2912 3223 2950 mensem
3263 2896 3511 2953 Martium

1919 3000 2062 3041 anno
2086 2986 2213 3050 406,
2243 2986 2394 3041 Coss.
2426 2987 2656 3041 Arcadio
2682 2988 2714 3041 6
2747 2997 2797 3040 et
2833 2986 3042 3052 Probo,
3076 3003 3293 3042 necesse
3322 2989 3388 3042 sit
3415 2989 3511 3042 Ala

1921 3079 2011 3133 tici
2061 3081 2389 3133 creationem
2445 3079 2703 3133 incidere.
2754 3078 2942 3133 Restat
2990 3079 3221 3134 maxima
3275 3082 3511 3134 omnium

1923 3172 2150 3240 qumstio
2167 3171 2233 3225 de.
2255 3181 2426 3225 morte
2450 3172 2703 3225 litidoxize
2724 3177 2975 3241 Angusta:
3001 3189 3014 3225 :
3040 3175 3090 3226 in
3113 3173 3266 3243 cujus
3282 3175 3515 3228 notando

1924 3275 2166 3335 tempore
2213 3266 2541 3319 recentiores
2568 3265 2635 3317 ab
2678 3264 2927 3317 munibus
2974 3264 3026 3317 in
3056 3266 3361 3319 universum
3383 3307 3397 3330 ,
3424 3267 3513 3334 qni

1922 3356 2114 3409 mortis
2136 3354 2253 3424 ejus
2280 3354 2481 3409 diserte
2508 3355 2884 3418 meminerunt,
2914 3354 3190 3409 veteribus
3212 3356 3514 3410 discedunt.

1923 3447 2171 3503 S~crates
2196 3447 2288 3501 lib.
2324 3445 2377 3507 6,
2409 3462 2454 3501 c.
2488 3446 2570 3506 l9.
2593 3446 2859 3513 ingentem
2890 3446 3224 3516 grandinem,
3256 3447 3517 3499 inslarla-

1924 3524 2100 3607 pidum
2129 3537 2373 3606 (nucibus
2422 3553 2626 3606 parem,
2670 3536 2838 3606 inquit
2880 3536 3163 3590 Annalium
3206 3536 3515 3592 Graecorum

1924 3625 2155 3698 auctor),
2183 3627 2322 3681 circa
2351 3626 2420 3681 50
2448 3624 2781 3696 Septembris
2829 3625 3109 3693 cecidisse,
3141 3627 3330 3681 eodem
3351 3668 3365 3690 ,
3412 3636 3522 3695 quo

1925 3720 2163 3777 Joannes
2205 3720 2388 3789 pulsus
2418 3730 2522 3787 est,
2553 3735 2717 3787 anno,
2751 3720 2803 3773 itt
2831 3720 3113 3773 consulatu
3146 3704 3364 3773 Honorii
3403 3719 3434 3773 6
3464 3718 3521 3773 ei.

1927 3812 2255 3874 Aristavncti,
2303 3811 2509 3876 sciibit,
2562 3810 2662 3866 hoc
2707 3820 2790 3865 est
2838 3825 2979 3864 anno
3036 3809 3246 3864 Domini
3294 3810 3419 3874 404,
3468 3819 3524 3864 et

1928 3914 2155 3974 quarto,
2187 3914 2305 3973 post
2348 3903 2435 3957 die
2475 3903 2674 3957 abiisse
2712 3901 3030 3956 Eudoxiam.
3076 3903 3309 3955 Annales
3349 3900 3523 3955 (ἓνωοί

1927 3997 2100 4068 pridie
2127 3996 2304 4051 Nonas
2333 3995 2581 4050 Octobris
2607 3993 2807 4048 obiisse
2827 4035 2840 4054 ,
2871 4001 2926 4048 et
2964 3994 2998 4048 4
3026 3992 3148 4047 ldus
3173 3991 3420 4048 Octobris
3468 3991 3522 4054 in

1933 4091 2159 4146 Basilica
2210 4088 2307 4144 SS.
2359 4089 2762 4158 Apostolorum.
2814 4087 3075 4157 sepultam
3127 4086 3316 4139 iisdem
3366 4082 3519 4139 Cossi

1929 4182 2165 4237 Honorio
2181 4189 2237 4235 et
2256 4181 2598 4242 Aristmneto,
2615 4187 2934 4232 memorant.
2952 4176 3287 4231 Marcellinus
3305 4175 3520 4238 Comes,

1929 4275 2121 4332 iisdem
2153 4274 2330 4337 Coss.,
2371 4272 2563 4340 inquit,
2601 4271 2863 4336 Eudoxio,
2898 4285 3038 4324 uxor
3078 4268 3315 4332 Arcadii,
3349 4267 3520 4323 obiit:

1931 4367 2162 4435 Prosper
2175 4364 2540 4434 Aquitanicus,
2568 4363 2759 4417 iisdem
2780 4361 2963 4416 itidem
2986 4360 3140 4416 Coss.
3166 4361 3426 4427 Eudoxio,
3446 4360 3522 4416 ina

1931 4460 2064 4530 quis,
2090 4474 2226 4513 uxor
2250 4457 2485 4525 Arcadii,
2509 4457 2650 4512 diem
2673 4456 3101 4511 clausit.‘Contra
3126 4457 3260 4509 hanc
3286 4464 3523 4511 veterum

1933 4553 2252 4622 scriptorum
2300 4550 2617 4621 phalangem
2644 4548 2769 4620 quid
2808 4548 2966 4604 faciet
3008 4547 3217 4603 infirma
3262 4547 3528 4602 recentio-

1932 4658 2052 4699 rum
2083 4657 2304 4709 manus;
2329 4643 2417 4712 qui
2447 4656 2640 4697 omnes
2681 4656 2787 4694 uno
2825 4655 2923 4695 ore
2964 4639 3157 4695 Joanni
3189 4648 3369 4693 nostro
3407 4649 3527 4693 eam

1934 4735 2280 4805 superstitem
2307 4733 2470 4788 luisse
2491 4742 2603 4787 tres
2630 4746 2863 4796 menses,
2896 4730 2998 4785 hoc
3028 4740 3109 4785 est
3130 4730 3269 4785 circa
3294 4729 3530 4785 medium

1937 4826 2246 4881 Decembris
2266 4867 2281 4891 ,
2313 4840 2455 4878 anno
2483 4825 2609 4885 407,
2642 4822 2725 4876 vel
2753 4822 2895 4876 circa
2921 4821 3160 4877 medium
3189 4821 3353 4876 Febr.
3386 4836 3532 4873 anno

1936 4918 2065 4985 408,
2116 4917 2420 4973 decessisse
2464 4913 2771 4969 testantur?
2807 4927 2968 4983 quam
3014 4916 3175 4969 etiam
3224 4912 3567 4982 Opinionem.

1937 5025 2036 5080 ego
2084 5018 2141 5063 ut
2189 5008 2358 5077 magis
2405 5005 2735 5076 probabilem
2773 5003 3093 5073 amplector.
3139 5003 3328 5059 Causa:
3380 5011 3530 5069 sunt,

1939 5104 2167 5172 primum
2196 5099 2337 5171 quod
2367 5099 2483 5152 illas
2511 5097 2903 5151 inhumanitates
2932 5106 2989 5156 et
3016 5096 3381 5150 itnmanitates
3405 5109 3532 5148 con-

1942 5205 2020 5249 tra
2049 5195 2332 5264 episcopos
2363 5192 2564 5262 legatos
2602 5190 2668 5246 ab
2693 5188 2981 5246 Occidente
3002 5231 3017 5255 ,
3046 5198 3232 5244 contra
3269 5188 3531 5244 Joannem

1944 5294 2185 5340 nostrum
2220 5284 2285 5337 ad
2318 5293 2544 5337 mortem
2579 5297 2745 5352 usque
2775 5281 2943 5351 ipsam
2990 5291 3176 5337 contra
3207 5296 3391 5333 omnes
3422 5279 3534 5345 epi-

1943 5394 2155 5448 sc0pos,
2178 5377 2422 5441 clericos,
2449 5386 2501 5430 et
2528 5376 2661 5431 alios
2692 5376 2918 5447 partium
2940 5374 3181 5438 Joannis,
3213 5389 3316 5426 non
3339 5371 3405 5426 ab
3426 5372 3531 5425 alio

1946 5474 2212 5542 prolectas
2244 5470 2390 5525 fonte
2412 5479 2617 5539 putem,
2648 5484 2807 5540 quam
2831 5468 2900 5523 ab
2927 5464 3248 5537 implacabili
3270 5464 3538 5533 impoten-

1948 5564 2167 5620 tissimte
2196 5562 2409 5617 {anime
2437 5561 2619 5617 lurore
2650 5580 2666 5617 :
2697 5577 2820 5617 cum
2846 5559 3082 5629 alioquin
3127 5556 3388 5611 Arcadius
3420 5559 3537 5628 ipse

1953 5654 2212 5723 simplicis
2237 5653 2394 5708 fuerit
2423 5661 2478 5708 et
2495 5653 2641 5707 mitis
2672 5651 2889 5722 ingenii,
2917 5658 2971 5704 et
2992 5656 3258 5704 tantorum
3283 5648 3392 5704 fere
3420 5667 3538 5702 ma-

1949 5747 2122 5802 lorth
2164 5745 2416 5816 ignarus;
2446 5754 2620 5815 neque
2645 5740 2902 5799 credibile
2943 5741 3010 5798 sit
3051 5750 3253 5802 tantum
3289 5739 3541 5798 habuisse
