4018 6474
571 314 688 352 XXXI

570 415 823 487 ponderis
842 412 980 485 apud
1010 410 1229 476 milites,
1257 390 1505 464 custodes
1536 404 1893 484 portuum,‘et
1919 398 2148 459 exteras

572 508 779 578 imperii
809 505 1099 565 ministros,
1124 502 1428 570 episc0pos,
1451 494 2024 568 reliquosqueJoannis
2050 493 2152 548 itii-

576 603 764 659 mices.
793 597 895 651 nisi
925 593 1178 651 Eudoxia:
1207 593 1418 649 femina:
1447 605 1608 660 supra
1636 604 1820 646 sexum
1852 586 2073 650 ferocis,
2097 594 2153 641 et

575 692 765 746 marito
786 688 1133 750 dominantis,
1151 687 1338 756 opibus
1360 684 1541 750 fultos,
1560 683 1873 737 auctoritate
1894 680 2148 735 munitos.

568 783 675 839 Sed
703 781 842 853 quod
875 796 963 836 me
988 779 1072 834 vel
1110 779 1340 834 maxime
1381 784 1586 843 movet,
1621 783 1677 829 ut
1705 788 1799 845 pro
1839 770 2150 827 recentiori-

569 878 688 940 bus,
721 872 860 944 quod
892 872 1240 926 invitissimus
1267 868 1422 951 facio,
1462 876 1649 922 contra
1686 875 1893 920 veteres
1918 878 2147 933 pronun-

570 966 727 1030 tiem,
758 961 887 1017 illud
916 972 1033 1016 est:
1076 959 1219 1030 quod
1269 953 1505 1014 Joannes
1535 966 1753 1037 noster,
1796 969 1954 1025 quem
1998 953 2152 1008 sive-

571 1072 712 1112 tcrcs
741 1070 1051 1125 sequamur,
1084 1062 1252 1106 totum
1286 1051 1573 1106 triennium
1600 1048 1835 1123 Oportuit
1864 1046 2029 1100 fuisse
2057 1059 2149 1099 sn-

572 1149 847 1219 perstitem
876 1145 1150 1210 Eudoxiar,
1176 1144 1228 1198 in
1262 1151 1340 1197 tot
1362 1134 1603 1211 epistolis
1626 1140 1694 1194 ad
1728 1137 2051 1208 pontiliccm.
2083 1136 2150 1190 ad

571 1240 872 1310 episcOpos,
916 1237 982 1290 ad
1022 1235 1156 1289 alios
1198 1234 1420 1297 amicos,
1466 1247 1559 1301 per
1605 1229 1894 1286 triennium
1939 1227 2153 1297 scriptis

571 1343 832 1398 misquam
873 1327 1176 1381 meminerit
1228 1325 1414 1379 mo’rtis
1446 1316 1720 1386 Eudoxim,
1762 1318 1922 1392 quam
1963 1319 2153 1375 morbo

567 1419 821 1474 diuturno
842 1427 896 1473 et
917 1414 1210 1481 cruciabili,
1238 1416 1376 1471 addo
1404 1416 1562 1471 etiam
1597 1413 1757 1480 lmdo,
1799 1412 2022 1483 periisse
2047 1403 2155 1466 tra-

572 1495 705 1563 dunt
736 1509 847 1577 :‘de
879 1519 1022 1563 tanta
1055 1519 1109 1563 ct
1145 1518 1251 1562 tam
1284 1507 1476 1577 insigni
1520 1507 1613 1561 Dei
1644 1495 1875 1560 vindicta
1921 1520 2026 1559 non
2069 1513 2152 1558 ta-

575 1574 816 1665 citurus;
846 1601 1084 1669 quinimo
1118 1598 1186 1655 ad
1215 1614 1364 1668 spem
1409 1606 1627 1678 certant
1649 1595 1874 1662 reditus,
1914 1604 2003 1649 aut
2034 1609 2151 1667 me-

570 1687 732 1746 liores
760 1689 987 1745 fortuna:
1018 1706 1085 1746 co
1116 1691 1229 1760 ipso
1252 1687 1586 1759 ar'rigcndus.
1618 1683 1886 1742 Palladius
1913 1680 2149 1756 quoque,

572 1783 780 1837 illorum
837 1787 1137 1850 temporum
1190 1780 1442 1849 a'qualis,
1499 1794 1620 1833 cunt
1673 1791 1861 1846 poenas
1899 1782 2150 1840 θεηὶάτςυς

569 1872 636 1928 de
666 1872 895 1927 inimi'cis
921 1871 1141 1928 Joannis
1162 1865 1339 1924 statim
1369 1878 1607 1940 sumptas
1645 1867 1914 1938 sigillatim
1965 1881 2154 1923 recen-

568 1975 704 2032 seat,
737 1965 805 2019 de
831 1958 1069 2018 Eudoxio
1106 1960 1246 2025 silet,
1274 1978 1431 2031 qnam
1462 1953 1638 2014 lerunt
1665 1959 1854 2013 morbo
1892 1956 2036 2014 foedo
2055 1998 2069 2022 ,
2098 1967 2154 2012 et.

576 2064 695 2127 post
724 2062 944 2126 magnes
972 2054 1241 2111 cruciatus
1268 2055 1486 2108 obiisse.
1732 2120 1735 2123 _
1806 2126 1809 2129 ἰ
1950 2134 1953 2135 ν

651 2168 668 2199 ι
703 2136 1002 2203 Constituta
1044 2147 1250 2216 itaque,
1279 2153 1533 2214 quantum
1566 2156 1594 2195 a
1624 2143 1780 2197 nobis
1807 2140 1920 2197 fieri
1949 2142 2149 2211 potuit,

570 2234 868 2309 icmporum
918 2239 1146 2302 ratione,
1194 2222 1260 2291 ad
1302 2237 1447 2310 ipsos
1491 2234 1807 2289 accedamus
1852 2244 2100 2289 auctores
2136 2251 2147 2287 :

568 2334 795 2400 quorum
835 2329 990 2385 facile
1038 2324 1287 2399 princeps
1317 2310 1613 2392 f’alladius,
1653 2338 1746 2382 Sen
1789 2326 2031 2396 quisquis
2070 2335 2151 2380 est

568 2410 710 2475 illius
739 2420 932 2492 dialogi
964 2430 1168 2483 auctor,
1197 2421 1285 2489 qui
1308 2421 1425 2488 ejus
1454 2419 1621 2473 fertur
1647 2419 1882 2472 nomine.
1916 2435 1934 2469 ι
2090 2486 2093 2487 ν

639 2510 739 2565 Hic
779 2502 885 2565 duo
913 2505 1195 2564 moventur
1235 2508 1612 2583 quaestiones,
1640 2508 1836 2586 quibus
1880 2506 2151 2561 solvendis

569 2597 802 2656 Sm‘ilius
823 2618 880 2655 se
906 2617 1122 2672 prorsus
1154 2596 1411 2669 imparem
1441 2615 1561 2654 esse
1587 2599 1737 2654 dicit.
1766 2599 1943 2655 Prima
1971 2608 2055 2653 est
2082 2598 2151 2654 de

563 2702 781 2747 auctore
813 2693 952 2746 illius
996 2692 1220 2762 dialogi,
1253 2703 1429 2745 utrum
1470 2690 1609 2745 idem
1639 2690 1708 2744 sit
1737 2707 1801 2744 an
1833 2690 2078 2746 diversus
2117 2692 2175 2753 ai

570 2770 574 2779 ι

565 2786 817 2853 Palladio,
862 2786 1250 2861 ΙιρΙρηοροιρυε
1291 2785 1563 2854 episcopo,
1606 2785 1983 2840 Lausiacorum
2014 2786 2148 2840 scri-

563 2887 715 2948 ptore
738 2895 750 2929 :
784 2862 1029 2930 eumdem
1048 2892 1166 2931 esse
1185 2876 1396 2945 quidem
1418 2877 1642 2933 suadere
1663 2888 1717 2933 ct
1749 2878 1955 2932 titulum
1976 2879 2146 2947 ipsunt

567 2967 781 3036 dialogi,
800 2968 1009 3035 etquod
1033 2967 1295 3022 Palladius
1325 2968 1601 3039 dialogista
1624 2984 1682 3023 se
1704 2971 1754 3024 in
1773 2970 2004 3024 Asiatica
2025 2986 2147 3040 pcr-

562 3059 892 3127 cgrinationc
905 3071 1217 3134 perpetuum
1232 3060 1479 3115 comitem
1492 3060 1682 3116 Joanni
1695 3062 1984 3119 adhmsissc
1997 3065 2148 3134 proli-

563 3160 734 3206 tcatur
761 3168 774 3203 :
805 3138 944 3220 quod
969 3151 1034 3206 de
1065 3132 1301 3206 i'aliadio
1318 3151 1573 3208 Lausiaco
1603 3163 1783 3208 verum
1803 3170 1922 3210 esse
1962 3170 2148 3210 omnes

560 3241 745 3295 sciant.
768 3238 819 3295 id
835 3245 1062 3312 quoque,
1084 3241 1222 3312 quod
1241 3239 1515 3315 dialogista
1533 3245 1780 3299 canitiem
1794 3260 1941 3300 suam
1958 3247 2149 3314 [mndi-

558 3344 662 3397 cet,
679 3336 875 3404 optime
888 3353 1015 3391 sane
1034 3338 1082 3391 in
1103 3336 1416 3392 Lausiacum
1434 3339 1646 3405 cadere,
1661 3339 1748 3404 qui
1765 3341 2146 3409 aliquotannos

560 3426 679 3496 post
709 3427 929 3480 Romam
957 3438 1165 3496 captain
1195 3430 1402 3484 \‘chrit.
1430 3430 1622 3483 Verum
1646 3431 1860 3485 obstare
1883 3431 1951 3485 ab
1975 3431 2145 3487 altera

559 3528 707 3585 parte
726 3559 741 3581 ,
771 3518 912 3586 quod
955 3529 1059 3571 tam
1087 3519 1402 3574 Theodorus
1429 3537 1584 3590 quam
1634 3521 1747 3589 ipse
1792 3522 2061 3578 Palladius
2091 3524 2145 3578 in

558 3609 767 3677 dialogo
783 3608 849 3662 de
874 3609 962 3662 illo
985 3609 1372 3680 llelenopoleos
1395 3612 1648 3683 episcopo
1665 3613 1714 3666 in
1739 3614 1894 3668 tertia
1918 3629 2145 3683 persona

560 3689 858 3770 loquantur.
884 3701 1123 3755 Alterum
1145 3703 1373 3757 occurrit
1396 3695 1591 3759 Savilio
1617 3706 1920 3774 scrupulum
1941 3720 1972 3761 e
1995 3722 2146 3761 men-

557 3793 700 3847 tione
725 3793 918 3847 Zosimi
945 3794 1208 3865 pootilieis
1236 3796 1475 3850 ductum.
1511 3797 1582 3850 De
1613 3797 1710 3857 bac
1739 3798 2022 3868 posteriori
2043 3799 2143 3854 ob-

551 3884 784 3956 jectione
809 3878 926 3939 ride
955 3886 1083 3940 infra
1108 3886 1294 3956 Bigotii
1321 3887 1773 3942 dissertatioumn.
1816 3889 2138 3955 Secundum,

561 3976 729 4045 inquit
755 3976 1013 4045 Savilins,
1043 3987 1125 4033 est
1154 3979 1403 4044 dubium,
1438 3981 1704 4049 quomodo
1742 3980 1856 4036 ﬁeri
1890 3984 2141 4053 potuerit,

558 4068 614 4120 tit
644 4069 779 4121 intra
813 4069 1040 4123 triduum
1080 4054 1306 4143 (Pallad.
1339 4072 1501 4140 Dial.)
1542 4084 1662 4142 post
1688 4085 1936 4144 acceptas
1963 4075 2142 4130 Theo-“-

555 4159 684 4228 pliili
711 4161 921 4227 literas,
949 4163 1140 4232 quibus
1168 4157 1257 4218 ille
1283 4164 1612 4235 significabat
1640 4165 1798 4236 Papa:
1840 4166 2143 4222 Innocentio

552 4239 809 4307 Joannem
828 4270 855 4307 a
868 4271 928 4311 se
944 4255 1105 4311 fuisse
1117 4256 1435 4326 depositum,
1456 4258 1556 4312 illa:
1573 4259 1794 4314 Joannis
1809 4260 1996 4327 literm,
2013 4276 2143 4331 qua-

554 4360 669 4419 rum
691 4344 918 4413 initium,
944 4346 1110 4401 Etiam
1138 4359 1405 4419 antequam
1428 4351 1637 4404 reddita:
1650 4362 1785 4417 sunt,
1807 4352 1872 4406 ad
1892 4353 2140 4409 eumdem

556 4417 751 4502 Fapam
769 4437 1103 4504 pervenerint
1121 4455 1132 4490 :
1148 4438 1554 4508 mmeeOpbili
1571 4426 1875 4494 necessario
1887 4458 2006 4497 esse
2019 4442 2141 4497 scri-

555 4531 670 4591 ptas
697 4541 761 4579 cx
788 4526 1014 4579 concilio
1046 4528 1110 4581 ad
1148 4529 1434 4597 Qucrcum,
1460 4546 1578 4583 cum
1611 4532 1889 4599 posteriori
1915 4534 2142 4589 concilio

552 4600 665 4683 ipse
690 4631 788 4683 nec
809 4616 1125 4682 interfuerit,
1146 4635 1316 4690 neque
1345 4620 1395 4675 in
1417 4637 1482 4676 co
1504 4609 1664 4677 ullum
1683 4625 2034 4680 accusationis
2061 4643 2143 4681 ca-

554 4713 647 4776 put
674 4704 744 4760 sit
772 4707 1059 4778 prolatum,
1090 4700 1181 4765 sed
1221 4729 1397 4767 merus
1425 4729 1595 4769 canon
1616 4700 1828 4771 concilii
1853 4717 2141 4774 Antioche-

553 4795 605 4849 ni
649 4797 918 4853 adhibitus
946 4817 959 4852 :
986 4810 1171 4855 contra
1200 4792 1421 4858 Joannis
1453 4806 1635 4860 literas
1685 4816 1804 4876 post
1841 4809 2134 4865 secundam

552 4887 715 4958 ipsius
732 4889 1098 4958 expulsioncm
1120 4894 1346 4964 scriptas
1371 4912 1510 4963 esse,
1531 4897 1788 4954 declarari
1818 4901 1900 4956 vel
1922 4900 2005 4955 bis
2026 4902 2141 4973 ejus

555 4985 748 5050 verbis,
771 4976 1007 5041 Secundo
1037 4989 1246 5042 ecclesia
1273 5006 1382 5042 sum
1406 4993 1591 5061 ejectus
1619 5009 1638 5047 :
1668 4996 1803 5049 inter
1828 4995 1935 5050 duo
1959 5006 2136 5052 autem

548 5078 732 5130 exsilia
757 5078 1120 5136 interceSsissc
1148 5098 1361 5137 menses
1382 5086 1768 5142 novemdccim.

629 5187 646 5216 ι
686 5169 739 5220 In
767 5169 985 5226 Socrate
1024 5184 1252 5242 quatuor
1281 5175 1465 5230 eadem
1497 5178 1707 5248 pagina,
1753 5189 1847 5233 aut
1881 5180 2136 5250 quinque,

549 5270 672 5313 sunt
697 5271 873 5314 errata
899 5252 1147 5317 historica
1174 5266 1223 5318 iu
1252 5269 1530 5323 narrandis
1553 5268 1918 5342 Cltrysostomi
1937 5273 2098 5328 rebus
2122 5290 2136 5327 :

552 5364 671 5402 nam
700 5362 893 5403 caetera
918 5369 1019 5408 non
1044 5355 1263 5424 attingo.
1295 5356 1488 5426 Atque,
1511 5370 1570 5413 nt
1596 5361 1661 5415 ab
1685 5362 1886 5420 ultimis
1914 5364 2092 5418 ordiar
2121 5383 2136 5421 :

551 5441 693 5506 quod
723 5440 981 5498 Joannem
1009 5446 1076 5498 ab
1124 5447 1368 5516 Evagrio,
1405 5450 1604 5504 Paulini
1651 5467 1993 5521 successore,
2029 5457 2137 5510 Eu-

553 5532 935 5591 stathianarum
970 5541 1195 5609 partium
1220 5544 1516 5597 Antiochia:
1543 5546 1825 5616 episcopo,
1856 5551 2137 5621 presbyte-

554 5622 672 5675 fnin
705 5624 887 5677 scribit
914 5644 1031 5686 esse
1071 5633 1371 5685 ordinatum
1399 5651 1409 5684 :
1442 5650 1469 5687 a
1515 5636 1749 5691 Palladio
1787 5640 2137 5710 omnibusque

539 5712 671 5765 .aliis
700 5714 966 5769 veteribus
1000 5730 1052 5772 et
1082 5723 1469 5780 recentioribus
1509 5727 1785 5795 refellitur,
1820 5730 1909 5799 qui
1942 5732 1989 5785 id
2023 5749 2126 5789 uno

1683 278 1957 335 HENRICI
1999 276 2246 335 SAVlLil
2302 275 2752 333 DlSSEliTATlO

3708 312 3745 351 Χ
3758 311 3891 354 ικη

2260 390 2354 454 ore
2383 412 2570 456 onmcs
2597 399 2855 457 Flaviano
2887 402 3144 472 tribuunt,
3174 404 3419 472 aliarum,
3473 407 3575 466 hoc
3601 419 3708 478 est,
3745 412 3889 469 Me-

2260 489 2573 545 letianarum
2614 492 2839 562 partium
2867 494 3139 565 episcopo.
3171 495 3314 564 Quas
3336 504 3514 569 partes
3541 499 3595 556 in
3623 516 3688 559 eo
3709 504 3883 561 schi-

2256 589 2426 637 smate
2452 591 2504 637 ct
2531 583 2598 638 ab
2626 583 2778 637 initio
2806 593 3021 640 secutus
3046 592 3130 641 est
3171 585 3428 654 Joannes,
3458 598 3517 646 ut
3538 605 3571 647 e
3607 594 3890 664 superio-

2258 672 2407 727 ribus
2424 684 2586 742 patet,
2604 683 2659 728 et
2682 675 2734 729 in
2751 674 2939 730 iisdem
2963 690 3131 745 usque
3149 676 3217 732 ad
3234 676 3393 734 linem
3414 682 3891 739 constantissime

2262 766 2575 834 permansit.
2622 765 2737 821 Non
2764 767 2934 834 enim,
2980 767 3079 823 nisi
3112 778 3231 839 post
3273 780 3501 828 mortem
3542 773 3881 847 Porphyrii,

2257 856 2345 923 qui
2378 855 2664 912 'Flariano
2730 859 3020 924 successit,
3081 860 3363 929 prudentia
3420 871 3478 919 et
3530 864 3884 923 dexteritate

2261 945 2572 1013 Alexandri,
2589 948 2820 1018 episcopi
2847 958 2970 1004 tunc
2982 950 3325 1021 Antiocbeni,
3344 954 3517 1024 sopita
3536 958 3727 1021 estilla
3743 959 3879 1016 dis-

2256 1038 2435 1094 cordia
2453 1040 2591 1094 inter
2610 1041 2986 1111 Eustatbianos
3016 1053 3071 1098 et
3101 1046 3431 1115 Melctianos,
3452 1058 3586 1105 teste
3603 1050 3883 1109 Theodo-

2260 1139 2376 1184 reto
2404 1130 2494 1184 lib.
2529 1131 2582 1195 3,
2612 1147 2661 1186 c.
2689 1133 2778 1188 55.
2811 1133 2915 1189 Sed
2947 1134 3012 1189 ad
3058 1135 3407 1193 refellendum
3435 1140 3579 1197 hunc
3606 1152 3880 1199 errorem

2257 1222 2496 1277 Socratis
2521 1239 2627 1277 non
2656 1233 2733 1278 est
2764 1236 2986 1281 necesse
3006 1227 3339 1283 extrinsecus
3361 1230 3700 1298 probationes
3736 1249 3881 1288 mu-

2256 1297 2394 1391 tuari
2412 1330 2425 1367 :
2445 1328 2565 1389 cum
2582 1316 2849 1391 sexcentis
2865 1317 2917 1370 in
2936 1317 3065 1371 locis
3076 1332 3140 1373 ex
3161 1317 3324 1388 ipsius
3338 1297 3702 1392 Chrysosmnti
3729 1334 3877 1380 ver-

2256 1401 2339 1457 bis
2366 1402 2485 1459 lucc
2503 1404 2699 1460 clarius
2727 1407 2815 1473 sit,
2839 1422 2869 1461 a
2901 1400 3153 1463 Flaviano
3185 1420 3309 1464 eum
3337 1409 3503 1467 fuisse
3538 1412 3874 1470 ordinatum

2259 1496 2649 1568 presbyterum,
2669 1498 2951 1570 sub‘eoque
2970 1499 3226 1571 deinceps
3243 1512 3410 1574 usque
3427 1504 3496 1559 ad
3509 1507 3877 1575 episcopatus

2260 1597 2499 1657 tempora
2528 1589 2741 1645 vixisse.
2770 1590 3075 1646 Proximum
3097 1602 3200 1658 est,
3224 1608 3330 1648 non
3354 1594 3570 1665 quidem
3591 1596 3639 1650 id
3670 1599 3875 1653 minus

2259 1676 2471 1743 falsum,
2495 1679 2591 1734 sed
2618 1681 2759 1749 quod
2785 1682 2991 1752 aliquos
3012 1684 3201 1738 saltem
3231 1699 3262 1739 c
3288 1686 3674 1743 recentioribus
3701 1689 3875 1744 inse—

2261 1771 2398 1827 n‘crit
2424 1771 2723 1829 laudatores
2751 1775 2896 1845 (nam
2914 1775 3053 1844 apud
3084 1775 3372 1832 Palladium
3401 1778 3603 1834 nullutn
3626 1778 3870 1850 hujusce

2259 1864 2335 1918 rei
2360 1864 2658 1937 vestigium)
2689 1866 2756 1921 dc
2784 1875 2896 1921 toto
2928 1866 3020 1920 illo
3048 1868 3312 1934 triennio,
3357 1884 3465 1939 quo
3504 1881 3623 1939 post
3649 1871 3870 1927 Mcletii

2259 1964 2510 2020 mortem,
2542 1957 2814 2025 tranquille
2840 1958 2960 2029 egit,
2991 1958 3160 2028 inquit
3193 1959 3475 2027 Socrates;
3506 1951 3870 2017 commoratus

2259 2056 2330 2099 est
2360 2046 2410 2099 in
2442 2049 2744 2103 monasterio
2783 2049 2869 2102 ubi
2910 2050 3075 2118 fuerat
3119 2051 3292 2119 prius,
3332 2052 3499 2123 inquit
3536 2053 3811 2124 Georgius
3849 2072 3866 2109 :

2259 2136 2399 2192 unde
2432 2149 2739 2209 assumptus
2775 2148 2859 2194 cst.
2888 2151 3068 2210 postea
3090 2140 3157 2195 ad
3206 2143 3649 2215 presbyteratum.
3692 2146 3866 2211 Quod

2257 2238 2403 2283 stare
2426 2231 2573 2285 nullo
2610 2229 2770 2300 modo
2796 2240 3002 2301 potest,
3035 2232 3133 2287 nisi
3163 2244 3349 2287 contra
3378 2249 3566 2289 omnes
3593 2234 3867 2289 historias

2257 2334 2361 2373 non
2393 2319 2479 2385 t2,
2506 2319 2601 2374 sed
2630 2321 2696 2375 14
2726 2335 2895 2375 annos
2921 2331 2975 2377 et
2998 2323 3225 2392 amplius
3250 2322 3472 2379 Joannis
3501 2326 3865 2396 presbytera~

2254 2396 2338 2468 tui
2361 2412 2718 2484 assignemus.
2753 2414 2881 2468 Nam
2924 2416 3151 2484 primum
3184 2431 3211 2469 a
3241 2411 3412 2472 morte
3450 2417 3667 2484 Melctii,
3696 2410 3858 2487 quae;

2256 2514 2310 2558 ut
2341 2520 2499 2574 supra
2521 2505 2782 2581 diximus,
2810 2508 2999 2562 accidit
3028 2507 3150 2571 581,
3172 2517 3411 2578 tempore
3436 2510 3683 2565 secundm
3714 2527 3861 2583 $3"-

2253 2597 2366 2661 odi,
2395 2612 2566 2666 usque
2611 2596 2677 2652 ad
2723 2600 3087 2667 episeopatom
3112 2599 3336 2655 Joannis
3360 2616 3503 2656 anno
3544 2601 3683 2669 598,
3720 2605 3861 2658 anni

2254 2699 2377 2778 sunt
2409 2690 2549 2760 pleni
2580 2691 2648 2746 16
2676 2709 2690 2746 :
2717 2706 2746 2747 e
2772 2678 2967 2761 quibus
3008 2703 3151 2748 recte
3192 2708 3307 2755 nos,
3342 2703 3398 2749 ut
3444 2704 3587 2764 puto,
3618 2695 3863 2752 Joannis

2252 2780 2555 2835 diacmiatui
2600 2781 2655 2847 4,
2685 2790 2739 2835 et
2767 2782 3153 2852 presbyteratui
3200 2784 3287 2848 1'2,
3318 2786 3735 2855 assignarimus.
3775 2789 3858 2843 Ex

2256 2872 2336 2924 Itis
2366 2873 2411 2926 si
2456 2872 2641 2927 dcm’as
2672 2871 2760 2940 12,
2801 2873 2996 2941 quibus
3034 2874 3162 2927 vixit
3190 2876 3489 2946 presbyter,
3532 2892 3639 2931 ttun
3671 2880 3859 2934 trien-

2253 2963 2440 3030 nium,
2481 2973 2539 3018 ut
2575 2964 2761 3019 volunt
2798 2963 2905 3030 illi,
2950 2964 3044 3019 sed
3081 2965 3487 3035 quadriennium
3535 2970 3855 3037 supererit,

2251 3066 2538 3128 antequam
2581 3056 2647 3112 ad
2701 3057 3127 3129 presbyteratum
3174 3071 3538 3116 assumeretur
3581 3061 3852 3118 Joannes;

2255 3150 2454 3206 Deinde
2482 3148 2621 3205 lianc
2648 3149 2953 3221 Opinionem
2986 3154 3333 3222 sequentibus
3363 3169 3585 3209 necesse
3628 3155 3737 3210 erit
3764 3156 3852 3211 dis

2250 3255 2372 3295 cere
2385 3256 2506 3295 cum
2525 3249 2699 3295 morte
2720 3240 2912 3297 Melctii
2932 3243 3138 3297 linitnm
3152 3258 3270 3298 esse
3291 3244 3716 3314 quinquennium
3733 3246 3853 3301 dia~

2252 3344 2496 3388 conatus.
2527 3334 2701 3404 Atque
2726 3335 2797 3388 ita
2822 3334 2908 3389 liet
2933 3334 3166 3390 Joannes
3190 3337 3380 3390 mortis
3426 3346 3665 3405 tempore
3707 3348 3851 3408 pene

2250 3428 2720 3499 septuagenarins,
2779 3429 2910 3482 inter
2961 3430 3212 3498 lonngos
3261 3430 3468 3491 scilicet,
3498 3444 3627 3496 non,
3661 3441 3718 3485 ut
3765 3418 3852 3485 est

2250 3518 2491 3573 onmium
2531 3531 2746 3590 recepta
2784 3520 3004 3591 opinio,
3046 3525 3176 3575 inter
3216 3529 3520 3590 prwmature
3549 3521 3845 3591 defunctos.

2248 3608 2429 3680 Itaque
2453 3609 2556 3665 hoc
2578 3612 2866 3666 triennium
2897 3627 3020 3666 cum
3054 3612 3290 3667 Palladio
3328 3600 3485 3682 plane
3507 3613 3741 3667 eximam
3779 3624 3845 3667 ex

2247 3718 2508 3758 annorum
2529 3701 2898 3775 Chrysostomi
2921 3706 3338 3773 computatione,
3371 3714 3480 3759 tum
3513 3707 3629 3760 aliis
3651 3707 3848 3761 ductus

2249 3792 2544 3851 rationﬂms
2561 3838 2574 3856 .
2597 3806 2707 3850 tum
2730 3812 2796 3850 ne
2814 3798 3035 3850 nimium
3054 3805 3661 3852 excresccrctannorum
3680 3800 3849 3865 Joan-

2249 3886 2332 3940 nis
2356 3902 2645 3943 .uumcrus.
2677 3887 2915 3941 Tertium
2944 3899 3047 3949 cst,
3080 3888 3221 3955 quod
3249 3887 3511 3948 Joannem
3538 3904 3566 3941 a
3596 3888 3842 3955 Zenone;

2246 3980 2502 4049 cpiscolio
2522 3963 2763 4049 Majnnne
2791 3980 2840 4033 in
2877 3981 3175 4049 l‘ala-stina,
3210 3981 3597 4053 Hierosolymis
3619 3998 3860 4038 reverso

2250 4073 2393 4146 (nam
2422 4073 2911 4144 Hierosolymorum
2940 4074 3251 4143 cpise0pum
3274 4091 3430 4130 nemo
3450 4076 3607 4140 dixit,
3631 4078 3734 4131 etsi
3767 4078 3846 4130 vir

2248 4181 2472 4236 magnus
2503 4180 2661 4221 secus
2695 4166 3022 4235 acceperit),
3049 4177 3410 4236 anagnosten,
3440 4166 3554 4221 sire
3579 4168 3843 4222 lectorem

2245 4257 2559 4313 scribitcsse
2575 4267 2810 4313 creatum
2833 4276 2845 4313 :
2870 4274 2988 4312 cum
3008 4259 3055 4312 id
3077 4274 3105 4311 a
3125 4259 3337 4314 Elicit-tio
3353 4259 3545 4312 factum
3573 4276 3635 4314 ex
3663 4260 3843 4314 Palla-

2246 4349 2336 4405 dio
2374 4365 2536 4421 supra
2580 4351 3006 4415 ostendeiimus;
3055 4367 3226 4421 neque
3274 4369 3508 4408 canones
3552 4354 3737 4408 sinunt
3788 4354 3839 4407 in

2245 4442 2415 4496 aliena
2437 4442 2709 4511 provincia
2730 4442 3091 4497 ordinationes
3122 4443 3314 4499 facere.
3349 4445 3605 4513 Quartum
3637 4456 3722 4501 est
3750 4447 3843 4500 illo

2245 4532 2310 4586 de
2330 4532 2522 4587 Basilio
2540 4532 2727 4602 Magno
2747 4544 2802 4588 ct
2825 4532 3034 4590 Joanne
3057 4535 3441 4613 Clirystisttitiio
3466 4535 3687 4606 insignis
3709 4548 3840 4591 tem-

2247 4641 2427 4692 porum
2444 4626 2771 4695 perturbatio,
2796 4642 2824 4678 a
2844 4625 3053 4689 Photio,
3076 4629 3376 4700 Anonymo,
3396 4627 3645 4683 Simeone
3674 4630 3841 4684 Meta-

2249 4715 2487 4785 pliraste,
2519 4716 2680 4771 Card.
2714 4716 2946 4773 Barouio
2971 4719 3101 4775 satis
3129 4719 3408 4775 refutatus;
3442 4720 3661 4787 Quinto,-
3692 4722 3838 4793 quod

2246 4805 2525 4864 Lectorem
2557 4810 2751 4864 factum
2780 4811 2943 4868 fuisse
2974 4822 3093 4883 post
3119 4814 3356 4869 relictam
3382 4816 3549 4870 vitam
3574 4818 3835 4870 monasti-

2246 4916 2363 4955 cam
2394 4914 2639 4957 assercrc
2668 4903 2876 4959 videtur
2902 4915 3084 4960 contra
3112 4923 3366 4977 eXprcssa
3397 4909 3559 4962 verba
3584 4908 3832 4963 Palladii.

2207 4994 2377 5057 ,Nam
2426 4995 2568 5064 quod
2619 4995 2688 5051 ab
2739 4997 2928 5052 eodem
2982 5010 3276 5069 anagnoste
3328 5002 3666 5070 conscriptos
3715 5002 3834 5055 illoc

2247 5099 2432 5162 contra
2456 5087 2672 5144 ,Ιιιόιυοε
2702 5105 2981 5147 sermones
3012 5095 3224 5153 asserit,
3254 5094 3603 5149 refutavimus
3632 5095 3684 5148 iu
3727 5092 3833 5146 Nos

2248 5180 2313 5233 tis
2343 5197 2356 5232 :
2385 5189 2439 5233 et
2466 5180 2607 5249 quod
2654 5183 2819 5240 libros
2844 5185 2913 5239 dc
2940 5185 3284 5251 Saccrdotio,
3318 5185 3383 5240 ad
3410 5187 3719 5257 Stagirium,
3763 5186 3830 5240 de

2245 5272 2578 5340 Aeatalepto,
2608 5284 2661 5329 et
2688 5274 2755 5329 de
2785 5275 3247 5343 Subintrodnctis,
3277 5279 3345 5333 ab
3389 5279 3578 5334 eodem
3606 5280 3832 5334 diacono

2244 5365 2570 5431 compositos
2598 5366 2849 5420 afﬁrmat.
2880 5368 3104 5422 Siloitne
3150 5386 3277 5439 ergo
3319 5372 3556 5426 divinum
3597 5372 3721 5427 illud
3753 5376 3825 5425 in-

2243 5454 2479 5522 geniunt,
2503 5466 2556 5511 et
2573 5472 2632 5512 os
2654 5471 2897 5520 aureum,
2919 5468 3083 5513 totum
3105 5461 3153 5513 in
3173 5462 3461 5518 solitudine
3477 5464 3790 5517 sexennium
3816 5466 3831 5512 .’

2243 5547 2309 5602 Et
2335 5550 2549 5616 quidem
2581 5551 2624 5603 si
2669 5552 2992 5619 coniecturis
3036 5553 3189 5609 locus
3218 5565 3393 5623 esset,
3439 5558 3602 5609 libros
3641 5559 3705 5610 de
3732 5556 3829 5610 Sa-

2243 5641 2505 5704 ccrdotio,
2532 5642 2597 5696 ad
2626 5642 2937 5713 Stagirintn:
2970 5658 3211 5713 putarem
3241 5647 3308 5700 ab
3337 5664 3423 5714 eo,
3453 5662 3745 5717 anagnostc
3775 5654 3830 5699 et.

2249 5734 2534 5798 monacho,
2578 5736 2841 5806 scriptos:
2874 5739 2949 5794 sic
2978 5740 3123 5796 enim
3162 5740 3379 5798 Simeon
3421 5743 3823 5812 Metapbrastos.
