4018 6454
291 424 455 465 χχχιιι

291 523 578 580 Orationes
630 535 772 576 vero
804 530 993 577 contra
1035 518 1251 576 Judaeos
1293 530 1497 575 certum
1541 527 1712 575 estex
1763 519 1892 588 ipsis

292 611 674 685 Chrysostomi
705 612 896 667 verbis
943 611 1152 668 habitas
1183 626 1303 667 esse
1351 625 1493 665 anno
1521 608 1758 665 secundo
1807 608 1892 663 vel

297 705 458 761 tertio
489 704 845 768 diaconatus;
877 717 982 772 quo
1006 702 1166 757 etiam
1195 716 1336 756 anno
1356 700 1495 756 dicta
1519 709 1602 756 est
1631 700 1718 753 illa
1742 715 1892 770 egre-

294 799 381 868 gia
410 798 466 853 in
497 796 757 867 Babylam
775 796 969 850 oratio.
991 797 1162 865 Atque
1182 794 1291 862 hic,
1315 795 1558 864 quamvis
1579 803 1728 848 extra
1754 808 1888 859 rem,

296 890 560 944 nonnulla
605 903 673 942 ex
703 886 947 941 historiis
974 896 1205 942 attexam
1247 886 1316 940 de
1355 885 1573 954 scriptis
1610 884 1726 953 ejus
1771 893 1892 953 post

298 981 662 1036 diaconatum.
696 979 1051 1050 Nicephorus,
1081 981 1170 1049 qui
1202 995 1261 1035 se
1284 979 1407 1034 inde
1436 980 1502 1034 ab
1531 978 1891 1033 adolescentia

299 1074 416 1143 ejus
442 1088 631 1127 amore
658 1071 930 1142 ﬂagrasse,
962 1084 1121 1142 atque
1160 1072 1212 1126 in
1258 1071 1398 1126 illius
1416 1112 1430 1137 ,
1461 1070 1680 1140 perinde
1708 1085 1771 1125 ac
1798 1070 1889 1124 Dei

296 1165 467 1234 ipsius
485 1205 502 1230 ,
523 1163 743 1218 vocibus
768 1163 1099 1233 acqttievisse
1128 1162 1353 1228 scribit,
1378 1177 1409 1216 a
1431 1162 1636 1217 Joanne
1664 1160 1888 1231 presby-

297 1270 417 1312 tero
442 1256 776 1325 conscriptas
800 1256 963 1310 tradit
1001 1256 1364 1325 expositiones
1402 1255 1454 1308 in
1484 1253 1765 1323 Evangelia
1788 1294 1802 1320 ,
1833 1253 1886 1307 in

298 1347 563 1411 Psalmos,
606 1346 675 1402 de
698 1346 919 1413 Statuis,
952 1345 1017 1400 de
1045 1345 1355 1415 Virginitate
1376 1348 1713 1416 (Anonymus
1741 1344 1889 1399 addit

297 1439 699 1508 Expositionem
739 1438 791 1491 in
841 1436 1085 1507 lsaiam);
1115 1437 1184 1491 ab
1223 1436 1415 1491 eodem
1463 1437 1736 1506 episcopo,
1773 1435 1884 1489 Ex-

295 1532 593 1604 positiones
618 1530 673 1584 in
690 1531 751 1584 Β.
774 1531 1091 1600 Apostolum
1117 1527 1206 1601 (de
1226 1545 1327 1600 qua
1345 1545 1404 1584 re
1418 1528 1627 1600 supra),
1654 1529 1706 1583 in
1729 1530 1880 1596 Acta,

291 1634 346 1678 et
370 1624 765 1695 Panegyricos:
794 1637 1021 1693 quorum
1069 1633 1243 1677 tamen
1295 1622 1432 1676 bona
1472 1636 1625 1691 pars,
1674 1630 1735 1675 ut
1773 1621 1883 1676 suis

295 1714 428 1769 locis
453 1714 807 1775 ostendimus.
837 1714 1035 1783 scripta
1074 1722 1157 1769 est
1182 1713 1512 1779 Antiochize;
1543 1723 1598 1768 et
1627 1728 1693 1768 ne
1723 1712 1881 1783 longe

292 1806 503 1868 abeam,
535 1805 626 1860 ille
653 1806 705 1859 in
736 1805 1007 1860 Meletium
1037 1814 1159 1875 post
1185 1819 1355 1859 annos
1383 1805 1618 1875 quinque
1647 1820 1676 1858 a
1707 1813 1882 1860 morte

293 1895 490 1950 Melctii
517 1895 731 1950 habitus
756 1904 870 1963 est,
900 1895 1003 1950 hoc
1030 1904 1141 1960 est,
1175 1896 1349 1966 primo
1372 1910 1514 1949 anno
1542 1895 1879 1966 presbytera-

293 1998 394 2041 tus.
423 1987 529 2043 Sed
560 1988 843 2043 redeamus
872 1987 941 2041 ad
960 1987 1272 2043 Socratem:
1301 1987 1453 2057 cujus
1482 1986 1610 2040 illud
1634 1986 1877 2040 ultimum

293 2092 394 2131 non
429 2078 627 2148 injuria
659 2078 1022 2147 reprehendas
1046 2119 1058 2143 ,
1089 2078 1229 2148 quod
1258 2077 1532 2148 expressis
1560 2077 1733 2132 verbis
1762 2078 1878 2132 sine

290 2169 390 2223 ulla
417 2170 751 2225 dubitatione
790 2171 1095 2225 incendium
1125 2171 1310 2241 templi
1334 2183 1388 2225 et
1420 2172 1585 2225 curiae
1613 2171 1877 2225 Joannitis

291 2260 390 2332 (sic
410 2263 555 2316 enim
578 2263 665 2331 qui
681 2262 904 2318 Joannis
927 2264 1093 2317 nostri
1124 2265 1348 2333 partium
1372 2272 1542 2326 erant,
1566 2261 1873 2333 audiebant)

290 2354 517 2409 tribuit:
551 2369 674 2409 cum
723 2356 882 2409 minis
925 2355 1185 2410 bonorum
1225 2355 1699 2423 adstriptionibus,
1744 2354 1875 2410 diris

288 2446 611 2501 cruciatibus
648 2454 705 2500 et
732 2446 1171 2516 exquisitissimis
1211 2448 1495 2500 tormentis
1523 2446 1574 2499 in
1611 2447 1772 2510 viros,
1821 2447 1872 2499 in

289 2536 509 2593 feminas
532 2538 772 2592 szevitum
796 2549 942 2593 esset
965 2557 978 2591 :
1008 2538 1145 2593 adeo
1167 2547 1226 2593 ut
1246 2538 1459 2607 quidam
1490 2537 1875 2607 quaestionibus

288 2632 730 2696 immorerentur,
759 2632 981 2702 quidam
1012 2632 1169 2701 paulo
1200 2641 1322 2701 post
1353 2635 1689 2701 exspirarent
1724 2649 1736 2684 :
1776 2647 1872 2685 ne-

286 2738 387 2791 que
425 2733 604 2777 tamen
641 2723 805 2777 ullum
835 2723 954 2793 ejus
982 2721 1239 2777 facinoris
1272 2732 1606 2792 compertum
1634 2722 1704 2777 sit
1732 2722 1873 2793 apud

287 2813 558 2870 Joannitas
586 2815 893 2886 vestigium.

359 2925 378 2957 ι
403 2906 546 2973 Jam,
571 2907 614 2960 si
644 2908 840 2975 placet,
864 2906 930 2961 ad
951 2906 1238 2977 Georgium
1270 2906 1687 2962 Alexandrinum
1715 2921 1872 2961 acce-

286 3000 511 3055 damus:
545 3001 630 3055 cui
659 2999 899 3068 Photius,
929 3000 1104 3070 magni
1127 2999 1311 3070 judicii
1341 3000 1441 3064 vir,
1482 3006 1537 3053 et
1579 2998 1873 3053 acerrimus

291 3100 531 3145 veterum
559 3090 878 3159 scriptorum
904 3105 1117 3156 censor,
1172 3090 1279 3145 duo
1332 3089 1574 3159 impingit
1624 3089 1870 3157 crimina,

287 3182 594 3238 Ilellenismi
641 3196 745 3236 non
791 3181 1090 3249 observati,
1134 3190 1189 3236 et
1225 3182 1539 3252 ignorantia:
1584 3181 1872 3238 factorum.

293 3276 367 3331 De
388 3276 555 3345 priori
584 3274 749 3330 multa
776 3274 1081 3329 monuimus
1101 3274 1298 3343 passim
1326 3274 1381 3327 in
1402 3273 1574 3339 Notis,
1608 3281 1661 3328 et
1682 3288 1768 3327 res
1790 3281 1873 3328 est

286 3368 455 3423 cuivis
508 3367 662 3420 obvia
693 3385 706 3421 :
734 3367 805 3421 de
853 3367 1156 3435 posteriori,
1205 3382 1365 3436 quam
1422 3366 1657 3421 historiae
1705 3366 1874 3422 Geor-

286 3460 454 3530 giante
480 3467 684 3530 partem
710 3467 897 3514 notare
927 3460 1175 3526 voluerit,
1205 3475 1327 3513 cum
1355 3459 1484 3513 nihil
1534 3460 1733 3514 diserte
1774 3476 1871 3514 οχ-

286 3553 564 3621 primatur,
589 3550 812 3606 difﬁcile
837 3560 919 3604 est
946 3560 1198 3604 statuere.
1229 3548 1336 3605 Nos
1363 3558 1542 3603 tamen
1572 3565 1640 3604 ne
1670 3550 1770 3603 hac
1818 3550 1870 3605 in

285 3652 436 3713 pirte
474 3641 728 3696 studiosis
771 3641 1059 3696 lectoribus
1085 3640 1319 3697 defuisse
1350 3641 1644 3708 videamur,
1685 3642 1871 3710 conje-

282 3742 462 3789 cturas
482 3743 694 3787 nostras
713 3731 1039 3787 adducemus
1066 3732 1118 3786 in
1152 3732 1409 3799 medium,
1438 3732 1756 3798 rationibus,
1814 3741 1874 3787 ut

283 3835 434 3897 puto,
467 3840 572 3880 non
599 3824 917 3894 spernendis
941 3824 1204 3879 ﬁrmatas.
1229 3828 1307 3880 Ac
1336 3825 1529 3894 primo,
1578 3825 1871 3894 scriptores

285 3933 463 3973 rerum
508 3917 876 3989 Chrysostomi
928 3921 982 3971 in
1038 3917 1171 3974 duas
1223 3918 1485 3974 distribuo
1538 3918 1758 3973 classes.
1813 3917 1870 3971 In

286 4010 464 4078 priore
490 4018 699 4062 veteres
726 4023 886 4077 pono,
916 4008 1208 4062 Palladium
1230 4008 1649 4073 Theodoretutn,
1677 4007 1871 4063 Socra-

285 4108 390 4154 tem
418 4106 473 4152 et
502 4097 883 4164 Sozomenum,
907 4098 998 4169 qui
1027 4106 1120 4152 aut
1144 4097 1364 4152 Joannis
1415 4113 1552 4165 navo,
1606 4109 1699 4152 aut
1748 4114 1869 4167 pro-

283 4190 430 4244 ximo
458 4197 579 4259 post
598 4188 946 4258 scripserunt,
974 4198 1078 4244 ete
1119 4188 1349 4244 diversis
1399 4188 1631 4244 fontibus
1684 4190 1874 4244 hause«

285 4292 430 4336 runt.
460 4280 647 4350 Neque
665 4281 809 4335 enim
840 4280 1114 4350 probabile
1163 4288 1267 4344 est,
1318 4295 1504 4334 eorum
1552 4295 1872 4351 quemquam

285 4371 508 4428 alterius
530 4371 805 4426 historiam
832 4371 1050 4427 vidisse.
1105 4371 1200 4427 llis
1246 4386 1507 4426 accenseo
1541 4371 1873 4441 antiquitatis

284 4465 456 4535 gratia
488 4475 723 4531 nostros,
753 4465 1073 4534 Prosperum
1104 4466 1503 4536 Aquitanicum,
1531 4475 1587 4520 et
1613 4465 1875 4520 Marcelli-

289 4570 416 4609 num
444 4553 709 4610 Comitem
738 4573 751 4609 :
786 4557 837 4610 itt
867 4556 1034 4611 altera
1064 4557 1216 4611 lance
1248 4557 1462 4611 unicum
1516 4572 1657 4627 pono
1702 4556 1873 4613 Geor-

286 4647 453 4716 gium.
483 4646 619 4701 Nam
649 4662 812 4717 quum
838 4662 903 4703 ex
932 4648 1099 4718 ipsius
1123 4663 1216 4703 ore
1246 4648 1531 4717 loquantttr
1551 4650 1731 4705 cartcri
1760 4664 1875 4703 om-

288 4755 404 4793 nes.
438 4739 546 4793 Leo
573 4739 887 4810 Imperator,
921 4742 1256 4811 Anonymus,
1281 4739 1685 4809 Metaphrastes,
1710 4740 1876 4794 Zona-

296 4845 407 4896 ras,
432 4830 649 4901 Glycas,
678 4831 1035 4900 Nieephorus,
1061 4832 1361 4899 Cedrenus,
1396 4832 1506 4897 alii,
1535 4831 1750 4886 nonnisi
1778 4847 1874 4901 pro

293 4939 400 4980 uno
422 4933 561 4979 teSte
580 4926 894 4980 numerandi
919 4934 1063 4980 sunt.
1089 4926 1144 4981 In
1191 4926 1386 4995 quibus
1430 4926 1589 4995 igitur
1614 4924 1876 4994 Georgius

288 5031 319 5068 a
348 5015 620 5070 veteribus
647 5014 895 5083 discedit,
923 5026 1015 5071 aut
1037 5017 1309 5072 veteribus
1330 5032 1465 5070 nova
1482 5016 1548 5069 de
1570 5031 1667 5069 suo
1684 5017 1872 5083 assuit,

290 5123 351 5163 ea
378 5106 492 5163 fere
520 5109 699 5162 omnia
731 5109 814 5165 vel
840 5110 894 5163 in
924 5107 1073 5164 falsis
1099 5110 1364 5178 relinquo,
1397 5109 1477 5165 vel
1507 5108 1557 5162 in
1589 5110 1871 5177 suspectis.

365 5218 386 5251 ε
432 5201 513 5253 Ac
534 5201 760 5269 primum
809 5200 911 5255 hac
939 5216 1100 5272 scopa
1151 5200 1283 5254 mihi
1335 5201 1606 5271 purganda
1659 5203 1876 5257 veniunt

291 5292 549 5347 miracula
574 5293 662 5346 illa
689 5294 1052 5359 sanationum,
1082 5293 1348 5349 visionum
1373 5294 1646 5361 etomnia,
1674 5294 1742 5351 de
1760 5297 1877 5364 qui-

295 5386 391 5441 bus
414 5386 556 5456 apud
582 5395 797 5443 veteres
823 5387 1153 5442 obstinatum
1176 5386 1474 5452 silentium,
1530 5403 1651 5441 cum
1705 5387 1876 5443 Geor-

292 5480 409 5550 gius
432 5479 499 5535 iis
523 5480 1010 5537 commemorandis
1051 5495 1154 5537 nec
1178 5480 1397 5535 modum
1421 5480 1583 5536 faciat
1613 5496 1787 5551 neque
1817 5482 1877 5537 ﬁ-

292 5585 435 5626 nem.
466 5568 629 5627 Certe
653 5571 707 5626 in
735 5570 837 5626 hoc
858 5580 1084 5641 peccant
1109 5584 1219 5627 non
1241 5569 1504 5640 Georgius
1524 5578 1751 5639 tantum,
1780 5573 1875 5628 sed

294 5676 346 5720 et
374 5662 774 5734 aliiGcorgium
790 5663 962 5719 secuti
988 5682 1003 5719 :
1033 5664 1267 5734 quicum
1295 5662 1490 5718 nudam
1512 5672 1568 5719 et
1586 5662 1875 5719 solitariam

294 5763 573 5816 veritatem
601 5771 709 5813 non
755 5763 1006 5824 putarent
1044 5755 1177 5810 satis
1202 5770 1326 5811 esse
1371 5752 1727 5825 magniﬁcam,
1785 5765 1876 5811 aut

293 5851 417 5904 illud
449 5845 778 5916 Thucydidis
804 5854 1138 5909 vererentur,
1187 5862 1254 5901 ne
1282 5864 1382 5903 non
1425 5845 1658 5915 fabulosa
1707 5847 1874 5904 minus

616 5939 889 5999 PATROL.
932 5938 1047 5997 Gn.
1098 5935 1341 5997 XLVIS.

1222 403 1310 459 DE
1349 403 1839 462 SCRIPTORIBUS
1877 402 2117 461 RERUJI
2146 404 2638 465 CHRYSOSTOMI.

3429 441 3581 483 μίξιν

2001 527 2145 587 grata
2166 518 2469 588 viderentur,
2501 522 2816 580 immensam
2864 543 3249 598 congesserunt
3297 537 3583 593 miraculo-

2000 623 2117 707 rum
2155 612 2259 663 vim
2283 628 2296 677 ;
2323 622 2375 666 et
2400 628 2506 682 quo
2533 614 2793 685 ﬁngendis
2820 619 3091 677 miraculis
3110 623 3259 680 locus
3286 639 3428 683 esset
3447 630 3599 707 hbe-3

1999 699 2128 764 rior,
2160 702 2325 770 ipsam
2357 704 2593 759 historia:
2615 716 2970 764 contestatam
2999 714 3277 771 veritatem
3311 734 3412 773 nec
3460 737 3583 779 raro

1999 807 2096 847 nec
2119 793 2308 850 leviter
2329 797 2697 853 immutarunt.
2722 801 2953 857 Proinde
2983 822 3101 874 quae
3126 809 3268 876 apud
3293 811 3581 882 Georgium

1998 894 2121 938 sunt
2152 885 2219 940 de
2248 889 2558 958 Anthemio,
2613 891 2680 947 de
2705 892 2957 967 ilesychii
3002 897 3240 967 visione,
3296 903 3361 957 de
3418 905 3581 959 nobili

1997 975 2353 1043 Antiocheno,
2380 980 2446 1035 de
2472 980 2802 1039 hemicranio
2855 985 3150 1056 laborante,
3196 989 3264 1046 de
3311 993 3583 1049 Archelao

1996 1066 2208 1136 leproso
2237 1109 2253 1135 ,
2298 1068 2597 1128 Christiana
2643 1076 2789 1145 ﬂuxu
2824 1080 3084 1148 sanguinis
3129 1080 3417 1149 laborante,
3475 1086 3580 1139 Eu-

1995 1158 2113 1213 cleo
2136 1162 2596 1231 monOphthalmo,
2630 1167 2787 1222 leone
2804 1180 3093 1237 prostrato,
3118 1172 3185 1227 de
3201 1175 3319 1229 alba
3335 1176 3578 1232 columba

1993 1252 2151 1319 capiti
2180 1251 2422 1321 Joannis,
2454 1272 2574 1311 cum
2602 1259 2882 1328 presbyter
2903 1261 3262 1330 ordinaretur,
3289 1266 3575 1336 insidente,

1992 1340 2058 1395 de
2081 1343 2279 1397 Euclize
2307 1344 2441 1414 ﬁlio,
2472 1347 2539 1403 de
2567 1364 2734 1405 uxore
2760 1352 3001 1420 praefecti
3030 1356 3345 1422 Antiochiae,
3378 1358 3445 1412 de
3469 1358 3575 1412 duae

1992 1435 2238 1490 moniaco
2270 1437 2496 1494 liberato
2526 1440 2615 1497 die
2640 1446 3061 1500 consecrationis
3084 1489 3098 1513 ,
3140 1448 3209 1501 de
3260 1451 3449 1518 angelo
3496 1450 3573 1504 ti;-

1989 1527 2176 1580 stricto
2201 1528 2377 1597 gladio
2402 1531 2724 1600 prohibente
2745 1536 3090 1591 centuriones
3104 1547 3158 1592 et
3179 1539 3374 1593 milites
3396 1538 3574 1593 Eudo-

1989 1617 2092 1671 xia:
2121 1619 2189 1672 ab
2210 1620 2451 1691 ingressu
2477 1625 2656 1693 palatii
2686 1627 3007 1697 episcopalis
3032 1671 3046 1694 ,
3078 1630 3146 1684 de
3172 1646 3235 1684 eo
3264 1633 3345 1685 cui
3388 1649 3574 1687 manus

1988 1707 2252 1764 miraculo
2290 1721 2345 1765 et
2365 1714 2595 1769 arefacta
2626 1727 2679 1771 et
2699 1724 2883 1772 sanata
2925 1730 3025 1785 est,
3079 1722 3147 1775 de
3175 1723 3466 1794 paralytico
3519 1726 3571 1777 in

1987 1801 2242 1855 Armenia
2272 1805 2484 1858 sanitati
2512 1808 2781 1874 restituto,
2815 1809 2883 1863 de
2912 1810 3160 1879 Adelphii
3190 1813 3412 1876 visione,
3444 1823 3498 1868 et
3525 1815 3571 1869 si

1985 1906 2103 1960 quae
2125 1891 2228 1945 alia
2252 1893 2490 1963 ejusdem
2513 1900 2758 1966 generis;
2789 1915 2908 1954 eum
2942 1913 3183 1957 veterum
3217 1905 3428 1959 illorum
3460 1922 3567 1959 uno

1987 1980 2149 2034 verbo
2171 1983 2433 2050 omnium,
2468 1996 2522 2041 et
2549 2003 2612 2041 ex
2638 1990 3046 2056 recentioribus,
3078 1994 3410 2062 Damasceni,
3465 1996 3569 2050 Zo-

1984 2088 2148 2139 naras,
2173 2073 2489 2146 Nicephori,
2517 2077 2768 2147 Ccdreni,
2823 2084 3138 2139 auctoritate
3194 2086 3566 2151 destituantur,

1984 2170 2035 2223 in
2087 2172 2291 2227 incertis
2328 2173 2594 2243 relinquo.
2641 2174 2707 2228 Et
2750 2174 2964 2244 quidem
2993 2178 3244 2248 pleraque
3272 2195 3475 2245 eorum,
3524 2182 3568 2235 si

1980 2264 2103 2333 quis
2146 2266 2364 2335 propius
2415 2266 2781 2335 introspiciat,
2818 2270 2954 2321 orata
2983 2269 3305 2325 a‘mulatione
3342 2272 3568 2342 quadam

1979 2353 2045 2408 ad
2068 2355 2470 2411 similitudinem
2503 2358 2881 2412 miraculorum
2922 2360 2972 2413 in
3005 2360 3060 2414 S.
3090 2361 3367 2429 Scriptura
3401 2364 3569 2417 conﬁ-

1979 2455 2063 2498 cta
2102 2446 2403 2501 videantur.
2435 2448 2627 2501 Totum
2652 2449 2777 2503 illud
2825 2450 3009 2503 drama
3044 2453 3312 2507 Anthemii
3341 2455 3566 2524 philoso-
3653 2437 3656 2440 i

1981 2536 2090 2605 pbi,
2118 2537 2491 2594 Demosthenis
2518 2540 2782 2608 praefecti,
2802 2552 2856 2595 et
2878 2541 3101 2599 Joannis
3128 2544 3300 2599 doctis
3324 2546 3571 2614 judican-

1983 2626 2107 2681 dum
2136 2629 2404 2697 permitto,
2437 2644 2614 2684 annon
2647 2630 2713 2685 ad
2739 2634 3043 2700 exemplum
3098 2635 3244 2689 illius
3295 2636 3346 2688 in
3397 2639 3563 2690 sacris

1979 2718 2151 2774 literis
2179 2720 2247 2775 de
2278 2720 2489 2791 Elyma,
2517 2720 2703 2788 Sergio
2744 2722 2908 2776 Paulo
2958 2732 3011 2778 et
3057 2724 3117 2777 Β.
3168 2726 3447 2795 Apostolo,
3500 2729 3567 2783 ab

1978 2810 2156 2864 otioso
2184 2810 2410 2866 cerebro
2441 2826 2755 2881 expressum
2787 2813 3055 2868 videatur.
3090 2814 3233 2868 Idem
3266 2816 3333 2869 de
3363 2817 3566 2872 Arche-

1978 2900 2064 2955 lao
2092 2901 2157 2955 ad
2182 2902 2470 2971 imaginem
2498 2902 2733 2957 Naaman
2757 2903 2897 2974 Syri,
2946 2905 3013 2959 de
3041 2906 3372 2961 Antiocheno
3402 2908 3567 2961 hemi-

1978 2994 2162 3049 cranio
2184 2995 2484 3062 laborante,
2527 3006 2581 3050 et
2605 2996 2903 3051 Christiana
2933 2998 3080 3067 ﬂuxu
3117 3000 3378 3068 sanguinis
3422 2999 3562 3054 fabo-

1978 3097 2121 3141 rante
2139 3087 2206 3142 ad
2228 3089 2505 3143 mulierem
2535 3090 2679 3159 ﬂuxu
2704 3091 2967 3160 sanguinis
2994 3089 3304 3145 laborantem
3327 3092 3378 3145 in
3407 3108 3569 3146 evan-

1976 3179 2148 3247 gelio,
2208 3178 2277 3233 de
2329 3179 2659 3234 datnioniaco
2713 3180 2780 3234 ad
2838 3179 3228 3235 daemoniacum
3287 3183 3566 3238 liberatum

1977 3268 2141 3323 Marci
2164 3284 2341 3333 nouo;
2371 3279 2425 3324 et
2447 3269 2590 3338 quod
2619 3270 2735 3324 sine
2758 3270 3126 3339 indignatione
3156 3287 3262 3325 non
3309 3272 3449 3342 lego,
3501 3275 3569 3329 de

1977 3359 2223 3414 columba
2270 3359 2536 3415 insidente
2566 3361 2726 3430 capiti
2754 3360 2974 3415 Joannis
3000 3361 3052 3415 in
3080 3361 3445 3429 ordinatione,
3500 3368 3568 3421 ad

1979 3453 2265 3523 imaginem
2294 3454 2551 3525 unigeniti
2582 3455 2700 3509 Filii
2743 3456 2836 3510 Dei
2870 3455 2921 3510 in
2970 3457 3257 3526 baptismo.
3312 3459 3440 3512 Nam
3495 3461 3567 3514 illi

1978 3543 2150 3599 Procli
2177 3545 2387 3609 visioni,
2419 3561 2538 3615 qua:
2569 3546 2632 3600 D.
2665 3546 2889 3600 Paulum
2920 3547 3110 3601 Joanni
3152 3549 3261 3617 jam
3313 3551 3568 3621 episcopo

1977 3636 2366 3704 expositionem
2396 3639 2449 3692 in
2477 3638 2729 3708 epistolas
2758 3640 2926 3707 ipsius
2949 3641 3228 3695 meditanti
3281 3658 3374 3711 per
3424 3644 3569 3699 fora-

1979 3744 2102 3784 tnen
2132 3729 2262 3784 vidit
2303 3730 2357 3784 in
2383 3746 2565 3785 aurem
2593 3731 2880 3787 dietantcm
2910 3748 3029 3802 quin
3079 3734 3355 3799 scriberet,
3410 3735 3570 3792 ﬁdem

1980 3821 2199 3892 derogat
2229 3841 2243 3878 :
2272 3823 2413 3893 quod
2444 3824 2698 3893 pleraque
2723 3824 2838 3894 ejus
2865 3833 2921 3879 et
2942 3825 3228 3879 lectissima
3261 3826 3311 3880 in
3339 3828 3571 3896 Aposto«

1978 3914 2085 3968 lum
2115 3915 2165 3968 in
2189 3916 2297 3969 otio
2328 3916 2420 3970 illo
2443 3915 2776 3970 Antiocheno
2805 3915 3000 3984 scripta
3029 3914 3190 3970 fuisse
3211 3925 3440 3983 constet,
3470 3918 3568 3972 de-

1984 4006 2176 4060 teriora
2216 4016 2267 4060 et
2293 4007 2470 4075 inﬁmo
2521 4008 2630 4060 loco
2659 4006 2889 4061 habenda
2938 4007 3419 4077 Constantinopoli,
3478 4010 3567 4063 vix

1977 4097 2380 4168 Chrysostomo,
2415 4097 2610 4152 nedum
2637 4097 2817 4151 divino
2846 4096 2903 4152 S.
2938 4097 3088 4152 Pauli
3141 4098 3341 4167 Spiritu
3391 4100 3570 4169 digna.
3604 4091 3607 4097 ’

1978 4186 2036 4241 In
2108 4187 2453 4242 translatione
2510 4188 2853 4257 reliquiarum
2901 4188 3123 4242 Joannis
3188 4190 3571 4261 imperatorem

1979 4277 2336 4333 Theodosium
2387 4279 2574 4331 oculos
2617 4293 2681 4331 ac
2729 4278 2958 4332 frontem
3009 4280 3354 4348 reliquiarum
3423 4295 3571 4333 urnae

1979 4372 2296 4435 all'ricuisse,
2324 4370 2481 4425 ﬁdem
2510 4369 2635 4424 facit
2652 4370 3045 4438 Theodoretus,
3072 4372 3221 4425 testis
3238 4372 3340 4440 ﬁde
3366 4352 3571 4443 dignus;

1981 4465 2074 4520 sed
2100 4464 2168 4519 de
2190 4464 2391 4518 homine
2417 4463 2662 4533 serpentis
2686 4463 2832 4516 dente
2852 4462 2971 4517 (0380
2997 4473 3051 4518 et
3083 4463 3329 4534 podalgo,
3351 4466 3572 4519 eodem-

1981 4569 2082 4625 que
2101 4556 2358 4626 chiralgo,
2387 4555 2439 4609 in
2482 4555 2764 4624 praesentia
2790 4555 3026 4607 omnium
3060 4554 3131 4608 ibi
3161 4556 3381 4621 sanatis,
3415 4570 3571 4609 assu-

1981 4656 2221 4701 mentum
2243 4657 2324 4701 est
2350 4645 2584 4716 Georgii,
2613 4662 2681 4703 ne
2707 4645 2914 4701 Cosam:
2941 4647 3155 4717 quidem
3179 4637 3452 4714 Vestitori,
3477 4648 3571 4701 ho.

1980 4739 2109 4793 mini
2131 4740 2367 4794 omnium
2395 4741 2613 4794 maxime
2659 4742 3005 4810 superstitioso
3040 4752 3415 4796 memoratum.
3462 4742 3567 4797 Sed

1980 4831 2046 4885 ad
2093 4831 2267 4899 priora
2290 4842 2547 4886 revertor.
2574 4831 2833 4886 Joannem
2859 4832 3085 4901 primum
3117 4847 3145 4885 a
3176 4832 3571 4903 Meletiobapti-

1982 4931 2155 4977 zatum
2188 4923 2366 4988 tradit,
2397 4932 2453 4977 et
2477 4922 2673 4976 deinde
2702 4933 2948 4992 parentes
2972 4923 3156 4991 ipsius,
3186 4938 3306 4977 cum
3335 4924 3573 4980 Joannes

1988 5016 2122 5085 ipse,
2138 5025 2193 5068 ut
2205 5030 2268 5069 ex
2291 5014 2523 5069 Palladio
2533 5022 2763 5078 constat,
2781 5029 2884 5068 non
2899 5024 3022 5068 ante
3034 5030 3231 5068 annum
3246 5015 3418 5068 aetatis
3431 5014 3571 5071 vice:

1982 5111 2175 5163 simum
2205 5106 2501 5176 baptizatus
2527 5105 2709 5174 fuerit,
2736 5117 2892 5176 prout
2918 5123 3035 5162 mos
3064 5107 3264 5162 ferebat
3286 5109 3423 5161 illius
3444 5119 3568 5160 tcta-

1983 5200 2071 5265 tis,
2102 5198 2395 5268 prazsertim
2423 5198 2476 5252 in
2499 5197 2601 5252 illis
2628 5200 2717 5266 qui
2744 5215 2849 5252 non
2877 5206 3058 5253 essent
3097 5196 3411 5252 Christianis
3457 5198 3566 5250 nati

1984 5291 2312 5361 parentibus,
2332 5300 2542 5345 mortuo
2559 5300 2682 5345 ante
2705 5291 2920 5348 totidem
2941 5307 3109 5346 annos
3131 5301 3280 5359 patre
3298 5290 3569 5357 Secundo,

1981 5382 2120 5437 sicut
2148 5397 2305 5451 supra
2334 5391 2607 5437 ostensum
2632 5391 2732 5436 est.
2776 5381 2944 5437 Matre
2980 5382 3190 5452 quidem
3221 5380 3385 5435 fuisse
3408 5378 3565 5435 Chri-

1982 5475 2172 5539 stiana,
2190 5474 2376 5528 saltem
2399 5475 2512 5543 ipso
2538 5488 2736 5528 annum
2761 5484 2952 5541 agente
2971 5471 3302 5534 vicesimum,
3321 5485 3388 5526 ex
3404 5470 3569 5539 ipsius

1980 5565 2349 5635 Chrysostomi
2381 5567 2554 5621 verbis
2590 5576 2812 5635 apparet
2851 5567 2903 5620 in
2944 5562 3194 5619 Oratione
3242 5564 3310 5618 ad
3340 5563 3563 5621 Viduam

1977 5658 2265 5729 juniorem.
2297 5660 2371 5715 De
2396 5668 2548 5729 patre
2578 5659 2709 5713 nihil
2737 5668 2937 5713 temere
2967 5655 3379 5723 afﬁrmaverim;
3408 5670 3498 5713 aut
3524 5659 3568 5711 si

1982 5750 2143 5806 ambo
2166 5750 2362 5806 fuerint
2381 5751 2667 5806 Christiani
2689 5749 2754 5802 ab
2775 5748 2948 5814 initio,
2977 5749 3119 5818 quod
3140 5748 3365 5805 fortasse
3387 5750 3564 5805 verius-

1984 5860 2089 5914 est,
2119 5845 2283 5900 ﬁlium
2304 5860 2468 5913 usque
2487 5845 2549 5899 ad
2573 5859 2688 5896 eam
2707 5851 2918 5899 aetatem
2933 5842 3256 5914 baptismum
3270 5839 3564 5897 όίειιιιὶεδο.

3154 5934 3195 5993 2
