4018 6452
455 433 595 472 ιιιν

457 550 561 588 non
598 532 698 588 crit
727 530 772 586 ei
805 533 1015 590 mirum,
1046 525 1133 596 qui
1159 521 1501 586 Nazianzeni,
1544 528 1767 588 utroque
1819 526 2035 587 parente

457 625 756 681 Christiano
781 619 910 683 nati,
937 627 1084 689 patre
1109 615 1267 671 etiam
1298 612 1570 682 episcopo,
1593 609 1770 663 Vitam
1799 608 2036 677 perlege-

455 719 546 775 rit.
575 715 823 772 Proximo
852 711 968 766 loco
995 705 1474 779 peregrinationem
1503 702 1647 757 illam
1675 701 1901 756 Atticam
1923 710 2038 756 stu-

453 809 661 865 diorum
687 821 814 874 ergo
842 817 1002 872 pono.
1035 799 1202 868 ilujus
1224 792 1665 867 peregrinationis
1684 790 1884 845 mentio
1901 788 2041 860 apud

451 909 683 962 veteres,
713 893 1028 957 Palladium,
1050 890 1346 954 Socratem,
1368 885 1530 949 nulla,
1556 899 1621 937 ne
1643 883 1806 937 ullum
1827 879 2040 950 quidem

453 991 758 1060 vestigium,
792 987 882 1057 qui
915 994 1088 1040 tamen
1118 980 1330 1035 curiose
1351 978 1479 1034 satis
1508 975 1682 1031 studia
1721 973 1837 1042 ejus
1883 971 2040 1041 juve~

454 1084 583 1139 nilia
606 1082 777 1141 literis
813 1076 1152 1132 mandarunt.

534 1193 552 1224 ι
599 1169 847 1228 Secunde
871 1169 1071 1223 nullum
1094 1162 1306 1234 reperio
1327 1172 1534 1231 tempus
1551 1173 1770 1214 vacuum
1802 1158 1852 1211 in
1879 1169 2037 1210 anno-

456 1279 576 1319 rum
615 1259 979 1333 Chrysostomi
1007 1255 1425 1326 computatione,
1453 1250 1592 1321 quod
1638 1249 1761 1303 huic
1805 1245 2042 1317 pcregri-

459 1351 661 1408 nationi
689 1349 884 1421 pOSsim
913 1347 1204 1403 destinare.
1235 1342 1416 1397 Tertio
1445 1350 1668 1395 matrem
1697 1337 2045 1408 indulgentis-

461 1449 675 1513 simam,
709 1460 825 1514 qua:
853 1443 959 1513 pati
992 1455 1095 1495 non
1127 1437 1315 1508 potuit,
1349 1444 1407 1489 ut
1445 1435 1496 1488 iu
1525 1433 1726 1488 vicinos
1747 1430 2044 1486 Antiochia:

462 1548 671 1593 montes
715 1533 1011 1596 secederet,
1063 1529 1183 1584 dico
1232 1527 1452 1582 minime
1503 1537 1916 1594 perpessuram,
1972 1533 2034 1579 ut

462 1629 722 1690 Athenas,
757 1633 903 1678 tanto
943 1622 1178 1675 locorum
1215 1617 1387 1686 spatio
1411 1624 1551 1670 terra
1579 1613 1817 1682 marique
1843 1609 2040 1678 disjuu-

461 1729 595 1781 clas,
617 1717 890 1786 migraret,
924 1710 1220 1781 prmsertim
1245 1722 1366 1761 cum
1387 1707 1548 1760 vitam
1580 1701 1922 1757 monasticam
1951 1713 2016 1752 au

463 1808 677 1878 spientis
701 1807 904 1860 crimen
931 1801 1211 1870 apostasia:
1242 1813 1347 1852 non
1377 1795 1537 1850 fuerit
1562 1794 1664 1848 illis
1693 1790 2041 1860 temporibus,

463 1901 675 1953 deserto
701 1893 1045 1956 monasterio,
1071 1890 1124 1943 in
1157 1889 1341 1943 urbem
1365 1885 1562 1953 redire,
1595 1882 1735 1954 quod
1761 1882 1874 1951 ipse
1903 1881 2044 1934 ultro

463 1991 587 2044 fecit
610 1987 1045 2056 Chrysostomus,
1081 1978 1346 2032 ulterioris
1371 1976 1514 2030 illius
1541 1973 1842 2028 solitudinis
1867 1971 1934 2024 ob
1963 1971 2042 2022 in-

461 2080 816 2133 valetudinem
842 2082 1118 2144 pertresus.
1166 2069 1339 2137 Atque
1361 2075 1425 2120 ut
1446 2066 1618 2120 dicam
1653 2062 1797 2133 quod
1848 2061 2041 2125 sentio,

461 2183 632 2227 totum
657 2171 760 2225 huc
782 2169 848 2224 ad
876 2165 1178 2236 exemplum
1203 2161 1385 2217 Basilii
1410 2160 1582 2231 Magni
1619 2169 1674 2212 et
1698 2157 1910 2226 Georgii
1945 2154 2046 2209 Na-

464 2262 701 2319 sianzeni
754 2261 1040 2314 contictum
1088 2255 1361 2318 arbitror;
1407 2266 1540 2320 quos
1590 2249 1776 2303 ambos
1827 2246 2048 2300 Athenis

464 2353 734 2408 studuisse
763 2358 945 2404 notum
979 2354 1189 2411 cst;-ne
1221 2344 1419 2399 scilicet
1450 2341 1684 2396 Joannes
1711 2347 1892 2392 noster
1919 2336 2046 2391 reii-

467 2446 586 2515 quis
617 2440 868 2498 Ecclesia:
913 2437 1198 2494 Orientalis
1251 2434 1454 2504 magnis
1502 2431 1788 2486 luminibus
1831 2426 2049 2482 inferior

468 2536 758 2589 videretur.
789 2531 1074 2601 Georgius,
1099 2543 1215 2597 cap.
1244 2526 1331 2591 iii,
1359 2523 1618 2579 Joannem
1651 2538 1681 2575 e
1723 2519 2049 2573 monasterio

467 2637 584 2698 post
615 2625 930 2680 triennaiem
964 2622 1112 2676 illam
1135 2618 1497 2674 secessionem
1521 2629 1548 2667 a
1574 2612 1828 2667 Flaviano
1858 2625 2048 2680 magna

471 2735 660 2790 pompa
726 2729 1021 2788 arreptum,
1073 2711 1445 2783 presbyterum
1491 2706 1791 2762 ordinatum
1838 2703 2047 2758 scribit.

473 2815 653 2869 Primo
683 2811 769 2865 illa
805 2809 1078 2864 triennaiis
1107 2805 1342 2860 secessio
1369 2803 1566 2857 nullum
1595 2801 1646 2854 in
1670 2801 1776 2854 vita
1813 2797 2052 2869 Chryso-

471 2907 628 2960 stouii
651 2905 826 2958 locum
861 2902 1041 2965 habet,
1070 2909 1181 2953 tum
1211 2897 1278 2952 ob
1301 2911 1383 2962 ea,
1411 2910 1528 2966 qua:
1553 2908 1708 2962 supra
1731 2891 2052 2946 monstravi-

471 3012 613 3059 mus,
647 3004 755 3048 tum
780 2991 920 3063 quod
951 2991 1014 3044 iis
1039 2988 1166 3058 ipsis
1194 2986 1348 3040 anuis
1372 2995 1581 3040 constet
1606 2982 2048 3054 Ghrysostomum

475 3090 526 3141 in
561 3084 786 3141 ecclesia
810 3081 1080 3136 orationes
1111 3079 1360 3133 habuisse
1381 3092 1493 3144 eas,
1523 3090 1640 3147 qua:
1668 3083 1879 3128 exstant
1921 3087 2052 3126 con-

473 3192 548 3231 tra
579 3175 813 3236 Judaeos,
843 3181 896 3227 et
923 3172 973 3225 in
1002 3170 1252 3240 Bahylam
1278 3177 1584 3240 martyrem,
1619 3174 1850 3235 utsupra
1873 3162 2055 3217 videre

476 3271 616 3322 licet.
670 3264 891 3329 Deinde,
941 3269 1169 3332 quantos
1218 3259 1463 3330 plausus,
1514 3257 1749 3328 qnantos‘
1791 3255 2056 3310 clamores

472 3363 638 3415 t'ierct
666 3373 726 3412 os
748 3355 874 3412 illud
904 3369 1143 3419 aureum,
1167 3353 1210 3406 si
1235 3367 1298 3406 ex
1331 3351 1658 3406 monasterio
1683 3355 1830 3403 tanto
1858 3347 2054 3416 petitus

472 3454 688 3515 ambitu,
723 3457 868 3503 tanto
895 3445 1050 3501 datus
1073 3444 1230 3509 foret,
1277 3453 1330 3497 et
1359 3458 1462 3497 non
1494 3457 1559 3495 ex
1582 3441 1761 3495 medio
1797 3440 2054 3495 diacono-

475 3560 589 3596 rum
616 3554 776 3611 grege
799 3537 864 3591 ad
886 3537 984 3590 hoc
1003 3535 1353 3590 ministerium
1379 3534 1663 3603 sumptus?
1693 3531 1842 3600 Quod
1869 3547 2054 3586 verum

473 3647 593 3686 esse
620 3645 826 3684 mecum
851 3625 1122 3692 fatebitur,
1167 3623 1405 3695 quisquis
1450 3639 1568 3678 cum
1615 3622 1820 3693 judicio
1874 3623 2061 3692 legerit

476 3724 770 3776 orationem
818 3719 988 3783 illam,
1023 3716 1164 3770 Num
1208 3731 1324 3768 rera
1363 3725 1509 3779 sunt,
1542 3723 1580 3768 t.
1605 3714 1656 3780 i,
1687 3728 1740 3784 p.
1767 3713 1887 3768 695.
1943 3711 2058 3766 Jam

481 3813 623 3884 quod
655 3812 837 3866 scribit
861 3811 1122 3880 Georgius
1146 3823 1262 3878 cap.
1294 3806 1382 3873 52,
1413 3822 1517 3860 non
1549 3821 1640 3860 sex
1668 3806 1863 3872 solum,
1895 3804 1988 3859 sed
2007 3812 2062 3858 ct

478 3909 615 3960 alios
647 3919 739 3960 sc!
769 3901 1039 3973 depasitos
1058 3917 1083 3953 a
1103 3900 1309 3956 Joanne
1333 3901 1384 3954 in
1416 3899 1541 3953 Asia
1567 3898 1868 3968 episcopos,
1897 3896 2061 3951 Palla-

482 3999 599 4050 dius
620 4005 802 4066 aperte
825 4002 1003 4062 negat,
1029 4004 1082 4047 et
1110 4009 1138 4046 a
1169 4006 1392 4046 numero
1420 3989 1484 4045 i6
1513 3990 1598 4044 vel
1630 3989 1716 4054 i7,
1771 3987 1912 4059 quod
1963 3986 2060 4040 ad-

480 4089 700 4144 versarii
724 4087 945 4142 Joannis
987 4085 1317 4154 objecerunt,
1352 4084 1567 4153 pr0pius
1610 4082 1782 4136 abest.
1833 4080 2060 4134 Historia

478 4181 798 4250 Callitropes
864 4179 954 4249 (c.
985 4176 1100 4248 54)
1157 4177 1350 4230 multas
1396 4174 1555 4230 habet
1605 4172 2059 4234 circumstantias,

477 4288 700 4342 quarum
730 4270 864 4326 nihil
885 4269 1060 4324 simile
1082 4267 1300 4323 memini
1324 4265 1517 4322 vidisse
1547 4265 1599 4320 in
1653 4273 1836 4320 vetere
1887 4261 2062 4318 eccle-

478 4365 691 4418 siastica
717 4362 966 4425 historia.
997 4376 1170 4432 neque
1200 4363 1333 4426 scio,
1365 4375 1430 4413 an
1461 4372 1649 4412 omnes
1701 4356 1914 4412 defendi
1941 4371 2065 4426 pos-

479 4455 605 4512 sint.
640 4455 788 4510 Hanc
809 4453 1086 4508 historiam
1118 4451 1397 4506 confundit
1417 4450 1694 4505 Gedrenus
1722 4465 1842 4504 cum
1881 4450 1967 4504 illa
1998 4449 2065 4504 de

483 4549 634 4602 vidua
664 4544 993 4623 Theegnosti
1012 4543 1096 4616 (c.
1122 4545 1184 4598 4i
1212 4545 1251 4612 ),
1277 4558 1397 4612 qua:
1417 4541 1550 4596 adeo
1574 4541 1767 4596 similis
1793 4548 1875 4595 est
1902 4541 1974 4594 illi
1996 4540 2067 4598 de

484 4638 692 4693 Naboth
719 4647 773 4691 et
795 4635 1030 4699 Jesabei,
1055 4643 1112 4688 ut
1140 4634 1303 4689 altera
1333 4648 1400 4688 ex
1424 4632 1590 4687 altera
1611 4646 1862 4702 expressa
1889 4631 2067 4685 videa-

485 4741 589 4784 tur.
624 4729 898 4798 Recipitur
936 4734 1112 4780 tamen
1165 4724 1280 4779 hinc
1320 4722 1543 4778 historia
1595 4722 1663 4776 de
1706 4722 1860 4776 vidua
1891 4721 2066 4776 Theo-

482 4821 658 4893 guosti
684 4837 712 4874 a
745 4821 1096 4883 Damasceno,
1139 4817 1214 4872 uti
1235 4825 1289 4872 et
1330 4816 1398 4871 ab
1444 4816 1690 4871 omnibus
1722 4815 1832 4871 fere
1874 4831 2064 4870 recen-

461 4895 712 4971 itiorihus
743 4913 1070 4984 biographis.
1113 4912 1246 4968 Nam
1287 4911 1426 4983 apud
1465 4923 1675 4967 veteres
1718 4914 1862 4967 nulla
1911 4911 2067 4981 hujus

487 5007 724 5061 historia:
744 5006 946 5060 mentio
974 5011 1094 5069 est;
1125 5019 1224 5060 nec
1255 5003 1570 5073 rescriptum
1600 5011 1701 5068 est,
1720 5002 1859 5072 quod
1878 5003 2062 5066 sciam,

459 5066 654 5154 iulium
687 5099 739 5151 iu
769 5106 880 5152 toto
903 5097 1027 5167 jure
1055 5066 1298 5150 Homano
1327 5066 1452 5161 tale,
1505 5094 1661 5165 quale
1689 5066 1781 5148 ab
1826 5091 2069 5147 Eudoxia

492 5207 540 5247 In
568 5191 668 5247 hoc
696 5189 908 5260 negotio
931 5189 1145 5243 citatur.
1171 5185 1253 5244 Ad
1275 5185 1391 5241 hazc
1418 5186 1558 5242 inter
1583 5185 1886 5240 testimonia
1910 5184 2065 5254 igno-

489 5283 676 5339 rantia:
696 5281 910 5351 Georgii
942 5293 1105 5351 pono,
1133 5277 1274 5350 quod
1299 5277 1559 5334 Joannem
1585 5278 1652 5332 ab
1675 5277 1864 5338 exsilio
1887 5276 2069 5345 priore

491 5385 790 5429 revocatum
815 5375 965 5442 jussu
989 5369 1197 5426 Arcadii
1228 5368 1434 5434 scribit,
1465 5383 1583 5423 cum
1623 5368 1802 5438 populi
1825 5365 2073 5420 clamori-

493 5468 613 5532 bus,
641 5475 750 5519 tum
782 5466 1001 5521 ilonorii
1033 5463 1210 5519 fratris
1239 5463 1440 5527 literis;
1473 5477 1593 5518 cum
1626 5462 1762 5515 intra
1788 5459 2071 5515 duodecim

493 5558 651 5610 horas
689 5555 756 5608 ab
805 5557 1116 5624 expulsione
1161 5554 1315 5624 jussu
1364 5551 1746 5622 imperatorum
1792 5561 2072 5606 revocatus

496 5646 687 5708 fuerit;
721 5658 892 5711 neque
916 5647 1198 5716 quidquam
1248 5644 1482 5714 potuerit
1527 5642 1726 5698 interea
1779 5641 2070 5710 Honorius,

497 5736 585 5798 qui
614 5735 884 5788 Ravenna:
916 5733 1129 5788 iereaut
1153 5733 1435 5789 Mediolani
1460 5731 1667 5801 agebat,
1696 5732 1763 5788 de
1817 5731 1932 5800 ejus
1973 5746 2070 5786 ex-

497 5827 738 5901 pulsiouc
766 5827 1071 5881 resciscere.
1114 5826 1242 5880 Nam
1269 5827 1408 5898 quod
1440 5826 1720 5900 epistolam
1751 5824 2070 5896 Chrysosto-

1551 403 1820 460 llENliiCI
1859 403 2100 459 SAVlLll
2131 401 2573 462 DlSSERTATlO

3562 423 3715 463 »καί

2149 522 2238 584 mi,
2261 520 2427 575 Etiam
2455 532 2719 592 antequam
2745 521 2956 578 redditis
2978 532 3115 590 sunt,
3132 523 3382 593 scriptam
3404 537 3523 578 esse
3548 527 3722 592 prodit

2147 621 2265 680 post
2293 616 2440 682 prius
2488 613 2774 680 exsilium;
2826 628 2979 669 error
3005 607 3219 686 quidem
3251 612 3717 671 maniiestissimus

2146 711 2249 769 est,
2296 702 2390 758 scd
2430 718 2549 758 cum
2603 703 2842 760 Palladio
2888 705 3209 759 communis.
3268 703 3402 760 illud
3455 705 3724 774 peculiare

2146 811 2321 860 suum,
2347 803 2401 850 et
2420 809 2660 850 crassum
2689 795 2841 859 satis,
2873 796 3016 866 quod
3046 812 3166 850 cum
3192 811 3311 866 cap.
3341 795 3404 851 6|
3444 797 3726 868 episcopos

2146 901 2208 939 ex
2265 885 2640 941 communione
2682 885 2906 942 Joannis
2954 903 3048 957 per
3097 886 3499 942 Theotechnum
3545 887 3727 942 literas

2147 993 2399 1032 exarasse
2425 979 2610 1034 scribit
2646 979 2712 1033 ad
2760 979 3124 1034 innocentium
3167 995 3379 1049 papam,
3407 979 3600 1050 quibus
3655 981 3728 1034 si-

2147 1068 2495 1137 gnificahatur
2517 1068 2778 1125 Joannem
2815 1069 3082 1126 Cucnsum
3113 1071 3446 1141 relegatum:
3479 1072 3622 1126 idem
3645 1079 3728 1126 ta-

2149 1178 2269 1215 men
2291 1176 2408 1231 cap.
2437 1161 2526 1227 65,
2559 1163 2712 1232 quasi
2737 1163 2819 1217 sui
2849 1162 3066 1230 oblitus,
3125 1162 3500 1218 innocentium
3551 1162 3654 1219 hoc
3695 1178 3726 1220 ι

2149 1254 2554 1320 mercatoribus,
2583 1264 2640 1308 ut
2670 1264 2816 1324 puto,
2846 1255 3030 1310 aliisve
3058 1255 3147 1326 qui
3168 1254 3228 1310 ob
3256 1255 3490 1324 quendam
3529 1256 3730 1326 negotia

2147 1343 2286 1400 forte
2329 1345 2553 1400 Romam
2581 1354 2860 1412 venerant,
2914 1344 3149 1416 primum
3189 1347 3475 1402 rescivisse
3525 1357 3727 1402 narrat.

2151 1436 2395 1490 Nondum
2423 1437 2576 1504 enim,
2610 1437 2800 1508 inquit,
2833 1437 2895 1492 de
2919 1438 3058 1492 illius
3081 1438 3297 1492 secundo
3321 1437 3499 1493 exsilio
3520 1439 3726 1494 audive-

2147 1545 2277 1581 ram.
2309 1528 2460 1596 Quod
2491 1544 2607 1598 cap.
2637 1529 2707 1585 58
2732 1529 2906 1599 Epidii
2929 1532 3196 1585 servulum
3219 1545 3340 1585 cum
3370 1532 3478 1586 sica
3499 1533 3728 1588 submis-

2150 1632 2266 1671 sum
2296 1618 2360 1671 ad
2391 1618 2816 1674 interficiendum
2843 1620 3282 1686 Chrysostomum
3306 1620 3500 1676 Cucusi
3528 1630 3729 1687 narrat;

2151 1708 2200 1762 id
2231 1708 2423 1762 factum
2455 1709 2572 1766 sine
2600 1710 2744 1765 omni
2773 1710 2934 1765 dubio
2955 1711 3418 1780 Constantinopoli
3446 1721 3548 1767 est.
3577 1710 3731 1780 Quod

2151 1797 2470 1868 Adelphium
2496 1800 2738 1856 Arabissi
2760 1810 2915 1856 vocet
2943 1801 3276 1872 episcopum,
3308 1817 3428 1857 cum
3477 1817 3546 1858 eo
3594 1813 3734 1858 temo

2153 1905 2282 1959 pore
2303 1890 2588 1960 episcopus
2619 1891 2880 1956 Arabissi,
2938 1901 3074 1947 teste
3101 1891 3290 1948 eodem
3317 1891 3526 1947 Joanne
3572 1893 3736 1962 epist.

2154 1979 2277 2045 iii,
2308 1979 2467 2034 fuerit
2491 1980 2704 2050 Otrejus
2730 2000 2744 2036 :
2775 1982 2916 2053 quod
2938 1982 3198 2038 Joannem
3246 1983 3299 2037 in
3347 1983 3586 2054 ejusdem
3609 2024 3626 2051 ,
3677 1992 3738 2038 ut

2153 2081 2300 2140 puto,
2330 2071 2574 2141 Adelphii
2591 2071 2795 2128 aedibus
2822 2073 3018 2128 Cucusi
3043 2083 3347 2143 susceptum
3369 2073 3575 2140 scribit,
3593 2073 3739 2143 quod

2155 2163 2498 2218 humanitatis
2545 2164 2776 2220 officium
2811 2165 2964 2236 (nam
3016 2165 3117 2220 alia
3168 2165 3514 2221 humanitatis
3561 2164 3738 2220 ofﬁcia

2152 2256 2434 2325 episcopus
2461 2255 2679 2323 Cucusi,
2734 2257 2787 2311 id
2832 2265 2934 2324 est,
2983 2266 3040 2311 ut
3087 2266 3236 2329 puto,
3285 2256 3580 2326 Adelphius
3624 2256 3744 2328 ipse

2154 2346 2422 2416 praestitit,
2452 2355 2511 2401 ut
2537 2347 2702 2417 liquet
2721 2349 2882 2418 epist.
2913 2349 2982 2404 i5
3007 2348 3073 2403 ad
3101 2346 3438 2420 Olympiaci.)
3492 2363 3600 2402 non
3648 2348 3742 2402 alii

2153 2451 2310 2506 quam
2338 2438 2597 2493 Dioscoro
2621 2440 2806 2495 tribuit
2831 2441 2943 2510 ipse
2963 2439 3197 2496 Joannes
3212 2441 3370 2509 epist.
3392 2439 3460 2495 12
3477 2439 3545 2494 ad
3557 2439 3747 2511 Olym-

2157 2527 2388 2596 piadem,
2413 2529 2567 2599 cujus
2599 2531 2742 2586 nulla
2785 2531 2925 2602 apud
2973 2532 3261 2602 Georgium
3309 2533 3547 2588 mentio:
3597 2531 3747 2602 quod

2156 2624 2404 2680 Proetum
2428 2625 2482 2678 in
2503 2625 2855 2681 translatione
2883 2627 3229 2696 reliquiarum
3256 2627 3566 2696 episcopum
3589 2635 3750 2682 vocet

2155 2715 2363 2789 Cyzici,
2393 2717 2481 2787 qui
2511 2717 2699 2770 relicta
2728 2715 2928 2788 Cyzico
2951 2717 3386 2786 archiepiscopus
3409 2725 3521 2771 tum
3568 2713 3750 2771 fuerat

2155 2809 2786 2879 Constantinopolitanns
2813 2827 2826 2864 :
2859 2819 3039 2880 aperta
3065 2817 3210 2877 sunt,
3241 2818 3299 2864 ut
3344 2809 3474 2864 mihi
3507 2809 3750 2871 videtur.

2157 2910 2455 2956 commenta.

2236 3011 2256 3045 ι
2301 2992 2559 3062 Superest
2596 2992 2663 3047 de
2691 2991 2932 3063 epistolis
2979 3007 3045 3049 ex
3087 2991 3378 3050 Occidente
3421 3002 3476 3050 et
3523 2993 3753 3049 Oriente

2161 3085 2300 3139 ultro
2322 3086 2565 3155 citroque
2585 3086 2764 3141 missis
2777 3100 2967 3156 magna
2981 3087 3289 3157 cumprimis
3324 3094 3379 3141 et
3407 3085 3569 3140 ardua
3591 3101 3753 3155 qure-

2161 3177 2263 3230 ειῐο
2285 3192 2298 3241 ;
2323 3174 2390 3230 de
2410 3189 2514 3246 qua
2535 3177 2854 3230 sententiam
2873 3190 3043 3230 meam
3074 3177 3301 3246 ingenue
3325 3184 3379 3231 et
3404 3175 3571 3230 libere
3595 3190 3754 3230 more

2162 3270 2422 3336 majorum
2447 3268 2703 3338 aperiam,
2730 3267 2875 3322 nullo
2901 3267 3128 3337 partium
3150 3267 3328 3322 studio
3354 3266 3562 3330 ductus,
3592 3267 3742 3322 nulla

2161 3361 2471 3430 cujusquam
2502 3360 2668 3430 gratia
2699 3359 2945 3416 veiodio.
2987 3360 3156 3415 Hasce
3201 3359 3358 3430 igitur
3395 3357 3647 3428 epistolas
3695 3360 3750 3414 in

2165 3454 2261 3507 tria
2283 3452 2541 3507 diatribuo
2565 3467 2758 3522 genera
2786 3471 2800 3507 :
2830 3452 2914 3507 vel
2941 3453 3082 3507 enim
3115 3452 3292 3506 missa:
3313 3459 3437 3505 sunt
3455 3459 3574 3520 post
3594 3451 3750 3520 prius

2165 3545 2429 3607 exsilium,
2455 3543 2538 3598 vel
2570 3532 2691 3613 post
2732 3544 2979 3599 exsilium
3009 3545 3292 3614 posterius,
3323 3543 3404 3598 vel
3436 3551 3556 3613 post
3603 3557 3755 3598 mor-

2166 3643 2271 3688 tem
2299 3633 2539 3688 Joannis.
2570 3633 2622 3687 ln
2648 3635 2819 3704 primo
2845 3642 2898 3689 el
2922 3635 3160 3689 secundo
3188 3649 3386 3705 genere
3417 3633 3614 3688 nullam
3636 3632 3753 3689 Ge-

2167 3727 2319 3796 orgio
2348 3726 2494 3779 litem
2522 3741 2727 3789 moveo,
2762 3734 2955 3794 praeter
2979 3741 3118 3792 eam,
3146 3741 3265 3794 quas
3297 3726 3394 3794 ipsi
3420 3740 3540 3780 cum
3571 3725 3750 3779 Palla-

2167 3816 2256 3871 dio
2284 3817 2581 3871 communis
2611 3825 2724 3883 est;
2752 3815 2820 3871 de
2846 3831 2952 3885 qua
2989 3830 3150 3886 supra
3197 3815 3264 3870 ad
3315 3815 3632 3870 Palladium.
3677 3816 3756 3870 De

2169 3911 2326 3964 tertio
2350 3925 2545 3979 genere
2573 3909 2996 3979 disquireudum,
3047 3908 3114 3964 de
3151 3923 3256 3979 quo
3285 3909 3362 3964 sic
3386 3909 3646 3980 Georgius
3695 3925 3725 3965 c

2167 4003 2235 4058 68
2261 4021 2272 4054 :
2303 4002 2510 4056 Mortuo
2535 4002 2644 4071 jam
2671 4001 2731 4056 Β.
2763 4001 2987 4066 Joanne,
3020 4000 3147 4066 duo,
3181 4001 3370 4069 inquit,
3400 3999 3624 4055 Romam
3661 4017 3756 4056 ve-

2169 4101 2362 4147 nerunt
2384 4093 2708 4163 Presbyteri,
2740 4102 2794 4147 et
2819 4091 3077 4147 diaconus
3105 4091 3355 4159 unus,qui
3385 4105 3508 4146 cum
3534 4106 3601 4146 eo
3629 4089 3754 4146 fue-

2171 4194 2290 4236 runt
2319 4183 2372 4236 in
2399 4183 2608 4248 exsilio,
2641 4192 2691 4238 et
2720 4181 2860 4254 apud
2916 4180 3286 4238 innocentium
3342 4195 3532 4251 papam
3575 4182 3757 4250 queri-

2172 4275 2405 4329 mouiam
2428 4274 2699 4344 deponunt
2725 4275 2793 4329 de
2819 4273 3190 4329 vexationibus
3218 4271 3412 4327 Joanni
3440 4271 3639 4326 illatis:
3663 4271 3755 4340 qui

2174 4370 2247 4424 rei
2269 4369 2551 4424 atrocitate
2565 4379 2865 4425 commotus
2886 4367 3064 4422 statim
3087 4365 3153 4421 ad
3184 4365 3475 4420 Honorium
3503 4364 3755 4418 accurrit.

2171 4461 2308 4529 Quid
2342 4460 2551 4514 multa?
2577 4459 2736 4514 ambo
2765 4458 2892 4512 dant
2915 4471 3107 4526 graece,
3134 4467 3189 4511 ut
3217 4444 3448 4522 videtur,
3480 4455 3664 4509 literas
3688 4452 3758 4509 ad

2173 4549 2479 4615 Arcadium,
2523 4547 2860 4603 innocentius
2889 4547 3024 4613 illas,
3055 4561 3153 4600 vos:
3175 4545 3437 4616 sanguinis
3463 4543 3638 4613 fratris
3662 4543 3760 4595 mei

2174 4644 2392 4698 Joannis
2421 4643 2626 4707 clamat,
2677 4641 2731 4695 in
2777 4639 2970 4711 quibus
3018 4639 3306 4694 Arcadium
3355 4647 3411 4692 et
3461 4635 3759 4691 Eudoxiatn

2175 4733 2636 4796 exeommuuicat;
2667 4730 2936 4785 Honorius
2966 4729 3104 4796 illas,
3137 4729 3306 4783 nescio
3325 4742 3438 4798 qua
3481 4726 3754 4788 contraria,

2176 4837 2279 4880 etc.
2311 4826 2405 4878 llis
2431 4824 2600 4879 literis
2625 4822 2877 4892 acceptis,
2903 4820 3182 4888 Arcadius,
3215 4831 3271 4873 ut
3297 4829 3378 4873 est
3402 4817 3540 4887 apud
3584 4817 3758 4872 Geor.

2174 4918 2340 4986 είιιηι,
2369 4931 2486 4986 cap.
2517 4913 2606 4978 69.
2639 4921 2756 4983 post
2776 4927 2962 4984 poenas
2989 4911 3056 4967 de
3085 4911 3332 4966 omnibus
3353 4907 3750 4963 inimicisJoan-

2177 5009 2260 5061 nis
2287 5017 2548 5076 sumptas,
2573 5004 2866 5059 Eudoxiam
2893 5017 3115 5058 uxorem
3146 5003 3284 5056 intra
3313 5000 3612 5055 cubiculum
3635 5013 3758 5052 cum

2180 5093 2490 5166 pedisequis
2535 5094 2768 5149 clausam
2795 5093 2984 5160 tenuit,
3028 5092 3190 5162 virgis
3232 5092 3390 5144 etiam
3438 5104 3653 5152 cassam,
3703 5097 3759 5140 ut

2180 5190 2495 5258 Anonymus
2525 5186 2620 5253 ait,
2647 5186 2788 5241 male
2815 5183 3089 5249 multavit;
3121 5181 3335 5244 Aeacio,
3360 5180 3672 5242 Severiano,
3707 5187 3760 5230 et

2179 5278 2458 5348 Theophili
2493 5279 2808 5350 propinquis,
2852 5277 3042 5332 mirum
3071 5276 3124 5329 ni
3151 5274 3211 5329 Β.
3239 5272 3440 5344 Gyrillo
3489 5273 3631 5327 inter
3658 5286 3760 5325 ca:-

2182 5379 2344 5435 teros,
2381 5371 2590 5434 vinctis,
2625 5371 2960 5437 Romamque
3011 5366 3077 5421 ad
3131 5366 3498 5422 Innocentium
3555 5363 3754 5426 missis,

2179 5461 2366 5517 scribit
2392 5461 2457 5515 ad
2487 5459 2848 5514 innocentium
2877 5457 3021 5512 illam
3045 5458 3324 5527 epistolam
3351 5456 3502 5526 cujus
3529 5455 3756 5515 initium,

2184 5552 2370 5606 Omnes
2399 5552 2623 5606 homines
2651 5551 2837 5614 sciunt,
2868 5548 3165 5605 humillime
3196 5558 3401 5619 petens,
3454 5556 3512 5602 ut
3563 5547 3662 5602 sibi
3706 5553 3760 5600 et

2183 5643 2438 5699 Eudoxia:
2486 5644 2638 5696 venia
2666 5641 3018 5710 impertiatur,
3049 5642 3311 5711 amboqne
3342 5642 3394 5694 in
3424 5639 3759 5702 communio-

2182 5751 2304 5792 nem
2332 5735 2673 5807 recipiantur.
2705 5735 2931 5810 Scripsit
2955 5736 3113 5789 etiam
3141 5734 3380 5789 Eudoxia
3409 5734 3472 5791 ad
3499 5733 3760 5787 Innocen-

2189 5826 2342 5894 tium,
2372 5834 2424 5879 et
2451 5824 2705 5879 Arcadius
2730 5823 2796 5878 ad
2820 5824 3106 5879 Honorium
3137 5823 3376 5892 fratrem.
3401 5822 3769 5884 innocentius.
