4018 6450
340 418 437 457 ΧΧΧ
446 414 515 454 ιιιι

340 517 571 588 acceptis
593 517 773 572 literis
805 516 1019 573 Arcadii
1052 526 1104 571 et
1134 515 1418 583 Eudoxizc,
1478 515 1665 571 scribit
1723 515 1934 581 Proclo,

344 610 604 682 Cyziceno
633 607 918 677 episcopo,
968 616 1025 660 ut
1065 603 1580 675 Constantinopolim
1632 606 1828 672 veniat,
1887 615 1941 661 et

347 702 704 770 Imperatores
753 698 810 753 in
836 697 1270 753 communionem
1302 696 1553 766 recipiat;
1605 695 1941 765 Arcadioque

345 792 593 850 rescribit
618 804 799 861 graece
827 789 1011 855 etiam,
1060 798 1118 843 ut
1161 786 1390 855 videtur,
1438 787 1721 858 epistolam
1768 787 1934 853 illam,

346 888 542 945 Batum
562 885 713 940 habui
736 882 908 939 zelum
928 893 1142 939 vestrum
1161 881 1439 937 secundum
1467 881 1646 947 Deum,
1671 891 1722 936 et
1747 881 1938 936 Proclo

345 982 508 1037 etiam
533 980 808 1053 praecepit,
834 987 892 1032 ut
916 992 1097 1032 curam
1126 975 1381 1045 suscipiat
1402 974 1653 1030 Ecclesia:
1677 974 1939 1029 Constan-

347 1075 739 1144 tinopolitanae,
763 1072 924 1126 donec
953 1070 1018 1125 de
1040 1069 1188 1125 rebus
1212 1069 1366 1123 Attici
1391 1068 1648 1124 decretum
1669 1068 1754 1122 sit.

423 1190 445 1221 ε
474 1168 819 1226 Confidenter
841 1166 985 1233 dico,
1016 1174 1184 1220 totum
1212 1164 1314 1219 hoc
1338 1163 1607 1234 negotium
1631 1177 1817 1233 parum
1843 1178 1927 1218 re-

343 1273 434 1319 cte
461 1260 790 1331 temporibus
817 1258 1068 1323 divisum,
1093 1267 1253 1326 atque
1280 1256 1418 1312 adeo
1446 1256 1599 1326 plane
1623 1254 1935 1309 inca/uerens

342 1370 487 1411 esse.
516 1353 647 1409 Nam
688 1344 937 1423 primum.
979 1351 1024 1405 si
1055 1359 1262 1405 mortua
1307 1358 1389 1405 est
1417 1347 1660 1403 Eudoxia
1705 1348 1934 1404 triennio

341 1458 470 1503 ante
501 1455 722 1500 mortem
750 1444 992 1506 Joannis,
1011 1441 1152 1514 quod
1173 1457 1361 1497 omnes
1388 1451 1597 1496 veteres
1623 1451 1748 1497 ante
1767 1441 1932 1497 Geor-

340 1541 488 1610 gium
510 1536 744 1591 historici
776 1540 880 1589 u'no
903 1549 1168 1589 consensu
1193 1533 1492 1599 allirmant;
1527 1533 1794 1588 neminem
1818 1533 1933 1587 fore

341 1641 473 1700 puto
505 1641 608 1683 tam
636 1626 899 1698 pet'l'rictzc
932 1625 1141 1692 frontis,
1169 1625 1260 1695 qui
1285 1624 1424 1679 ausit
1458 1638 1655 1695 negare
1684 1624 1933 1694 supposi-

344 1724 489 1776 titias
522 1736 642 1776 esse
666 1734 853 1774 omnes
885 1718 980 1772 has
1013 1717 1286 1788 epistolas.
1320 1716 1513 1772 Verum
1557 1727 1613 1771 ut
1650 1716 1839 1772 demus
1879 1717 1929 1771 id

344 1828 533 1868 verum
553 1826 693 1874 esse,
725 1809 867 1881 quod
898 1824 963 1865 ex
995 1809 1384 1864 recentioribus
1411 1808 1649 1864 nonnulli
1677 1809 1926 1875 alierum,

341 1912 454 1959 tres
480 1913 692 1959 menses
719 1901 1059 1971 superstitem
1084 1899 1246 1955 luisse
1272 1898 1483 1965 loanui,
1518 1914 1585 1955 ne
1613 1900 1690 1954 sic
1714 1900 1926 1970 quidem

341 2008 641 2068 temporum
672 1997 811 2050 ratio
838 1993 1315 2052 constabit.‘Addo
1339 1995 1499 2049 etiam
1527 1992 1738 2048 Arcadii
1780 2009 1927 2048 mor-

342 2102 472 2157 tem,
503 2103 639 2160 qute,
671 2097 728 2143 ut
750 2103 816 2143 ex
858 2087 1006 2142 lastis
1031 2086 1257 2159 publicis
1296 2095 1519 2156 apparet
1542 2095 1598 2140 et
1624 2086 1930 2143 testimonio

340 2183 576 2238 Socratis
603 2180 692 2236 lib.
716 2182 770 2247 7,
793 2194 842 2234 c.
870 2181 920 2242 l,
946 2179 1169 2250 contigit
1198 2179 1371 2249 primo
1392 2178 1512 2233 Maii
1541 2178 1696 2234 Coss.
1729 2180 1924 2249 Philip-

342 2289 412 2347 po
434 2283 491 2330 et
510 2274 692 2340 Basso,
716 2286 858 2328 anno
877 2270 1002 2339 408,
1031 2271 1133 2328 hoc
1153 2281 1255 2337 est,
1278 2273 1511 2343 quinque
1529 2274 1823 2339 mensibus,
1844 2273 1927 2328 vel

342 2377 399 2422 ut
417 2366 506 2421 alii
534 2376 758 2437 septem,
802 2375 858 2421 et
883 2364 1115 2420 sedecim
1144 2364 1333 2420 diebus
1361 2374 1482 2437 post
1511 2373 1738 2421 mortem
1765 2364 1930 2421 Joan-

341 2459 445 2525 nis,
496 2458 695 2513 nullum
745 2456 893 2513 hisce
935 2456 1152 2526 ineptiis
1197 2455 1379 2512 locum
1422 2456 1747 2525 relinquere.
1790 2453 1926 2523 Quid

341 2552 450 2607 ita?
476 2550 655 2607 Primo
672 2550 881 2606 duobus
907 2549 1010 2604 illis
1030 2548 1379 2620 presbyteris,
1403 2557 1458 2604 et
1477 2549 1566 2604 uni
1588 2548 1816 2604 diacono
1832 2563 1927 2619 per

341 2651 550 2714 tempus
574 2642 786 2714 aliquod
820 2639 1142 2697 manendum
1197 2640 1295 2696 fuit
1332 2640 1604 2707 Comanis,
1632 2641 1759 2696 dum
1782 2641 1925 2711 iusta

342 2746 489 2791 tanto
512 2734 652 2791 Patri
696 2736 1056 2800 solverentur,
1101 2733 1228 2788 dum
1261 2733 1517 2789 solemnis
1556 2734 1647 2790 ille
1685 2734 1924 2789 omnium

339 2832 584 2886 ordinum
610 2828 858 2885 fortuitus
900 2836 1195 2884 conventus
1231 2826 1609 2894 dimitteretur,
1652 2827 1779 2884 dum
1824 2842 1923 2886 ne-

337 2923 570 2979 cessaria
596 2920 927 2977 tautoitineri
950 2929 1284 2991 pararentur.
1316 2918 1464 2990 Nego
1486 2920 1664 2990 itaque
1686 2918 1925 2989 potuisse

337 3031 430 3070 eos
455 3012 966 3084 Constantinopolim
1005 3011 1190 3067 venire
1227 3018 1352 3067 ante
1390 3019 1618 3066 mortem
1645 3011 1922 3066 Eudoxice.

336 3105 468 3161 Nam
490 3121 554 3161 eo
581 3105 812 3177 primmn
856 3102 1081 3175 profecti
1111 3111 1255 3168 sunt,
1302 3119 1392 3173 per
1417 3118 1598 3157 novam
1628 3100 1845 3157 Romam
1869 3103 1921 3157 in

335 3211 567 3263 ueterem,
594 3198 765 3266 inquit
790 3199 1109 3268 Anouymus
1138 3203 1193 3251 et
1211 3192 1568 3265 Nicephorus,
1600 3203 1656 3250 et
1675 3196 1807 3250 situs
1837 3210 1924 3250 re-

334 3292 550 3361 gionum
591 3288 796 3344 suadet.
842 3287 974 3344 Nam
1018 3287 1229 3342 Cucuso
1265 3286 1782 3356 ConstantinOpolim
1820 3286 1923 3342 iter

332 3394 418 3437 est
443 3382 713 3437 zodierum
729 3380 1163 3452 (Chrysostomus
1178 3377 1423 3449 epistolis
1446 3376 1513 3432 ad
1543 3376 1850 3432 Simeonem
1868 3385 1923 3432 et

335 3472 660 3541 Brisonem),
697 3486 869 3542 neque
894 3470 997 3525 dici
1029 3471 1224 3541 poterit
1253 3470 1472 3540 propius
1497 3468 1685 3524 abesse
1710 3468 1921 3524 Cucuso

334 3562 594 3629 Cumana,
618 3579 737 3617 cum
762 3561 893 3617 satis
922 3570 1134 3618 constet
1153 3561 1415 3616 J0annem
1445 3575 1659 3630 semper
1687 3561 1752 3615 ad
1779 3562 1918 3616 ulte-

335 3659 477 3713 riora
504 3657 843 3727 deportatum
873 3654 1034 3711 l‘uissc
1061 3655 1270 3711 exsilia.
1309 3654 1426 3709 Jant
1455 3652 1919 3724 ConstantinOpoli

336 3748 777 3820 proﬁciscendum
810 3745 905 3801 l'uit
933 3746 1188 3811 Romam;
1220 3746 1553 3817 querimonia
1580 3745 1717 3816 apud
1741 3745 1918 3817 ponti-

337 3841 488 3896 ﬁcem
506 3839 822 3910 deponenda
842 3857 857 3905 ;
882 3838 1282 3895 conveniendus
1304 3839 1615 3894 Innocentio
1634 3838 1916 3903 Honorius,

335 3938 423 4007 qui
448 3936 613 3991 Roma
633 3936 742 3991 fere
757 3936 971 4001 aberat;
994 3934 1280 3990 exaranda:
1298 3942 1351 3989 et
1371 3932 1644 3988 mittendae
1666 3931 1922 4007 Constan-

337 4030 612 4101 tinottolim
638 4029 774 4084 bime
801 4028 903 4083 illa:
930 4028 1099 4082 literae
1120 4067 1136 4093 ,
1170 4043 1267 4081 vox
1293 4025 1578 4096 sanguinis,
1614 4032 1687 4088 et,
1722 4024 1919 4088 nescio;

338 4130 417 4176 tot
438 4120 583 4192 prius
604 4117 1063 4187 Constantinopoli
1085 4114 1414 4174 conficienda
1439 4115 1687 4179 Arcadio,
1708 4115 1923 4168 mitten-

335 4216 418 4269 daa
448 4212 664 4270 Arcadii
700 4213 888 4278 literae,
931 4228 1101 4267 omnes
1146 4210 1394 4276 homines,
1427 4217 1481 4265 et
1530 4208 1783 4264 Eudoxize
1814 4208 1920 4263 Ro-

337 4326 499 4377 mam,
531 4310 699 4364 Iiterze
735 4323 885 4363 novat
916 4306 1097 4361 Romae
1132 4304 1417 4361 exaranda:
1465 4303 1673 4367 Proclo,
1706 4314 1760 4357 et
1794 4303 1919 4356 utit-

340 4403 512 4458 tcndtc
553 4402 836 4473 Cyzicum;
864 4400 981 4455 alia:
1011 4399 1229 4469 insuper
1254 4397 1482 4452 Arcadio
1501 4439 1514 4463 ,
1546 4405 1715 4450 ratum
1743 4395 1917 4460 habui,

338 4506 441 4550 etc.
474 4494 721 4551 Proclum
750 4492 982 4563 denique
1000 4491 1213 4547 venisse
1240 4489 1435 4562 Cyzico
1464 4489 1720 4559 oportuit,
1743 4497 1797 4543 et
1829 4489 1924 4542 lm-

338 4596 610 4655 peratores
638 4584 705 4639 ad
729 4583 1160 4639 communionem
1187 4581 1431 4651 recipere
1470 4581 1620 4636 vivos
1649 4593 1703 4635 et
1741 4580 1924 4635 valen-

338 4691 450 4735 tes:
477 4678 670 4749 quibus
699 4676 926 4746 ncgotiis
947 4673 1298 4745 expediendis
1328 4688 1432 4727 non
1460 4673 1694 4743 quinque
1724 4680 1814 4727 aut
1837 4686 1923 4727 se-

338 4781 481 4840 ptem
509 4782 741 4834 menses,
770 4766 965 4822 nedum
1001 4776 1132 4832 tres,
1163 4764 1257 4819 sed
1283 4764 1370 4819 vix
1412 4764 1677 4835 integrum
1707 4763 1922 4833 quidem

336 4860 608 4918 sufﬁceret
632 4861 921 4916 biennium.
945 4861 1118 4930 Atque
1145 4868 1204 4913 ut
1230 4858 1605 4929 intelligamus,
1632 4873 1790 4927 quam
1822 4865 1927 4912 tar-

334 4956 402 5012 da
429 4956 535 5009 sint
554 4953 856 5011 Occidentis
876 4953 1107 5019 auxilia;
1141 4952 1325 5023 prima:
1344 4962 1461 5021 post
1479 4951 1726 5006 exsilium
1753 4962 1927 5022 poste.

335 5052 451 5105 rius
472 5047 692 5106 Joannis
711 5048 884 5103 Iiterte
912 5046 1158 5114 Honorii,
1182 5044 1324 5116 apud
1353 5044 1647 5100 Palladium
1677 5053 1731 5101 et
1759 5044 1927 5100 Geor-

334 5142 502 5213 gium,
544 5155 653 5195 non
693 5148 818 5194 sunt
855 5138 1072 5209 perlata:
1107 5135 1643 5207 ConstantinOpolitn,
1677 5135 1778 5191 nisi
1808 5146 1928 5205 post

338 5235 643 5298 biennium;
665 5233 709 5289 si
734 5232 949 5304 quidem
980 5230 1207 5297 Atticus,
1237 5238 1293 5284 ut
1331 5238 1413 5285 est
1440 5228 1579 5298 apud
1609 5228 1923 5296 Palladium,

339 5337 467 5381 tunc
494 5324 656 5383 fuerit
675 5325 983 5394 episcopus,
1012 5338 1134 5378 cum
1157 5321 1316 5393 legati
1344 5321 1678 5392 appellerent
1699 5321 1923 5390 Atltyra.

341 5418 454 5472 Imo
503 5417 578 5473 illi
628 5417 728 5487 ipsi
775 5416 1032 5487 episcOpi,
1056 5413 1389 5471 Gaudentius
1427 5421 1483 5469 et
1513 5412 1783 5480 IEmilius,
1815 5415 1924 5470 Ro-

339 5526 513 5566 mana:
552 5509 697 5565 sedis
721 5508 917 5576 vicarii,
947 5506 1162 5564 nonnisi
1205 5519 1298 5562 sex
1341 5504 1617 5561 mensibus
1654 5504 1787 5561 illud
1827 5508 1929 5561 iter

337 5603 505 5658 semel
536 5600 905 5664 coniecerunt,
938 5607 1074 5655 teste
1102 5598 1304 5663 Leone,
1337 5598 1422 5653 vel
1444 5606 1497 5652 ut
1524 5596 1636 5663 alii,
1668 5606 1924 5666 quatuor:

336 5696 476 5766 quod
503 5695 593 5751 hic
623 5694 902 5749 minimum
932 5692 1013 5747 bis
1043 5692 1239 5746 factum
1270 5690 1528 5760 oportuit,
1566 5698 1761 5759 prteter
1796 5701 1929 5745 tetu-

337 5803 437 5859 pus
469 5787 624 5849 illud,
662 5784 806 5857 quod
834 5783 1012 5839 itineri
1039 5781 1291 5837 Cumanis
1328 5779 1845 5848 Constantinopolim
1878 5790 1932 5835 ct

336 5882 527 5949 (ἐγκιεο
556 5875 1079 5946 Constantinopolim
1112 5872 1451 5929 tribuendum
1484 5880 1581 5926 cst.
1613 5868 1742 5924 Nam
1785 5872 1927 5941 quod

1252 395 1344 452 DE
1383 394 1871 473 SCRIPTOIIIBUS
1909 395 2151 459 RERUM
2192 401 2687 468 CHRYSOSTOMI.

3438 448 3638 495 XIKVIH

2054 518 2128 572 ait
2152 523 2482 597 Anonymus,
2524 529 2718 586 decima
2742 534 2822 588 die
2847 538 2916 590 ad
2945 538 3429 618 Constantinopolim
3468 573 3640 623 pervc-

2053 626 2235 709 nerunt
2254 618 2421 690 (puta,
2445 622 2701 680 Romana:
2719 627 2863 684 sedis
2878 631 3072 701 vicarii,
3091 634 3443 709 Gaudentius,
3467 618 3640 704 nam.

2050 705 2173 805 lius,
2206 712 2359 805 etc),
2391 723 2519 783 puto
2547 727 2782 773 erratum
2808 734 2929 778 esse
2957 721 3010 777 in
3037 739 3281 798 numero,
3320 705 3495 805 neque
3526 740 3635 795 ullo

2050 800 2210 855 modo
2234 803 2647 877 admittendum,
2681 820 2737 865 ut
2756 811 2845 881 qui
2874 823 3103 883 quatuor
3133 835 3347 879 menses
3376 800 3428 880 in
3456 831 3629 887 reditu

2047 899 2495 992 consumpserint,
2514 900 2648 992 intra
2668 902 2853 959 decem
2872 904 2987 962 dies
3026 924 3092 964 eo
3112 915 3628 992 appulerint.Quare,

2046 990 2107 1035 ttt
2146 984 2274 1039 nihil
2305 987 2445 1043 aliud
2483 990 2587 1056 sit,
2631 993 2742 1062 ipsa
2787 1003 2961 1051 tamen
3004 1006 3306 1071 temporum
3352 984 3491 1068 ratio
3530 984 3630 1073 hoc

2046 1073 2382 1170 mendacium
2421 1090 2606 1150 aperte
2649 1083 2865 1140 refellit.
2906 1086 3021 1145 Huc
3066 1094 3291 1163 accedit,
3337 1103 3479 1170 quod
3524 1122 3632 1165 nm

2043 1164 2176 1259 alios
2203 1168 2434 1226 habeant
2459 1184 2755 1233 assertores
2796 1179 3036 1250 epistolae
3074 1185 3198 1253 illae,
3237 1164 3396 1259 quam
3437 1209 3627 1252 recen-

2047 1256 2250 1352 tiores:
2282 1276 2458 1333 neque
2484 1280 2579 1320 eos
2619 1283 2840 1325 omnes:
2868 1288 2991 1327 nam
3021 1278 3164 1346 apud
3192 1256 3461 1352 Pliotium,
3489 1287 3630 1344 Leo-

2042 1363 2185 1415 nem,
2216 1350 2499 1421 Zonaram,
2528 1357 2919 1429 Metaphrasten
2947 1365 3111 1422 altum
3140 1368 3208 1425 de
3241 1371 3307 1426 iis
3337 1350 3626 1442 silentium.

2045 1457 2217 1537 neque
2242 1445 2431 1503 eodem
2461 1451 2600 1520 apud
2629 1469 2720 1509 eos
2747 1457 2924 1522 modo,
2949 1459 3042 1514 sed
3077 1461 3131 1516 in
3155 1479 3341 1537 magna
3374 1472 3630 1529 varietate

2039 1544 2092 1589 ct
2119 1536 2491 1639 inconstantia.
2520 1544 2649 1600 Nam
2675 1548 2781 1602 alio
2807 1550 2966 1606 modo
2988 1551 3181 1611 habent
3200 1556 3478 1631 Georgius,
3498 1564 3630 1639 Gly-

2038 1642 2149 1695 cas,
2198 1641 2251 1685 et
2293 1631 2651 1704 Nicephorus;
2684 1640 2791 1695 alio
2822 1643 3134 1717 Anonymus
3173 1658 3226 1704 et
3270 1651 3365 1708 Jus
3407 1631 3626 1712 Graccu-

2038 1717 2360 1789 Romanum,
2385 1734 2439 1779 ut
2465 1741 2528 1781 ex
2560 1734 2957 1800 comparatione
2982 1738 3322 1797 manifestum
3349 1744 3469 1801 erit.
3493 1748 3626 1804 Nam

2036 1811 2174 1905 apud
2220 1823 2447 1881 veteres,
2479 1819 2671 1888 quibus
2700 1838 2787 1879 res
2814 1839 2933 1881 esse
2962 1828 3144 1885 debuit
3179 1834 3475 1905 notissima,
3508 1839 3627 1894 Pal-

2035 1899 2255 1971 ladium,
2286 1906 2373 1977 qui
2406 1907 2587 1965 Roma:
2613 1911 2702 1967 diu
2729 1915 2859 1970 vixit
2885 1917 3014 1987 (ubi,
3041 1921 3122 1976 vel
3145 1938 3172 1976 a
3201 1938 3278 1991 sc,
3303 1927 3429 1982 vela
3452 1899 3627 1987 'l‘heo-

2035 1991 2171 2048 doro
2201 1995 2456 2052 Romana:
2482 2000 2735 2057 Ecclesiae
2761 2004 3009 2077 diacono,
3034 2009 3147 2066 hmc
3173 2016 3349 2071 omnia
3378 1998 3626 2076 facillime

2037 2094 2245 2152 poterat
2285 2089 2617 2162 resciscere),
2666 2094 3043 2166 Sozomenutn,
3084 2103 3173 2172 qui
3215 2104 3396 2162 literas
3437 2124 3626 2167 omnes

2035 2175 2321 2248 diligenter
2352 2193 2616 2239 scrutatus
2640 2186 2869 2254 videtur,
2903 2200 3233 2266 cmterosque
3255 2198 3481 2257 fidenter
3505 2205 3627 2260 dico

2034 2268 2237 2325 nullum
2264 2289 2382 2329 esse
2405 2276 2624 2333 istarum
2648 2279 2920 2337 literarum
2949 2288 3251 2359 vestigium,
3284 2294 3481 2350 nullam
3511 2314 3625 2352 um-

2036 2362 2205 2460 braut.
2238 2365 2419 2460 Neque
2451 2385 2538 2425 res
2582 2382 2697 2427 crat
2733 2389 2893 2445 parva
2933 2387 3023 2433 aut
3047 2387 3457 2454 contemnenda,
3504 2405 3623 2460 qua:

2029 2450 2215 2507 debuit
2242 2456 2322 2510 vel
2349 2459 2514 2525 potuit
2546 2462 2739 2531 omitti,
2770 2463 3120 2536 Imperatores
3162 2471 3394 2531 Orientis
3421 2450 3454 2531 a
3479 2450 3621 2534 Pon-

2035 2544 2175 2599 ttﬁce
2198 2545 2439 2605 Romano
2466 2557 2980 2625 excommunicatos,
3010 2560 3301 2629 absolutos,
3337 2579 3466 2633 etc.,
3498 2585 3618 2625 cum

2033 2636 2110 2729 rei
2139 2637 2308 2729 multo
2346 2641 2589 2708 minoris,
2632 2644 2915 2703 Theodosii
2964 2656 3240 2718 praisentis
3283 2671 3312 2710 a
3361 2672 3622 2729 praesente

2033 2727 2318 2785 Ambrosio
2348 2733 2572 2789 ecclesia
2605 2750 2697 2790 sua
2732 2738 2981 2807 prohibiti
3009 2742 3179 2812 plenm
3207 2745 3314 2802 sint
3335 2727 3522 2808 omnes
3543 2753 3623 2809 hi-

2031 2821 2232 2875 storim.
2266 2822 2485 2880 Accedit
2512 2827 2731 2897 insuper
2755 2829 2822 2885 ad
2860 2831 3045 2888 harum
3077 2836 3422 2906 epistolarum
3462 2846 3618 2902 tidem

2029 2911 2363 2983 elevandam,
2387 2918 2528 2988 quod
2550 2919 2734 2977 Grmce
2764 2931 2969 2979 tantum
2996 2928 3208 2998 scripta:
3236 2931 3535 3004 vidcantur,
3565 2949 3617 2992 et

2027 3013 2176 3062 Certe
2214 3005 2492 3065 character
2530 3011 2643 3082 ipse
2684 3014 2981 3071 Grmcnlum
3012 3018 3242 3090 aliquem
3271 3026 3617 3085 semidoctum

2029 3112 2135 3152 non
2182 3098 2408 3158 obscure
2450 3105 2608 3173 sapit,
2657 3118 2778 3162 cum
2823 3107 3165 3167 Innocentius
3202 3116 3456 3185 epistolas
3495 3136 3620 3178 suas

2026 3190 2187 3245 etiam
2212 3192 2263 3247 in
2296 3193 2567 3252 Orientem
2600 3199 2792 3256 missas
2815 3202 3013 3259 soleret
3040 3208 3251 3262 nonnisi
3281 3209 3471 3269 Latine
3490 3231 3620 3271 esa-

2026 3296 2168 3349 rare,
2194 3292 2249 3337 ut
2270 3294 2478 3340 constat
2498 3302 2529 3343 e
2552 3287 2833 3344 Sozomeni
2862 3291 2996 3346 libro
3017 3302 3225 3352 octavo.
3251 3298 3367 3355 Jam
3389 3311 3441 3356 et
3469 3302 3617 3368 illttd,

2027 3383 2080 3427 ut
2101 3383 2247 3442 puto,
2265 3373 2477 3441 falsum,
2501 3376 2568 3433 de
2586 3379 2839 3449 adempto
2857 3382 3032 3438 Attico
3056 3385 3387 3457 episcopatu,
3401 3401 3455 3446 et
3473 3408 3622 3450 eom-

2028 3468 2186 3522 missa
2220 3468 2410 3525 Proclo
2457 3469 2938 3540 administratione,
2971 3490 3092 3531 cum
3135 3486 3190 3533 et
3228 3493 3399 3538 annos
3434 3484 3617 3555 viginti

2027 3562 2260 3618 tenuisse
2291 3563 2654 3634 episcopatum
2701 3576 2911 3622 constet
2952 3568 3207 3638 Atticum,
3255 3588 3484 3644 eumque
3526 3594 3620 3648 per

2027 3668 2217 3709 manus
2248 3654 2503 3723 Sisinnio,
2535 3656 2800 3724 Nestorio,
2834 3659 3209 3720 Maximiniano
3240 3668 3539 3734 tradidisse,
3564 3683 3620 3725 ut

2027 3743 2240 3799 nonnisi
2268 3755 2420 3801 sexto
2462 3756 2580 3818 post
2611 3746 2869 3805 Joannem
2898 3750 3017 3807 loco
3056 3753 3278 3810 Proclus
3317 3756 3370 3813 in
3399 3774 3461 3815 ea
3488 3762 3618 3816 sede

2025 3837 2362 3893 successerit.
2399 3837 2515 3909 Ego
2543 3840 2666 3909 quid
2708 3840 2759 3895 in
2790 3841 2889 3896 hac
2914 3858 2972 3898 re
3000 3844 3127 3900 mihi
3157 3849 3430 3916 probabile
3472 3853 3618 3907 vide-

2027 3929 2201 3995 batur,
2236 3930 2403 3987 libere
2428 3932 2535 3987 dixi
2562 3951 2574 3986 :
2594 3932 2834 4003 judicent
2860 3935 3021 3991 docti.

2105 4041 2123 4073 ‹
2163 4021 2303 4078 Inter
2325 4039 2521 4079 errores
2549 4026 2812 4080 historicos
2835 4026 3046 4099 Georgii
3077 4031 3238 4084 etiam
3269 4031 3395 4087 illud
3427 4051 3615 4091 nume-

2025 4128 2109 4180 ro,
2142 4114 2283 4184 quod
2315 4124 2539 4170 mortem
2568 4116 2861 4172 Innocentii
2909 4119 3138 4188 priorem
3172 4120 3346 4178 facere
3377 4124 3617 4182 videatur

2026 4217 2200 4261 morte
2240 4206 2555 4276 Theophili:
2588 4209 2729 4278 quod
2775 4222 2957 4280 aperte
3004 4211 3193 4266 falsum
3229 4224 3331 4269 est.
3377 4216 3616 4272 Mortuus

2026 4307 2109 4352 cst
2138 4297 2280 4352 enim
2310 4296 2656 4366 Theophilus,
2688 4307 2821 4353 teste
2848 4300 3069 4356 Socrate
3104 4303 3195 4358 lib.
3223 4304 3273 4370 7,
3301 4319 3350 4359 c.
3377 4305 3430 4369 7,
3462 4307 3612 4364 Coss.

2028 4389 2266 4445 Honorio
2285 4390 2319 4445 9
2344 4399 2399 4445 et
2424 4388 2727 4445 Theodosio
2752 4391 2807 4458 5,
2832 4391 2935 4446 hoc
2953 4400 3056 4460 est,
3086 4409 3231 4450 anno
3260 4397 3466 4453 Domini
3491 4401 3614 4457 “:2.

2027 4481 2113 4538 die
2137 4481 2209 4537 25
2229 4481 2474 4538 Octobris
2509 4500 2520 4535 :
2559 4481 2923 4551 Innocentius,
2952 4492 3011 4539 ut
3039 4499 3103 4540 ex
3119 4481 3301 4546 Fastis
3318 4494 3618 4561 pontiﬁciis

2031 4582 2195 4643 patet,
2218 4573 2429 4628 nonnisi
2457 4572 2581 4641 “6,
2610 4572 2694 4629 vel
2718 4574 2844 4630 415.
2876 4573 3029 4644 Quod
3051 4578 3199 4632 sicui
3223 4576 3415 4632 mirum
3439 4579 3617 4635 videa-

2031 4674 2134 4729 tur,
2160 4679 2281 4720 cum
2313 4664 2638 4734 Theophilus
2661 4664 2896 4735 quinque
2921 4680 3091 4722 annos
3117 4666 3307 4723 Joanni
3339 4673 3615 4739 supervix-

2029 4757 2152 4821 erit,
2180 4756 2520 4812 Innocentius
2549 4765 2690 4820 octo,
2722 4756 2846 4827 quid
2871 4756 2959 4824 sit,
2982 4757 3122 4828 quod
3144 4760 3428 4815 consilium
3460 4777 3623 4815 omne

2029 4847 2284 4917 abiecerit
2310 4846 2648 4903 Innocentius
2676 4845 2745 4903 de
2780 4848 3015 4917 cogenda
3043 4849 3249 4920 synodo
3274 4850 3625 4909 Thessaloni-

2030 4954 2128 5005 cae,
2171 4938 2258 4994 cui
2289 4938 2549 4993 interesse
2578 4936 2932 5008 Theophilum
2966 4947 3108 4992 tanta
3137 4940 3421 4997 severitate
3457 4952 3514 4997 et
3556 4950 3628 4997 ri-

2029 5048 2159 5104 gare
2180 5031 2420 5087 edixerat
2445 5041 2568 5085 ante
2594 5038 2820 5085 mortem
2853 5027 2918 5102 (si
2948 5029 3027 5087 fas
3058 5040 3142 5087 est
3174 5029 3419 5107 credere)
3452 5035 3624 5090 Arca-

2030 5124 2152 5180 dius
2192 5122 2414 5194 epistola
2454 5121 2593 5191 apud
2635 5121 2944 5193 Georgium,
2976 5124 3128 5195 cujus
3172 5124 3402 5194 initium,
3439 5126 3629 5181 Omnia

2031 5221 2257 5282 climata,
2288 5232 2462 5286 neque
2490 5216 2654 5271 ullum
2694 5218 2761 5272 de
2797 5230 2863 5272 eo
2905 5227 3087 5287 postea
3130 5219 3353 5275 verbum
3392 5218 3581 5273 fecerit
3616 5239 3626 5271 :

2033 5308 2263 5366 lortassc
2291 5307 2342 5363 id
2374 5308 2566 5363 factum
2598 5316 2699 5372 est,
2724 5309 2847 5380 quia
2870 5309 3129 5365 Arcadius
3157 5310 3311 5380 paulo
3329 5317 3448 5379 post
3467 5308 3626 5368 Joan.

2033 5419 2157 5458 nem
2187 5401 2513 5467 decesserat,
2545 5400 2695 5471 cujus
2721 5415 2887 5472 opera
2914 5409 2969 5457 et
2983 5417 3157 5470 Jussu,
3191 5400 3263 5453 uti
3286 5414 3347 5454 ea
3378 5401 3623 5457 terebant

2036 5505 2296 5565 tempora,
2328 5504 2636 5565 cogeretur;
2668 5494 2752 5549 vel
2781 5493 2919 5562 quod
2950 5507 3011 5547 ea
3055 5491 3162 5545 sint
3200 5502 3486 5560 consecuta
3518 5495 3624 5549 rei-

2037 5589 2259 5658 publica:
2291 5600 2550 5657 tempora,
2583 5589 2880 5658 praesertim
2912 5587 2963 5639 in
2990 5582 3300 5651 Occidente,
3334 5585 3503 5641 Roma
3529 5602 3624 5640 ca~

2035 5692 2147 5754 pta,
2179 5682 2323 5737 Italia
2365 5681 2592 5751 direpta,
2624 5680 2842 5734 vastatis
2869 5675 3178 5745 provinciis,
3216 5693 3335 5747 qua:
3370 5678 3452 5733 vel
3491 5693 3625 5735 con-

2037 5776 2350 5833 atantissimi
2377 5776 2475 5831 viri
2504 5782 2735 5829 mentem
2767 5779 2986 5828 nossent
3006 5785 3034 5825 a
3060 5772 3253 5827 minori
3276 5786 3400 5829 cura
3428 5772 3493 5831 ad
3512 5788 3621 5828 tua:

2036 5872 2207 5943 jorcm
2240 5878 2436 5923 metum
2471 5864 2764 5922 traducere.
