4018 6406
477 385 639 430 XXXIX

555 489 839 558 llucusque
862 488 932 544 de
958 487 1208 560 Georgio.
1241 489 1297 546 ln
1319 490 1538 563 reliquis
1562 508 1656 550 ero
1681 496 1912 564 brevior,
1940 498 2061 569 quia

479 579 732 650 pleraque
756 580 932 635 omnia
959 579 1075 637 fere
1099 581 1297 639 habent
1325 599 1445 640 cum
1473 586 1703 659 Georgio
1735 594 2059 661 communia,

478 686 653 741 neque
675 685 853 741 opera:
874 675 1102 742 pretium
1125 674 1286 730 fuerit
1315 676 1503 734 iisdem
1532 679 1746 749 ineptiis
1770 682 2064 739 refutandis

475 760 559 816 bis
577 763 870 818 immorari.
899 764 1011 819 Leo
1028 764 1351 823 breviarium
1378 770 1531 825 nobis
1547 771 1691 827 dedit
1710 772 1943 845 Georgii,
1965 776 2063 830 nisi

484 852 617 922 quod
644 853 695 907 in
724 854 832 908 illis
860 855 1102 924 epistolis
1124 856 1409 929 Georgium
1433 873 1705 932 sequatur,
1738 866 1925 920 saltem
1957 881 2063 922 non

477 942 769 1009 abbreviet,
797 953 850 999 ut
880 960 1049 1015 neque
1095 947 1316 1004 Pliotius
1359 951 1412 1005 in
1458 954 1690 1022 epitome
1714 956 2061 1027 Gregoriana,

477 1033 611 1089 Cod.
642 1035 732 1092 96.
762 1036 939 1093 Potuit
964 1048 1109 1096 certe
1128 1041 1246 1097 sine
1273 1043 1469 1100 damno
1494 1048 1664 1104 omitti
1691 1068 1705 1105 :
1734 1066 1906 1122 neque
1922 1053 2067 1109 enim

405 1176 416 1191 ι
478 1127 677 1197 aliquid
698 1130 929 1202 Georgio
949 1132 1169 1199 addidit,
1197 1146 1394 1206 praeter
1412 1139 1711 1198 affectatam
1723 1144 1922 1201 alicubi
1940 1144 2065 1217 styli

482 1219 860 1277 obscuritatem
884 1242 897 1278 :
921 1224 1022 1279 nisi
1048 1227 1189 1297 quod
1219 1228 1283 1284 ad
1310 1231 1568 1302 reliquam
1600 1235 1819 1292 Joannis
1844 1237 2065 1308 gloriam

484 1310 613 1367 inde
633 1327 823 1384 magna
846 1315 1114 1370 videretur
1135 1318 1269 1373 facta
1297 1324 1555 1392 accessio,
1580 1325 1719 1395 quod
1739 1335 1941 1382 tantum
1964 1330 2066 1385 lm-

485 1414 786 1472 peratorem
818 1406 1034 1462 laudum
1064 1424 1277 1465 suarum
1300 1425 1599 1481 prmconem
1629 1416 1891 1474 invenerit
1921 1422 2069 1476 Ano-

485 1510 678 1567 nymus
706 1513 866 1552 unum
893 1509 984 1555 aut
1021 1502 1246 1558 alterum
1288 1505 1449 1561 habet
1477 1523 1713 1565 errorem
1747 1511 2066 1581 peculiarem

480 1594 537 1640 et
572 1600 748 1641 suum.
781 1589 1016 1645 Primum
1043 1604 1127 1649 est
1149 1594 1311 1650 latum
1340 1600 1469 1653 satis
1495 1608 1551 1655 et
1579 1616 1814 1657 crassum
1850 1607 2069 1660 menda-

480 1678 641 1745 cium,
677 1682 818 1750 quod
846 1683 1124 1741 Libanium
1164 1687 1324 1744 faciat
1361 1692 1428 1746 ad
1468 1693 1731 1750 Julianum
1754 1697 1863 1767 jam
1893 1699 2070 1770 Augu-

481 1776 620 1823 stum
646 1770 940 1840 dicentem,
966 1777 1231 1833 neminem
1258 1780 1468 1836 illorum
1500 1800 1810 1856 magnorum
1839 1791 2072 1859 philoso-

481 1860 710 1931 phorum
738 1865 944 1923 Joanne
965 1870 1294 1938 superiorem
1321 1888 1462 1938 esse,
1490 1892 1558 1932 ne
1586 1894 1834 1950 magnum
1857 1883 2069 1952 quidem

484 1954 635 2008 illum
665 1965 720 2011 et
744 1956 980 2013 divinum
1008 1959 1305 2031 Platonem,
1342 1979 1439 2020 nec
1467 1968 1516 2021 in
1540 1968 1843 2039 eloquentia
1875 1974 2071 2029 Demo-

481 2044 760 2114 sthenem;
787 2048 929 2118 quod
958 2059 1016 2104 ut
1040 2067 1227 2106 verum
1260 2063 1443 2124 postea
1468 2057 1630 2114 fuisse
1659 2061 1865 2130 demus,
1891 2064 1956 2119 ad
1983 2066 2078 2121 Ju-

482 2135 683 2192 lianum
710 2148 854 2195 certe
889 2141 995 2196 dici
1021 2158 1127 2199 non
1167 2149 1357 2214 potuit,
1388 2150 1476 2219 qui
1503 2163 1742 2208 mortuus
1762 2165 1844 2210 est
1870 2157 2075 2215 Joanne

486 2224 570 2279 vix
593 2242 657 2282 ac
681 2244 747 2284 ne
776 2231 860 2285 vix
885 2231 1099 2302 quidem
1122 2246 1367 2293 octavum
1396 2243 1568 2297 aetatis
1592 2258 1787 2299 annum
1811 2247 2072 2320 ingresso;

490 2325 543 2371 ut
563 2319 866 2377 exclamare
889 2324 1068 2392 libeat,

732 2419 786 2464 Et
802 2416 917 2477 quid
940 2431 1037 2468 non
1053 2423 1231 2471 Gracia
1247 2425 1452 2475 mendax

611 2493 764 2545 Audet
781 2497 831 2547 in
847 2497 1150 2564 historia....,

492 2580 788 2647 praesertim
824 2582 922 2638 ista
942 2589 1242 2645 recentior!
1274 2589 1406 2648 Huic
1429 2594 1605 2650 simile
1624 2610 1689 2651 ac
1714 2612 1849 2666 pene
1872 2614 2080 2670 germa-

490 2685 616 2725 num
638 2680 740 2740 est,
770 2670 1084 2747 Gregorium
1112 2679 1523 2753 Nazianzenum,
1553 2701 1630 2743 sc.
1655 2688 1780 2744 dum
1804 2691 1978 2747 adhuc
1994 2707 2081 2748 es-

489 2769 571 2815 set
597 2761 900 2822 Patriareba
920 2767 982 2823 C.
1013 2770 1094 2838 P.,
1125 2786 1246 2827 cum
1270 2774 1571 2832 Theodosio
1598 2779 1785 2850 Magno
1805 2796 2081 2841 sermones

495 2867 680 2911 serere
707 2856 775 2912 de
799 2858 1018 2916 Joannis
1048 2864 1376 2922 orationibus
1401 2867 1737 2938 Statuarum;
1767 2889 1888 2929 cum
1916 2879 2081 2932 noxis-

490 2944 684 3003 simum
715 2948 806 3017 sit,
843 2949 1157 3023 Gregorium
1185 2956 1430 3014 abdicato
1455 2962 1784 3033 episcopatu,
1815 2974 1870 3022 et
1894 2967 2080 3023 relicta

491 3036 972 3114 Constantinopoli,
1001 3045 1055 3100 in
1074 3046 1461 3119 Cappadociam
1488 3057 1835 3126 concessisse,
1861 3059 1976 3129 ipso
1992 3075 2082 3117 se-

491 3130 681 3187 cundae
725 3135 916 3205 synodi
965 3145 1225 3210 tempore,
1256 3158 1397 3199 anno
1439 3145 1648 3203 Domini
1691 3150 1814 3214 581,
1866 3153 2080 3210 vixdum

491 3219 720 3279 diacono
743 3226 968 3293 Joanne.
1000 3239 1054 3289 et
1073 3248 1244 3293 annos
1274 3237 1553 3297 minimum
1579 3253 1784 3307 septem
1810 3254 1934 3302 ante
1951 3254 2085 3304 tem-

1675 380 2012 440 MARTYRII
2048 383 2485 444 ANTIOCHENI.
3686 413 3749 454 tu.

2171 511 2268 566 pus
2293 510 2604 552 eversarum
2634 507 2947 557 statuarum.
2980 505 3061 559 Ad
3098 507 3349 563 miracula
3381 510 3520 578 quod
3551 522 3757 581 spectat

2170 588 2295 642 licet
2317 603 2499 643 eorum
2530 589 2836 661 diligentem
2864 595 3230 651 collectionem
3271 597 3459 654 fecisse
3497 601 3752 673 Georgius

2173 684 2357 747 posset
2385 677 2572 746 videri,
2606 686 2735 737 satis
2764 693 2938 739 tamen
2970 688 3203 755 amplum
3234 690 3448 759 reliquit
3475 692 3755 763 Anonymo

2169 769 2520 840 spicilcgium.
2552 772 2699 828 Visio
2729 773 2986 845 Gregorio
3011 776 3284 850 'l'heologo
3312 781 3452 835 facta
3488 783 3556 838 de
3594 782 3760 840 Joan-

2170 876 2239 916 ne
2266 877 2383 932 cap.
2417 863 2514 928 37;
2538 863 2604 918 de
2627 864 2687 921 S.
2718 864 2883 921 Paulo
2908 867 3127 923 Joannis
3152 872 3512 940 expositiones
3532 877 3624 929 sub
3654 878 3760 946 for-

2172 969 2255 1005 ma
2286 968 2528 1025 corporea
2555 956 2903 1012 confirmante
2925 973 3042 1027 cap.
3071 960 3170 1023 59;
3198 962 3337 1030 quod
3369 962 3602 1020 Joannes
3634 964 3763 1020 Pro-

2172 1043 2257 1098 clo
2277 1046 2667 1101 successionem
2692 1047 2742 1101 in
2765 1048 2891 1103 sede
2914 1049 2972 1104 C.
2998 1051 3058 1103 P.
3083 1052 3324 1119 prtedicit
3339 1069 3457 1123 cap.
3481 1056 3580 1121 60;
3602 1055 3766 1112 Joan-

2174 1132 2258 1186 nis
2310 1132 2615 1203 frcquentcs
2655 1141 2882 1191 amant.“
2931 1139 3071 1195 inter
3122 1144 3346 1211 synaxin
3388 1145 3762 1203 celebrandam

2174 1236 2291 1293 cap.
2325 1224 2415 1292 79.,
2455 1226 2542 1291 73,
2593 1227 2690 1293 ’ἵεις
2722 1230 2985 1299 apparitio
3027 1230 3276 1298 Andreae,
3321 1233 3581 1307 Stacbyos
3618 1247 3673 1294 et
3701 1238 3762 1294 Β.

2176 1317 2408 1388 Virginis
2434 1334 2551 1389 cap.
2582 1320 2683 1384 79;
2708 1322 2981 1389 praedictio
3009 1322 3145 1377 facta
3171 1324 3362 1380 Nicmte
3399 1326 3466 1382 de
3506 1328 3764 1386 Mauricio

2179 1411 2505 1482 lmpcratore
2519 1428 2636 1484 cap.
2658 1416 2759 1469 l07
2775 1431 2789 1480 ;
2808 1417 3037 1471 visiones
3059 1417 3217 1473 Marci
3235 1429 3286 1473 et
3300 1418 3482 1490 Cyrilli
3498 1438 3618 1493 cap.
3640 1425 3759 1492 128,

2181 1503 2321 1568 129ς
2355 1514 2554 1559 tremor
2598 1506 2825 1575 sepulcri
2876 1507 3130 1563 Eudoxia:
3170 1525 3288 1579 cap.
3335 1512 3455 1577 152,
3501 1522 3557 1568 et
3584 1517 3766 1571 nescio

2180 1608 2299 1662 quae
2327 1593 2463 1648 facta
2496 1596 2749 1651 miracula
2769 1599 2823 1650 in
2849 1599 3182 1653 translatione
3210 1601 3557 1673 reliquiarum,
3584 1622 3704 1676 quae
3732 1624 3762 1661 a

2178 1684 2446 1741 Vestitore
2467 1696 2737 1743 mutuatus
2755 1698 2869 1745 est:
2897 1690 3012 1746 haec
3037 1694 3235 1758 omnia,
3258 1696 3493 1765 inquam,
3525 1699 3766 1768 ejusdem

2180 1781 2387 1837 ordinis
2419 1782 2628 1855 locique
2656 1796 2780 1841 sunt
2809 1802 2930 1842 cum
2961 1789 3068 1844 illis
3093 1790 3211 1844 aliis
3237 1790 3571 1862 Georgianis.
3612 1793 3769 1858 Quod

2180 1875 2225 1929 si
2257 1876 2386 1930 illud
2414 1878 2612 1946 Ephori
2651 1879 2791 1948 apud
2817 1880 3135 1936 Strabonem
3162 1882 3233 1938 de
3269 1884 3486 1939 oraculo
3514 1884 3773 1954 Delphico

2184 1967 2467 2037 scripturi:
2493 1969 2731 2040 ineptum
2759 1986 2880 2026 esse
2903 1972 2969 2028 de
2994 1975 3210 2029 oraculo
3229 1977 3466 2031 omnium
3488 1978 3772 2033 verissimo

2183 2069 2447 2127 acturum,
2490 2062 2707 2117 incertis
2743 2066 3044 2121 rumoribus
3073 2076 3127 2122 et
3164 2070 3554 2125 narrationibus
3592 2071 3774 2126 minus

2185 2151 2548 2220 probabilibus
2578 2153 2977 2226 indulgere:si,
3021 2158 3256 2229 inquam,
3291 2160 3394 2215 hoc
3435 2162 3500 2215 iis
3540 2161 3777 2218 venisset

2188 2241 2240 2296 in
2271 2251 2523 2306 mentem,
2552 2244 2643 2313 qui
2685 2261 2771 2300 res
2801 2246 2891 2301 Dei
2931 2257 2985 2302 et
3024 2248 3273 2304 Ecclesiae
3299 2251 3596 2321 posteritati
3621 2261 3779 2307 erant

2189 2334 2584 2401 transmissuri;
2619 2351 2724 2390 non
2773 2336 2914 2392 hanc
2957 2350 3261 2410 corruptam
3307 2351 3777 2398 monumentorum

2189 2425 2348 2482 tidem
2381 2428 2638 2484 immensa
2666 2430 2894 2500 ﬁngendi
2939 2431 3156 2488 libidine
3186 2434 3377 2488 merito
3402 2449 3778 2503 quereremur.

2183 2517 2288 2575 Sed
2317 2518 2505 2576 desino
2524 2521 2724 2576 inutilis
2750 2524 3001 2592 querelae,
3019 2534 3075 2578 et
3088 2524 3154 2578 ad
3181 2524 3574 2595 Metaphrasten
3597 2536 3781 2582 trans-

2185 2622 2285 2675 eo,
2316 2608 2381 2664 ad
2402 2626 2562 2682 quem
2583 2614 2881 2686 quidquam
2937 2624 3123 2671 notare
3161 2632 3269 2671 non
3313 2633 3448 2688 Opus
3490 2626 3592 2673 est.
3635 2614 3777 2672 Nihil

2189 2699 2334 2753 enim
2365 2699 2545 2767 habet,
2577 2703 2717 2771 quod
2758 2718 2864 2759 non
2908 2713 3001 2759 aut
3035 2707 3177 2776 apud
3201 2706 3489 2778 Georgium
3520 2710 3778 2779 reperies,

2190 2799 2282 2845 aut
2308 2791 2449 2862 apud
2470 2793 2832 2864 Anonymum,
2856 2811 3014 2867 quem
3041 2798 3157 2854 fere
3181 2800 3452 2869 exprimit.
3489 2802 3781 2873 Anonymo

2190 2884 2332 2938 enim
2377 2899 2497 2940 cum
2547 2885 2904 2959 Iletaphraste
2950 2903 3138 2945 sensus
3181 2890 3294 2947 fere
3334 2906 3567 2962 semper,
3611 2892 3782 2953 verba

2191 2974 2350 3028 etiam
2378 2975 2690 3047 plerumque
2717 2989 2842 3033 sunt
2868 2981 3190 3047 communia.
3220 2984 3394 3053 Atque
3416 2982 3531 3038 [nec
3554 2998 3618 3038 ex
3641 2982 3786 3038 mni-

2194 3066 2262 3122 tis
2277 3065 2533 3123 adnotare
2546 3069 2719 3124 visum
2742 3080 2823 3125 est
2844 3070 2911 3126 ad
2931 3079 3174 3129 auctores
3190 3088 3367 3129 rerum
3388 3072 3783 3146 Chrysostomi:

2189 3172 2309 3226 qua:
2332 3156 2630 3229 doctorum,
2655 3171 2714 3217 ut
2734 3162 3097 3234 dixi,judicio,
3126 3173 3182 3221 ut
3203 3180 3321 3222 mea
3347 3180 3561 3236 quoque
3574 3167 3783 3232 omnia,

2195 3249 2469 3316 permitto.
2482 3271 2501 3305 ι
