4018 6432
281 376 375 417 ιιι

1387 356 1475 411 DE
1512 355 1570 413 S.
1609 352 1882 412 JOANNE
1919 351 2454 411 CHRYSOSTOMO.

3464 371 3498 412 κ
3509 371 3578 416 ιιι

295 507 3502 553 W

1081 689 1806 808 MARTYRII
1901 686 2754 809 ANTIOCHEN
2768 691 2813 802 Ι

551 983 1433 1080 PANEGYRICUM
1507 986 1606 1076 S.
1681 985 2200 1080 JOANNlS
2273 981 3128 1078 CHRYSOSTOMI
3202 965 3325 1075 (α).

389 1540 538 1597 Inter
569 1537 744 1592 varios
788 1535 959 1590 sancti
989 1533 1212 1589 Joannis
1240 1532 1590 1606 Chrysostomi
1613 1535 1733 1588 vitae
1776 1533 1910 1587 scri-

319 1643 494 1702 ptores
531 1629 750 1701 quidam
793 1635 869 1681 est
937 1625 1148 1682 Graecus
1203 1625 1508 1696 Anonymus
1549 1642 1582 1678 a
1613 1623 1811 1680 Savilio
1855 1625 1911 1676 in

321 1733 506 1778 octavo
533 1720 776 1776 editionis
806 1733 916 1773 sua:
946 1727 1084 1771 tomo
1123 1716 1389 1788 vulgatus,
1415 1733 1568 1787 quem
1609 1724 1786 1769 tamen
1815 1730 1912 1784 po-

327 1827 549 1871 stremus
564 1811 919 1883 Chrysostomi
944 1810 1112 1866 editor
1140 1809 1584 1881 Montfauconius,
1607 1823 1914 1879 quanquam

327 1907 461 1978 ston
494 1921 596 1959 non
617 1906 966 1968 invenustum,
1003 1901 1249 1955 recudere
1278 1899 1611 1964 noluit,quia
1644 1897 1774 1952 nihil
1807 1899 1915 1968 fere

331 2001 395 2054 ab
433 2016 491 2054 eo
523 1998 593 2052 ad
640 1995 899 2065 majorem
940 1994 1241 2066 argumenti
1285 1993 1530 2046 notitiam
1561 1992 1789 2062 conferri
1819 2007 1918 2058 pu-

333 2093 482 2146 tavit.
507 2092 756 2144 Attamen
790 2089 884 2141 hoc
906 2102 1095 2140 novum
1127 2101 1291 2156 neque
1312 2085 1436 2139 levis
1464 2083 1712 2138 momenti
1746 2083 1801 2136 in
1827 2081 1918 2134 illo

336 2192 469 2248 erat,
502 2190 714 2236 notante
757 2180 919 2235 etiam
955 2178 1368 2249 Montfauconio,
1413 2180 1550 2247 quod
1582 2176 1795 2230 nomina
1825 2190 1916 2228 χιι

336 2284 608 2329 auctorum
640 2271 916 2334 recitabat,
949 2287 981 2324 a
1022 2271 1206 2340 quibus
1252 2285 1331 2323 res
1375 2277 1532 2340 gesta’
1569 2266 1919 2337 Chrysostomi

337 2366 708 2420 commendatae
749 2362 940 2416 litteris
983 2363 1230 2432 fuerunt,
1263 2369 1420 2430 atque
1449 2360 1539 2412 hos
1565 2359 1702 2412 inter
1738 2357 1921 2412 Antio-

338 2459 554 2512 ehenum
581 2455 944 2525 patriarcham
995 2452 1310 2522 Martyrium
1358 2451 1626 2520 ponebat;
1668 2450 1737 2502 ad
1770 2465 1922 2520 quem

338 2550 592 2620 Anonymi
648 2548 819 2602 locum
866 2544 1208 2599 Bollandiani
1267 2544 1385 2615 (die
1445 2541 1510 2596 14
1566 2539 1919 2610 Septembris,

340 2648 380 2693 t.
429 2640 518 2707 IV,
554 2656 606 2708 p.
640 2638 763 2705 406,
799 2637 897 2692 col.
935 2638 990 2708 2)
1023 2637 1098 2691 sic
1143 2643 1565 2690 commentantur
1601 2649 1619 2686 :
1669 2653 1685 2684 ι
1719 2631 1925 2686 ΙτῚονιιὶι

341 2725 624 2795 Martyrius
648 2725 838 2779 steculo
868 2741 918 2788 ν,
951 2733 1001 2779 et
1045 2733 1416 2794 consequenter
1443 2725 1573 2777 satis
1600 2722 1923 2792 propinquus

341 2822 456 2866 erat
496 2813 808 2883 temporibus
849 2811 1199 2882 Chrysostomi
1253 2813 1323 2865 ad
1375 2821 1520 2882 gesta
1580 2811 1744 2879 ipsius
1789 2817 1924 2862 recte

343 2901 640 2952 enarranda
663 2915 680 2962 ;
704 2897 794 2952 sed
827 2897 958 2952 nihil
985 2899 1301 2968 scriptorum
1331 2897 1444 2966 ejus
1471 2897 1716 2950 innotuit.
1759 2914 1775 2945 ι
1813 2891 1926 2965 Ego

341 3007 464 3045 vero
491 2991 831 3044 memineram
871 3005 953 3044 me
990 2998 1116 3043 ante
1145 2989 1434 3056 complures
1477 3003 1645 3040 annos
1674 2987 1846 3040 videre
1871 2987 1929 3038 in

341 3081 531 3137 Leonis
574 3081 760 3136 Allatii
798 3082 995 3136 schedis
1032 3081 1410 3136 Vallicellianis
1465 3082 1720 3150 scriptum
1780 3081 1929 3132 breve

345 3175 587 3245 Hartyrii
613 3175 688 3230 De
703 3174 825 3230 Vita
851 3174 1222 3246 Chrysostomi
1254 3193 1267 3228 :
1297 3190 1435 3227 nunc
1464 3183 1665 3228 autem.
1691 3189 1754 3226 ne
1783 3174 1930 3226 rivu-

349 3267 459 3320 lum
505 3267 692 3320 omisso
737 3267 878 3338 {ante
913 3273 1274 3328 consectarer,
1316 3265 1544 3317 codicem
1582 3263 1709 3316 mihi
1752 3271 1932 3316 notum

353 3358 660 3412 Vaticanum
691 3359 894 3428 inspexi
921 3355 1080 3428 (unde
1103 3355 1333 3410 Allatius
1355 3371 1556 3425 quoque
1585 3362 1642 3406 ut
1678 3361 1804 3422 puto
1839 3369 1934 3406 ex-

349 3451 589 3522 bripsit)
615 3453 914 3523 antiquum,
943 3448 1252 3513 miscellum,
1285 3449 1371 3501 ubi
1409 3449 1548 3500 inter
1585 3455 1774 3501 caetera
1800 3447 1936 3499 hanc

349 3542 592 3611 Hartyrii
625 3541 911 3611 pretiosam
951 3539 1273 3612 gemmulam
1307 3539 1476 3607 reperi
1517 3553 1637 3592 cum
1679 3553 1738 3589 eo
1784 3535 1938 3589 titulo

350 3651 504 3705 quem
543 3635 600 3688 in
629 3635 798 3705 fronte
823 3633 1068 3688 editionis
1113 3632 1294 3685 recito.
1337 3630 1446 3684 Hoc
1486 3646 1580 3700 ego
1620 3630 1730 3683 viso
1761 3627 1934 3693 titulo,

348 3726 532 3780 statim
561 3727 768 3798 agnovi,
799 3742 904 3780 non
926 3725 1204 3779 historiam
1228 3724 1438 3794 proprie
1453 3740 1543 3777 seu
1572 3723 1940 3794 biographiam

352 3817 722 3887 Chrysostomi,
751 3818 841 3872 sed
883 3817 1257 3888 panegyricum
1296 3832 1328 3868 a
1362 3815 1616 3886 Mai-tyrio
1662 3814 1937 3883 scriptum,

353 3910 491 3980 quod
517 3925 663 3981 aeque
713 3910 951 3965 nonnulli
1005 3909 1102 3964 alii
1155 3911 1387 3980 fecerunt
1421 3910 1486 3964 ab
1540 3909 1633 3962 illo
1671 3908 1942 3978 Anonymo

353 4001 653 4067 memorati,
687 4018 735 4055 v.
769 4019 850 4072 gr.
896 4000 1117 4055 Proclus
1147 4009 1194 4055 et
1222 4000 1380 4059 Joan.
1426 4000 1817 4061 Damascenus,
1850 3999 1940 4068 qui

354 4092 699 4157 orationibus,
736 4109 867 4162 quas
906 4110 1016 4164 prae
1047 4093 1290 4147 manibus
1316 4093 1586 4158 habemus,
1616 4092 1942 4162 Chrysosto-

355 4201 502 4238 mum
531 4184 936 4239 celebraverunt.
964 4184 1319 4240 Nihilominus
1349 4184 1664 4238 auctoritate
1693 4181 1942 4252 Martyrii

356 4285 657 4347 permotus,
691 4279 782 4348 qui
823 4293 1023 4332 coarvus
1064 4278 1430 4347 Chrysostomo
1483 4277 1602 4346 fuit,
1651 4284 1700 4329 et
1749 4275 1942 4328 codicis

358 4371 522 4424 etiam
570 4371 787 4424 raritati
820 4371 1025 4436 timens,
1059 4370 1148 4441 qui
1196 4387 1314 4424 cum
1359 4369 1580 4438 fortasse
1626 4367 1694 4420 sit
1736 4366 1942 4429 unicus,

357 4471 608 4533 pereunte
631 4479 711 4528 eo,
729 4462 1014 4534 Martyrius
1031 4461 1194 4518 simul
1219 4462 1434 4532 periret,
1465 4459 1610 4513 nolui
1641 4459 1769 4512 mihi
1791 4474 1945 4527 pror-

358 4571 446 4608 sus
479 4554 616 4609 elabi
643 4555 829 4609 edendi
860 4557 956 4610 hoc
983 4555 1239 4625 scriptum
1263 4553 1628 4617 occasionem;
1651 4551 1746 4606 etsi
1777 4559 1833 4604 ut
1861 4551 1946 4603 di-

362 4647 432 4700 cit
455 4646 661 4712 titulus,
687 4657 845 4718 atque
873 4649 983 4718 ipse
1009 4656 1180 4702 textus
1208 4649 1552 4710 demonstrat,
1584 4644 1790 4697 nonnisi
1821 4659 1947 4710 pars

361 4749 630 4809 postrema
656 4741 978 4797 tauaationis
1003 4748 1099 4794 est.

437 4832 517 4886 Ad
543 4830 792 4903 Martyrii
835 4843 1049 4888 tetatem
1083 4835 1221 4904 quod
1261 4832 1470 4894 attinet,
1502 4829 1753 4883 Boschius
1778 4828 1945 4899 (Patr.

361 4922 622 4980 Antioch.
657 4941 709 4979 n.
737 4925 934 4997 XLIII)
975 4925 1176 4996 aliique
1206 4923 1442 4978 historici
1482 4923 1681 4991 factum
1715 4936 1832 4973 eum
1861 4935 1953 4988 pa-

366 5017 655 5071 triarcham
685 5017 952 5072 observant
985 5018 1126 5072 circa
1152 5031 1353 5069 annum
1381 5015 1506 5080 459,
1537 5013 1816 5068 decessisse
1849 5027 1952 5065 au-

367 5118 472 5163 tem
499 5124 638 5162 anno
654 5110 776 5164 471.
795 5109 935 5180 Ergo
952 5109 1076 5180 quia
1095 5107 1491 5178 Chrysostomus
1519 5105 1664 5160 haud
1695 5104 1834 5158 ultra
1855 5119 1954 5156 an-

367 5217 494 5254 num
516 5199 620 5254 407
637 5200 798 5254 vitam
818 5199 1086 5272 produxit,
1105 5199 1343 5270 sequitur
1367 5205 1424 5250 ut
1447 5196 1742 5268 Martyrius
1769 5194 1954 5249 adole-

368 5309 512 5346 scens
531 5292 816 5348 admodum
841 5291 1204 5363 Chrysostomo
1237 5290 1456 5345 obeuute
1485 5288 1668 5360 fuerit.
1699 5288 1860 5355 Atqui
1897 5289 1954 5342 in

373 5386 681 5442 laudatione
708 5404 760 5442 n.
811 5389 846 5443 4
899 5388 1070 5442 adhuc
1109 5384 1492 5457 quodammodo
1538 5382 1825 5453 Martyrius
1865 5383 1960 5436 du-

372 5474 501 5529 bitat
530 5493 658 5532 num
710 5494 894 5548 reapse
935 5479 1215 5532 exstinctus
1267 5483 1396 5531 esset
1450 5474 1866 5544 Chrysostomus,
1887 5488 1959 5527 an

373 5561 564 5619 alicubi
602 5582 636 5620 a
675 5566 1089 5637 persecutoribus
1137 5564 1430 5620 occultatus
1457 5580 1475 5617 :
1509 5581 1631 5636 ergo
1665 5564 1959 5619 orationem

437 5767 506 5832 (a)
543 5769 658 5833 MM,
689 5767 991 5823 Bibliotheca
1010 5781 1131 5820 nova
1159 5771 1286 5824 ΡΡ..
1314 5774 1350 5818 ι.
1380 5770 1445 5828 ΙΙ,
1467 5785 1518 5835 ρ.
1549 5770 1658 5824 διδ.

2010 1534 2146 1586 hanc
2167 1534 2279 1587 sine
2306 1531 2462 1586 dubio
2490 1531 2638 1602 longe
2673 1540 2796 1585 ante
2831 1532 3188 1602 episcopatum
3211 1547 3366 1586 suum
3393 1532 3602 1603 scripsit

2011 1625 2336 1694 Ilartyrius;
2364 1640 2671 1696 quanquam
2692 1624 2736 1678 is
2766 1625 2823 1678 in
2853 1624 3006 1678 titulo
3035 1634 3082 1677 et
3109 1640 3246 1678 nunc
3271 1633 3320 1678 et
3348 1623 3476 1678 olim
3499 1626 3606 1696 epi-

2013 1717 2155 1786 scopi
2183 1733 2372 1770 nomen
2402 1718 2555 1787 gerit,
2591 1725 2648 1770 ut
2669 1715 2972 1771 auctoribus
3005 1731 3220 1786 operum
3243 1724 3360 1787 post
3388 1717 3604 1786 adeptos

2015 1811 2232 1863 honores
2289 1810 2489 1880 passim
2538 1809 2754 1863 accidit.
2785 1807 3080 1878 Ceteroqui
3115 1824 3279 1862 causa
3327 1809 3604 1863 dubitandi

2015 1897 2079 1949 de
2105 1896 2275 1950 sancti
2306 1897 2406 1948 viri
2432 1895 2576 1949 obitu
2619 1912 2721 1949 non
2753 1904 2864 1949 tam
2917 1911 2973 1949 re
3009 1895 3192 1966 aliqua
3222 1895 3481 1967 probabili
3521 1899 3603 1951 ni-

2019 1987 2246 2050 tebatur,
2299 2003 2459 2057 quam
2498 1988 2707 2057 piorum
2736 1987 3060 2040 amantium
3108 1987 3365 2042 desiderio
3403 1989 3608 2042 diutino

2016 2076 2430 2144 sustentabatur,
2473 2077 2563 2149 qui
2617 2077 2776 2131 talem
2806 2077 3103 2147 episcopum
3141 2095 3206 2132 ac
3242 2087 3532 2148 parentem,
3563 2081 3610 2134 si

2019 2168 2134 2236 fieri
2164 2179 2353 2238 posset,
2387 2169 2572 2223 abiisse
2597 2169 3044 2240 nolebant,deque
3073 2186 3133 2224 eo
3169 2187 3404 2226 rumores
3437 2172 3612 2225 varios

2021 2258 2170 2312 inani
2197 2260 2582 2329 exspectatione
2609 2259 2849 2314 serebant
2872 2261 3024 2330 quasi
3045 2261 3101 2313 in
3121 2260 3330 2331 angulis
3361 2259 3614 2331 Scythicis

2023 2349 2192 2402 adhuc
2221 2349 2448 2414 viveret;
2471 2349 2629 2404 veluti
2661 2349 2885 2416 exempli
2915 2365 3076 2404 causa
3105 2367 3230 2422 gens
3265 2350 3522 2405 Lusitana
3551 2352 3616 2405 de

2024 2439 2326 2496 Sebastiani
2355 2443 2491 2514 regis
2534 2443 2590 2496 in
2639 2441 2824 2512 proelio
2859 2443 3112 2513 Africano
3141 2443 3396 2496 occisione
3435 2443 3619 2498 diutis-

2023 2536 2153 2588 sime
2168 2534 2446 2587 dubitavit.
2481 2533 2625 2588 Illud
2653 2535 2790 2588 serio
2816 2536 3343 2590 animadvertendum
3370 2538 3618 2608 est,quod

2024 2625 2309 2696 Martyrius
2335 2627 2550 2696 quidam
2577 2625 3193 2698 Constantinopolitanus
3227 2629 3481 2682 diaconus
3507 2627 3618 2683 Ro-

2029 2735 2171 2771 mam
2228 2719 2298 2771 ad
2331 2717 2694 2772 Innocentium
2741 2735 2836 2788 pro
2875 2719 3230 2790 Chrysostomi
3273 2736 3435 2774 causa
3482 2721 3620 2775 venit

2030 2809 2260 2880 (Haut/2.
2295 2809 2401 2864 V'it.
2449 2810 2676 2882 Chrys.,
2708 2827 2762 2881 p.
2813 2811 2960 2882 154).
3013 2812 3198 2867 Utrum
3253 2821 3432 2866 tamen
3484 2812 3622 2866 idem

2028 2915 2181 2953 nomo
2225 2901 2402 2972 fuerit,
2429 2901 2520 2970 qui
2570 2901 2948 2956 Antiochenam
2977 2911 3156 2972 postea
3199 2903 3506 2958 cathedram
3537 2919 3624 2956 oc-

2031 2989 2263 3058 cupavit,
2295 2991 2424 3044 mihi
2455 3007 2556 3044 non
2585 2993 2718 3046 satis
2759 2992 2941 3064 liquet.
2971 2993 3025 3048 Is
3060 3001 3132 3048 est
3163 3002 3300 3048 certe
3336 2993 3624 3064 Martyrius

2033 3091 2206 3136 noster
2230 3099 2382 3152 quem
2422 3081 2480 3137 S.
2521 3083 2712 3137 Petrus
2747 3083 3061 3150 Damianus,
3097 3100 3276 3153 opusc.
3314 3099 3423 3152 xxx,
3462 3083 3514 3150 1,
3547 3083 3626 3139 De

2031 3173 2370 3228 abdicatione
2403 3174 2594 3244 episc.,
2626 3177 2816 3244 refert,
2862 3184 3074 3244 prapter
3096 3176 3398 3229 dissidentis
3450 3174 3628 3231 inobe-

2033 3267 2289 3320 dientiam
2324 3265 2503 3336 populi
2529 3266 2842 3319 cathedram
2871 3265 3129 3319 dimisisse
3155 3267 3410 3320 dicentem
3427 3282 3446 3320 :
3469 3284 3488 3318 t
3515 3267 3628 3322 Cle-

2035 3375 2094 3412 ro
2123 3375 2224 3412 non
2255 3357 2478 3422 subdito,
2512 3368 2560 3412 et
2583 3356 2776 3428 populo
2805 3358 3167 3423 dissidenti,et
3189 3357 3440 3414 Ecclesiae
3467 3375 3628 3429 squa-

2038 3449 2164 3503 lenti
2212 3449 2552 3516 abrenuntio,
2590 3464 2803 3502 servans
2851 3448 3086 3504 mihimet
3134 3449 3418 3503 sacerdotii
3455 3449 3628 3520 digni-

2040 3550 2223 3598 tatem.
2263 3559 2281 3592 ι

2115 3632 2248 3686 Pars
2295 3631 2422 3696 haec,
2473 3647 2629 3702 quam
2681 3648 2772 3686 nos
2805 3633 3170 3702 comperimus,
3197 3633 3513 3706 Panegyrici
3547 3652 3630 3689 ea:-

2042 3732 2232 3789 trema,
2253 3733 2512 3790 versatur,
2555 3732 2611 3777 ut
2641 3739 2742 3795 par
2776 3734 2910 3788 erat,
2943 3725 2998 3778 in
3029 3726 3274 3780 extremis
3313 3728 3632 3782 sanctissimi

2041 3818 2143 3872 viri
2177 3817 2348 3880 rebus,
2369 3817 2586 3888 ejusque
2613 3817 2773 3872 veluti
2795 3819 3111 3889 martyrium
3141 3818 3386 3884 celebrat,
3419 3829 3634 3890 propter

2042 3910 2448 3981 injustissimam
2479 3909 2833 3981 improborum
2880 3911 3150 3966 hominum
3200 3913 3630 3981 persecutionem.

2052 4003 2328 4058 Hominem
2359 4001 2562 4058 nullum
2610 4003 2926 4058 nominatim
2969 4003 3206 4074 appellat
3247 4013 3450 4070 auctor,
3485 4013 3541 4058 ut
3571 4005 3636 4058 de

2049 4094 2335 4150 viventibus
2394 4094 2788 4166 potentibusque
2835 4095 2951 4165 fieri
2987 4096 3135 4162 solet,
3183 4097 3275 4150 sed
3324 4113 3410 4152 eos
3459 4105 3635 4150 tamen

2051 4186 2210 4240 claris
2259 4187 2388 4240 satis
2439 4185 2695 4240 coloribus
2737 4189 3010 4260 designat,
3044 4189 3408 4260 praecipueque
3459 4204 3634 4244 senem

2052 4277 2325 4332 Arsacium
2339 4286 2387 4331 et
2414 4277 3036 4348 Atticum,Chrysostomi
3065 4277 3243 4332 ambos
3263 4287 3444 4334 contra
3476 4295 3637 4334 cano-

2053 4372 2228 4426 nicam
2256 4370 2493 4442 regulam
2511 4388 2845 4426 successores.
2867 4369 2970 4426 Sed
2995 4372 3050 4425 in
3070 4372 3303 4426 Atticum
3331 4373 3639 4444 gravissime

2053 4463 2331 4526 invehitur,
2365 4477 2518 4532 quem
2542 4463 2742 4534 alioqui
2771 4463 2967 4533 possint
2991 4463 3224 4518 historia:
3252 4465 3502 4520 denotant
3523 4483 3638 4520 am-

2055 4554 2316 4618 bitiosum,
2351 4553 2693 4624 versipellem,
2725 4557 2962 4628 vafrum,
2989 4572 3242 4628 quemque
3280 4555 3562 4611 Palladius
3587 4558 3640 4610 in

2057 4647 2276 4717 Dialogo
2303 4647 2372 4702 de
2409 4646 2530 4701 Vita
2573 4645 2790 4718 Chrys,
2823 4664 2939 4716 cap.
2987 4648 3077 4716 Η,
3117 4649 3351 4704 omnium
3393 4651 3642 4704 adversus

2057 4739 2478 4810 Chrysostomum
2533 4739 2863 4793 molitionum
2913 4739 3040 4794 dicit
3089 4739 3366 4810 artiﬁcem.
3416 4739 3484 4795 Et
3519 4741 3644 4810 quia

2057 4831 2278 4896 Atticus,
2312 4843 2424 4900 post
2465 4831 2756 4884 adversarii
2796 4832 2878 4884 sui
2919 4831 3136 4898 obitum,
3181 4830 3384 4885 nullum
3416 4830 3641 4900 lapidem

2061 4940 2165 4977 non
2218 4923 2476 4987 movebat,
2513 4921 2804 4989 presertim
2852 4923 3290 4976 assentationibus
3323 4929 3372 4976 et
3411 4937 3640 4993 pecunia!

2061 5016 2381 5078 diribitione,
2422 5024 2478 5068 ut
2513 5013 2763 5068 mortales
2805 5030 2982 5069 omnes
3027 5015 3084 5068 in
3121 5031 3274 5069 suam
3303 5023 3510 5084 partem
3545 5025 3648 5068 tra-

2062 5109 2236 5171 heret,
2272 5107 2338 5160 ab
2377 5106 2476 5160 hac
2521 5105 2810 5176 Martyrius
2840 5122 2970 5176 pace
2998 5115 3048 5160 et
3088 5107 3452 5162 communione
3497 5105 3648 5160 valde

2064 5199 2298 5254 alienum
2325 5215 2379 5253 se
2407 5199 2552 5262 dicit,
2583 5207 2900 5270 cteterosque
2940 5215 3118 5254 omnes
3155 5199 3382 5254 deterret
3411 5214 3430 5252 :
3460 5198 3512 5250 in
3543 5213 3646 5266 qua

2063 5308 2194 5347 sane
2221 5291 2484 5345 discordia
2505 5289 2597 5344 diu
2617 5291 2990 5346 consentientes
3015 5289 3199 5345 habuit
3227 5298 3338 5344 tum
3357 5285 3650 5344 Orientales

2067 5392 2180 5438 tum
2219 5383 2382 5437 etiam
2427 5381 2784 5438 Occidentales
2837 5383 3127 5454 episcopos,
3165 5397 3259 5435 nec
3310 5394 3414 5434 non
3478 5378 3652 5450 ipsam

2068 5475 2366 5530 Romanam
2397 5475 2592 5541 sedem,
2623 5492 2740 5546 qua:
2769 5475 2977 5530 nonnisi
3010 5489 3148 5545 aegre
3170 5488 3385 5544 seroque
3421 5469 3651 5526 Atticum

2069 5565 2141 5620 ad
2165 5566 2583 5622 communionem
2609 5583 2762 5621 suam
2788 5565 3001 5636 recepit.
