  <div class='ocr_page' id='page_1' title='image "/cluster/home/n/w/nwhite01/storage/ocr_20150623/47:no.1:pt.1/coo.31924054869460/033.png"; bbox 0 0 4018 6404; ppageno 0'>
   <div class='ocr_carea' id='block_1_1' title="bbox 495 368 631 411">
    <p class='ocr_par' dir='ltr' id='par_1_1' title="bbox 495 368 631 411">
     <span class='ocr_line' id='line_1_1' title="bbox 495 368 631 411; baseline -0.007 0"><span class='ocrx_word' id='word_1_1' title='bbox 495 368 631 411; x_wconf 72' lang='grc' dir='ltr'>κιιιι</span> 
     </span>
    </p>
   </div>
   <div class='ocr_carea' id='block_1_2' title="bbox 500 499 1376 537">
    <p class='ocr_par' dir='ltr' id='par_1_2' title="bbox 500 499 1376 537">
     <span class='ocr_line' id='line_1_2' title="bbox 500 499 1376 537; baseline -0.003 -3"><span class='ocrx_word' id='word_1_2' title='bbox 500 499 1376 537; x_wconf 64' lang='lat' dir='ltr'>W:</span> 
     </span>
    </p>
   </div>
   <div class='ocr_carea' id='block_1_3' title="bbox 1737 317 2634 406">
    <p class='ocr_par' dir='ltr' id='par_1_3' title="bbox 1737 317 2634 406">
     <span class='ocr_line' id='line_1_3' title="bbox 1737 317 2634 406; baseline 0.01 -9"><span class='ocrx_word' id='word_1_3' title='bbox 1737 344 2075 401; x_wconf 69' lang='lat' dir='ltr'><strong>manu&quot;</strong></span> <span class='ocrx_word' id='word_1_4' title='bbox 2112 346 2537 406; x_wconf 69' lang='lat' dir='ltr'>ANTIOCHENI</span> <span class='ocrx_word' id='word_1_5' title='bbox 2628 317 2634 323; x_wconf 67' lang='grc'><em>’</em></span> 
     </span>
    </p>
   </div>
   <div class='ocr_carea' id='block_1_4' title="bbox 1367 502 2443 531">
    <p class='ocr_par' dir='ltr' id='par_1_4' title="bbox 1367 502 2443 531">
     <span class='ocr_line' id='line_1_4' title="bbox 1367 502 2443 531; baseline 0.007 -6"><span class='ocrx_word' id='word_1_6' title='bbox 1367 502 2443 531; x_wconf 60' lang='lat' dir='ltr'>2W:</span> 
     </span>
    </p>
   </div>
   <div class='ocr_carea' id='block_1_5' title="bbox 3646 376 3771 421">
    <p class='ocr_par' dir='ltr' id='par_1_5' title="bbox 3646 376 3771 421">
     <span class='ocr_line' id='line_1_5' title="bbox 3646 376 3771 421; baseline 0.008 -3"><span class='ocrx_word' id='word_1_7' title='bbox 3646 376 3771 421; x_wconf 63' lang='lat' dir='ltr'>XLIV</span> 
     </span>
    </p>
   </div>
   <div class='ocr_carea' id='block_1_6' title="bbox 2367 524 2601 534">
    <p class='ocr_par' dir='ltr' id='par_1_6' title="bbox 2367 524 2601 534">
     <span class='ocr_line' id='line_1_6' title="bbox 2367 524 2601 534; baseline 0.009 -2"><span class='ocrx_word' id='word_1_8' title='bbox 2367 524 2601 534; x_wconf 60' lang='grc' dir='ltr'>...α-ο...</span> 
     </span>
    </p>
   </div>
   <div class='ocr_carea' id='block_1_7' title="bbox 2610 526 2949 538">
    <p class='ocr_par' dir='ltr' id='par_1_7' title="bbox 2610 526 2949 538">
     <span class='ocr_line' id='line_1_7' title="bbox 2610 526 2949 538; baseline 0.012 -4"><span class='ocrx_word' id='word_1_9' title='bbox 2610 526 2949 538; x_wconf 47' lang='lat' dir='ltr'><strong>mm...</strong></span> 
     </span>
    </p>
   </div>
   <div class='ocr_carea' id='block_1_8' title="bbox 2447 511 3734 557">
    <p class='ocr_par' dir='ltr' id='par_1_8' title="bbox 2447 511 3734 557">
     <span class='ocr_line' id='line_1_8' title="bbox 2447 511 3734 557; baseline 0.012 -22"><span class='ocrx_word' id='word_1_10' title='bbox 2447 511 2949 538; x_wconf 38' lang='grc' dir='ltr'>ηιμ-...ΜΨ</span> <span class='ocrx_word' id='word_1_11' title='bbox 2915 516 3734 557; x_wconf 44' lang='grc' dir='ltr'>Μ...</span> 
     </span>
    </p>
   </div>
   <div class='ocr_carea' id='block_1_9' title="bbox 951 685 3288 784">
    <p class='ocr_par' dir='ltr' id='par_1_9' title="bbox 951 685 3288 784">
     <span class='ocr_line' id='line_1_9' title="bbox 951 685 3288 784; baseline 0.006 -12"><span class='ocrx_word' id='word_1_12' title='bbox 951 687 1182 774; x_wconf 88' lang='grc' dir='ltr'>ΤΟΥ</span> <span class='ocrx_word' id='word_1_13' title='bbox 1218 688 1364 774; x_wconf 89' lang='grc' dir='ltr'>ΕΝ</span> <span class='ocrx_word' id='word_1_14' title='bbox 1400 685 1544 779; x_wconf 88' lang='grc' dir='ltr'><strong>ΑΓ</strong></span> <span class='ocrx_word' id='word_1_15' title='bbox 1546 687 1770 773; x_wconf 88' lang='grc' dir='ltr'>ΙΟΙΣ</span> <span class='ocrx_word' id='word_1_16' title='bbox 1805 688 2243 777; x_wconf 85' lang='grc' dir='ltr'>ΠΑΤΡΟΣ</span> <span class='ocrx_word' id='word_1_17' title='bbox 2282 692 2609 778; x_wconf 85' lang='grc' dir='ltr'>ΗΜΩΝ</span> <span class='ocrx_word' id='word_1_18' title='bbox 2652 694 3288 784; x_wconf 77' lang='grc' dir='ltr'>ΜΑΡΤΥΡΙΟΥ</span> 
     </span>
    </p>
   </div>
   <div class='ocr_carea' id='block_1_10' title="bbox 1665 875 2589 937">
    <p class='ocr_par' dir='ltr' id='par_1_10' title="bbox 1665 875 2589 937">
     <span class='ocr_line' id='line_1_10' title="bbox 1665 875 2589 937; baseline 0.012 -10"><span class='ocrx_word' id='word_1_19' title='bbox 1665 875 2046 929; x_wconf 82' lang='grc' dir='ltr'>ΕΠῙΣΚΟῙΙΟ</span> <span class='ocrx_word' id='word_1_20' title='bbox 2061 878 2107 930; x_wconf 84' lang='grc' dir='ltr'><em>Υ</em></span> <span class='ocrx_word' id='word_1_21' title='bbox 2132 881 2589 937; x_wconf 73' lang='grc' dir='ltr'>ΛΝΤΙΟΧΕΙΑΣ</span> 
     </span>
    </p>
   </div>
   <div class='ocr_carea' id='block_1_11' title="bbox 704 1038 3563 1113">
    <p class='ocr_par' dir='ltr' id='par_1_11' title="bbox 704 1038 3563 1113">
     <span class='ocr_line' id='line_1_11' title="bbox 704 1038 3563 1113; baseline 0.007 -20"><span class='ocrx_word' id='word_1_22' title='bbox 704 1039 801 1093; x_wconf 81' lang='grc' dir='ltr'>ΕΚ</span> <span class='ocrx_word' id='word_1_23' title='bbox 839 1039 978 1095; x_wconf 86' lang='grc' dir='ltr'>ΤΟΥ</span> <span class='ocrx_word' id='word_1_24' title='bbox 1004 1038 1087 1093; x_wconf 86' lang='grc' dir='ltr'>ΕΓ</span> <span class='ocrx_word' id='word_1_25' title='bbox 1092 1041 1363 1096; x_wconf 79' lang='grc' dir='ltr'>ΚΩΜΙΟΥ</span> <span class='ocrx_word' id='word_1_26' title='bbox 1394 1041 1503 1096; x_wconf 83' lang='grc' dir='ltr'>ΕΙΣ</span> <span class='ocrx_word' id='word_1_27' title='bbox 1533 1041 1671 1095; x_wconf 84' lang='lat' dir='ltr'>TUN</span> <span class='ocrx_word' id='word_1_28' title='bbox 1697 1044 1787 1096; x_wconf 85' lang='lat' dir='ltr'>EN</span> <span class='ocrx_word' id='word_1_29' title='bbox 1824 1046 2050 1099; x_wconf 80' lang='grc' dir='ltr'>ΑΓΙΟΙΣ</span> <span class='ocrx_word' id='word_1_30' title='bbox 2095 1045 2374 1100; x_wconf 78' lang='grc' dir='ltr'>ΠΑΤΕΡΛ</span> <span class='ocrx_word' id='word_1_31' title='bbox 2408 1048 2607 1102; x_wconf 79' lang='grc' dir='ltr'>ΙΙΜΩΝ</span> <span class='ocrx_word' id='word_1_32' title='bbox 2640 1051 2952 1108; x_wconf 74' lang='grc' dir='ltr'>ΙΩΑΝΝΗΝ</span> <span class='ocrx_word' id='word_1_33' title='bbox 2987 1056 3563 1113; x_wconf 80' lang='grc' dir='ltr'>ΛΡΧΙΕΠΙΣΚΟΠΟΝ</span> 
     </span>
    </p>
   </div>
   <div class='ocr_carea' id='block_1_12' title="bbox 1340 1138 2918 1206">
    <p class='ocr_par' dir='ltr' id='par_1_12' title="bbox 1340 1138 2918 1206">
     <span class='ocr_line' id='line_1_12' title="bbox 1340 1138 2918 1206; baseline 0.008 -16"><span class='ocrx_word' id='word_1_34' title='bbox 1340 1138 2182 1206; x_wconf 79' lang='grc' dir='ltr'>ΚΩΝΣΤΑΝΤΙΝΟΥΠΟΛΕΩΣ,</span> <span class='ocrx_word' id='word_1_35' title='bbox 2219 1144 2357 1196; x_wconf 85' lang='grc' dir='ltr'>ΤΟΝ</span> <span class='ocrx_word' id='word_1_36' title='bbox 2384 1146 2918 1204; x_wconf 79' lang='grc' dir='ltr'>ΧΡΥΣΟΣΤΟΜΟΝ.</span> 
     </span>
    </p>
   </div>
   <div class='ocr_carea' id='block_1_13' title="bbox 559 1444 2078 1525">
    <p class='ocr_par' dir='ltr' id='par_1_13' title="bbox 559 1444 2078 1525">
     <span class='ocr_line' id='line_1_13' title="bbox 559 1444 2078 1525; baseline 0.009 -29"><span class='ocrx_word' id='word_1_37' title='bbox 559 1451 628 1497; x_wconf 84' lang='grc' dir='ltr'>α’.</span> <span class='ocrx_word' id='word_1_38' title='bbox 677 1444 818 1497; x_wconf 82' lang='grc' dir='ltr'>Ἀλλ’</span> <span class='ocrx_word' id='word_1_39' title='bbox 840 1444 934 1499; x_wconf 74' lang='grc' dir='ltr'>ἐπὶ</span> <span class='ocrx_word' id='word_1_40' title='bbox 960 1446 1020 1499; x_wconf 87' lang='lat'>16</span> <span class='ocrx_word' id='word_1_41' title='bbox 1050 1447 1353 1519; x_wconf 88' lang='grc' dir='ltr'>μαρτύριον</span> <span class='ocrx_word' id='word_1_42' title='bbox 1378 1452 1527 1522; x_wconf 78' lang='grc' dir='ltr'>ἡμᾶς</span> <span class='ocrx_word' id='word_1_43' title='bbox 1549 1452 1640 1506; x_wconf 85' lang='grc' dir='ltr'>τοῦ</span> <span class='ocrx_word' id='word_1_44' title='bbox 1668 1454 1881 1525; x_wconf 73' lang='grc' dir='ltr'>[ἰατρὸς</span> <span class='ocrx_word' id='word_1_45' title='bbox 1911 1458 1939 1508; x_wconf 79' lang='grc' dir='ltr'><strong>ὁ</strong></span> <span class='ocrx_word' id='word_1_46' title='bbox 1956 1475 2078 1509; x_wconf 84' lang='grc' dir='ltr'>και-</span> 
     </span>
    </p>
   </div>
   <div class='ocr_carea' id='block_1_14' title="bbox 488 1537 2079 1620">
    <p class='ocr_par' dir='ltr' id='par_1_14' title="bbox 488 1537 2079 1620">
     <span class='ocr_line' id='line_1_14' title="bbox 488 1537 2079 1620; baseline 0.009 -30"><span class='ocrx_word' id='word_1_47' title='bbox 488 1538 583 1607; x_wconf 72' lang='grc' dir='ltr'>ρὸς</span> <span class='ocrx_word' id='word_1_48' title='bbox 616 1537 803 1592; x_wconf 75' lang='grc' dir='ltr'>καλεῖο</span> <span class='ocrx_word' id='word_1_49' title='bbox 843 1539 1143 1612; x_wconf 82' lang='grc' dir='ltr'>μαρτύριον</span> <span class='ocrx_word' id='word_1_50' title='bbox 1180 1542 1482 1613; x_wconf 79' lang='grc' dir='ltr'>στεφανοῦν</span> <span class='ocrx_word' id='word_1_51' title='bbox 1507 1545 1606 1617; x_wconf 85' lang='grc' dir='ltr'>μὲν</span> <span class='ocrx_word' id='word_1_52' title='bbox 1635 1544 1728 1600; x_wconf 78' lang='grc' dir='ltr'>τὸν</span> <span class='ocrx_word' id='word_1_53' title='bbox 1756 1548 1976 1620; x_wconf 81' lang='grc' dir='ltr'>Πατέρα</span> <span class='ocrx_word' id='word_1_54' title='bbox 2013 1550 2079 1604; x_wconf 85' lang='grc' dir='ltr'>δι’</span> 
     </span>
    </p>
   </div>
   <div class='ocr_carea' id='block_1_15' title="bbox 487 1628 2082 1711">
    <p class='ocr_par' dir='ltr' id='par_1_15' title="bbox 487 1628 2082 1711">
     <span class='ocr_line' id='line_1_15' title="bbox 487 1628 2082 1711; baseline 0.01 -31"><span class='ocrx_word' id='word_1_55' title='bbox 487 1628 659 1697; x_wconf 80' lang='grc' dir='ltr'>αὐτὴν</span> <span class='ocrx_word' id='word_1_56' title='bbox 711 1629 804 1682; x_wconf 83' lang='grc' dir='ltr'>τοῦ</span> <span class='ocrx_word' id='word_1_57' title='bbox 849 1630 1176 1703; x_wconf 89' lang='grc' dir='ltr'>πράγματος</span> <span class='ocrx_word' id='word_1_58' title='bbox 1224 1635 1323 1706; x_wconf 73' lang='grc' dir='ltr'>τὴν</span> <span class='ocrx_word' id='word_1_59' title='bbox 1375 1635 1556 1705; x_wconf 82' lang='grc' dir='ltr'>φύσιν,</span> <span class='ocrx_word' id='word_1_60' title='bbox 1599 1639 1975 1711; x_wconf 86' lang='grc' dir='ltr'>ἁνακηρύττον</span> <span class='ocrx_word' id='word_1_61' title='bbox 2024 1642 2082 1695; x_wconf 85' lang='grc' dir='ltr'>δὲ</span> 
     </span>
    </p>
   </div>
   <div class='ocr_carea' id='block_1_16' title="bbox 484 1718 2067 1798">
    <p class='ocr_par' dir='ltr' id='par_1_16' title="bbox 484 1718 2067 1798">
     <span class='ocr_line' id='line_1_16' title="bbox 484 1718 2067 1798; baseline 0.009 -27"><span class='ocrx_word' id='word_1_62' title='bbox 484 1718 580 1772; x_wconf 87' lang='grc' dir='ltr'>τοῦ</span> <span class='ocrx_word' id='word_1_63' title='bbox 609 1719 744 1773; x_wconf 86' lang='grc' dir='ltr'>Θεοῦ</span> <span class='ocrx_word' id='word_1_64' title='bbox 780 1721 841 1774; x_wconf 91' lang='lat'>16</span> <span class='ocrx_word' id='word_1_65' title='bbox 867 1722 1145 1791; x_wconf 80' lang='grc' dir='ltr'>πάνσοφόν</span> <span class='ocrx_word' id='word_1_66' title='bbox 1176 1741 1237 1777; x_wconf 86' lang='grc' dir='ltr'>τε</span> <span class='ocrx_word' id='word_1_67' title='bbox 1266 1727 1361 1778; x_wconf 77' lang='grc' dir='ltr'>καὶ</span> <span class='ocrx_word' id='word_1_68' title='bbox 1394 1726 1703 1798; x_wconf 71' lang='grc' dir='ltr'>εὐμήχανον</span> <span class='ocrx_word' id='word_1_69' title='bbox 1731 1731 1822 1783; x_wconf 76' lang='grc' dir='ltr'>καὶ</span> <span class='ocrx_word' id='word_1_70' title='bbox 1842 1732 2067 1785; x_wconf 65' lang='grc' dir='ltr'>δυνατὸν</span> 
     </span>
    </p>
   </div>
   <div class='ocr_carea' id='block_1_17' title="bbox 486 1811 2080 1893">
    <p class='ocr_par' dir='ltr' id='par_1_17' title="bbox 486 1811 2080 1893">
     <span class='ocr_line' id='line_1_17' title="bbox 486 1811 2080 1893; baseline 0.009 -32"><span class='ocrx_word' id='word_1_71' title='bbox 486 1812 563 1874; x_wconf 87' lang='grc' dir='ltr'>εἰς</span> <span class='ocrx_word' id='word_1_72' title='bbox 608 1812 668 1863; x_wconf 84' lang='lat'>16</span> <span class='ocrx_word' id='word_1_73' title='bbox 709 1811 911 1883; x_wconf 78' lang='grc' dir='ltr'>πόρους</span> <span class='ocrx_word' id='word_1_74' title='bbox 950 1815 1007 1868; x_wconf 91' lang='grc' dir='ltr'>ἐν</span> <span class='ocrx_word' id='word_1_75' title='bbox 1036 1815 1150 1878; x_wconf 83' lang='grc' dir='ltr'>τοῖς</span> <span class='ocrx_word' id='word_1_76' title='bbox 1179 1815 1411 1888; x_wconf 82' lang='grc' dir='ltr'>ἀπόροις</span> <span class='ocrx_word' id='word_1_77' title='bbox 1446 1818 1646 1889; x_wconf 82' lang='grc' dir='ltr'>εὑρεῖν.</span> <span class='ocrx_word' id='word_1_78' title='bbox 1683 1819 1756 1873; x_wconf 84' lang='grc' dir='ltr'>Τὸ</span> <span class='ocrx_word' id='word_1_79' title='bbox 1789 1820 1896 1893; x_wconf 75' lang='grc' dir='ltr'>γὰρ</span> <span class='ocrx_word' id='word_1_80' title='bbox 1922 1821 2080 1892; x_wconf 74' lang='grc' dir='ltr'>εὔχε-</span> 
     </span>
    </p>
   </div>
   <div class='ocr_carea' id='block_1_18' title="bbox 487 1902 2081 1978">
    <p class='ocr_par' dir='ltr' id='par_1_18' title="bbox 487 1902 2081 1978">
     <span class='ocr_line' id='line_1_18' title="bbox 487 1902 2081 1978; baseline 0.008 -25"><span class='ocrx_word' id='word_1_81' title='bbox 487 1902 612 1955; x_wconf 82' lang='grc' dir='ltr'>σθαι</span> <span class='ocrx_word' id='word_1_82' title='bbox 647 1903 745 1974; x_wconf 83' lang='grc' dir='ltr'>μὲν</span> <span class='ocrx_word' id='word_1_83' title='bbox 776 1903 865 1957; x_wconf 77' lang='grc' dir='ltr'>τὸν</span> <span class='ocrx_word' id='word_1_84' title='bbox 909 1902 1064 1972; x_wconf 75' lang='grc' dir='ltr'>ἅγιον</span> <span class='ocrx_word' id='word_1_85' title='bbox 1096 1906 1503 1978; x_wconf 77' lang='grc' dir='ltr'>καταξιωθῆναι</span> <span class='ocrx_word' id='word_1_86' title='bbox 1536 1909 1631 1961; x_wconf 80' lang='grc' dir='ltr'>τοῦ</span> <span class='ocrx_word' id='word_1_87' title='bbox 1672 1911 1917 1964; x_wconf 86' lang='grc' dir='ltr'>τοιούτου</span> <span class='ocrx_word' id='word_1_88' title='bbox 1961 1929 2081 1966; x_wconf 82' lang='grc' dir='ltr'>στε-</span> 
     </span>
    </p>
   </div>
   <div class='ocr_carea' id='block_1_19' title="bbox 488 1994 2082 2073">
    <p class='ocr_par' dir='ltr' id='par_1_19' title="bbox 488 1994 2082 2073">
     <span class='ocr_line' id='line_1_19' title="bbox 488 1994 2082 2073; baseline 0.007 -26"><span class='ocrx_word' id='word_1_89' title='bbox 488 1994 684 2061; x_wconf 79' lang='grc' dir='ltr'>φάνου,</span> <span class='ocrx_word' id='word_1_90' title='bbox 711 1994 804 2047; x_wconf 75' lang='grc' dir='ltr'>τὸν</span> <span class='ocrx_word' id='word_1_91' title='bbox 838 1995 1029 2067; x_wconf 79' lang='grc' dir='ltr'>καιρὸν</span> <span class='ocrx_word' id='word_1_92' title='bbox 1074 1995 1131 2049; x_wconf 85' lang='grc' dir='ltr'>δέ</span> <span class='ocrx_word' id='word_1_93' title='bbox 1169 1997 1329 2050; x_wconf 86' lang='grc' dir='ltr'>τοῦτο</span> <span class='ocrx_word' id='word_1_94' title='bbox 1371 1999 1446 2069; x_wconf 86' lang='grc' dir='ltr'>μὴ</span> <span class='ocrx_word' id='word_1_95' title='bbox 1496 1998 1664 2070; x_wconf 81' lang='grc' dir='ltr'>ἔχειν,</span> <span class='ocrx_word' id='word_1_96' title='bbox 1698 2002 1797 2073; x_wconf 76' lang='grc' dir='ltr'>τῆς</span> <span class='ocrx_word' id='word_1_97' title='bbox 1830 2003 1932 2073; x_wconf 85' lang='grc' dir='ltr'>μὲν</span> <span class='ocrx_word' id='word_1_98' title='bbox 1961 2005 2082 2058; x_wconf 83' lang='grc' dir='ltr'>ἀσε-</span> 
     </span>
    </p>
   </div>
   <div class='ocr_carea' id='block_1_20' title="bbox 485 2085 2081 2166">
    <p class='ocr_par' dir='ltr' id='par_1_20' title="bbox 485 2085 2081 2166">
     <span class='ocr_line' id='line_1_20' title="bbox 485 2085 2081 2166; baseline 0.008 -29"><span class='ocrx_word' id='word_1_99' title='bbox 485 2085 639 2150; x_wconf 84' lang='grc' dir='ltr'>ϐείας</span> <span class='ocrx_word' id='word_1_100' title='bbox 674 2085 1120 2159; x_wconf 86' lang='grc' dir='ltr'>ἀπεληλαμένης,</span> <span class='ocrx_word' id='word_1_101' title='bbox 1157 2088 1257 2160; x_wconf 76' lang='grc' dir='ltr'>τῆς</span> <span class='ocrx_word' id='word_1_102' title='bbox 1301 2090 1584 2154; x_wconf 83' lang='grc' dir='ltr'>εὐσεϐείας</span> <span class='ocrx_word' id='word_1_103' title='bbox 1611 2093 1667 2147; x_wconf 86' lang='grc' dir='ltr'>δέ</span> <span class='ocrx_word' id='word_1_104' title='bbox 1705 2095 2081 2166; x_wconf 83' lang='grc' dir='ltr'>ἐκτεταμένης</span> 
     </span>
    </p>
   </div>
   <div class='ocr_carea' id='block_1_21' title="bbox 486 2181 2078 2261">
    <p class='ocr_par' dir='ltr' id='par_1_21' title="bbox 486 2181 2078 2261">
     <span class='ocr_line' id='line_1_21' title="bbox 486 2181 2078 2261; baseline 0.006 -29"><span class='ocrx_word' id='word_1_105' title='bbox 486 2181 629 2234; x_wconf 77' lang='grc' dir='ltr'>κατὰ</span> <span class='ocrx_word' id='word_1_106' title='bbox 660 2182 841 2253; x_wconf 85' lang='grc' dir='ltr'>πάσης</span> <span class='ocrx_word' id='word_1_107' title='bbox 878 2183 977 2255; x_wconf 82' lang='grc' dir='ltr'>τῆς</span> <span class='ocrx_word' id='word_1_108' title='bbox 1010 2183 1340 2255; x_wconf 82' lang='grc' dir='ltr'>οἰκουμένης</span> <span class='ocrx_word' id='word_1_109' title='bbox 1363 2200 1376 2214; x_wconf 90' lang='grc'><strong>·</strong></span> <span class='ocrx_word' id='word_1_110' title='bbox 1424 2184 1625 2257; x_wconf 86' lang='grc' dir='ltr'>τρόπον</span> <span class='ocrx_word' id='word_1_111' title='bbox 1657 2185 1716 2238; x_wconf 85' lang='grc' dir='ltr'>δέ</span> <span class='ocrx_word' id='word_1_112' title='bbox 1756 2204 1878 2240; x_wconf 87' lang='grc' dir='ltr'>τινα</span> <span class='ocrx_word' id='word_1_113' title='bbox 1923 2189 2078 2261; x_wconf 80' lang='grc' dir='ltr'>εὑρε-</span> 
     </span>
    </p>
   </div>
   <div class='ocr_carea' id='block_1_22' title="bbox 498 2273 2082 2354">
    <p class='ocr_par' dir='ltr' id='par_1_22' title="bbox 498 2273 2082 2354">
     <span class='ocr_line' id='line_1_22' title="bbox 498 2273 2082 2354; baseline 0.007 -31"><span class='ocrx_word' id='word_1_114' title='bbox 498 2273 657 2343; x_wconf 79' lang='grc' dir='ltr'>θῆναι</span> <span class='ocrx_word' id='word_1_115' title='bbox 709 2276 1013 2347; x_wconf 82' lang='grc' dir='ltr'>μαρτυρίου</span> <span class='ocrx_word' id='word_1_116' title='bbox 1050 2276 1312 2339; x_wconf 87' lang='grc' dir='ltr'>τοιοῦτον,</span> <span class='ocrx_word' id='word_1_117' title='bbox 1341 2277 1511 2348; x_wconf 82' lang='grc' dir='ltr'>ὅνπερ</span> <span class='ocrx_word' id='word_1_118' title='bbox 1542 2277 1737 2347; x_wconf 74' lang='grc' dir='ltr'>ἄνδρες</span> <span class='ocrx_word' id='word_1_119' title='bbox 1760 2279 1911 2350; x_wconf 80' lang='grc' dir='ltr'>αὐτῷ</span> <span class='ocrx_word' id='word_1_120' title='bbox 1948 2298 2082 2354; x_wconf 86' lang='grc' dir='ltr'>προ-</span> 
     </span>
    </p>
   </div>
   <div class='ocr_carea' id='block_1_23' title="bbox 487 2364 2082 2442">
    <p class='ocr_par' dir='ltr' id='par_1_23' title="bbox 487 2364 2082 2442">
     <span class='ocr_line' id='line_1_23' title="bbox 487 2364 2082 2442; baseline 0.008 -26"><span class='ocrx_word' id='word_1_121' title='bbox 487 2364 670 2418; x_wconf 83' lang='grc' dir='ltr'>ϐάτων</span> <span class='ocrx_word' id='word_1_122' title='bbox 720 2368 1096 2439; x_wconf 76' lang='grc' dir='ltr'>περικείμενοι</span> <span class='ocrx_word' id='word_1_123' title='bbox 1140 2368 1303 2441; x_wconf 83' lang='grc' dir='ltr'>δοράς</span> <span class='ocrx_word' id='word_1_124' title='bbox 1350 2369 1577 2434; x_wconf 82' lang='grc' dir='ltr'>ἄκοντες</span> <span class='ocrx_word' id='word_1_125' title='bbox 1627 2370 1928 2442; x_wconf 80' lang='grc' dir='ltr'>ἐξήνυσαν·</span> <span class='ocrx_word' id='word_1_126' title='bbox 1964 2374 2082 2439; x_wconf 84' lang='grc' dir='ltr'>πῶς</span> 
     </span>
    </p>
   </div>
   <div class='ocr_carea' id='block_1_24' title="bbox 484 2457 2083 2533">
    <p class='ocr_par' dir='ltr' id='par_1_24' title="bbox 484 2457 2083 2533">
     <span class='ocr_line' id='line_1_24' title="bbox 484 2457 2083 2533; baseline 0.007 -24"><span class='ocrx_word' id='word_1_127' title='bbox 484 2457 607 2527; x_wconf 71' lang='grc' dir='ltr'>οὐχὶ</span> <span class='ocrx_word' id='word_1_128' title='bbox 645 2458 743 2529; x_wconf 82' lang='grc' dir='ltr'>τῆς</span> <span class='ocrx_word' id='word_1_129' title='bbox 768 2459 862 2513; x_wconf 82' lang='grc' dir='ltr'>τοῦ</span> <span class='ocrx_word' id='word_1_130' title='bbox 892 2459 1027 2514; x_wconf 90' lang='grc' dir='ltr'>Θεοῦ</span> <span class='ocrx_word' id='word_1_131' title='bbox 1062 2462 1254 2530; x_wconf 89' lang='grc' dir='ltr'>σοφίας</span> <span class='ocrx_word' id='word_1_132' title='bbox 1300 2478 1359 2514; x_wconf 86' lang='grc' dir='ltr'>τε</span> <span class='ocrx_word' id='word_1_133' title='bbox 1400 2461 1494 2514; x_wconf 74' lang='grc' dir='ltr'>καὶ</span> <span class='ocrx_word' id='word_1_134' title='bbox 1528 2461 1709 2533; x_wconf 78' lang='grc' dir='ltr'>ἰσχύος</span> <span class='ocrx_word' id='word_1_135' title='bbox 1743 2459 1883 2518; x_wconf 82' lang='grc' dir='ltr'>εἶναι</span> <span class='ocrx_word' id='word_1_136' title='bbox 1923 2467 2083 2520; x_wconf 88' lang='grc' dir='ltr'>τοῦτο</span> 
     </span>
    </p>
   </div>
   <div class='ocr_carea' id='block_1_25' title="bbox 484 2545 2082 2632">
    <p class='ocr_par' dir='ltr' id='par_1_25' title="bbox 484 2545 2082 2632">
     <span class='ocr_line' id='line_1_25' title="bbox 484 2545 2082 2632; baseline 0.011 -32"><span class='ocrx_word' id='word_1_137' title='bbox 484 2549 666 2619; x_wconf 79' lang='grc' dir='ltr'>ἔργον,</span> <span class='ocrx_word' id='word_1_138' title='bbox 703 2552 1020 2605; x_wconf 75' lang='grc' dir='ltr'>πιστευτέον</span> <span class='ocrx_word' id='word_1_139' title='bbox 1051 2545 1289 2623; x_wconf 79' lang='grc' dir='ltr'>ὀφείλει;</span> <span class='ocrx_word' id='word_1_140' title='bbox 1339 2555 1464 2621; x_wconf 81' lang='grc' dir='ltr'>Πῶς</span> <span class='ocrx_word' id='word_1_141' title='bbox 1493 2552 1586 2611; x_wconf 78' lang='grc' dir='ltr'>οὖν</span> <span class='ocrx_word' id='word_1_142' title='bbox 1629 2559 1780 2632; x_wconf 80' lang='grc' dir='ltr'>αὐτῷ</span> <span class='ocrx_word' id='word_1_143' title='bbox 1804 2561 1899 2615; x_wconf 79' lang='grc' dir='ltr'>καί</span> <span class='ocrx_word' id='word_1_144' title='bbox 1928 2556 2082 2627; x_wconf 74' lang='grc' dir='ltr'>οὗτος</span> 
     </span>
    </p>
   </div>
   <div class='ocr_carea' id='block_1_26' title="bbox 484 2639 1097 2713">
    <p class='ocr_par' dir='ltr' id='par_1_26' title="bbox 484 2639 1097 2713">
     <span class='ocr_line' id='line_1_26' title="bbox 484 2639 1097 2713; baseline 0.011 -22"><span class='ocrx_word' id='word_1_145' title='bbox 484 2640 515 2691; x_wconf 90' lang='lat'>6</span> <span class='ocrx_word' id='word_1_146' title='bbox 554 2639 813 2710; x_wconf 87' lang='grc' dir='ltr'>στέφανος</span> <span class='ocrx_word' id='word_1_147' title='bbox 848 2641 1062 2713; x_wconf 84' lang='grc' dir='ltr'>ἐπλάκη</span> <span class='ocrx_word' id='word_1_148' title='bbox 1083 2660 1097 2705; x_wconf 77' lang='grc' dir='ltr'>ς</span> 
     </span>
    </p>
   </div>
   <div class='ocr_carea' id='block_1_27' title="bbox 563 2730 2073 2812">
    <p class='ocr_par' dir='ltr' id='par_1_27' title="bbox 563 2730 2073 2812">
     <span class='ocr_line' id='line_1_27' title="bbox 563 2730 2073 2812; baseline 0.007 -27"><span class='ocrx_word' id='word_1_149' title='bbox 563 2732 627 2804; x_wconf 87' lang='grc' dir='ltr'>β’.</span> <span class='ocrx_word' id='word_1_150' title='bbox 674 2730 764 2787; x_wconf 85' lang='grc' dir='ltr'>Ἐν</span> <span class='ocrx_word' id='word_1_151' title='bbox 788 2734 1000 2799; x_wconf 86' lang='grc' dir='ltr'>τούτοις</span> <span class='ocrx_word' id='word_1_152' title='bbox 1030 2732 1110 2799; x_wconf 76' lang='grc' dir='ltr'>οἷς</span> <span class='ocrx_word' id='word_1_153' title='bbox 1127 2735 1264 2806; x_wconf 79' lang='grc' dir='ltr'>ἔφην</span> <span class='ocrx_word' id='word_1_154' title='bbox 1283 2737 1391 2791; x_wconf 86' lang='grc' dir='ltr'>τῶν</span> <span class='ocrx_word' id='word_1_155' title='bbox 1418 2740 1761 2812; x_wconf 77' lang='grc' dir='ltr'>πραγμάτων</span> <span class='ocrx_word' id='word_1_156' title='bbox 1795 2743 2073 2807; x_wconf 84' lang='grc' dir='ltr'>ἁπάντων,</span> 
     </span>
    </p>
   </div>
   <div class='ocr_carea' id='block_1_28' title="bbox 483 2825 2073 2909">
    <p class='ocr_par' dir='ltr' id='par_1_28' title="bbox 483 2825 2073 2909">
     <span class='ocr_line' id='line_1_28' title="bbox 483 2825 2073 2909; baseline 0.009 -33"><span class='ocrx_word' id='word_1_157' title='bbox 483 2825 845 2890; x_wconf 75' lang='grc' dir='ltr'>ὑπεξίσταται</span> <span class='ocrx_word' id='word_1_158' title='bbox 887 2827 986 2896; x_wconf 78' lang='grc' dir='ltr'>μὲν</span> <span class='ocrx_word' id='word_1_159' title='bbox 1018 2829 1046 2881; x_wconf 98' lang='lat'>6</span> <span class='ocrx_word' id='word_1_160' title='bbox 1096 2827 1279 2900; x_wconf 86' lang='grc' dir='ltr'>γέρων</span> <span class='ocrx_word' id='word_1_161' title='bbox 1326 2829 1402 2903; x_wconf 90' lang='lat' dir='ltr'>(a)</span> <span class='ocrx_word' id='word_1_162' title='bbox 1447 2832 1548 2902; x_wconf 83' lang='grc' dir='ltr'>τῆς</span> <span class='ocrx_word' id='word_1_163' title='bbox 1586 2832 1733 2904; x_wconf 78' lang='grc' dir='ltr'>ζωῆς</span> <span class='ocrx_word' id='word_1_164' title='bbox 1779 2835 2073 2909; x_wconf 82' lang='grc' dir='ltr'>ἑκατέρας·</span> 
     </span>
    </p>
   </div>
   <div class='ocr_carea' id='block_1_29' title="bbox 485 2916 2078 2998">
    <p class='ocr_par' dir='ltr' id='par_1_29' title="bbox 485 2916 2078 2998">
     <span class='ocr_line' id='line_1_29' title="bbox 485 2916 2078 2998; baseline 0.009 -30"><span class='ocrx_word' id='word_1_165' title='bbox 485 2919 544 2968; x_wconf 77' lang='grc' dir='ltr'>ἐν</span> <span class='ocrx_word' id='word_1_166' title='bbox 574 2916 745 2989; x_wconf 80' lang='grc' dir='ltr'>ταύτῃ</span> <span class='ocrx_word' id='word_1_167' title='bbox 774 2917 894 2988; x_wconf 78' lang='grc' dir='ltr'>μὲν,</span> <span class='ocrx_word' id='word_1_168' title='bbox 925 2919 1143 2990; x_wconf 80' lang='grc' dir='ltr'>ἐκείνης</span> <span class='ocrx_word' id='word_1_169' title='bbox 1164 2937 1177 2951; x_wconf 71' lang='grc' dir='ltr'><strong>ο</strong></span> <span class='ocrx_word' id='word_1_170' title='bbox 1212 2921 1310 2975; x_wconf 77' lang='grc' dir='ltr'>σὺν</span> <span class='ocrx_word' id='word_1_171' title='bbox 1342 2923 1529 2997; x_wconf 83' lang='grc' dir='ltr'>ἐκείνῃ</span> <span class='ocrx_word' id='word_1_172' title='bbox 1554 2925 1632 2989; x_wconf 83' lang='grc' dir='ltr'>δὲ,</span> <span class='ocrx_word' id='word_1_173' title='bbox 1668 2924 1890 2998; x_wconf 85' lang='grc' dir='ltr'>ταύτης.</span> <span class='ocrx_word' id='word_1_174' title='bbox 1929 2928 2078 2981; x_wconf 86' lang='grc' dir='ltr'>Γίνε-</span> 
     </span>
    </p>
   </div>
   <div class='ocr_carea' id='block_1_30' title="bbox 481 3008 2077 3089">
    <p class='ocr_par' dir='ltr' id='par_1_30' title="bbox 481 3008 2077 3089">
     <span class='ocr_line' id='line_1_30' title="bbox 481 3008 2077 3089; baseline 0.008 -28"><span class='ocrx_word' id='word_1_175' title='bbox 481 3027 574 3062; x_wconf 83' lang='grc' dir='ltr'>ται</span> <span class='ocrx_word' id='word_1_176' title='bbox 605 3008 662 3062; x_wconf 86' lang='grc' dir='ltr'>δέ</span> <span class='ocrx_word' id='word_1_177' title='bbox 696 3011 812 3081; x_wconf 86' lang='grc' dir='ltr'>μετ’</span> <span class='ocrx_word' id='word_1_178' title='bbox 838 3013 1045 3065; x_wconf 88' lang='grc' dir='ltr'>ἐκεῖνον</span> <span class='ocrx_word' id='word_1_179' title='bbox 1076 3014 1106 3066; x_wconf 87' lang='lat'>6</span> <span class='ocrx_word' id='word_1_180' title='bbox 1153 3012 1220 3067; x_wconf 79' lang='grc' dir='ltr'>δι’</span> <span class='ocrx_word' id='word_1_181' title='bbox 1248 3014 1458 3069; x_wconf 88' lang='grc' dir='ltr'>ἐκείνου</span> <span class='ocrx_word' id='word_1_182' title='bbox 1489 3014 1558 3070; x_wconf 82' lang='grc' dir='ltr'>τὰ</span> <span class='ocrx_word' id='word_1_183' title='bbox 1596 3016 1789 3089; x_wconf 87' lang='grc' dir='ltr'>ἐκείνῳ</span> <span class='ocrx_word' id='word_1_184' title='bbox 1818 3017 2077 3073; x_wconf 84' lang='grc' dir='ltr'>δοκοῦντα</span> 
     </span>
    </p>
   </div>
   <div class='ocr_carea' id='block_1_31' title="bbox 484 3097 2077 3179">
    <p class='ocr_par' dir='ltr' id='par_1_31' title="bbox 484 3097 2077 3179">
     <span class='ocr_line' id='line_1_31' title="bbox 484 3097 2077 3179; baseline 0.008 -25"><span class='ocrx_word' id='word_1_185' title='bbox 484 3097 623 3157; x_wconf 71' lang='grc' dir='ltr'>εἶναι</span> <span class='ocrx_word' id='word_1_186' title='bbox 646 3102 900 3171; x_wconf 83' lang='grc' dir='ltr'>πράττων</span> <span class='ocrx_word' id='word_1_187' title='bbox 930 3103 1146 3159; x_wconf 74' lang='grc' dir='ltr'>ἅπαντα</span> <span class='ocrx_word' id='word_1_188' title='bbox 1168 3123 1181 3136; x_wconf 95' lang='grc'><strong>·</strong></span> <span class='ocrx_word' id='word_1_189' title='bbox 1216 3107 1463 3179; x_wconf 87' lang='grc' dir='ltr'>οἰόμενος</span> <span class='ocrx_word' id='word_1_190' title='bbox 1505 3111 1604 3179; x_wconf 84' lang='grc' dir='ltr'>μὲν</span> <span class='ocrx_word' id='word_1_191' title='bbox 1635 3109 1942 3178; x_wconf 83' lang='grc' dir='ltr'>λανθάνειν,</span> <span class='ocrx_word' id='word_1_192' title='bbox 1990 3112 2077 3167; x_wconf 89' lang='grc' dir='ltr'>λε-</span> 
     </span>
    </p>
   </div>
   <div class='ocr_carea' id='block_1_32' title="bbox 483 3191 2075 3275">
    <p class='ocr_par' dir='ltr' id='par_1_32' title="bbox 483 3191 2075 3275">
     <span class='ocr_line' id='line_1_32' title="bbox 483 3191 2075 3275; baseline 0.009 -28"><span class='ocrx_word' id='word_1_193' title='bbox 483 3192 664 3266; x_wconf 67' lang='grc' dir='ltr'>ληθὼς</span> <span class='ocrx_word' id='word_1_194' title='bbox 694 3195 750 3248; x_wconf 87' lang='grc' dir='ltr'>δέ</span> <span class='ocrx_word' id='word_1_195' title='bbox 779 3195 987 3251; x_wconf 72' lang='grc' dir='ltr'>οὐδένα.</span> <span class='ocrx_word' id='word_1_196' title='bbox 1022 3191 1193 3264; x_wconf 73' lang='grc' dir='ltr'>Οὗτος</span> <span class='ocrx_word' id='word_1_197' title='bbox 1219 3197 1311 3254; x_wconf 70' lang='grc' dir='ltr'>οὖν</span> <span class='ocrx_word' id='word_1_198' title='bbox 1341 3205 1455 3267; x_wconf 86' lang='grc' dir='ltr'>τοῖς</span> <span class='ocrx_word' id='word_1_199' title='bbox 1501 3203 1751 3275; x_wconf 80' lang='grc' dir='ltr'>ἀνοήτοις</span> <span class='ocrx_word' id='word_1_200' title='bbox 1780 3205 1983 3275; x_wconf 87' lang='grc' dir='ltr'>γλυκύς</span> <span class='ocrx_word' id='word_1_201' title='bbox 2018 3225 2075 3261; x_wconf 90' lang='grc' dir='ltr'>τε</span> 
     </span>
    </p>
   </div>
   <div class='ocr_carea' id='block_1_33' title="bbox 484 3285 2074 3365">
    <p class='ocr_par' dir='ltr' id='par_1_33' title="bbox 484 3285 2074 3365">
     <span class='ocr_line' id='line_1_33' title="bbox 484 3285 2074 3365; baseline 0.009 -28"><span class='ocrx_word' id='word_1_202' title='bbox 484 3285 561 3337; x_wconf 78' lang='grc' dir='ltr'>ὢν</span> <span class='ocrx_word' id='word_1_203' title='bbox 600 3287 695 3339; x_wconf 71' lang='grc' dir='ltr'>καὶ</span> <span class='ocrx_word' id='word_1_204' title='bbox 732 3285 957 3353; x_wconf 82' lang='grc' dir='ltr'>πιθανὸς</span> <span class='ocrx_word' id='word_1_205' title='bbox 1000 3289 1097 3343; x_wconf 79' lang='grc' dir='ltr'>καὶ</span> <span class='ocrx_word' id='word_1_206' title='bbox 1154 3290 1447 3357; x_wconf 80' lang='grc' dir='ltr'>κολακείας</span> <span class='ocrx_word' id='word_1_207' title='bbox 1495 3293 1712 3365; x_wconf 89' lang='grc' dir='ltr'>γέμων,</span> <span class='ocrx_word' id='word_1_208' title='bbox 1766 3296 1966 3352; x_wconf 88' lang='grc' dir='ltr'>πείθων</span> <span class='ocrx_word' id='word_1_209' title='bbox 2014 3316 2074 3351; x_wconf 89' lang='grc' dir='ltr'>τε</span> 
     </span>
    </p>
   </div>
   <div class='ocr_carea' id='block_1_34' title="bbox 484 3374 2074 3458">
    <p class='ocr_par' dir='ltr' id='par_1_34' title="bbox 484 3374 2074 3458">
     <span class='ocr_line' id='line_1_34' title="bbox 484 3374 2074 3458; baseline 0.006 -27"><span class='ocrx_word' id='word_1_210' title='bbox 484 3377 753 3442; x_wconf 79' lang='grc' dir='ltr'>ἅπαντας,</span> <span class='ocrx_word' id='word_1_211' title='bbox 794 3379 961 3450; x_wconf 80' lang='grc' dir='ltr'>μηδὲν</span> <span class='ocrx_word' id='word_1_212' title='bbox 988 3375 1127 3434; x_wconf 74' lang='grc' dir='ltr'>εἶναι</span> <span class='ocrx_word' id='word_1_213' title='bbox 1159 3374 1235 3434; x_wconf 83' lang='grc' dir='ltr'>ὧν</span> <span class='ocrx_word' id='word_1_214' title='bbox 1272 3383 1496 3453; x_wconf 82' lang='grc' dir='ltr'>ἐποίησε</span> <span class='ocrx_word' id='word_1_215' title='bbox 1528 3385 1673 3447; x_wconf 86' lang='grc' dir='ltr'>τότε,</span> <span class='ocrx_word' id='word_1_216' title='bbox 1702 3386 1821 3441; x_wconf 79' lang='grc' dir='ltr'>δέον</span> <span class='ocrx_word' id='word_1_217' title='bbox 1847 3388 2074 3458; x_wconf 83' lang='grc' dir='ltr'>ὀμνύναι</span> 
     </span>
    </p>
   </div>
   <div class='ocr_carea' id='block_1_35' title="bbox 489 3464 2067 3552">
    <p class='ocr_par' dir='ltr' id='par_1_35' title="bbox 489 3464 2067 3552">
     <span class='ocr_line' id='line_1_35' title="bbox 489 3464 2067 3552; baseline 0.008 -30"><span class='ocrx_word' id='word_1_218' title='bbox 489 3469 653 3543; x_wconf 79' lang='grc' dir='ltr'>μηδὲν</span> <span class='ocrx_word' id='word_1_219' title='bbox 683 3469 883 3524; x_wconf 81' lang='grc' dir='ltr'>εἰδέναι</span> <span class='ocrx_word' id='word_1_220' title='bbox 910 3464 984 3526; x_wconf 81' lang='grc' dir='ltr'>ὧν</span> <span class='ocrx_word' id='word_1_221' title='bbox 1018 3471 1248 3544; x_wconf 84' lang='grc' dir='ltr'>ἐλάλησε</span> <span class='ocrx_word' id='word_1_222' title='bbox 1278 3473 1425 3539; x_wconf 87' lang='grc' dir='ltr'>τότε,</span> <span class='ocrx_word' id='word_1_223' title='bbox 1448 3477 1477 3528; x_wconf 91' lang='lat'>6</span> <span class='ocrx_word' id='word_1_224' title='bbox 1529 3476 1812 3549; x_wconf 83' lang='grc' dir='ltr'>Ἀθηναῖος</span> <span class='ocrx_word' id='word_1_225' title='bbox 1837 3479 2067 3552; x_wconf 88' lang='grc' dir='ltr'>δαίμων,</span> 
     </span>
    </p>
   </div>
   <div class='ocr_carea' id='block_1_36' title="bbox 482 3563 2076 3641">
    <p class='ocr_par' dir='ltr' id='par_1_36' title="bbox 482 3563 2076 3641">
     <span class='ocr_line' id='line_1_36' title="bbox 482 3563 2076 3641; baseline 0.007 -27"><span class='ocrx_word' id='word_1_226' title='bbox 482 3564 584 3633; x_wconf 78' lang='grc' dir='ltr'>τῆς</span> <span class='ocrx_word' id='word_1_227' title='bbox 627 3563 880 3634; x_wconf 80' lang='grc' dir='ltr'>Ἀττικῆς</span> <span class='ocrx_word' id='word_1_228' title='bbox 915 3563 1336 3637; x_wconf 80' lang='grc' dir='ltr'>δεισιδαιμονίας</span> <span class='ocrx_word' id='word_1_229' title='bbox 1362 3567 1423 3620; x_wconf 87' lang='lat'>16</span> <span class='ocrx_word' id='word_1_230' title='bbox 1450 3566 1718 3637; x_wconf 89' lang='grc' dir='ltr'>σύμϐολον</span> <span class='ocrx_word' id='word_1_231' title='bbox 1761 3570 1868 3641; x_wconf 83' lang='lat' dir='ltr'>(b)&#39;</span> <span class='ocrx_word' id='word_1_232' title='bbox 1919 3564 2076 3636; x_wconf 76' lang='grc' dir='ltr'>οὗτος</span> 
     </span>
    </p>
   </div>
   <div class='ocr_carea' id='block_1_37' title="bbox 483 3654 2075 3734">
    <p class='ocr_par' dir='ltr' id='par_1_37' title="bbox 483 3654 2075 3734">
     <span class='ocr_line' id='line_1_37' title="bbox 483 3654 2075 3734; baseline 0.009 -27"><span class='ocrx_word' id='word_1_233' title='bbox 483 3654 647 3728; x_wconf 81' lang='grc' dir='ltr'>διπλῇ</span> <span class='ocrx_word' id='word_1_234' title='bbox 683 3655 914 3729; x_wconf 76' lang='grc' dir='ltr'>πληγεὶς</span> <span class='ocrx_word' id='word_1_235' title='bbox 942 3658 1102 3730; x_wconf 79' lang='grc' dir='ltr'>ἀκοῇ,</span> <span class='ocrx_word' id='word_1_236' title='bbox 1137 3658 1294 3713; x_wconf 87' lang='grc' dir='ltr'>τοῦτο</span> <span class='ocrx_word' id='word_1_237' title='bbox 1334 3660 1455 3731; x_wconf 83' lang='grc' dir='ltr'>μὲν,</span> <span class='ocrx_word' id='word_1_238' title='bbox 1486 3662 1594 3715; x_wconf 83' lang='grc' dir='ltr'>τῶν</span> <span class='ocrx_word' id='word_1_239' title='bbox 1619 3662 1714 3717; x_wconf 89' lang='grc' dir='ltr'>τοῦ</span> <span class='ocrx_word' id='word_1_240' title='bbox 1744 3665 1902 3734; x_wconf 81' lang='grc' dir='ltr'>ἁγίου</span> <span class='ocrx_word' id='word_1_241' title='bbox 1939 3684 2075 3721; x_wconf 88' lang='grc' dir='ltr'>κατ-</span> 
     </span>
    </p>
   </div>
   <div class='ocr_carea' id='block_1_38' title="bbox 484 3742 2072 3830">
    <p class='ocr_par' dir='ltr' id='par_1_38' title="bbox 484 3742 2072 3830">
     <span class='ocr_line' id='line_1_38' title="bbox 484 3742 2072 3830; baseline 0.009 -31"><span class='ocrx_word' id='word_1_242' title='bbox 484 3747 826 3819; x_wconf 83' lang='grc' dir='ltr'>ορθωμάτων</span> <span class='ocrx_word' id='word_1_243' title='bbox 849 3742 924 3803; x_wconf 84' lang='grc' dir='ltr'>ὧν</span> <span class='ocrx_word' id='word_1_244' title='bbox 949 3749 1262 3822; x_wconf 83' lang='grc' dir='ltr'>εἰργάζετο,</span> <span class='ocrx_word' id='word_1_245' title='bbox 1306 3752 1397 3806; x_wconf 87' lang='grc' dir='ltr'>καί</span> <span class='ocrx_word' id='word_1_246' title='bbox 1426 3754 1482 3807; x_wconf 85' lang='grc' dir='ltr'>ἐν</span> <span class='ocrx_word' id='word_1_247' title='bbox 1514 3754 1721 3827; x_wconf 72' lang='grc' dir='ltr'>ἐρημία</span> <span class='ocrx_word' id='word_1_248' title='bbox 1746 3757 2072 3830; x_wconf 83' lang='grc' dir='ltr'>καθήμενος,</span> 
     </span>
    </p>
   </div>
   <div class='ocr_carea' id='block_1_39' title="bbox 483 3840 2075 3922">
    <p class='ocr_par' dir='ltr' id='par_1_39' title="bbox 483 3840 2075 3922">
     <span class='ocr_line' id='line_1_39' title="bbox 483 3840 2075 3922; baseline 0.007 -29"><span class='ocrx_word' id='word_1_249' title='bbox 483 3840 660 3911; x_wconf 71' lang='grc' dir='ltr'>ψυχάς</span> <span class='ocrx_word' id='word_1_250' title='bbox 689 3840 888 3913; x_wconf 88' lang='grc' dir='ltr'>μυρίας</span> <span class='ocrx_word' id='word_1_251' title='bbox 913 3842 1013 3906; x_wconf 84' lang='grc' dir='ltr'>τὰς</span> <span class='ocrx_word' id='word_1_252' title='bbox 1041 3842 1141 3913; x_wconf 83' lang='grc' dir='ltr'>μὲν</span> <span class='ocrx_word' id='word_1_253' title='bbox 1163 3845 1228 3897; x_wconf 86' lang='grc' dir='ltr'>ἐκ</span> <span class='ocrx_word' id='word_1_254' title='bbox 1256 3843 1364 3897; x_wconf 82' lang='grc' dir='ltr'>τῶν</span> <span class='ocrx_word' id='word_1_255' title='bbox 1396 3844 1748 3918; x_wconf 84' lang='grc' dir='ltr'>βαρϐαρικῶν</span> <span class='ocrx_word' id='word_1_256' title='bbox 1773 3846 2075 3922; x_wconf 79' lang='grc' dir='ltr'>ἐξωνούμε-</span> 
     </span>
    </p>
   </div>
   <div class='ocr_carea' id='block_1_40' title="bbox 486 3929 2074 4012">
    <p class='ocr_par' dir='ltr' id='par_1_40' title="bbox 486 3929 2074 4012">
     <span class='ocr_line' id='line_1_40' title="bbox 486 3929 2074 4012; baseline 0.006 -27"><span class='ocrx_word' id='word_1_257' title='bbox 486 3949 577 3995; x_wconf 91' lang='grc' dir='ltr'>νος</span> <span class='ocrx_word' id='word_1_258' title='bbox 602 3932 802 4005; x_wconf 75' lang='grc' dir='ltr'>χειρῶν</span> <span class='ocrx_word' id='word_1_259' title='bbox 836 3934 906 4003; x_wconf 90' lang='lat' dir='ltr'>(c)</span> <span class='ocrx_word' id='word_1_260' title='bbox 974 3929 1055 3999; x_wconf 78' lang='grc' dir='ltr'>οἷς</span> <span class='ocrx_word' id='word_1_261' title='bbox 1086 3929 1199 4006; x_wconf 76' lang='grc' dir='ltr'>εἶχε</span> <span class='ocrx_word' id='word_1_262' title='bbox 1230 3939 1446 4007; x_wconf 83' lang='grc' dir='ltr'>μικροῖς</span> <span class='ocrx_word' id='word_1_263' title='bbox 1490 3937 1583 3992; x_wconf 79' lang='grc' dir='ltr'>καί</span> <span class='ocrx_word' id='word_1_264' title='bbox 1633 3942 1908 4011; x_wconf 88' lang='grc' dir='ltr'>πενιχροῖς</span> <span class='ocrx_word' id='word_1_265' title='bbox 1938 3942 2074 4012; x_wconf 86' lang='grc' dir='ltr'>χρή-</span> 
     </span>
    </p>
   </div>
   <div class='ocr_carea' id='block_1_41' title="bbox 486 4023 2074 4100">
    <p class='ocr_par' dir='ltr' id='par_1_41' title="bbox 486 4023 2074 4100">
     <span class='ocr_line' id='line_1_41' title="bbox 486 4023 2074 4100; baseline 0.004 -24"><span class='ocrx_word' id='word_1_266' title='bbox 486 4040 654 4092; x_wconf 84' lang='grc' dir='ltr'>μασι·</span> <span class='ocrx_word' id='word_1_267' title='bbox 687 4023 785 4088; x_wconf 71' lang='grc' dir='ltr'>τὰς</span> <span class='ocrx_word' id='word_1_268' title='bbox 825 4023 882 4078; x_wconf 82' lang='grc' dir='ltr'>δέ</span> <span class='ocrx_word' id='word_1_269' title='bbox 912 4026 976 4079; x_wconf 89' lang='grc' dir='ltr'>ἐκ</span> <span class='ocrx_word' id='word_1_270' title='bbox 1002 4024 1112 4078; x_wconf 84' lang='grc' dir='ltr'>τῶν</span> <span class='ocrx_word' id='word_1_271' title='bbox 1134 4025 1228 4079; x_wconf 86' lang='grc' dir='ltr'>τοῦ</span> <span class='ocrx_word' id='word_1_272' title='bbox 1255 4025 1505 4080; x_wconf 87' lang='grc' dir='ltr'>διαϐόλου</span> <span class='ocrx_word' id='word_1_273' title='bbox 1557 4027 1772 4100; x_wconf 82' lang='grc' dir='ltr'>βρόχων</span> <span class='ocrx_word' id='word_1_274' title='bbox 1811 4030 2074 4085; x_wconf 83' lang='grc' dir='ltr'>ἀνασπῶν</span> 
     </span>
    </p>
   </div>
   <div class='ocr_carea' id='block_1_42' title="bbox 480 4111 2068 4194">
    <p class='ocr_par' dir='ltr' id='par_1_42' title="bbox 480 4111 2068 4194">
     <span class='ocr_line' id='line_1_42' title="bbox 480 4111 2068 4194; baseline 0.006 -25"><span class='ocrx_word' id='word_1_275' title='bbox 480 4111 562 4181; x_wconf 77' lang='grc' dir='ltr'>οἷς</span> <span class='ocrx_word' id='word_1_276' title='bbox 591 4113 706 4189; x_wconf 71' lang='grc' dir='ltr'>εἷχε</span> <span class='ocrx_word' id='word_1_277' title='bbox 738 4116 1009 4183; x_wconf 81' lang='grc' dir='ltr'>πλουσίως</span> <span class='ocrx_word' id='word_1_278' title='bbox 1039 4118 1186 4189; x_wconf 84' lang='grc' dir='ltr'>πόνῳ</span> <span class='ocrx_word' id='word_1_279' title='bbox 1220 4121 1315 4174; x_wconf 81' lang='grc' dir='ltr'>καί</span> <span class='ocrx_word' id='word_1_280' title='bbox 1351 4121 1535 4194; x_wconf 83' lang='grc' dir='ltr'>χάριτι</span> <span class='ocrx_word' id='word_1_281' title='bbox 1564 4121 1814 4193; x_wconf 87' lang='grc' dir='ltr'>κτηθεῖσι</span> <span class='ocrx_word' id='word_1_282' title='bbox 1852 4122 2035 4193; x_wconf 87' lang='grc' dir='ltr'>λόγοις</span> <span class='ocrx_word' id='word_1_283' title='bbox 2057 4142 2068 4153; x_wconf 83' lang='grc'><em>’</em></span> 
     </span>
    </p>
   </div>
   <div class='ocr_carea' id='block_1_43' title="bbox 479 4207 2072 4287">
    <p class='ocr_par' dir='ltr' id='par_1_43' title="bbox 479 4207 2072 4287">
     <span class='ocr_line' id='line_1_43' title="bbox 479 4207 2072 4287; baseline 0.008 -27"><span class='ocrx_word' id='word_1_284' title='bbox 479 4207 698 4280; x_wconf 86' lang='grc' dir='ltr'>ἐτέρους</span> <span class='ocrx_word' id='word_1_285' title='bbox 724 4207 868 4281; x_wconf 87' lang='grc' dir='ltr'>λιμῷ</span> <span class='ocrx_word' id='word_1_286' title='bbox 890 4209 982 4264; x_wconf 73' lang='grc' dir='ltr'>καὶ</span> <span class='ocrx_word' id='word_1_287' title='bbox 1008 4213 1151 4283; x_wconf 81' lang='grc' dir='ltr'>φυγῇ</span> <span class='ocrx_word' id='word_1_288' title='bbox 1175 4211 1613 4285; x_wconf 77' lang='grc' dir='ltr'>πολεμουμένους</span> <span class='ocrx_word' id='word_1_289' title='bbox 1641 4216 1757 4280; x_wconf 83' lang='grc' dir='ltr'>τοῖς</span> <span class='ocrx_word' id='word_1_290' title='bbox 1781 4215 1879 4287; x_wconf 83' lang='grc' dir='ltr'>τῆς</span> <span class='ocrx_word' id='word_1_291' title='bbox 1911 4216 2072 4287; x_wconf 82' lang='grc' dir='ltr'>ἁγίας</span> 
     </span>
    </p>
   </div>
   <div class='ocr_carea' id='block_1_44' title="bbox 481 4301 2060 4381">
    <p class='ocr_par' dir='ltr' id='par_1_44' title="bbox 481 4301 2060 4381">
     <span class='ocr_line' id='line_1_44' title="bbox 481 4301 2060 4381; baseline 0.002 -24"><span class='ocrx_word' id='word_1_292' title='bbox 481 4302 654 4373; x_wconf 75' lang='grc' dir='ltr'>γήρας</span> <span class='ocrx_word' id='word_1_293' title='bbox 680 4302 756 4371; x_wconf 86' lang='lat' dir='ltr'>(d)</span> <span class='ocrx_word' id='word_1_294' title='bbox 783 4301 1087 4373; x_wconf 82' lang='grc' dir='ltr'>διατρέφων</span> <span class='ocrx_word' id='word_1_295' title='bbox 1131 4304 1413 4377; x_wconf 84' lang='grc' dir='ltr'>ἀλεύροις·</span> <span class='ocrx_word' id='word_1_296' title='bbox 1465 4308 1807 4380; x_wconf 82' lang='grc' dir='ltr'>μοναστήριά</span> <span class='ocrx_word' id='word_1_297' title='bbox 1850 4326 1911 4363; x_wconf 88' lang='grc' dir='ltr'>τε</span> <span class='ocrx_word' id='word_1_298' title='bbox 1956 4327 2060 4381; x_wconf 84' lang='grc' dir='ltr'>φυ-</span> 
     </span>
    </p>
   </div>
   <div class='ocr_carea' id='block_1_45' title="bbox 478 4390 2069 4471">
    <p class='ocr_par' dir='ltr' id='par_1_45' title="bbox 478 4390 2069 4471">
     <span class='ocr_line' id='line_1_45' title="bbox 478 4390 2069 4471; baseline 0.008 -29"><span class='ocrx_word' id='word_1_299' title='bbox 478 4390 654 4444; x_wconf 86' lang='grc' dir='ltr'>τεύων</span> <span class='ocrx_word' id='word_1_300' title='bbox 682 4393 740 4444; x_wconf 85' lang='grc' dir='ltr'>ἐν</span> <span class='ocrx_word' id='word_1_301' title='bbox 771 4391 953 4460; x_wconf 72' lang='grc' dir='ltr'>φόνοις</span> <span class='ocrx_word' id='word_1_302' title='bbox 995 4394 1088 4447; x_wconf 79' lang='grc' dir='ltr'>καὶ</span> <span class='ocrx_word' id='word_1_303' title='bbox 1118 4394 1395 4466; x_wconf 79' lang='grc' dir='ltr'>ἁρπαγαῖς</span> <span class='ocrx_word' id='word_1_304' title='bbox 1443 4400 1930 4469; x_wconf 85' lang='grc' dir='ltr'>συνεκτραφείσαις</span> <span class='ocrx_word' id='word_1_305' title='bbox 1961 4401 2069 4471; x_wconf 78' lang='grc' dir='ltr'>χὼ·</span> 
     </span>
    </p>
   </div>
   <div class='ocr_carea' id='block_1_46' title="bbox 481 4482 2064 4561">
    <p class='ocr_par' dir='ltr' id='par_1_46' title="bbox 481 4482 2064 4561">
     <span class='ocr_line' id='line_1_46' title="bbox 481 4482 2064 4561; baseline 0.006 -24"><span class='ocrx_word' id='word_1_306' title='bbox 481 4498 626 4555; x_wconf 83' lang='grc' dir='ltr'>ραις,</span> <span class='ocrx_word' id='word_1_307' title='bbox 661 4482 804 4551; x_wconf 80' lang='grc' dir='ltr'>άπερ</span> <span class='ocrx_word' id='word_1_308' title='bbox 847 4483 1061 4537; x_wconf 73' lang='grc' dir='ltr'>ἅπαντα</span> <span class='ocrx_word' id='word_1_309' title='bbox 1095 4485 1291 4558; x_wconf 82' lang='grc' dir='ltr'>μικροῦ</span> <span class='ocrx_word' id='word_1_310' title='bbox 1342 4488 1435 4540; x_wconf 69' lang='lat'>7.9.1</span> <span class='ocrx_word' id='word_1_311' title='bbox 1458 4487 1556 4559; x_wconf 79' lang='grc' dir='ltr'>τὴν</span> <span class='ocrx_word' id='word_1_312' title='bbox 1599 4491 1872 4561; x_wconf 83' lang='grc' dir='ltr'>Ἀντιόχου</span> <span class='ocrx_word' id='word_1_313' title='bbox 1907 4493 2064 4547; x_wconf 87' lang='grc' dir='ltr'>πόλιν</span> 
     </span>
    </p>
   </div>
   <div class='ocr_carea' id='block_1_47' title="bbox 482 4573 2067 4655">
    <p class='ocr_par' dir='ltr' id='par_1_47' title="bbox 482 4573 2067 4655">
     <span class='ocr_line' id='line_1_47' title="bbox 482 4573 2067 4655; baseline 0.007 -30"><span class='ocrx_word' id='word_1_314' title='bbox 482 4575 700 4627; x_wconf 70' lang='grc' dir='ltr'>ἃπασαν</span> <span class='ocrx_word' id='word_1_315' title='bbox 744 4573 1042 4647; x_wconf 81' lang='grc' dir='ltr'>μετῴκισεν</span> <span class='ocrx_word' id='word_1_316' title='bbox 1076 4575 1152 4640; x_wconf 79' lang='grc' dir='ltr'>ὡς</span> <span class='ocrx_word' id='word_1_317' title='bbox 1195 4577 1357 4631; x_wconf 72' lang='grc' dir='ltr'>αὐτόν</span> <span class='ocrx_word' id='word_1_318' title='bbox 1390 4578 1479 4649; x_wconf 88' lang='lat' dir='ltr'>(e).</span> <span class='ocrx_word' id='word_1_319' title='bbox 1532 4579 1703 4634; x_wconf 78' lang='grc' dir='ltr'>Τοῦτο</span> <span class='ocrx_word' id='word_1_320' title='bbox 1731 4581 1789 4635; x_wconf 77' lang='grc' dir='ltr'>δὲ</span> <span class='ocrx_word' id='word_1_321' title='bbox 1832 4583 1924 4635; x_wconf 74' lang='grc' dir='ltr'>καὶ</span> <span class='ocrx_word' id='word_1_322' title='bbox 1968 4586 2067 4655; x_wconf 79' lang='grc' dir='ltr'>τῆς</span> 
     </span>
    </p>
   </div>
   <div class='ocr_carea' id='block_1_48' title="bbox 491 4665 2066 4742">
    <p class='ocr_par' dir='ltr' id='par_1_48' title="bbox 491 4665 2066 4742">
     <span class='ocr_line' id='line_1_48' title="bbox 491 4665 2066 4742; baseline 0.007 -24"><span class='ocrx_word' id='word_1_323' title='bbox 491 4665 776 4735; x_wconf 83' lang='grc' dir='ltr'>Ῥωμαίων</span> <span class='ocrx_word' id='word_1_324' title='bbox 818 4665 1119 4739; x_wconf 80' lang='grc' dir='ltr'>ὀρθοτάτης</span> <span class='ocrx_word' id='word_1_325' title='bbox 1150 4667 1405 4739; x_wconf 83' lang='grc' dir='ltr'>κρίσεως,</span> <span class='ocrx_word' id='word_1_326' title='bbox 1434 4672 1483 4724; x_wconf 77' lang='grc' dir='ltr'>οἳ</span> <span class='ocrx_word' id='word_1_327' title='bbox 1511 4670 1909 4742; x_wconf 78' lang='grc' dir='ltr'>συναγαγόντες</span> <span class='ocrx_word' id='word_1_328' title='bbox 1948 4676 2066 4729; x_wconf 86' lang='grc' dir='ltr'>ἐπι-</span> 
     </span>
    </p>
   </div>
   <div class='ocr_carea' id='block_1_49' title="bbox 479 4756 2062 4835">
    <p class='ocr_par' dir='ltr' id='par_1_49' title="bbox 479 4756 2062 4835">
     <span class='ocr_line' id='line_1_49' title="bbox 479 4756 2062 4835; baseline 0.008 -26"><span class='ocrx_word' id='word_1_329' title='bbox 479 4757 696 4811; x_wconf 88' lang='grc' dir='ltr'>σκόπων</span> <span class='ocrx_word' id='word_1_330' title='bbox 726 4756 930 4829; x_wconf 79' lang='grc' dir='ltr'>πλῆθος</span> <span class='ocrx_word' id='word_1_331' title='bbox 958 4759 1048 4832; x_wconf 70' lang='grc' dir='ltr'>(Γ),</span> <span class='ocrx_word' id='word_1_332' title='bbox 1071 4760 1356 4817; x_wconf 85' lang='grc' dir='ltr'>ἐϐούλοντο</span> <span class='ocrx_word' id='word_1_333' title='bbox 1393 4765 1490 4835; x_wconf 78' lang='grc' dir='ltr'>μὲν</span> <span class='ocrx_word' id='word_1_334' title='bbox 1519 4765 1674 4834; x_wconf 78' lang='grc' dir='ltr'>ἄφνω</span> <span class='ocrx_word' id='word_1_335' title='bbox 1705 4764 1908 4832; x_wconf 89' lang='grc' dir='ltr'>πάντες</span> <span class='ocrx_word' id='word_1_336' title='bbox 1937 4768 2062 4822; x_wconf 86' lang='grc' dir='ltr'>πολ-</span> 
     </span>
    </p>
   </div>
   <div class='ocr_carea' id='block_1_50' title="bbox 476 4850 2060 4931">
    <p class='ocr_par' dir='ltr' id='par_1_50' title="bbox 476 4850 2060 4931">
     <span class='ocr_line' id='line_1_50' title="bbox 476 4850 2060 4931; baseline 0.008 -32"><span class='ocrx_word' id='word_1_337' title='bbox 476 4853 557 4906; x_wconf 73' lang='lat' dir='ltr'><strong>zoi</strong></span> <span class='ocrx_word' id='word_1_338' title='bbox 603 4868 662 4904; x_wconf 88' lang='grc' dir='ltr'>τε</span> <span class='ocrx_word' id='word_1_339' title='bbox 709 4850 862 4916; x_wconf 78' lang='grc' dir='ltr'>ὄντες</span> <span class='ocrx_word' id='word_1_340' title='bbox 896 4852 990 4907; x_wconf 75' lang='grc' dir='ltr'>καὶ</span> <span class='ocrx_word' id='word_1_341' title='bbox 1023 4855 1246 4927; x_wconf 79' lang='grc' dir='ltr'>μεγάλῳ</span> <span class='ocrx_word' id='word_1_342' title='bbox 1282 4856 1360 4928; x_wconf 77' lang='grc' dir='ltr'>τῷ</span> <span class='ocrx_word' id='word_1_343' title='bbox 1403 4856 1503 4928; x_wconf 84' lang='grc' dir='ltr'>βίῳ</span> <span class='ocrx_word' id='word_1_344' title='bbox 1546 4857 1774 4930; x_wconf 84' lang='grc' dir='ltr'>δραμεῖν</span> <span class='ocrx_word' id='word_1_345' title='bbox 1831 4860 1925 4913; x_wconf 70' lang='grc' dir='ltr'>ἐπὶ</span> <span class='ocrx_word' id='word_1_346' title='bbox 1962 4862 2060 4931; x_wconf 77' lang='grc' dir='ltr'>τὴν</span> 
     </span>
    </p>
   </div>
   <div class='ocr_carea' id='block_1_51' title="bbox 475 4944 2062 5021">
    <p class='ocr_par' dir='ltr' id='par_1_51' title="bbox 475 4944 2062 5021">
     <span class='ocr_line' id='line_1_51' title="bbox 475 4944 2062 5021; baseline 0.004 -22"><span class='ocrx_word' id='word_1_347' title='bbox 475 4944 893 4999; x_wconf 75' lang='grc' dir='ltr'>Κωνσταντίνου</span> <span class='ocrx_word' id='word_1_348' title='bbox 949 4946 1015 5015; x_wconf 79' lang='grc' dir='ltr'>τῇ</span> <span class='ocrx_word' id='word_1_349' title='bbox 1073 4946 1173 5015; x_wconf 85' lang='grc' dir='ltr'>τῆς</span> <span class='ocrx_word' id='word_1_350' title='bbox 1226 4949 1448 5019; x_wconf 83' lang='grc' dir='ltr'>εἰρήνης</span> <span class='ocrx_word' id='word_1_351' title='bbox 1507 4947 1803 5021; x_wconf 69' lang='grc' dir='ltr'>ἐπιθυμίᾳ,</span> <span class='ocrx_word' id='word_1_352' title='bbox 1853 4949 2062 5020; x_wconf 85' lang='grc' dir='ltr'>βέλτιον</span> 
     </span>
    </p>
   </div>
   <div class='ocr_carea' id='block_1_52' title="bbox 545 5131 2066 5205">
    <p class='ocr_par' dir='ltr' id='par_1_52' title="bbox 545 5131 2066 5205">
     <span class='ocr_line' id='line_1_52' title="bbox 545 5131 2066 5205; baseline -0.001 -17"><span class='ocrx_word' id='word_1_353' title='bbox 545 5133 620 5204; x_wconf 91' lang='lat' dir='ltr'>(a)</span> <span class='ocrx_word' id='word_1_354' title='bbox 660 5131 939 5205; x_wconf 57' lang='lat' dir='ltr'><strong>Arsacius,</strong></span> <span class='ocrx_word' id='word_1_355' title='bbox 973 5142 1033 5189; x_wconf 85' lang='lat' dir='ltr'>nt</span> <span class='ocrx_word' id='word_1_356' title='bbox 1081 5150 1224 5200; x_wconf 83' lang='lat' dir='ltr'><strong>reor,</strong></span> <span class='ocrx_word' id='word_1_357' title='bbox 1271 5131 1363 5203; x_wconf 88' lang='lat' dir='ltr'>qui</span> <span class='ocrx_word' id='word_1_358' title='bbox 1399 5131 1674 5205; x_wconf 81' lang='lat' dir='ltr'><strong>decrepita</strong></span> <span class='ocrx_word' id='word_1_359' title='bbox 1706 5143 1866 5191; x_wconf 68' lang='lat' dir='ltr'><strong>aetate</strong></span> <span class='ocrx_word' id='word_1_360' title='bbox 1907 5134 2066 5188; x_wconf 88' lang='lat' dir='ltr'><strong>datus</strong></span> 
     </span>
    </p>
   </div>
   <div class='ocr_carea' id='block_1_53' title="bbox 470 5202 1400 5286">
    <p class='ocr_par' dir='ltr' id='par_1_53' title="bbox 470 5202 1400 5286">
     <span class='ocr_line' id='line_1_53' title="bbox 470 5202 1400 5286; baseline -0.001 -29"><span class='ocrx_word' id='word_1_361' title='bbox 470 5202 1069 5286; x_wconf 45' lang='lat' dir='ltr'><strong>{uenatnChrysostomo</strong></span> <span class='ocrx_word' id='word_1_362' title='bbox 1089 5215 1400 5286; x_wconf 60' lang='lat' dir='ltr'><strong>suggessor.</strong></span> 
     </span>
    </p>
   </div>
   <div class='ocr_carea' id='block_1_54' title="bbox 543 5273 2063 5347">
    <p class='ocr_par' dir='ltr' id='par_1_54' title="bbox 543 5273 2063 5347">
     <span class='ocr_line' id='line_1_54' title="bbox 543 5273 2063 5347; baseline 0.002 -18"><span class='ocrx_word' id='word_1_363' title='bbox 543 5274 616 5347; x_wconf 74' lang='grc' dir='ltr'>(ὁ)</span> <span class='ocrx_word' id='word_1_364' title='bbox 645 5273 906 5347; x_wconf 70' lang='lat' dir='ltr'><strong>Suspicor</strong></span> <span class='ocrx_word' id='word_1_365' title='bbox 938 5274 1320 5347; x_wconf 65' lang='lat' dir='ltr'><strong>denotat-illoc</strong></span> <span class='ocrx_word' id='word_1_366' title='bbox 1341 5274 1462 5347; x_wconf 71' lang='lat' dir='ltr'><strong>loco</strong></span> <span class='ocrx_word' id='word_1_367' title='bbox 1493 5273 1749 5344; x_wconf 84' lang='lat' dir='ltr'><strong>Atticum,</strong></span> <span class='ocrx_word' id='word_1_368' title='bbox 1776 5277 1870 5347; x_wconf 89' lang='lat' dir='ltr'>qui</span> <span class='ocrx_word' id='word_1_369' title='bbox 1894 5275 2063 5332; x_wconf 82' lang='lat' dir='ltr'><strong>Arsa-</strong></span> 
     </span>
    </p>
   </div>
   <div class='ocr_carea' id='block_1_55' title="bbox 469 5343 2059 5417">
    <p class='ocr_par' dir='ltr' id='par_1_55' title="bbox 469 5343 2059 5417">
     <span class='ocr_line' id='line_1_55' title="bbox 469 5343 2059 5417; baseline -0.001 -16"><span class='ocrx_word' id='word_1_370' title='bbox 469 5343 564 5417; x_wconf 59' lang='lat' dir='ltr'><strong>cio&#39;</strong></span> <span class='ocrx_word' id='word_1_371' title='bbox 585 5343 872 5411; x_wconf 68' lang='lat' dir='ltr'><strong>Successit,</strong></span> <span class='ocrx_word' id='word_1_372' title='bbox 900 5345 1121 5417; x_wconf 83' lang='lat' dir='ltr'><strong>vivente</strong></span> <span class='ocrx_word' id='word_1_373' title='bbox 1151 5345 1331 5417; x_wconf 75' lang='lat' dir='ltr'><strong>adhue</strong></span> <span class='ocrx_word' id='word_1_374' title='bbox 1367 5343 1759 5417; x_wconf 62' lang='lat' dir='ltr'><strong>Chrysostomo</strong></span> <span class='ocrx_word' id='word_1_375' title='bbox 1780 5343 1807 5413; x_wconf 77' lang='grc' dir='ltr'>ς’</span> <span class='ocrx_word' id='word_1_376' title='bbox 1827 5349 2059 5417; x_wconf 86' lang='lat' dir='ltr'>ideoque</span> 
     </span>
    </p>
   </div>
   <div class='ocr_carea' id='block_1_56' title="bbox 470 5415 2050 5488">
    <p class='ocr_par' dir='ltr' id='par_1_56' title="bbox 470 5415 2050 5488">
     <span class='ocr_line' id='line_1_56' title="bbox 470 5415 2050 5488; baseline 0.003 -20"><span class='ocrx_word' id='word_1_377' title='bbox 470 5415 730 5488; x_wconf 76' lang='lat' dir='ltr'><strong>ohtrusus</strong></span> <span class='ocrx_word' id='word_1_378' title='bbox 775 5425 963 5472; x_wconf 85' lang='lat' dir='ltr'><strong>contra</strong></span> <span class='ocrx_word' id='word_1_379' title='bbox 1005 5416 1086 5473; x_wconf 80' lang='lat' dir='ltr'>fas</span> <span class='ocrx_word' id='word_1_380' title='bbox 1119 5426 1267 5488; x_wconf 22' lang='lat' dir='ltr'><strong>erat.‘</strong></span> <span class='ocrx_word' id='word_1_381' title='bbox 1306 5415 1682 5488; x_wconf 33' lang='lat' dir='ltr'><strong>Attici’aljtes,</strong></span> <span class='ocrx_word' id='word_1_382' title='bbox 1730 5419 1930 5488; x_wconf 89' lang='lat' dir='ltr'><strong>quibus</strong></span> <span class='ocrx_word' id='word_1_383' title='bbox 1973 5415 2050 5472; x_wconf 25' lang='lat' dir='ltr'><strong>‘ad</strong></span> 
     </span>
    </p>
   </div>
   <div class='ocr_carea' id='block_1_57' title="bbox 470 5484 2049 5556">
    <p class='ocr_par' dir='ltr' id='par_1_57' title="bbox 470 5484 2049 5556">
     <span class='ocr_line' id='line_1_57' title="bbox 470 5484 2049 5556; baseline 0.001 -17"><span class='ocrx_word' id='word_1_384' title='bbox 470 5484 840 5556; x_wconf 60' lang='grc' dir='ltr'>(ιιι-γεοειοωὶ</span> <span class='ocrx_word' id='word_1_385' title='bbox 864 5489 1088 5544; x_wconf 65' lang='lat' dir='ltr'><strong>exitium</strong></span> <span class='ocrx_word' id='word_1_386' title='bbox 1108 5486 1372 5545; x_wconf 87' lang='lat' dir='ltr'><strong>connisus</strong></span> <span class='ocrx_word' id='word_1_387' title='bbox 1400 5492 1502 5548; x_wconf 85' lang='lat' dir='ltr'><strong>est,</strong></span> <span class='ocrx_word' id='word_1_388' title='bbox 1532 5484 1763 5556; x_wconf 74' lang='lat' dir='ltr'><strong>ejusque</strong></span> <span class='ocrx_word' id='word_1_389' title='bbox 1787 5489 2049 5543; x_wconf 87' lang='lat' dir='ltr'><strong>dissimu-</strong></span> 
     </span>
    </p>
   </div>
   <div class='ocr_carea' id='block_1_58' title="bbox 471 5554 2052 5615">
    <p class='ocr_par' dir='ltr' id='par_1_58' title="bbox 471 5554 2052 5615">
     <span class='ocr_line' id='line_1_58' title="bbox 471 5554 2052 5615; baseline 0.003 -6"><span class='ocrx_word' id='word_1_390' title='bbox 471 5554 600 5609; x_wconf 87' lang='lat' dir='ltr'><strong>latio</strong></span> <span class='ocrx_word' id='word_1_391' title='bbox 629 5562 685 5608; x_wconf 88' lang='lat' dir='ltr'>et</span> <span class='ocrx_word' id='word_1_392' title='bbox 728 5555 934 5613; x_wconf 80' lang='lat' dir='ltr'><strong>fallacia</strong></span> <span class='ocrx_word' id='word_1_393' title='bbox 968 5575 1034 5615; x_wconf 77' lang='lat' dir='ltr'>ex</span> <span class='ocrx_word' id='word_1_394' title='bbox 1077 5556 1351 5615; x_wconf 74' lang='lat' dir='ltr'><strong>historicis</strong></span> <span class='ocrx_word' id='word_1_395' title='bbox 1396 5556 1529 5611; x_wconf 85' lang='lat' dir='ltr'><strong>satis</strong></span> <span class='ocrx_word' id='word_1_396' title='bbox 1563 5554 1804 5613; x_wconf 16' lang='lat' dir='ltr'><strong>7conistat.</strong></span> <span class='ocrx_word' id='word_1_397' title='bbox 1858 5559 2052 5614; x_wconf 86' lang='lat' dir='ltr'>Dicere</span> 
     </span>
    </p>
   </div>
   <div class='ocr_carea' id='block_1_59' title="bbox 472 5623 2044 5702">
    <p class='ocr_par' dir='ltr' id='par_1_59' title="bbox 472 5623 2044 5702">
     <span class='ocr_line' id='line_1_59' title="bbox 472 5623 2044 5702; baseline 0.003 -24"><span class='ocrx_word' id='word_1_398' title='bbox 472 5634 655 5702; x_wconf 65' lang='lat' dir='ltr'><strong>autem</strong></span> <span class='ocrx_word' id='word_1_399' title='bbox 678 5623 893 5702; x_wconf 54' lang='lat' dir='ltr'><strong>videtur;</strong></span> <span class='ocrx_word' id='word_1_400' title='bbox 912 5628 1196 5702; x_wconf 83' lang='lat' dir='ltr'><strong>Martyrius</strong></span> <span class='ocrx_word' id='word_1_401' title='bbox 1223 5627 1617 5683; x_wconf 73' lang='lat' dir='ltr'>Atheniensem</span> <span class='ocrx_word' id='word_1_402' title='bbox 1640 5628 1802 5697; x_wconf 85' lang='lat' dir='ltr'><strong>paulo</strong></span> <span class='ocrx_word' id='word_1_403' title='bbox 1825 5630 2044 5693; x_wconf 84' lang='lat' dir='ltr'><strong>tectius,</strong></span> 
     </span>
    </p>
   </div>
   <div class='ocr_carea' id='block_1_60' title="bbox 473 5692 2051 5770">
    <p class='ocr_par' dir='ltr' id='par_1_60' title="bbox 473 5692 2051 5770">
     <span class='ocr_line' id='line_1_60' title="bbox 473 5692 2051 5770; baseline 0.004 -22"><span class='ocrx_word' id='word_1_404' title='bbox 473 5711 543 5748; x_wconf 87' lang='lat' dir='ltr'>ne</span> <span class='ocrx_word' id='word_1_405' title='bbox 568 5692 739 5770; x_wconf 58' lang='lat' dir='ltr'><strong>dicat</strong></span> <span class='ocrx_word' id='word_1_406' title='bbox 778 5692 1066 5770; x_wconf 71' lang='lat' dir='ltr'>Atti_c_u_m,&#39;</span> <span class='ocrx_word' id='word_1_407' title='bbox 1102 5715 1264 5770; x_wconf 85' lang='lat' dir='ltr'><strong>quem</strong></span> <span class='ocrx_word' id='word_1_408' title='bbox 1315 5705 1505 5770; x_wconf 85' lang='lat' dir='ltr'><strong>utpote</strong></span> <span class='ocrx_word' id='word_1_409' title='bbox 1557 5692 1949 5769; x_wconf 78' lang='lat' dir='ltr'><strong>praepotentem</strong></span> <span class='ocrx_word' id='word_1_410' title='bbox 1994 5709 2051 5754; x_wconf 86' lang='lat' dir='ltr'>et</span> 
     </span>
    </p>
   </div>
   <div class='ocr_carea' id='block_1_61' title="bbox 472 5762 2049 5837">
    <p class='ocr_par' dir='ltr' id='par_1_61' title="bbox 472 5762 2049 5837">
     <span class='ocr_line' id='line_1_61' title="bbox 472 5762 2049 5837; baseline 0.004 -19"><span class='ocrx_word' id='word_1_411' title='bbox 472 5762 918 5837; x_wconf 66' lang='lat' dir='ltr'><strong>archiepiscopali</strong></span> <span class='ocrx_word' id='word_1_412' title='bbox 937 5762 1198 5837; x_wconf 71' lang='lat' dir='ltr'><strong>dignitate</strong></span> <span class='ocrx_word' id='word_1_413' title='bbox 1224 5762 1514 5825; x_wconf 80' lang='lat' dir='ltr'><strong>sublimem</strong></span> <span class='ocrx_word' id='word_1_414' title='bbox 1529 5762 1818 5824; x_wconf 73' lang='lat' dir='ltr'><strong>nominare</strong></span> <span class='ocrx_word' id='word_1_415' title='bbox 1842 5777 2049 5824; x_wconf 87' lang='lat' dir='ltr'><strong>metue-</strong></span> 
     </span>
    </p>
   </div>
   <div class='ocr_carea' id='block_1_62' title="bbox 469 5830 2048 5904">
    <p class='ocr_par' dir='ltr' id='par_1_62' title="bbox 469 5830 2048 5904">
     <span class='ocr_line' id='line_1_62' title="bbox 469 5830 2048 5904; baseline 0.004 -15"><span class='ocrx_word' id='word_1_416' title='bbox 469 5836 502 5889; x_wconf 71' lang='lat'>1.</span> <span class='ocrx_word' id='word_1_417' title='bbox 518 5841 595 5887; x_wconf 79' lang='lat' dir='ltr'><strong>at.</strong></span> <span class='ocrx_word' id='word_1_418' title='bbox 627 5830 927 5904; x_wconf 61' lang='lat' dir='ltr'><strong>Céeteroqm</strong></span> <span class='ocrx_word' id='word_1_419' title='bbox 957 5830 1171 5892; x_wconf 64' lang='lat' dir='ltr'><strong>Aiticus</strong></span> <span class='ocrx_word' id='word_1_420' title='bbox 1201 5838 1465 5895; x_wconf 84' lang='lat' dir='ltr'><strong>oriundus</strong></span> <span class='ocrx_word' id='word_1_421' title='bbox 1496 5849 1610 5895; x_wconf 82' lang='lat' dir='ltr'><strong>erat</strong></span> <span class='ocrx_word' id='word_1_422' title='bbox 1641 5839 1867 5896; x_wconf 82' lang='lat' dir='ltr'><strong>Sebaste</strong></span> <span class='ocrx_word' id='word_1_423' title='bbox 1912 5840 2048 5895; x_wconf 85' lang='lat' dir='ltr'><strong>urbe</strong></span> 
     </span>
    </p>
   </div>
   <div class='ocr_carea' id='block_1_63' title="bbox 2186 1435 3779 1515">
    <p class='ocr_par' dir='ltr' id='par_1_63' title="bbox 2186 1435 3779 1515">
     <span class='ocr_line' id='line_1_63' title="bbox 2186 1435 3779 1515; baseline 0.006 -26"><span class='ocrx_word' id='word_1_424' title='bbox 2186 1435 2325 1492; x_wconf 84' lang='grc' dir='ltr'>εἶναι</span> <span class='ocrx_word' id='word_1_425' title='bbox 2359 1438 2560 1507; x_wconf 83' lang='grc' dir='ltr'>ὀλίγοις</span> <span class='ocrx_word' id='word_1_426' title='bbox 2589 1439 2847 1511; x_wconf 74' lang='grc' dir='ltr'>ᾠήθησαν</span> <span class='ocrx_word' id='word_1_427' title='bbox 2894 1441 3158 1513; x_wconf 87' lang='grc' dir='ltr'>πρότερον</span> <span class='ocrx_word' id='word_1_428' title='bbox 3206 1441 3498 1514; x_wconf 68' lang='grc' dir='ltr'>ἐπιτρέψαι</span> <span class='ocrx_word' id='word_1_429' title='bbox 3545 1442 3607 1497; x_wconf 85' lang='lat'>16</span> <span class='ocrx_word' id='word_1_430' title='bbox 3634 1444 3779 1515; x_wconf 77' lang='grc' dir='ltr'>πρᾶο</span> 
     </span>
    </p>
   </div>
   <div class='ocr_carea' id='block_1_64' title="bbox 2184 1532 3780 1608">
    <p class='ocr_par' dir='ltr' id='par_1_64' title="bbox 2184 1532 3780 1608">
     <span class='ocr_line' id='line_1_64' title="bbox 2184 1532 3780 1608; baseline 0.005 -23"><span class='ocrx_word' id='word_1_431' title='bbox 2184 1548 2321 1600; x_wconf 89' lang='grc' dir='ltr'>γμα,</span> <span class='ocrx_word' id='word_1_432' title='bbox 2362 1532 2452 1586; x_wconf 78' lang='grc' dir='ltr'>καὶ</span> <span class='ocrx_word' id='word_1_433' title='bbox 2480 1533 2641 1586; x_wconf 89' lang='grc' dir='ltr'>πέντε</span> <span class='ocrx_word' id='word_1_434' title='bbox 2682 1534 3020 1598; x_wconf 84' lang='grc' dir='ltr'>ἐπισκόπους</span> <span class='ocrx_word' id='word_1_435' title='bbox 3054 1533 3374 1600; x_wconf 80' lang='grc' dir='ltr'>ἐπιλέκτους</span> <span class='ocrx_word' id='word_1_436' title='bbox 3409 1536 3482 1608; x_wconf 89' lang='lat' dir='ltr'>(g)</span> <span class='ocrx_word' id='word_1_437' title='bbox 3532 1535 3780 1607; x_wconf 76' lang='grc' dir='ltr'>ψηφισά-</span> 
     </span>
    </p>
   </div>
   <div class='ocr_carea' id='block_1_65' title="bbox 2188 1622 3778 1700">
    <p class='ocr_par' dir='ltr' id='par_1_65' title="bbox 2188 1622 3778 1700">
     <span class='ocr_line' id='line_1_65' title="bbox 2188 1622 3778 1700; baseline 0.013 -26"><span class='ocrx_word' id='word_1_438' title='bbox 2188 1639 2365 1692; x_wconf 83' lang='grc' dir='ltr'>μενοι.</span> <span class='ocrx_word' id='word_1_439' title='bbox 2397 1622 2491 1676; x_wconf 81' lang='grc' dir='ltr'>δύο</span> <span class='ocrx_word' id='word_1_440' title='bbox 2519 1640 2579 1675; x_wconf 88' lang='grc' dir='ltr'>τε</span> <span class='ocrx_word' id='word_1_441' title='bbox 2604 1623 3011 1695; x_wconf 88' lang='grc' dir='ltr'>πρεσϐυτέρους</span> <span class='ocrx_word' id='word_1_442' title='bbox 3032 1626 3095 1679; x_wconf 87' lang='grc' dir='ltr'>ἐκ</span> <span class='ocrx_word' id='word_1_443' title='bbox 3120 1625 3221 1695; x_wconf 81' lang='grc' dir='ltr'>τῆς</span> <span class='ocrx_word' id='word_1_444' title='bbox 3251 1626 3497 1698; x_wconf 80' lang='grc' dir='ltr'>μεγάλης</span> <span class='ocrx_word' id='word_1_445' title='bbox 3530 1627 3778 1700; x_wconf 77' lang='grc' dir='ltr'>Ῥώμης.</span> 
     </span>
    </p>
   </div>
   <div class='ocr_carea' id='block_1_66' title="bbox 2187 1713 3776 1789">
    <p class='ocr_par' dir='ltr' id='par_1_66' title="bbox 2187 1713 3776 1789">
     <span class='ocr_line' id='line_1_66' title="bbox 2187 1713 3776 1789; baseline 0.005 -22"><span class='ocrx_word' id='word_1_446' title='bbox 2187 1715 2284 1767; x_wconf 82' lang='grc' dir='ltr'>σὺν</span> <span class='ocrx_word' id='word_1_447' title='bbox 2310 1716 2424 1778; x_wconf 87' lang='grc' dir='ltr'>τοῖς</span> <span class='ocrx_word' id='word_1_448' title='bbox 2454 1713 2663 1768; x_wconf 87' lang='grc' dir='ltr'>ἐνθένδε</span> <span class='ocrx_word' id='word_1_449' title='bbox 2695 1715 2771 1780; x_wconf 83' lang='grc' dir='ltr'>ὡς</span> <span class='ocrx_word' id='word_1_450' title='bbox 2801 1716 3000 1780; x_wconf 77' lang='grc' dir='ltr'>αὐτοὺς</span> <span class='ocrx_word' id='word_1_451' title='bbox 3023 1716 3526 1789; x_wconf 87' lang='grc' dir='ltr'>πρεσϐευσαμένοις</span> <span class='ocrx_word' id='word_1_452' title='bbox 3550 1720 3776 1775; x_wconf 83' lang='grc' dir='ltr'>ἐπισκό-</span> 
     </span>
    </p>
   </div>
   <div class='ocr_carea' id='block_1_67' title="bbox 2190 1807 3781 1885">
    <p class='ocr_par' dir='ltr' id='par_1_67' title="bbox 2190 1807 3781 1885">
     <span class='ocr_line' id='line_1_67' title="bbox 2190 1807 3781 1885; baseline 0.006 -26"><span class='ocrx_word' id='word_1_453' title='bbox 2190 1824 2311 1871; x_wconf 89' lang='grc' dir='ltr'>ποις</span> <span class='ocrx_word' id='word_1_454' title='bbox 2345 1807 2723 1877; x_wconf 84' lang='grc' dir='ltr'>ἐκπέμπουσι,</span> <span class='ocrx_word' id='word_1_455' title='bbox 2762 1808 2931 1880; x_wconf 77' lang='grc' dir='ltr'>μηδὲν</span> <span class='ocrx_word' id='word_1_456' title='bbox 2970 1808 3157 1881; x_wconf 75' lang='grc' dir='ltr'>ἕτερον</span> <span class='ocrx_word' id='word_1_457' title='bbox 3191 1812 3517 1883; x_wconf 81' lang='grc' dir='ltr'>αἰτήσοντας</span> <span class='ocrx_word' id='word_1_458' title='bbox 3555 1812 3647 1867; x_wconf 72' lang='grc' dir='ltr'>τὸν</span> <span class='ocrx_word' id='word_1_459' title='bbox 3679 1813 3781 1885; x_wconf 80' lang='grc' dir='ltr'>βο.-</span> 
     </span>
    </p>
   </div>
   <div class='ocr_carea' id='block_1_68' title="bbox 2188 1899 3781 1982">
    <p class='ocr_par' dir='ltr' id='par_1_68' title="bbox 2188 1899 3781 1982">
     <span class='ocr_line' id='line_1_68' title="bbox 2188 1899 3781 1982; baseline 0.007 -29"><span class='ocrx_word' id='word_1_460' title='bbox 2188 1899 2360 1965; x_wconf 85' lang='grc' dir='ltr'>σιλέα,</span> <span class='ocrx_word' id='word_1_461' title='bbox 2404 1902 2436 1972; x_wconf 75' lang='grc' dir='ltr'>ἢ</span> <span class='ocrx_word' id='word_1_462' title='bbox 2472 1903 2693 1956; x_wconf 81' lang='grc' dir='ltr'>συνόδου</span> <span class='ocrx_word' id='word_1_463' title='bbox 2720 1921 2779 1956; x_wconf 92' lang='grc' dir='ltr'>τε</span> <span class='ocrx_word' id='word_1_464' title='bbox 2815 1904 3122 1976; x_wconf 80' lang='grc' dir='ltr'>ἐπιτροπὴν</span> <span class='ocrx_word' id='word_1_465' title='bbox 3156 1906 3248 1959; x_wconf 77' lang='grc' dir='ltr'>καί</span> <span class='ocrx_word' id='word_1_466' title='bbox 3271 1907 3395 1977; x_wconf 84' lang='grc' dir='ltr'>ὅρον</span> <span class='ocrx_word' id='word_1_467' title='bbox 3427 1909 3485 1962; x_wconf 79' lang='grc' dir='ltr'>ἐν</span> <span class='ocrx_word' id='word_1_468' title='bbox 3517 1908 3594 1981; x_wconf 79' lang='grc' dir='ltr'>τῷ</span> <span class='ocrx_word' id='word_1_469' title='bbox 3630 1912 3781 1982; x_wconf 87' lang='grc' dir='ltr'>πρά-</span> 
     </span>
    </p>
   </div>
   <div class='ocr_carea' id='block_1_69' title="bbox 2185 1995 3388 2070">
    <p class='ocr_par' dir='ltr' id='par_1_69' title="bbox 2185 1995 3388 2070">
     <span class='ocr_line' id='line_1_69' title="bbox 2185 1995 3388 2070; baseline 0.007 -24"><span class='ocrx_word' id='word_1_470' title='bbox 2185 2008 2376 2063; x_wconf 87' lang='grc' dir='ltr'>γματι,</span> <span class='ocrx_word' id='word_1_471' title='bbox 2406 1995 2596 2066; x_wconf 87' lang='grc' dir='ltr'>καιρόν</span> <span class='ocrx_word' id='word_1_472' title='bbox 2625 2012 2683 2048; x_wconf 90' lang='grc' dir='ltr'>τε</span> <span class='ocrx_word' id='word_1_473' title='bbox 2723 1998 2788 2067; x_wconf 85' lang='grc' dir='ltr'>τῇ</span> <span class='ocrx_word' id='word_1_474' title='bbox 2819 1997 3021 2069; x_wconf 83' lang='grc' dir='ltr'>συνόδῳ</span> <span class='ocrx_word' id='word_1_475' title='bbox 3048 1998 3141 2051; x_wconf 81' lang='grc' dir='ltr'>καὶ</span> <span class='ocrx_word' id='word_1_476' title='bbox 3168 1999 3388 2070; x_wconf 86' lang='grc' dir='ltr'>τρόπον.</span> 
     </span>
    </p>
   </div>
   <div class='ocr_carea' id='block_1_70' title="bbox 2256 2081 3785 2164">
    <p class='ocr_par' dir='ltr' id='par_1_70' title="bbox 2256 2081 3785 2164">
     <span class='ocr_line' id='line_1_70' title="bbox 2256 2081 3785 2164; baseline 0.008 -28"><span class='ocrx_word' id='word_1_477' title='bbox 2256 2089 2325 2151; x_wconf 89' lang='grc' dir='ltr'>γ’.</span> <span class='ocrx_word' id='word_1_478' title='bbox 2381 2085 2468 2148; x_wconf 84' lang='grc' dir='ltr'>Ὠς</span> <span class='ocrx_word' id='word_1_479' title='bbox 2499 2085 2555 2138; x_wconf 83' lang='grc' dir='ltr'>δὲ</span> <span class='ocrx_word' id='word_1_480' title='bbox 2586 2081 2725 2139; x_wconf 81' lang='grc' dir='ltr'>εἶδεν</span> <span class='ocrx_word' id='word_1_481' title='bbox 2764 2087 2958 2140; x_wconf 73' lang='grc' dir='ltr'>ἑαυτὸν</span> <span class='ocrx_word' id='word_1_482' title='bbox 2988 2086 3177 2161; x_wconf 80' lang='grc' dir='ltr'>ὥσπερ</span> <span class='ocrx_word' id='word_1_483' title='bbox 3215 2090 3320 2143; x_wconf 82' lang='grc' dir='ltr'>ὑπὸ</span> <span class='ocrx_word' id='word_1_484' title='bbox 3348 2092 3647 2164; x_wconf 84' lang='grc' dir='ltr'>τρικυμίας</span> <span class='ocrx_word' id='word_1_485' title='bbox 3677 2092 3785 2164; x_wconf 81' lang='grc' dir='ltr'>τῆς</span> 
     </span>
    </p>
   </div>
   <div class='ocr_carea' id='block_1_71' title="bbox 2185 2178 3784 2256">
    <p class='ocr_par' dir='ltr' id='par_1_71' title="bbox 2185 2178 3784 2256">
     <span class='ocr_line' id='line_1_71' title="bbox 2185 2178 3784 2256; baseline 0.008 -27"><span class='ocrx_word' id='word_1_486' title='bbox 2185 2178 2263 2248; x_wconf 73' lang='grc' dir='ltr'>(Ιι)</span> <span class='ocrx_word' id='word_1_487' title='bbox 2315 2180 2373 2232; x_wconf 90' lang='grc' dir='ltr'>ἐν</span> <span class='ocrx_word' id='word_1_488' title='bbox 2410 2180 2696 2252; x_wconf 79' lang='grc' dir='ltr'>ἑκατέροις</span> <span class='ocrx_word' id='word_1_489' title='bbox 2744 2180 2915 2252; x_wconf 80' lang='grc' dir='ltr'>ἀκοῆς</span> <span class='ocrx_word' id='word_1_490' title='bbox 2966 2183 3495 2256; x_wconf 84' lang='grc' dir='ltr'>περιαντλούμενον·</span> <span class='ocrx_word' id='word_1_491' title='bbox 3545 2188 3640 2242; x_wconf 60' lang='grc' dir='ltr'>καὶ⁸</span> <span class='ocrx_word' id='word_1_492' title='bbox 3687 2189 3784 2241; x_wconf 82' lang='grc' dir='ltr'>τὸν</span> 
     </span>
    </p>
   </div>
   <div class='ocr_carea' id='block_1_72' title="bbox 2188 2269 3776 2352">
    <p class='ocr_par' dir='ltr' id='par_1_72' title="bbox 2188 2269 3776 2352">
     <span class='ocr_line' id='line_1_72' title="bbox 2188 2269 3776 2352; baseline 0.008 -30"><span class='ocrx_word' id='word_1_493' title='bbox 2188 2269 2285 2340; x_wconf 81' lang='grc' dir='ltr'>μὲν</span> <span class='ocrx_word' id='word_1_494' title='bbox 2313 2270 2405 2323; x_wconf 57' lang='grc' dir='ltr'>ἐπὶ¹</span> <span class='ocrx_word' id='word_1_495' title='bbox 2435 2271 2620 2341; x_wconf 80' lang='grc' dir='ltr'>μεῖζον</span> <span class='ocrx_word' id='word_1_496' title='bbox 2644 2271 2777 2342; x_wconf 69' lang='grc' dir='ltr'>ὕψος</span> <span class='ocrx_word' id='word_1_497' title='bbox 2805 2274 3093 2345; x_wconf 84' lang='grc' dir='ltr'>αἰρόμενον</span> <span class='ocrx_word' id='word_1_498' title='bbox 3132 2278 3336 2348; x_wconf 83' lang='grc' dir='ltr'>ἀρετῆς</span> <span class='ocrx_word' id='word_1_499' title='bbox 3366 2294 3424 2331; x_wconf 89' lang='grc' dir='ltr'>τε</span> <span class='ocrx_word' id='word_1_500' title='bbox 3463 2280 3556 2333; x_wconf 74' lang='grc' dir='ltr'>καὶ</span> <span class='ocrx_word' id='word_1_501' title='bbox 3590 2280 3776 2352; x_wconf 80' lang='grc' dir='ltr'>δόξης,</span> 
     </span>
    </p>
   </div>
   <div class='ocr_carea' id='block_1_73' title="bbox 2182 2362 3787 2440">
    <p class='ocr_par' dir='ltr' id='par_1_73' title="bbox 2182 2362 3787 2440">
     <span class='ocr_line' id='line_1_73' title="bbox 2182 2362 3787 2440; baseline 0.009 -27"><span class='ocrx_word' id='word_1_502' title='bbox 2182 2362 2310 2426; x_wconf 75' lang='grc' dir='ltr'>τοὺς</span> <span class='ocrx_word' id='word_1_503' title='bbox 2330 2362 2387 2415; x_wconf 88' lang='grc' dir='ltr'>δέ</span> <span class='ocrx_word' id='word_1_504' title='bbox 2434 2365 2858 2436; x_wconf 82' lang='grc' dir='ltr'>ἐνισταμένους,</span> <span class='ocrx_word' id='word_1_505' title='bbox 2910 2369 3004 2422; x_wconf 77' lang='grc' dir='ltr'>καὶ</span> <span class='ocrx_word' id='word_1_506' title='bbox 3057 2370 3240 2424; x_wconf 81' lang='grc' dir='ltr'>πᾶσαν</span> <span class='ocrx_word' id='word_1_507' title='bbox 3281 2365 3424 2425; x_wconf 75' lang='grc' dir='ltr'>εἶναι</span> <span class='ocrx_word' id='word_1_508' title='bbox 3471 2372 3787 2440; x_wconf 79' lang='grc' dir='ltr'>φάσκοντας</span> 
     </span>
    </p>
   </div>
   <div class='ocr_carea' id='block_1_74' title="bbox 2184 2453 3783 2536">
    <p class='ocr_par' dir='ltr' id='par_1_74' title="bbox 2184 2453 3783 2536">
     <span class='ocr_line' id='line_1_74' title="bbox 2184 2453 3783 2536; baseline 0.007 -29"><span class='ocrx_word' id='word_1_509' title='bbox 2184 2453 2434 2525; x_wconf 84' lang='grc' dir='ltr'>ἀνάγκην</span> <span class='ocrx_word' id='word_1_510' title='bbox 2459 2455 2553 2509; x_wconf 86' lang='grc' dir='ltr'>τοῦ</span> <span class='ocrx_word' id='word_1_511' title='bbox 2582 2455 2839 2525; x_wconf 83' lang='grc' dir='ltr'>γενέσθαι</span> <span class='ocrx_word' id='word_1_512' title='bbox 2866 2457 3106 2524; x_wconf 84' lang='grc' dir='ltr'>σύνοδον,</span> <span class='ocrx_word' id='word_1_513' title='bbox 3128 2460 3299 2515; x_wconf 83' lang='grc' dir='ltr'>ταῦτά</span> <span class='ocrx_word' id='word_1_514' title='bbox 3325 2478 3382 2514; x_wconf 88' lang='grc' dir='ltr'>τε</span> <span class='ocrx_word' id='word_1_515' title='bbox 3412 2461 3783 2536; x_wconf 86' lang='grc' dir='ltr'>βεϐουλευμέ-</span> 
     </span>
    </p>
   </div>
   <div class='ocr_carea' id='block_1_75' title="bbox 2183 2548 3783 2627">
    <p class='ocr_par' dir='ltr' id='par_1_75' title="bbox 2183 2548 3783 2627">
     <span class='ocr_line' id='line_1_75' title="bbox 2183 2548 3783 2627; baseline 0.008 -28"><span class='ocrx_word' id='word_1_516' title='bbox 2183 2563 2296 2611; x_wconf 89' lang='grc' dir='ltr'>νον,</span> <span class='ocrx_word' id='word_1_517' title='bbox 2334 2549 2427 2601; x_wconf 81' lang='grc' dir='ltr'>καί</span> <span class='ocrx_word' id='word_1_518' title='bbox 2466 2548 2563 2602; x_wconf 89' lang='grc' dir='ltr'>τοῦ</span> <span class='ocrx_word' id='word_1_519' title='bbox 2612 2551 2944 2623; x_wconf 82' lang='grc' dir='ltr'>κρατοῦντος</span> <span class='ocrx_word' id='word_1_520' title='bbox 3000 2554 3114 2607; x_wconf 77' lang='grc' dir='ltr'>ἀνω</span> <span class='ocrx_word' id='word_1_521' title='bbox 3154 2554 3249 2609; x_wconf 83' lang='grc' dir='ltr'>τὸν</span> <span class='ocrx_word' id='word_1_522' title='bbox 3292 2554 3519 2624; x_wconf 79' lang='grc' dir='ltr'>ἀδελφὸν</span> <span class='ocrx_word' id='word_1_523' title='bbox 3569 2556 3631 2627; x_wconf 76' lang='grc' dir='ltr'>(ἰ)</span> <span class='ocrx_word' id='word_1_524' title='bbox 3684 2556 3783 2611; x_wconf 82' lang='grc' dir='ltr'>τὸν</span> 
     </span>
    </p>
   </div>
   <div class='ocr_carea' id='block_1_76' title="bbox 2183 2632 3781 2723">
    <p class='ocr_par' dir='ltr' id='par_1_76' title="bbox 2183 2632 3781 2723">
     <span class='ocr_line' id='line_1_76' title="bbox 2183 2632 3781 2723; baseline 0.01 -32"><span class='ocrx_word' id='word_1_525' title='bbox 2183 2632 2398 2703; x_wconf 79' lang='grc' dir='ltr'>τούτου,</span> <span class='ocrx_word' id='word_1_526' title='bbox 2431 2642 2484 2694; x_wconf 91' lang='grc' dir='ltr'>τί</span> <span class='ocrx_word' id='word_1_527' title='bbox 2525 2645 2706 2707; x_wconf 77' lang='grc' dir='ltr'>ποιεῖς</span> <span class='ocrx_word' id='word_1_528' title='bbox 2743 2642 2847 2697; x_wconf 77' lang='grc' dir='ltr'>Τὸν</span> <span class='ocrx_word' id='word_1_529' title='bbox 2879 2644 3018 2697; x_wconf 85' lang='grc' dir='ltr'>κατὰ</span> <span class='ocrx_word' id='word_1_530' title='bbox 3054 2646 3153 2717; x_wconf 78' lang='grc' dir='ltr'>τῆς</span> <span class='ocrx_word' id='word_1_531' title='bbox 3208 2648 3554 2719; x_wconf 82' lang='grc' dir='ltr'>Ἐκκλησίας,</span> <span class='ocrx_word' id='word_1_532' title='bbox 3584 2651 3646 2705; x_wconf 80' lang='grc' dir='ltr'>ὃν</span> <span class='ocrx_word' id='word_1_533' title='bbox 3668 2653 3781 2723; x_wconf 75' lang='grc' dir='ltr'>πρὸ</span> 
     </span>
    </p>
   </div>
   <div class='ocr_carea' id='block_1_77' title="bbox 2187 2728 3786 2810">
    <p class='ocr_par' dir='ltr' id='par_1_77' title="bbox 2187 2728 3786 2810">
     <span class='ocr_line' id='line_1_77' title="bbox 2187 2728 3786 2810; baseline 0.008 -25"><span class='ocrx_word' id='word_1_534' title='bbox 2187 2731 2417 2805; x_wconf 86' lang='grc' dir='ltr'>βραχέος</span> <span class='ocrx_word' id='word_1_535' title='bbox 2438 2728 2612 2801; x_wconf 81' lang='grc' dir='ltr'>εἷπον,</span> <span class='ocrx_word' id='word_1_536' title='bbox 2639 2734 2977 2790; x_wconf 86' lang='grc' dir='ltr'>ὑπεισελθὼν</span> <span class='ocrx_word' id='word_1_537' title='bbox 2997 2739 3302 2810; x_wconf 79' lang='grc' dir='ltr'>στρατηγὸν</span> <span class='ocrx_word' id='word_1_538' title='bbox 3340 2741 3429 2810; x_wconf 86' lang='lat' dir='ltr'>(j),</span> <span class='ocrx_word' id='word_1_539' title='bbox 3452 2741 3630 2796; x_wconf 87' lang='grc' dir='ltr'>πείθει</span> <span class='ocrx_word' id='word_1_540' title='bbox 3652 2745 3786 2809; x_wconf 84' lang='grc' dir='ltr'>τοὺς</span> 
     </span>
    </p>
   </div>
   <div class='ocr_carea' id='block_1_78' title="bbox 2187 2826 3782 2909">
    <p class='ocr_par' dir='ltr' id='par_1_78' title="bbox 2187 2826 3782 2909">
     <span class='ocr_line' id='line_1_78' title="bbox 2187 2826 3782 2909; baseline 0.008 -31"><span class='ocrx_word' id='word_1_541' title='bbox 2187 2826 2288 2896; x_wconf 82' lang='grc' dir='ltr'>μὲν</span> <span class='ocrx_word' id='word_1_542' title='bbox 2316 2826 2597 2898; x_wconf 65' lang='grc' dir='ltr'>ἐκπέμψαι</span> <span class='ocrx_word' id='word_1_543' title='bbox 2627 2828 2724 2882; x_wconf 82' lang='grc' dir='ltr'>σὺν</span> <span class='ocrx_word' id='word_1_544' title='bbox 2753 2827 2969 2900; x_wconf 75' lang='grc' dir='ltr'>ἀτιμίᾳ,</span> <span class='ocrx_word' id='word_1_545' title='bbox 3004 2829 3080 2893; x_wconf 84' lang='grc' dir='ltr'>ὡς</span> <span class='ocrx_word' id='word_1_546' title='bbox 3105 2830 3172 2884; x_wconf 80' lang='grc' dir='ltr'>ἂν</span> <span class='ocrx_word' id='word_1_547' title='bbox 3200 2831 3488 2905; x_wconf 82' lang='grc' dir='ltr'>ἀλλοτρίας</span> <span class='ocrx_word' id='word_1_548' title='bbox 3514 2835 3782 2909; x_wconf 85' lang='grc' dir='ltr'>ἐπιϐεϐη-</span> 
     </span>
    </p>
   </div>
   <div class='ocr_carea' id='block_1_79' title="bbox 2183 2919 3785 3000">
    <p class='ocr_par' dir='ltr' id='par_1_79' title="bbox 2183 2919 3785 3000">
     <span class='ocr_line' id='line_1_79' title="bbox 2183 2919 3785 3000; baseline 0.007 -28"><span class='ocrx_word' id='word_1_549' title='bbox 2183 2919 2347 2983; x_wconf 86' lang='grc' dir='ltr'>κότας</span> <span class='ocrx_word' id='word_1_550' title='bbox 2388 2919 2566 2991; x_wconf 80' lang='grc' dir='ltr'>ἀρχῆς</span> <span class='ocrx_word' id='word_1_551' title='bbox 2588 2936 2601 2955; x_wconf 76' lang='grc' dir='ltr'><strong><em>ο</em></strong></span> <span class='ocrx_word' id='word_1_552' title='bbox 2632 2922 2760 2985; x_wconf 81' lang='grc' dir='ltr'>τοὺς</span> <span class='ocrx_word' id='word_1_553' title='bbox 2790 2921 2847 2975; x_wconf 90' lang='grc' dir='ltr'>δέ</span> <span class='ocrx_word' id='word_1_554' title='bbox 2900 2923 3117 2977; x_wconf 86' lang='grc' dir='ltr'>ἐνθένδε</span> <span class='ocrx_word' id='word_1_555' title='bbox 3148 2924 3249 2993; x_wconf 81' lang='grc' dir='ltr'>τῆς</span> <span class='ocrx_word' id='word_1_556' title='bbox 3277 2926 3457 2980; x_wconf 84' lang='grc' dir='ltr'>αὐτῶν</span> <span class='ocrx_word' id='word_1_557' title='bbox 3485 2928 3785 3000; x_wconf 80' lang='grc' dir='ltr'>δεηθέντας</span> 
     </span>
    </p>
   </div>
   <div class='ocr_carea' id='block_1_80' title="bbox 2186 3007 3785 3088">
    <p class='ocr_par' dir='ltr' id='par_1_80' title="bbox 2186 3007 3785 3088">
     <span class='ocr_line' id='line_1_80' title="bbox 2186 3007 3785 3088; baseline 0.009 -28"><span class='ocrx_word' id='word_1_558' title='bbox 2186 3007 2461 3080; x_wconf 84' lang='grc' dir='ltr'>βοηθείας,</span> <span class='ocrx_word' id='word_1_559' title='bbox 2493 3009 2570 3072; x_wconf 86' lang='grc' dir='ltr'>ὡς</span> <span class='ocrx_word' id='word_1_560' title='bbox 2595 3011 2693 3083; x_wconf 79' lang='grc' dir='ltr'>τὴν</span> <span class='ocrx_word' id='word_1_561' title='bbox 2735 3011 2923 3066; x_wconf 86' lang='grc' dir='ltr'>ἐνθάδε</span> <span class='ocrx_word' id='word_1_562' title='bbox 2962 3012 3362 3086; x_wconf 76' lang='grc' dir='ltr'>ὑϐρισαμένους</span> <span class='ocrx_word' id='word_1_563' title='bbox 3404 3016 3685 3088; x_wconf 83' lang='grc' dir='ltr'>βασιλείαν</span> <span class='ocrx_word' id='word_1_564' title='bbox 3716 3037 3785 3076; x_wconf 80' lang='grc' dir='ltr'>τι</span> 
     </span>
    </p>
   </div>
   <div class='ocr_carea' id='block_1_81' title="bbox 2184 3099 3785 3182">
    <p class='ocr_par' dir='ltr' id='par_1_81' title="bbox 2184 3099 3785 3182">
     <span class='ocr_line' id='line_1_81' title="bbox 2184 3099 3785 3182; baseline 0.008 -29"><span class='ocrx_word' id='word_1_565' title='bbox 2184 3100 2280 3154; x_wconf 84' lang='grc' dir='ltr'>καὶ</span> <span class='ocrx_word' id='word_1_566' title='bbox 2309 3099 2511 3171; x_wconf 88' lang='grc' dir='ltr'>κρίσιν,</span> <span class='ocrx_word' id='word_1_567' title='bbox 2542 3101 2635 3154; x_wconf 80' lang='grc' dir='ltr'>ἐπὶ</span> <span class='ocrx_word' id='word_1_568' title='bbox 2660 3100 2758 3174; x_wconf 80' lang='grc' dir='ltr'>τὴν</span> <span class='ocrx_word' id='word_1_569' title='bbox 2787 3102 3089 3174; x_wconf 83' lang='grc' dir='ltr'>ὑπερορίαν</span> <span class='ocrx_word' id='word_1_570' title='bbox 3122 3104 3462 3176; x_wconf 82' lang='grc' dir='ltr'>μεταστῆσαι</span> <span class='ocrx_word' id='word_1_571' title='bbox 3494 3106 3602 3177; x_wconf 75' lang='grc' dir='ltr'>(ίι)’</span> <span class='ocrx_word' id='word_1_572' title='bbox 3626 3108 3785 3182; x_wconf 75' lang='grc' dir='ltr'>αὐτῷ</span> 
     </span>
    </p>
   </div>
   <div class='ocr_carea' id='block_1_82' title="bbox 2183 3192 3783 3269">
    <p class='ocr_par' dir='ltr' id='par_1_82' title="bbox 2183 3192 3783 3269">
     <span class='ocr_line' id='line_1_82' title="bbox 2183 3192 3783 3269; baseline 0.005 -22"><span class='ocrx_word' id='word_1_573' title='bbox 2183 3192 2241 3247; x_wconf 84' lang='grc' dir='ltr'>δὲ</span> <span class='ocrx_word' id='word_1_574' title='bbox 2278 3195 2357 3266; x_wconf 85' lang='grc' dir='ltr'>τῷ</span> <span class='ocrx_word' id='word_1_575' title='bbox 2399 3194 2540 3266; x_wconf 84' lang='grc' dir='ltr'>ἁγίῳ</span> <span class='ocrx_word' id='word_1_576' title='bbox 2578 3194 2782 3267; x_wconf 83' lang='grc' dir='ltr'>τρόπον</span> <span class='ocrx_word' id='word_1_577' title='bbox 2824 3196 3110 3267; x_wconf 79' lang='grc' dir='ltr'>ἐπινοῆσαι</span> <span class='ocrx_word' id='word_1_578' title='bbox 3151 3195 3411 3268; x_wconf 77' lang='grc' dir='ltr'>τελευτῆς</span> <span class='ocrx_word' id='word_1_579' title='bbox 3453 3198 3783 3269; x_wconf 78' lang='grc' dir='ltr'>χαλεπώτα-</span> 
     </span>
    </p>
   </div>
   <div class='ocr_carea' id='block_1_83' title="bbox 2183 3287 3787 3365">
    <p class='ocr_par' dir='ltr' id='par_1_83' title="bbox 2183 3287 3787 3365">
     <span class='ocr_line' id='line_1_83' title="bbox 2183 3287 3787 3365; baseline 0.004 -26"><span class='ocrx_word' id='word_1_580' title='bbox 2183 3303 2297 3351; x_wconf 88' lang='grc' dir='ltr'>τον,</span> <span class='ocrx_word' id='word_1_581' title='bbox 2340 3288 2409 3358; x_wconf 81' lang='grc' dir='ltr'>ἢν</span> <span class='ocrx_word' id='word_1_582' title='bbox 2437 3287 2498 3341; x_wconf 83' lang='grc' dir='ltr'>οὑ</span> <span class='ocrx_word' id='word_1_583' title='bbox 2547 3288 2767 3361; x_wconf 84' lang='grc' dir='ltr'>σίδηρος</span> <span class='ocrx_word' id='word_1_584' title='bbox 2798 3291 3081 3362; x_wconf 86' lang='grc' dir='ltr'>ἐποίησεν,</span> <span class='ocrx_word' id='word_1_585' title='bbox 3124 3289 3240 3344; x_wconf 81' lang='grc' dir='ltr'>ἀλλ’</span> <span class='ocrx_word' id='word_1_586' title='bbox 3270 3293 3303 3362; x_wconf 87' lang='grc' dir='ltr'><strong>ή</strong></span> <span class='ocrx_word' id='word_1_587' title='bbox 3337 3291 3474 3346; x_wconf 76' lang='grc' dir='ltr'>πολὺ</span> <span class='ocrx_word' id='word_1_588' title='bbox 3504 3290 3599 3345; x_wconf 87' lang='grc' dir='ltr'>τοῦ</span> <span class='ocrx_word' id='word_1_589' title='bbox 3630 3293 3787 3365; x_wconf 80' lang='grc' dir='ltr'>σιδή-</span> 
     </span>
    </p>
   </div>
   <div class='ocr_carea' id='block_1_84' title="bbox 2186 3380 3783 3459">
    <p class='ocr_par' dir='ltr' id='par_1_84' title="bbox 2186 3380 3783 3459">
     <span class='ocr_line' id='line_1_84' title="bbox 2186 3380 3783 3459; baseline 0.005 -27"><span class='ocrx_word' id='word_1_590' title='bbox 2186 3397 2280 3452; x_wconf 87' lang='grc' dir='ltr'>ρου</span> <span class='ocrx_word' id='word_1_591' title='bbox 2311 3380 2669 3455; x_wconf 86' lang='grc' dir='ltr'>χαλεπωτέρα</span> <span class='ocrx_word' id='word_1_592' title='bbox 2700 3384 2972 3454; x_wconf 75' lang='grc' dir='ltr'>ἀπαγωγὴ</span> <span class='ocrx_word' id='word_1_593' title='bbox 3006 3402 3067 3439; x_wconf 89' lang='grc' dir='ltr'>τε</span> <span class='ocrx_word' id='word_1_594' title='bbox 3099 3385 3289 3459; x_wconf 86' lang='grc' dir='ltr'>μακρά</span> <span class='ocrx_word' id='word_1_595' title='bbox 3333 3385 3429 3440; x_wconf 84' lang='grc' dir='ltr'>καί</span> <span class='ocrx_word' id='word_1_596' title='bbox 3457 3386 3613 3450; x_wconf 85' lang='grc' dir='ltr'>νόσος</span> <span class='ocrx_word' id='word_1_597' title='bbox 3641 3403 3783 3440; x_wconf 85' lang='grc' dir='ltr'>συν-</span> 
     </span>
    </p>
   </div>
   <div class='ocr_carea' id='block_1_85' title="bbox 2182 3470 3787 3548">
    <p class='ocr_par' dir='ltr' id='par_1_85' title="bbox 2182 3470 3787 3548">
     <span class='ocr_line' id='line_1_85' title="bbox 2182 3470 3787 3548; baseline 0.004 -23"><span class='ocrx_word' id='word_1_598' title='bbox 2182 3470 2486 3544; x_wconf 79' lang='grc' dir='ltr'>εζευγμένη</span> <span class='ocrx_word' id='word_1_599' title='bbox 2532 3477 2737 3547; x_wconf 77' lang='grc' dir='ltr'>φυσικῇ</span> <span class='ocrx_word' id='word_1_600' title='bbox 2799 3473 3051 3546; x_wconf 85' lang='grc' dir='ltr'>σώματος</span> <span class='ocrx_word' id='word_1_601' title='bbox 3113 3476 3389 3548; x_wconf 78' lang='grc' dir='ltr'>ἀσθενείᾳ.</span> <span class='ocrx_word' id='word_1_602' title='bbox 3439 3476 3551 3530; x_wconf 72' lang='grc' dir='ltr'>Καὶ</span> <span class='ocrx_word' id='word_1_603' title='bbox 3602 3477 3787 3531; x_wconf 84' lang='grc' dir='ltr'>ταῦτα</span> 
     </span>
    </p>
   </div>
   <div class='ocr_carea' id='block_1_86' title="bbox 2182 3561 3785 3638">
    <p class='ocr_par' dir='ltr' id='par_1_86' title="bbox 2182 3561 3785 3638">
     <span class='ocr_line' id='line_1_86' title="bbox 2182 3561 3785 3638; baseline 0.005 -23"><span class='ocrx_word' id='word_1_604' title='bbox 2182 3561 2319 3634; x_wconf 85' lang='grc' dir='ltr'>ὁμοῦ</span> <span class='ocrx_word' id='word_1_605' title='bbox 2351 3562 2762 3633; x_wconf 87' lang='grc' dir='ltr'>ἐϐουλεύσαντο,</span> <span class='ocrx_word' id='word_1_606' title='bbox 2806 3567 2988 3621; x_wconf 77' lang='grc' dir='ltr'>καὶτὸ</span> <span class='ocrx_word' id='word_1_607' title='bbox 3026 3566 3189 3638; x_wconf 81' lang='grc' dir='ltr'>ἔργον</span> <span class='ocrx_word' id='word_1_608' title='bbox 3217 3569 3422 3623; x_wconf 82' lang='grc' dir='ltr'>εἵπετο.</span> <span class='ocrx_word' id='word_1_609' title='bbox 3462 3569 3574 3622; x_wconf 76' lang='grc' dir='ltr'>Καὶ</span> <span class='ocrx_word' id='word_1_610' title='bbox 3616 3569 3686 3622; x_wconf 88' lang='grc' dir='ltr'>τά</span> <span class='ocrx_word' id='word_1_611' title='bbox 3714 3586 3785 3623; x_wconf 73' lang='grc' dir='ltr'>τι</span> 
     </span>
    </p>
   </div>
   <div class='ocr_carea' id='block_1_87' title="bbox 2184 3652 3784 3728">
    <p class='ocr_par' dir='ltr' id='par_1_87' title="bbox 2184 3652 3784 3728">
     <span class='ocr_line' id='line_1_87' title="bbox 2184 3652 3784 3728; baseline 0.001 -20"><span class='ocrx_word' id='word_1_612' title='bbox 2184 3654 2328 3708; x_wconf 88' lang='grc' dir='ltr'>κατά</span> <span class='ocrx_word' id='word_1_613' title='bbox 2366 3655 2495 3719; x_wconf 76' lang='grc' dir='ltr'>τοὺς</span> <span class='ocrx_word' id='word_1_614' title='bbox 2524 3653 2739 3719; x_wconf 76' lang='grc' dir='ltr'>ἄλλους,</span> <span class='ocrx_word' id='word_1_615' title='bbox 2773 3655 2833 3709; x_wconf 85' lang='grc' dir='ltr'>ὃν</span> <span class='ocrx_word' id='word_1_616' title='bbox 2863 3653 3015 3709; x_wconf 79' lang='grc' dir='ltr'>εἷπεν</span> <span class='ocrx_word' id='word_1_617' title='bbox 3040 3658 3248 3720; x_wconf 79' lang='grc' dir='ltr'>ἐκεῖνος</span> <span class='ocrx_word' id='word_1_618' title='bbox 3281 3652 3394 3727; x_wconf 78' lang='grc' dir='ltr'>εἶχε</span> <span class='ocrx_word' id='word_1_619' title='bbox 3422 3656 3620 3728; x_wconf 77' lang='grc' dir='ltr'>τρόπον</span> <span class='ocrx_word' id='word_1_620' title='bbox 3638 3674 3651 3687; x_wconf 73' lang='grc'><strong><em>⁸</em></strong></span> <span class='ocrx_word' id='word_1_621' title='bbox 3681 3657 3784 3709; x_wconf 76' lang='grc' dir='ltr'>καὶ</span> 
     </span>
    </p>
   </div>
   <div class='ocr_carea' id='block_1_88' title="bbox 2184 3747 3783 3821">
    <p class='ocr_par' dir='ltr' id='par_1_88' title="bbox 2184 3747 3783 3821">
     <span class='ocr_line' id='line_1_88' title="bbox 2184 3747 3783 3821; baseline -0.001 -18"><span class='ocrx_word' id='word_1_622' title='bbox 2184 3749 2306 3803; x_wconf 90' lang='grc' dir='ltr'>τότε</span> <span class='ocrx_word' id='word_1_623' title='bbox 2339 3747 2556 3821; x_wconf 85' lang='grc' dir='ltr'>πρῶτον</span> <span class='ocrx_word' id='word_1_624' title='bbox 2582 3751 2946 3803; x_wconf 85' lang='grc' dir='ltr'>κατεπατεῖτο</span> <span class='ocrx_word' id='word_1_625' title='bbox 2969 3749 3137 3819; x_wconf 86' lang='grc' dir='ltr'>νόμος</span> <span class='ocrx_word' id='word_1_626' title='bbox 3157 3750 3186 3802; x_wconf 87' lang='lat'>6</span> <span class='ocrx_word' id='word_1_627' title='bbox 3211 3749 3342 3820; x_wconf 78' lang='grc' dir='ltr'>περὶ</span> <span class='ocrx_word' id='word_1_628' title='bbox 3360 3748 3471 3802; x_wconf 85' lang='grc' dir='ltr'>τῶν</span> <span class='ocrx_word' id='word_1_629' title='bbox 3486 3748 3783 3819; x_wconf 86' lang='grc' dir='ltr'>πρέσϐεων</span> 
     </span>
    </p>
   </div>
   <div class='ocr_carea' id='block_1_89' title="bbox 2185 3841 3780 3915">
    <p class='ocr_par' dir='ltr' id='par_1_89' title="bbox 2185 3841 3780 3915">
     <span class='ocr_line' id='line_1_89' title="bbox 2185 3841 3780 3915; baseline -0.001 -21"><span class='ocrx_word' id='word_1_630' title='bbox 2185 3842 2397 3913; x_wconf 86' lang='grc' dir='ltr'>ἱερέων,</span> <span class='ocrx_word' id='word_1_631' title='bbox 2440 3841 2571 3914; x_wconf 74' lang='grc' dir='ltr'>περὶ</span> <span class='ocrx_word' id='word_1_632' title='bbox 2608 3843 2833 3915; x_wconf 81' lang='grc' dir='ltr'>εἰρήνης</span> <span class='ocrx_word' id='word_1_633' title='bbox 2875 3857 2936 3894; x_wconf 85' lang='grc' dir='ltr'>τε</span> <span class='ocrx_word' id='word_1_634' title='bbox 2981 3841 3451 3912; x_wconf 84' lang='grc' dir='ltr'>ἐκκλησιαστικῆς</span> <span class='ocrx_word' id='word_1_635' title='bbox 3491 3841 3585 3894; x_wconf 77' lang='grc' dir='ltr'>καὶ</span> <span class='ocrx_word' id='word_1_636' title='bbox 3638 3841 3780 3910; x_wconf 86' lang='grc' dir='ltr'>ὁμο-</span> 
     </span>
    </p>
   </div>
   <div class='ocr_carea' id='block_1_90' title="bbox 2184 3932 3055 4006">
    <p class='ocr_par' dir='ltr' id='par_1_90' title="bbox 2184 3932 3055 4006">
     <span class='ocr_line' id='line_1_90' title="bbox 2184 3932 3055 4006; baseline 0 -20"><span class='ocrx_word' id='word_1_637' title='bbox 2184 3932 2331 3998; x_wconf 86' lang='grc' dir='ltr'>νοίας</span> <span class='ocrx_word' id='word_1_638' title='bbox 2358 3935 2545 4005; x_wconf 80' lang='grc' dir='ltr'>κοινῆς</span> <span class='ocrx_word' id='word_1_639' title='bbox 2580 3932 3055 4006; x_wconf 86' lang='grc' dir='ltr'>πρεσϐευομένων.</span> 
     </span>
    </p>
   </div>
   <div class='ocr_carea' id='block_1_91' title="bbox 2250 4020 3779 4096">
    <p class='ocr_par' dir='ltr' id='par_1_91' title="bbox 2250 4020 3779 4096">
     <span class='ocr_line' id='line_1_91' title="bbox 2250 4020 3779 4096; baseline 0.001 -18"><span class='ocrx_word' id='word_1_640' title='bbox 2250 4025 2313 4080; x_wconf 82' lang='grc' dir='ltr'>δ’.</span> <span class='ocrx_word' id='word_1_641' title='bbox 2371 4026 2480 4080; x_wconf 77' lang='grc' dir='ltr'>Καὶ</span> <span class='ocrx_word' id='word_1_642' title='bbox 2514 4020 2675 4088; x_wconf 82' lang='grc' dir='ltr'>αὖθις</span> <span class='ocrx_word' id='word_1_643' title='bbox 2712 4024 2813 4095; x_wconf 75' lang='grc' dir='ltr'>τὴν</span> <span class='ocrx_word' id='word_1_644' title='bbox 2853 4022 3117 4094; x_wconf 87' lang='grc' dir='ltr'>ταχίστην</span> <span class='ocrx_word' id='word_1_645' title='bbox 3160 4022 3540 4095; x_wconf 83' lang='grc' dir='ltr'>ἐκπέμπονται</span> <span class='ocrx_word' id='word_1_646' title='bbox 3588 4025 3779 4096; x_wconf 88' lang='grc' dir='ltr'>δήμιοι</span> 
     </span>
    </p>
   </div>
   <div class='ocr_carea' id='block_1_92' title="bbox 2181 4114 3776 4193">
    <p class='ocr_par' dir='ltr' id='par_1_92' title="bbox 2181 4114 3776 4193">
     <span class='ocr_line' id='line_1_92' title="bbox 2181 4114 3776 4193; baseline -0.001 -19"><span class='ocrx_word' id='word_1_647' title='bbox 2181 4119 2339 4193; x_wconf 85' lang='grc' dir='ltr'>θυμῷ</span> <span class='ocrx_word' id='word_1_648' title='bbox 2356 4137 2415 4174; x_wconf 88' lang='grc' dir='ltr'>τε</span> <span class='ocrx_word' id='word_1_649' title='bbox 2442 4119 2539 4174; x_wconf 72' lang='grc' dir='ltr'>καὶ</span> <span class='ocrx_word' id='word_1_650' title='bbox 2567 4118 2755 4191; x_wconf 81' lang='grc' dir='ltr'>ἡλικίᾳ</span> <span class='ocrx_word' id='word_1_651' title='bbox 2778 4114 3017 4182; x_wconf 85' lang='grc' dir='ltr'>ζέοντες,</span> <span class='ocrx_word' id='word_1_652' title='bbox 3038 4114 3203 4191; x_wconf 81' lang='grc' dir='ltr'>ἐρωτί</span> <span class='ocrx_word' id='word_1_653' title='bbox 3227 4132 3288 4168; x_wconf 89' lang='grc' dir='ltr'>τε</span> <span class='ocrx_word' id='word_1_654' title='bbox 3314 4116 3602 4189; x_wconf 88' lang='grc' dir='ltr'>λήμματος</span> <span class='ocrx_word' id='word_1_655' title='bbox 3617 4117 3776 4172; x_wconf 85' lang='grc' dir='ltr'>καιό-</span> 
     </span>
    </p>
   </div>
   <div class='ocr_carea' id='block_1_93' title="bbox 2188 4210 3766 4285">
    <p class='ocr_par' dir='ltr' id='par_1_93' title="bbox 2188 4210 3766 4285">
     <span class='ocr_line' id='line_1_93' title="bbox 2188 4210 3766 4285; baseline 0.006 -22"><span class='ocrx_word' id='word_1_656' title='bbox 2188 4231 2362 4285; x_wconf 76' lang='grc' dir='ltr'>μενοι,</span> <span class='ocrx_word' id='word_1_657' title='bbox 2391 4213 2450 4267; x_wconf 83' lang='grc' dir='ltr'>ὃν</span> <span class='ocrx_word' id='word_1_658' title='bbox 2481 4212 2667 4275; x_wconf 80' lang='grc' dir='ltr'>αὐτοῖς</span> <span class='ocrx_word' id='word_1_659' title='bbox 2694 4210 2940 4281; x_wconf 86' lang='grc' dir='ltr'>ὑπέφηνε</span> <span class='ocrx_word' id='word_1_660' title='bbox 2977 4210 3039 4263; x_wconf 90' lang='lat'>16</span> <span class='ocrx_word' id='word_1_661' title='bbox 3070 4211 3166 4266; x_wconf 89' lang='grc' dir='ltr'>τοῦ</span> <span class='ocrx_word' id='word_1_662' title='bbox 3195 4212 3522 4285; x_wconf 81' lang='grc' dir='ltr'>πράγματος</span> <span class='ocrx_word' id='word_1_663' title='bbox 3547 4210 3766 4283; x_wconf 75' lang='grc' dir='ltr'>κέρδος,</span> 
     </span>
    </p>
   </div>
   <div class='ocr_carea' id='block_1_94' title="bbox 2181 4303 3774 4377">
    <p class='ocr_par' dir='ltr' id='par_1_94' title="bbox 2181 4303 3774 4377">
     <span class='ocr_line' id='line_1_94' title="bbox 2181 4303 3774 4377; baseline 0 -18"><span class='ocrx_word' id='word_1_664' title='bbox 2181 4308 2274 4361; x_wconf 68' lang='grc' dir='ltr'>ἐπὶ</span> <span class='ocrx_word' id='word_1_665' title='bbox 2322 4306 2383 4360; x_wconf 80' lang='lat'>16</span> <span class='ocrx_word' id='word_1_666' title='bbox 2417 4306 2510 4360; x_wconf 85' lang='grc' dir='ltr'>τὸν</span> <span class='ocrx_word' id='word_1_667' title='bbox 2549 4305 2760 4360; x_wconf 84' lang='grc' dir='ltr'>δίκαιον</span> <span class='ocrx_word' id='word_1_668' title='bbox 2793 4303 3004 4358; x_wconf 83' lang='grc' dir='ltr'>ἀνελεῖν</span> <span class='ocrx_word' id='word_1_669' title='bbox 3034 4305 3094 4358; x_wconf 79' lang='grc' dir='ltr'>ὃν</span> <span class='ocrx_word' id='word_1_670' title='bbox 3130 4304 3197 4360; x_wconf 85' lang='grc' dir='ltr'>ἂν</span> <span class='ocrx_word' id='word_1_671' title='bbox 3236 4304 3510 4375; x_wconf 87' lang='grc' dir='ltr'>βούλοιντο</span> <span class='ocrx_word' id='word_1_672' title='bbox 3548 4304 3774 4377; x_wconf 89' lang='grc' dir='ltr'>τρόπον.</span> 
     </span>
    </p>
   </div>
   <div class='ocr_carea' id='block_1_95' title="bbox 2178 4396 3775 4470">
    <p class='ocr_par' dir='ltr' id='par_1_95' title="bbox 2178 4396 3775 4470">
     <span class='ocr_line' id='line_1_95' title="bbox 2178 4396 3775 4470; baseline -0.003 -16"><span class='ocrx_word' id='word_1_673' title='bbox 2178 4400 2242 4454; x_wconf 80' lang='grc' dir='ltr'><strong>Οἳ</strong></span> <span class='ocrx_word' id='word_1_674' title='bbox 2275 4401 2370 4454; x_wconf 75' lang='grc' dir='ltr'>καὶ</span> <span class='ocrx_word' id='word_1_675' title='bbox 2401 4398 2812 4463; x_wconf 85' lang='grc' dir='ltr'>ἐπανελθόντες,</span> <span class='ocrx_word' id='word_1_676' title='bbox 2857 4396 2955 4468; x_wconf 78' lang='grc' dir='ltr'>τὴν</span> <span class='ocrx_word' id='word_1_677' title='bbox 3005 4397 3106 4468; x_wconf 91' lang='grc' dir='ltr'>μέν</span> <span class='ocrx_word' id='word_1_678' title='bbox 3137 4397 3390 4469; x_wconf 79' lang='grc' dir='ltr'>τελευτὴν</span> <span class='ocrx_word' id='word_1_679' title='bbox 3418 4396 3515 4451; x_wconf 84' lang='grc' dir='ltr'>τοῦ</span> <span class='ocrx_word' id='word_1_680' title='bbox 3560 4396 3775 4470; x_wconf 74' lang='grc' dir='ltr'>[ἰατρὸς</span> 
     </span>
    </p>
   </div>
   <div class='ocr_carea' id='block_1_96' title="bbox 2177 4490 3772 4562">
    <p class='ocr_par' dir='ltr' id='par_1_96' title="bbox 2177 4490 3772 4562">
     <span class='ocr_line' id='line_1_96' title="bbox 2177 4490 3772 4562; baseline 0 -17"><span class='ocrx_word' id='word_1_681' title='bbox 2177 4490 2615 4561; x_wconf 82' lang='grc' dir='ltr'>ἀπαγγέλλοντες</span> <span class='ocrx_word' id='word_1_682' title='bbox 2657 4491 3062 4562; x_wconf 87' lang='grc' dir='ltr'>κατεμήνυσαν,</span> <span class='ocrx_word' id='word_1_683' title='bbox 3093 4490 3186 4545; x_wconf 77' lang='grc' dir='ltr'>τὸν</span> <span class='ocrx_word' id='word_1_684' title='bbox 3230 4491 3289 4545; x_wconf 88' lang='grc' dir='ltr'>δέ</span> <span class='ocrx_word' id='word_1_685' title='bbox 3328 4490 3531 4562; x_wconf 83' lang='grc' dir='ltr'>ταύτης</span> <span class='ocrx_word' id='word_1_686' title='bbox 3570 4490 3772 4561; x_wconf 84' lang='grc' dir='ltr'>τρόπον</span> 
     </span>
    </p>
   </div>
   <div class='ocr_carea' id='block_1_97' title="bbox 2177 4582 3775 4655">
    <p class='ocr_par' dir='ltr' id='par_1_97' title="bbox 2177 4582 3775 4655">
     <span class='ocr_line' id='line_1_97' title="bbox 2177 4582 3775 4655; baseline -0.001 -17"><span class='ocrx_word' id='word_1_687' title='bbox 2177 4585 2428 4654; x_wconf 85' lang='grc' dir='ltr'>λέγοντες</span> <span class='ocrx_word' id='word_1_688' title='bbox 2461 4583 2621 4639; x_wconf 81' lang='grc' dir='ltr'>ἄλλον</span> <span class='ocrx_word' id='word_1_689' title='bbox 2650 4582 2829 4647; x_wconf 82' lang='grc' dir='ltr'>ἄλλος.</span> <span class='ocrx_word' id='word_1_690' title='bbox 2875 4582 3055 4654; x_wconf 81' lang='grc' dir='ltr'>Ἠμᾶς</span> <span class='ocrx_word' id='word_1_691' title='bbox 3086 4584 3141 4637; x_wconf 87' lang='grc' dir='ltr'>τί</span> <span class='ocrx_word' id='word_1_692' title='bbox 3186 4582 3316 4655; x_wconf 78' lang='grc' dir='ltr'>περὶ</span> <span class='ocrx_word' id='word_1_693' title='bbox 3344 4583 3516 4654; x_wconf 80' lang='grc' dir='ltr'>αὐτῆς</span> <span class='ocrx_word' id='word_1_694' title='bbox 3545 4582 3775 4636; x_wconf 81' lang='grc' dir='ltr'>ἀκόλου-</span> 
     </span>
    </p>
   </div>
   <div class='ocr_carea' id='block_1_98' title="bbox 2177 4670 3769 4744">
    <p class='ocr_par' dir='ltr' id='par_1_98' title="bbox 2177 4670 3769 4744">
     <span class='ocr_line' id='line_1_98' title="bbox 2177 4670 3769 4744; baseline -0.004 -16"><span class='ocrx_word' id='word_1_695' title='bbox 2177 4675 2268 4729; x_wconf 87' lang='grc' dir='ltr'>θον</span> <span class='ocrx_word' id='word_1_696' title='bbox 2302 4676 2524 4738; x_wconf 86' lang='grc' dir='ltr'>ἐννοεῖν,</span> <span class='ocrx_word' id='word_1_697' title='bbox 2555 4675 2617 4727; x_wconf 84' lang='grc' dir='ltr'>οὐ</span> <span class='ocrx_word' id='word_1_698' title='bbox 2649 4672 2959 4726; x_wconf 86' lang='grc' dir='ltr'>πείθουσιν·</span> <span class='ocrx_word' id='word_1_699' title='bbox 2990 4670 3068 4737; x_wconf 84' lang='grc' dir='ltr'>ὡς</span> <span class='ocrx_word' id='word_1_700' title='bbox 3110 4672 3218 4744; x_wconf 76' lang='grc' dir='ltr'>ἄρα</span> <span class='ocrx_word' id='word_1_701' title='bbox 3263 4670 3544 4735; x_wconf 87' lang='grc' dir='ltr'>ἀνελόντες</span> <span class='ocrx_word' id='word_1_702' title='bbox 3601 4670 3769 4725; x_wconf 72' lang='grc' dir='ltr'>αὐτὸν</span> 
     </span>
    </p>
   </div>
   <div class='ocr_carea' id='block_1_99' title="bbox 2172 4760 3768 4839">
    <p class='ocr_par' dir='ltr' id='par_1_99' title="bbox 2172 4760 3768 4839">
     <span class='ocr_line' id='line_1_99' title="bbox 2172 4760 3768 4839; baseline -0.005 -17"><span class='ocrx_word' id='word_1_703' title='bbox 2172 4767 2438 4839; x_wconf 74' lang='grc' dir='ltr'>ἐκϐοῆσαι</span> <span class='ocrx_word' id='word_1_704' title='bbox 2482 4769 2543 4820; x_wconf 82' lang='grc' dir='ltr'>τὸ</span> <span class='ocrx_word' id='word_1_705' title='bbox 2595 4766 2830 4838; x_wconf 80' lang='grc' dir='ltr'>πρᾶγμα</span> <span class='ocrx_word' id='word_1_706' title='bbox 2873 4764 3194 4828; x_wconf 86' lang='grc' dir='ltr'>δεδοίκασιν,</span> <span class='ocrx_word' id='word_1_707' title='bbox 3236 4763 3268 4834; x_wconf 78' lang='grc' dir='ltr'><strong>ἢ</strong></span> <span class='ocrx_word' id='word_1_708' title='bbox 3310 4760 3768 4833; x_wconf 79' lang='grc' dir='ltr'>κατακρύψαντες</span> 
     </span>
    </p>
   </div>
   <div class='ocr_carea' id='block_1_100' title="bbox 2169 4852 3765 4933">
    <p class='ocr_par' dir='ltr' id='par_1_100' title="bbox 2169 4852 3765 4933">
     <span class='ocr_line' id='line_1_100' title="bbox 2169 4852 3765 4933; baseline -0.007 -16"><span class='ocrx_word' id='word_1_709' title='bbox 2169 4862 2334 4917; x_wconf 77' lang='grc' dir='ltr'>αὐτὸν</span> <span class='ocrx_word' id='word_1_710' title='bbox 2385 4859 2712 4931; x_wconf 79' lang='grc' dir='ltr'>ἐπανῆλθον,</span> <span class='ocrx_word' id='word_1_711' title='bbox 2758 4863 2824 4933; x_wconf 84' lang='grc' dir='ltr'>τῇ</span> <span class='ocrx_word' id='word_1_712' title='bbox 2871 4858 3001 4931; x_wconf 78' lang='grc' dir='ltr'>περὶ</span> <span class='ocrx_word' id='word_1_713' title='bbox 3042 4857 3139 4912; x_wconf 89' lang='grc' dir='ltr'>τοῦ</span> <span class='ocrx_word' id='word_1_714' title='bbox 3186 4856 3420 4911; x_wconf 85' lang='grc' dir='ltr'>θανάτου</span> <span class='ocrx_word' id='word_1_715' title='bbox 3472 4855 3631 4926; x_wconf 82' lang='grc' dir='ltr'>φήμῃ</span> <span class='ocrx_word' id='word_1_716' title='bbox 3666 4852 3765 4907; x_wconf 86' lang='grc' dir='ltr'>τοῦ</span> 
     </span>
    </p>
   </div>
   <div class='ocr_carea' id='block_1_101' title="bbox 2171 4945 3765 5028">
    <p class='ocr_par' dir='ltr' id='par_1_101' title="bbox 2171 4945 3765 5028">
     <span class='ocr_line' id='line_1_101' title="bbox 2171 4945 3765 5028; baseline -0.006 -20"><span class='ocrx_word' id='word_1_717' title='bbox 2171 4956 2393 5028; x_wconf 81' lang='grc' dir='ltr'>φίλτρου</span> <span class='ocrx_word' id='word_1_718' title='bbox 2428 4955 2555 5026; x_wconf 71' lang='grc' dir='ltr'>περὶ</span> <span class='ocrx_word' id='word_1_719' title='bbox 2601 4952 2764 5007; x_wconf 74' lang='grc' dir='ltr'>αὑτὸν</span> <span class='ocrx_word' id='word_1_720' title='bbox 2794 4952 2855 5006; x_wconf 89' lang='lat'>16</span> <span class='ocrx_word' id='word_1_721' title='bbox 2892 4951 3098 5023; x_wconf 80' lang='grc' dir='ltr'>πλῆθος</span> <span class='ocrx_word' id='word_1_722' title='bbox 3150 4949 3492 5011; x_wconf 85' lang='grc' dir='ltr'>ἐκλύσοντες.</span> <span class='ocrx_word' id='word_1_723' title='bbox 3535 4948 3598 5001; x_wconf 83' lang='grc' dir='ltr'>Εἰ</span> <span class='ocrx_word' id='word_1_724' title='bbox 3663 4945 3765 5017; x_wconf 79' lang='grc' dir='ltr'>μὲν</span> 
     </span>
    </p>
   </div>
   <div class='ocr_carea' id='block_1_102' title="bbox 2169 5132 3765 5204">
    <p class='ocr_par' dir='ltr' id='par_1_102' title="bbox 2169 5132 3765 5204">
     <span class='ocr_line' id='line_1_102' title="bbox 2169 5132 3765 5204; baseline -0.003 -13"><span class='ocrx_word' id='word_1_725' title='bbox 2169 5135 2464 5195; x_wconf 66' lang='lat' dir='ltr'><strong>Armeniae,</strong></span> <span class='ocrx_word' id='word_1_726' title='bbox 2486 5143 2540 5192; x_wconf 87' lang='lat' dir='ltr'>et</span> <span class='ocrx_word' id='word_1_727' title='bbox 2560 5152 2627 5192; x_wconf 85' lang='lat' dir='ltr'><strong>ex</strong></span> <span class='ocrx_word' id='word_1_728' title='bbox 2648 5136 2799 5204; x_wconf 85' lang='lat' dir='ltr'><strong>clero</strong></span> <span class='ocrx_word' id='word_1_729' title='bbox 2815 5132 3425 5203; x_wconf 75' lang='lat' dir='ltr'><strong>Constantinopolitano</strong></span> <span class='ocrx_word' id='word_1_730' title='bbox 3447 5141 3765 5204; x_wconf 84' lang='lat' dir='ltr'><strong>assumptus</strong></span> 
     </span>
    </p>
   </div>
   <div class='ocr_carea' id='block_1_103' title="bbox 2166 5201 3765 5276">
    <p class='ocr_par' dir='ltr' id='par_1_103' title="bbox 2166 5201 3765 5276">
     <span class='ocr_line' id='line_1_103' title="bbox 2166 5201 3765 5276; baseline -0.003 -13"><span class='ocrx_word' id='word_1_731' title='bbox 2166 5208 2234 5263; x_wconf 86' lang='lat' dir='ltr'>ad</span> <span class='ocrx_word' id='word_1_732' title='bbox 2285 5207 2622 5263; x_wconf 89' lang='lat' dir='ltr'><strong>cathedram.</strong></span> <span class='ocrx_word' id='word_1_733' title='bbox 2662 5201 2827 5263; x_wconf 81' lang='lat' dir='ltr'><strong>Malét</strong></span> <span class='ocrx_word' id='word_1_734' title='bbox 2875 5207 3058 5276; x_wconf 86' lang='lat' dir='ltr'><strong>itaque</strong></span> <span class='ocrx_word' id='word_1_735' title='bbox 3104 5201 3335 5261; x_wconf 81' lang='lat' dir='ltr'><strong>fortasse</strong></span> <span class='ocrx_word' id='word_1_736' title='bbox 3384 5201 3652 5276; x_wconf 46' lang='lat' dir='ltr'><strong>aliquis,‘</strong></span> <span class='ocrx_word' id='word_1_737' title='bbox 3672 5220 3765 5259; x_wconf 90' lang='lat' dir='ltr'>me</span> 
     </span>
    </p>
   </div>
   <div class='ocr_carea' id='block_1_104' title="bbox 2165 5274 3759 5356">
    <p class='ocr_par' dir='ltr' id='par_1_104' title="bbox 2165 5274 3759 5356">
     <span class='ocr_line' id='line_1_104' title="bbox 2165 5274 3759 5356; baseline -0.001 -25"><span class='ocrx_word' id='word_1_738' title='bbox 2165 5278 2386 5356; x_wconf 72' lang='lat' dir='ltr'><strong>quidem</strong></span> <span class='ocrx_word' id='word_1_739' title='bbox 2414 5278 2557 5356; x_wconf 75' lang='lat' dir='ltr'><strong>haud</strong></span> <span class='ocrx_word' id='word_1_740' title='bbox 2582 5274 3014 5356; x_wconf 46' lang='lat' dir='ltr'><strong>contradicturoz</strong></span> <span class='ocrx_word' id='word_1_741' title='bbox 3040 5276 3346 5356; x_wconf 59' lang='lat' dir='ltr'><strong>intelligere</strong></span> <span class='ocrx_word' id='word_1_742' title='bbox 3372 5274 3759 5356; x_wconf 66' lang='lat' dir='ltr'><strong>Athenaidem.</strong></span> 
     </span>
    </p>
   </div>
   <div class='ocr_carea' id='block_1_105' title="bbox 2162 5345 3761 5426">
    <p class='ocr_par' dir='ltr' id='par_1_105' title="bbox 2162 5345 3761 5426">
     <span class='ocr_line' id='line_1_105' title="bbox 2162 5345 3761 5426; baseline -0.001 -24"><span class='ocrx_word' id='word_1_743' title='bbox 2162 5345 2281 5426; x_wconf 70' lang='lat' dir='ltr'><strong>sive</strong></span> <span class='ocrx_word' id='word_1_744' title='bbox 2316 5350 2617 5426; x_wconf 51' lang='lat' dir='ltr'><strong>Eudogiam</strong></span> <span class='ocrx_word' id='word_1_745' title='bbox 2652 5356 2959 5426; x_wconf 74' lang='lat' dir='ltr'><strong>augustam,</strong></span> <span class='ocrx_word' id='word_1_746' title='bbox 2997 5345 3609 5426; x_wconf 61' lang='lat' dir='ltr'><strong>Leontii&#39;Atheniensis</strong></span> <span class='ocrx_word' id='word_1_747' title='bbox 3634 5345 3761 5426; x_wconf 86' lang='lat' dir='ltr'><strong>phi-</strong></span> 
     </span>
    </p>
   </div>
   <div class='ocr_carea' id='block_1_106' title="bbox 2160 5418 3759 5490">
    <p class='ocr_par' dir='ltr' id='par_1_106' title="bbox 2160 5418 3759 5490">
     <span class='ocr_line' id='line_1_106' title="bbox 2160 5418 3759 5490; baseline -0.001 -16"><span class='ocrx_word' id='word_1_748' title='bbox 2160 5419 2375 5490; x_wconf 84' lang='lat' dir='ltr'><strong>losophi</strong></span> <span class='ocrx_word' id='word_1_749' title='bbox 2439 5420 2622 5484; x_wconf 76' lang='lat' dir='ltr'><strong>filiam,</strong></span> <span class='ocrx_word' id='word_1_750' title='bbox 2679 5418 3278 5490; x_wconf 63' lang='lat' dir='ltr'><strong>deindeexethnica,</strong></span> <span class='ocrx_word' id='word_1_751' title='bbox 3335 5418 3759 5490; x_wconf 23' lang='lat' dir='ltr'><strong>AtticoAnostro</strong></span> 
     </span>
    </p>
   </div>
   <div class='ocr_carea' id='block_1_107' title="bbox 2160 5488 3753 5562">
    <p class='ocr_par' dir='ltr' id='par_1_107' title="bbox 2160 5488 3753 5562">
     <span class='ocr_line' id='line_1_107' title="bbox 2160 5488 3753 5562; baseline -0.001 -17"><span class='ocrx_word' id='word_1_752' title='bbox 2160 5488 2449 5562; x_wconf 68' lang='lat' dir='ltr'><strong>erudiente</strong></span> <span class='ocrx_word' id='word_1_753' title='bbox 2470 5498 2524 5545; x_wconf 88' lang='lat' dir='ltr'>et</span> <span class='ocrx_word' id='word_1_754' title='bbox 2555 5491 2871 5562; x_wconf 78' lang='lat' dir='ltr'><strong>baptizante</strong></span> <span class='ocrx_word' id='word_1_755' title='bbox 2893 5488 3287 5552; x_wconf 82' lang='lat' dir='ltr'><strong>Christianam,</strong></span> <span class='ocrx_word' id='word_1_756' title='bbox 3314 5503 3462 5542; x_wconf 83' lang='lat' dir='ltr'><strong>anno</strong></span> <span class='ocrx_word' id='word_1_757' title='bbox 3491 5488 3617 5553; x_wconf 71' lang='grc'>421,</span> <span class='ocrx_word' id='word_1_758' title='bbox 3643 5503 3753 5556; x_wconf 90' lang='lat' dir='ltr'>quo</span> 
     </span>
    </p>
   </div>
   <div class='ocr_carea' id='block_1_108' title="bbox 2159 5560 2875 5632">
    <p class='ocr_par' dir='ltr' id='par_1_108' title="bbox 2159 5560 2875 5632">
     <span class='ocr_line' id='line_1_108' title="bbox 2159 5560 2875 5632; baseline -0.003 -17"><span class='ocrx_word' id='word_1_759' title='bbox 2159 5560 2467 5618; x_wconf 85' lang='lat' dir='ltr'><strong>Theodosio</strong></span> <span class='ocrx_word' id='word_1_760' title='bbox 2495 5560 2642 5632; x_wconf 61' lang='lat' dir='ltr'><strong>impf</strong></span> <span class='ocrx_word' id='word_1_761' title='bbox 2669 5560 2875 5632; x_wconf 88' lang='lat' dir='ltr'><strong>nupsit.</strong></span> 
     </span>
    </p>
   </div>
   <div class='ocr_carea' id='block_1_109' title="bbox 2236 5650 3754 5731">
    <p class='ocr_par' dir='ltr' id='par_1_109' title="bbox 2236 5650 3754 5731">
     <span class='ocr_line' id='line_1_109' title="bbox 2236 5650 3754 5731; baseline -0.004 -23"><span class='ocrx_word' id='word_1_762' title='bbox 2236 5652 2304 5724; x_wconf 85' lang='lat' dir='ltr'>(c)</span> <span class='ocrx_word' id='word_1_763' title='bbox 2335 5651 2680 5731; x_wconf 76' lang='lat' dir='ltr'><strong>_Sozome_nus</strong></span> <span class='ocrx_word' id='word_1_764' title='bbox 2858 5668 2977 5713; x_wconf 79' lang='lat' dir='ltr'><strong>vm,</strong></span> <span class='ocrx_word' id='word_1_765' title='bbox 3005 5651 3096 5716; x_wconf 70' lang='lat'>27,</span> <span class='ocrx_word' id='word_1_766' title='bbox 3152 5650 3355 5731; x_wconf 78' lang='lat' dir='ltr'><strong>aliique</strong></span> <span class='ocrx_word' id='word_1_767' title='bbox 3387 5657 3611 5704; x_wconf 82' lang='lat' dir='ltr'><strong>narrant</strong></span> <span class='ocrx_word' id='word_1_768' title='bbox 3656 5662 3754 5719; x_wconf 79' lang='lat' dir='ltr'><strong>pa-</strong></span> 
     </span>
    </p>
   </div>
   <div class='ocr_carea' id='block_1_110' title="bbox 2161 5720 3567 5794">
    <p class='ocr_par' dir='ltr' id='par_1_110' title="bbox 2161 5720 3567 5794">
     <span class='ocr_line' id='line_1_110' title="bbox 2161 5720 3567 5794; baseline -0.003 -18"><span class='ocrx_word' id='word_1_769' title='bbox 2161 5720 2304 5779; x_wconf 76' lang='lat' dir='ltr'><strong>trata</strong></span> <span class='ocrx_word' id='word_1_770' title='bbox 2333 5723 2390 5778; x_wconf 91' lang='lat' dir='ltr'>in</span> <span class='ocrx_word' id='word_1_771' title='bbox 2419 5723 2614 5779; x_wconf 80' lang='lat' dir='ltr'><strong>exsilio</strong></span> <span class='ocrx_word' id='word_1_772' title='bbox 2643 5738 2674 5778; x_wconf 84' lang='lat' dir='ltr'>a</span> <span class='ocrx_word' id='word_1_773' title='bbox 2705 5720 3096 5793; x_wconf 84' lang='lat' dir='ltr'><strong>Chrysostomo</strong></span> <span class='ocrx_word' id='word_1_774' title='bbox 3127 5721 3341 5794; x_wconf 81' lang='lat' dir='ltr'><strong>egregia</strong></span> <span class='ocrx_word' id='word_1_775' title='bbox 3381 5734 3567 5791; x_wconf 83' lang='lat' dir='ltr'><strong>opera.</strong></span> 
     </span>
    </p>
   </div>
   <div class='ocr_carea' id='block_1_111' title="bbox 2232 5833 3747 5909">
    <p class='ocr_par' dir='ltr' id='par_1_111' title="bbox 2232 5833 3747 5909">
     <span class='ocr_line' id='line_1_111' title="bbox 2232 5833 3747 5909; baseline -0.001 -20"><span class='ocrx_word' id='word_1_776' title='bbox 2232 5837 2307 5908; x_wconf 80' lang='grc' dir='ltr'>(ά)</span> <span class='ocrx_word' id='word_1_777' title='bbox 2369 5837 2614 5909; x_wconf 76' lang='lat' dir='ltr'><strong>Intellige</strong></span> <span class='ocrx_word' id='word_1_778' title='bbox 2665 5836 3035 5908; x_wconf 79' lang='lat' dir='ltr'><strong>Olympiadem</strong></span> <span class='ocrx_word' id='word_1_779' title='bbox 3085 5853 3149 5892; x_wconf 82' lang='lat' dir='ltr'>ex</span> <span class='ocrx_word' id='word_1_780' title='bbox 3196 5835 3455 5891; x_wconf 76' lang='lat' dir='ltr'><strong>Nebridio</strong></span> <span class='ocrx_word' id='word_1_781' title='bbox 3507 5833 3747 5905; x_wconf 80' lang='lat' dir='ltr'><strong>viduam,</strong></span> 
     </span>
    </p>
   </div>
  </div>
