4018 6408
1479 331 1567 384 DE
1606 331 1663 386 S.
1702 330 1971 388 JOANNE
2010 331 2547 394 CHRYSOSTOMO.

3516 363 3639 408 XLVI

951 655 1369 749 SANCTI
1448 659 1873 791 PATRIS
1948 664 2387 760 NOSTRI
2471 674 3069 768 MARTYRII

1608 858 1659 912 Ε
1664 858 1947 918 PISCOPI
1968 862 2379 924 ANTIOCIlle

633 1012 731 1069 EI
765 1010 1215 1072 LAUDATIONE
1254 1011 1324 1068 IN
1362 1013 1691 1072 SANCTUM
1724 1015 2006 1074 PATREM
2041 1020 2380 1079 NOSTBUM
2422 1023 2748 1082 JOANNEM
2784 1029 3356 1089 CHRYSOSTOMUM

1263 1103 1869 1166 ARCHIEPISCOPUM
1908 1109 2696 1176 CONSTANTINOPOLEOS.

400 1406 457 1461 ι.
485 1405 610 1461 Sed
657 1403 1032 1477 jamitempus
1076 1420 1177 1461 nos
1234 1414 1392 1462 vocat
1436 1410 1503 1465 ad
1544 1409 1720 1465 Patris
1750 1421 1945 1482 marty-

327 1499 481 1554 rium
522 1516 537 1552 :
572 1496 897 1570 martyrium
921 1539 936 1564 ,
970 1496 1213 1569 inquam,
1270 1501 1415 1570 quod
1451 1500 1667 1557 Patrem
1722 1503 1944 1573 quidem

337 1596 459 1665 ipsa
496 1593 578 1650 rei
609 1602 804 1649 natura
833 1603 1079 1659 coronat,
1121 1593 1218 1649 Dei
1261 1611 1392 1651 vero
1422 1613 1694 1654 summam
1726 1601 1944 1672 sapien-

341 1691 473 1743 tiam
532 1686 944 1759 potentiamque
995 1686 1344 1758 depraedicat,
1397 1691 1491 1761 qui
1541 1692 1836 1749 utilitatem
1873 1709 1941 1749 ex

343 1779 525 1837 noxiis
552 1779 855 1836 extundere
883 1779 1056 1836 novit.
1077 1780 1292 1836 Etenim
1320 1797 1445 1838 cum
1479 1784 1562 1839 vir
1584 1795 1813 1842 sanctus
1844 1787 1947 1843 hac

345 1891 408 1932 se
444 1890 647 1932 corona
691 1875 915 1948 dignum
946 1874 1137 1931 haberi
1168 1879 1531 1948 percuperet',
1566 1894 1745 1951 neque
1779 1881 1833 1936 id
1866 1890 1947 1937 ta-

348 1984 473 2024 men
505 1977 754 2039 tempora
786 1966 1175 2031 concederent,
1211 1980 1501 2041 postquam
1535 1971 1737 2042 impius
1762 1973 1946 2030 cultus

350 2060 611 2133 depulsus
634 2059 755 2126 fuit,
782 2075 908 2116 vera
937 2069 1121 2116 autem
1150 2061 1337 2133 religio
1368 2071 1541 2118 totum
1564 2064 1759 2120 “orbem
1781 2081 1948 2123 occu-

352 2153 537 2224 pavit:
561 2152 804 2225 martyrii
831 2167 1004 2224 genus
1030 2153 1303 2223 quoddam
1329 2153 1652 2211 adinvenire
1676 2198 1690 2222 ,
1713 2157 1858 2228 quod
1894 2158 1947 2212 ei

354 2245 601 2303 homines
638 2246 799 2302 ovina
842 2246 984 2317 pelle
1012 2245 1192 2302 induti
1221 2246 1428 2319 (Matth.
1464 2264 1558 2314 vn,
1596 2249 1706 2320 15),
1745 2251 1949 2307 vellent

354 2339 576 2406 nollent,
605 2339 891 2403 inferrent,
914 2353 1099 2395 nonne
1128 2339 1328 2395 divinae
1357 2341 1643 2411 sapientiae
1669 2344 1951 2414 potentia:-

352 2448 461 2504 que
488 2446 628 2504 opus
657 2431 995 2488 credendum
1044 2431 1176 2488 est?
1213 2431 1500 2499 Quomodo
1542 2435 1706 2509 igitur
1750 2437 1867 2494 haec
1896 2441 1945 2494 ei

352 2540 552 2582 corona
584 2531 838 2581 contexta
864 2523 973 2580 fuit
1000 2524 1026 2579 ?

420 2617 476 2673 2.
517 2616 580 2672 In
607 2617 714 2674 hoc
739 2617 939 2683 medio,
958 2627 1020 2674 ut
1042 2619 1173 2686 dixi,
1195 2636 1379 2677 rerum
1405 2637 1592 2689 cursu,
1620 2639 1684 2679 ex
1717 2632 1948 2696 utraque

354 2711 462 2767 vita
482 2710 697 2767 decedit
728 2725 926 2777 senex;
955 2712 1001 2766 is
1032 2712 1123 2783 qui
1168 2714 1225 2768 in
1270 2714 1373 2771 hac
1414 2714 1526 2770 vita
1566 2715 1712 2770 illam
1743 2716 1946 2772 amise-

354 2814 457 2870 rat,
488 2812 545 2858 et
568 2818 675 2858 una
704 2819 827 2858 cum
874 2803 966 2860 illa
1010 2805 1153 2861 hanc
1194 2807 1393 2863 amisit.
1424 2807 1618 2871 Fitqne
1662 2816 1789 2880 post
1820 2823 1945 2864 eum

356 2895 686 2969 (episcopus)
718 2896 828 2963 ille,
856 2896 951 2967 qui
980 2911 1079 2967 per
1113 2891 1265 2948 illum
1287 2902 1350 2944 ea
1373 2906 1493 2962 qua:
1506 2895 1607 2951 sibi
1624 2890 1945 2962 placuerant

352 2996 548 3043 cuncta
573 2986 818 3052 fecerat;
846 2994 1045 3058 putans
1074 2984 1297 3057 quidem
1324 2986 1515 3054 latere,
1558 2987 1833 3044 neminem
1866 2996 1948 3045 ta-

354 3096 478 3137 men
512 3079 708 3135 latens.
762 3077 861 3136 Hic
891 3094 1022 3152 ergo
1051 3078 1233 3135 stultis
1264 3087 1469 3152 gratus,
1503 3089 1560 3135 et
1601 3080 1832 3137 blandus
1859 3091 1948 3136 at-

350 3186 460 3244 que
515 3171 883 3228 assentatione
944 3170 1302 3237 redundans,
1344 3170 1560 3227 cunctis
1609 3173 1948 3242 persuadens

352 3263 489 3321 nihil
512 3265 624 3337 jam
673 3279 958 3335 superesse
1005 3278 1194 3319 eorum
1220 3278 1342 3335 qua:
1377 3272 1506 3318 tunc
1539 3262 1745 3320 fecerat
1774 3282 1787 3331 ;
1822 3282 1947 3320 cum

350 3357 537 3427 iurare
567 3370 704 3426 opus
726 3363 873 3412 esset
898 3354 1037 3412 nihil
1072 3368 1264 3410 eorum
1301 3354 1444 3410 scire
1469 3370 1593 3425 qua:
1636 3363 1766 3411 tunc
1797 3356 1948 3412 dice-

354 3456 458 3514 ret,
489 3445 838 3502 Atheniensis
865 3460 1064 3516 nempe
1092 3444 1304 3501 daemon
1325 3488 1341 3511 ,
1370 3445 1566 3501 Atticae
1591 3447 1948 3516 superstitio-

352 3538 441 3597 nis
474 3538 815 3611 symbolum;
859 3537 966 3605 hic,
1014 3537 1258 3608 inquam,
1293 3538 1502 3609 duplici
1562 3538 1707 3594 fama
1758 3540 1948 3596 audita

353 3629 769 3702 percellebatur,
805 3628 983 3700 primo
1029 3628 1099 3685 de
1143 3630 1320 3685 sancti
1366 3630 1468 3685 viri
1504 3629 1666 3686 factis
1695 3632 1946 3704 egregiis,

352 3739 477 3795 qua:
516 3723 573 3780 in
601 3724 818 3781 deserto
842 3723 1008 3779 etiam
1034 3726 1372 3781 constitutus
1392 3725 1668 3796 patrabat,
1686 3727 1951 3797 plurimas

354 3814 636 3871 hominum
666 3804 876 3869 animas
901 3828 969 3869 ex
996 3812 1353 3869 barbarorum
1381 3814 1633 3871 manibus
1676 3816 1952 3871 redimens

352 3902 545 3975 paucis
588 3903 693 3959 illis
719 3918 785 3959 ac
808 3902 1155 3976 pauperculis
1183 3918 1306 3974 quae
1330 3904 1380 3958 ei
1412 3914 1736 3976 supererant
1777 3905 1952 3962 facul-

355 3997 558 4053 tatibus
575 4012 590 4063 ;
607 3997 742 4053 alias
764 4008 945 4053 autem
974 3997 1174 4053 diaboli
1196 3996 1407 4069 laqueis
1423 3998 1683 4071 eripiens,
1699 4016 1763 4056 ea
1785 4016 1950 4072 quam

354 4087 457 4144 sibi
488 4086 673 4144 labore
704 4099 760 4145 et
805 4087 899 4143 Dei
942 4087 1213 4144 beneflcio
1240 4098 1654 4159 comparaverat
1695 4090 1951 4162 eloquen-

353 4179 472 4242 tia;
498 4178 694 4250 partim
715 4178 950 4250 denique
982 4177 1126 4234 fame
1160 4191 1216 4234 et
1255 4179 1445 4236 exsilio
1483 4179 1715 4236 afﬂictos
1747 4190 1950 4238 sanctae

351 4256 531 4327 vidua:
558 4271 807 4328 nutriens
831 4271 1080 4338 cibariis;
1108 4271 1442 4327 monasteria
1465 4272 1597 4343 quin
1624 4273 1790 4328 etiam
1816 4290 1949 4330 con-

352 4368 491 4422 dens
511 4365 566 4419 in
593 4365 904 4438 regionibus
926 4366 1073 4421 ccede
1094 4374 1152 4420 et
1177 4365 1366 4435 rapina
1397 4364 1581 4420 vivere
1606 4365 1779 4421 solitis
1798 4384 1812 4433 ;
1830 4383 1950 4438 quae

354 4456 540 4513 omnia
582 4457 889 4512 universam
932 4471 1151 4527 quoque
1195 4455 1504 4512 Antiochiae
1547 4456 1827 4512 civitatem
1882 4458 1950 4514 ad

352 4564 481 4605 eum
505 4547 922 4605 transferebant.
950 4548 1157 4604 Deinde
1183 4549 1634 4604 commovebatur
1649 4547 1951 4618 iustissimo

354 4640 725 4697 Romanorum
750 4640 977 4711 judicio,
1017 4639 1110 4710 qui
1143 4654 1340 4713 magna
1382 4649 1710 4712 congregata
1737 4638 1952 4710 episco-

354 4748 551 4806 porum
578 4732 945 4796 multitudine.
977 4732 1238 4789 volebant
1271 4732 1419 4789 illico
1448 4747 1644 4788 omnes
1674 4740 1828 4788 tanto
1850 4746 1954 4786 nu-

353 4842 509 4885 mero
569 4826 868 4898 grandique
930 4828 1181 4897 impensa
1239 4825 1776 4897 Constantinopolim
1831 4825 1953 4881 sine

356 4934 510 4976 mora
538 4918 725 4975 venire
765 4920 914 4991 pacis
945 4920 1126 4976 studio
1158 4919 1417 4991 impulsi;
1459 4919 1554 4977 sed
1591 4928 1772 4974 tamen
1816 4934 1953 4989 pau-

355 5103 514 5166 cujus
540 5116 674 5171 Opes
717 5100 785 5156 ad
820 5115 1016 5157 manus
1053 5099 1227 5157 sancti
1261 5100 1361 5155 viri
1395 5098 1611 5161 delatae,
1654 5098 1709 5152 in
1740 5112 1950 5168 paupe-

358 5187 447 5228 rcs
475 5179 531 5226 et
557 5170 804 5241 captivos
832 5171 1236 5228 redundabant.

431 5242 501 5312 (ε)
552 5238 841 5298 Antiochia
875 5242 1177 5313 praesertim
1206 5240 1332 5313 icivi
1379 5254 1480 5313 suo
1524 5239 1745 5313 favebat
1765 5238 1952 5313 _Chry-

358 5310 618 5380 sostomo,
654 5314 813 5381 cuius
842 5310 1135 5369 uberrimae
1172 5311 1506 5382 eloquentiae
1534 5311 1698 5382 toties
1728 5310 1954 5382 plause-

357 5394 462 5441 rat.
489 5383 571 5439 Ad
598 5379 974 5441 Antiochenos
997 5398 1168 5454 prope
1199 5379 1520 5454 innumeras
1542 5379 1791 5454 misit_a_b
1812 5379 1955 5435 exsio

358 5455 434 5512 lio
468 5455 806 5526 sanctast-ir
833 5449 1112 5526 epistolas,
1148 5460 1209 5526 ut
1235 5453 1436 5508 dicitur
1463 5452 1518 5506 in
1549 5452 1669 5526 ejus
1692 5449 1840 5507 Vita.

435 5526 502 5598 (Γ)
532 5525 802 5598 lnlelligit
825 5521 1121 5598 concilium
1156 5522 1468 5580 Romanum
1499 5523 1602 5578 sub
1633 5521 1956 5578 Innocentio

356 5595 637 5671 pro'causa
659 5595 1062 5671 Chrysostomi.

434 5670 508 5740 (g)
540 5668 747 5724 Horum
779 5661 1002 5724 nomina
1037 5666 1294 5740 leguntur
1329 5665 1473 5736 apud
1500 5661 1798 5720 Palladium
1827 5661 1961 5716 Dia-

357 5740 459 5811 log.
491 5755 609 5811 cap.
645 5740 698 5794 4.

430 5816 503 5877 un
543 5812 678 5866 Cod.
715 5813 843 5873 τθίτ.

2054 1412 2134 1468 eis
2163 1412 2368 1485 aliquot
2400 1425 2737 1472 censuerunt
2763 1426 2921 1474 antea
2971 1421 3423 1479 committendum
3472 1443 3643 1500 nego-

2052 1505 2209 1570 tium,
2246 1514 2302 1561 et
2352 1507 2594 1578 quinque
2629 1508 2832 1566 electos
2877 1511 3097 1567 decreto
3127 1514 3446 1586 episcopos,
3478 1518 3645 1574 duos-

2049 1616 2157 1668 que
2190 1616 2254 1655 ex
2296 1617 2491 1674 magna
2533 1602 2707 1659 Roma
2730 1608 3098 1679 presbyteros,
3128 1626 3232 1664 una
3263 1627 3386 1667 cum
3418 1613 3525 1669 illis
3548 1615 3643 1686 qui

2051 1690 2180 1746 hinc
2200 1690 2268 1745 ad
2292 1690 2569 1748 Romanos
2600 1693 2830 1764 profecti
2862 1707 3018 1753 erant
3038 1701 3329 1771 episcopis,
3350 1703 3641 1769 miserunt.

2049 1784 2186 1839 nihil
2234 1784 2379 1840 aliud
2430 1786 2499 1841 ab
2538 1786 2867 1857 imperatore
2910 1792 3210 1862 petituros,
3247 1810 3410 1864 quam
3451 1799 3645 1870 synodi

2050 1877 2390 1933 celebrandae
2423 1878 2738 1949 decretique
2787 1895 2855 1936 eo
2897 1896 3064 1952 super
3111 1885 3328 1957 negotio
3372 1888 3644 1945 condendi

2051 1964 2386 2032 facultatem,
2419 1982 2521 2023 nec
2550 1982 2657 2023 non
2690 1970 2880 2042 synodi
2914 1980 3129 2043 tempus
3161 1990 3225 2030 ac
3254 1977 3498 2033 modum.

2122 2059 2175 2114 3.
2215 2056 2354 2114 Cum
2395 2059 2579 2130 itaque
2635 2076 2692 2116 se
2736 2072 2988 2119 cerneret
3042 2064 3343 2140 (Atticus)
3390 2076 3647 2139 tanquam

2052 2148 2242 2221 grandi
2278 2149 2445 2205 fluctu
2470 2150 2556 2205 his
2595 2151 2799 2207 auditis
2831 2153 3097 2225 utrinque
3152 2156 3309 2212 obrui
3339 2175 3353 2225 ;
3406 2166 3463 2214 et
3491 2160 3647 2215 illum

2054 2240 2073 2312 (
2092 2240 2588 2315 Cbrysostomum)
2620 2244 2841 2315 quidem
2873 2246 2951 2302 ad.
2970 2262 3246 2307 summum
3278 2250 3500 2307 virtutis
3528 2253 3649 2311 θυι-

2051 2348 2179 2388 men
2209 2334 2506 2407 gloriaeque
2555 2335 2781 2406 elatum,
2842 2338 2945 2395 bos
2999 2350 3183 2396 autem
3243 2342 3535 2412 instantes,
3591 2355 3650 2402 et

2053 2426 2320 2497 synodum
2376 2428 2605 2483 omnino
2636 2431 3004 2486 necessariam
3054 2433 3317 2500 dicentes,
3363 2443 3527 2506 atque
3573 2439 3648 2495 ita

2051 2527 2372 2575 censentem
2424 2519 2590 2575 etiam
2654 2521 3003 2592 imperatoris
3068 2525 3329 2596 majorem
3378 2525 3645 2595 fratretn;

2053 2614 2182 2684 quid
2224 2614 2379 2687 agit?
2404 2614 2558 2670 illum
2585 2615 2797 2683 adiens,
2828 2633 2994 2688 quem
3022 2620 3184 2690 paulo
3203 2630 3332 2676 ante
3356 2622 3645 2693 appellavi,

2052 2707 2343 2763 inimicum
2380 2708 2643 2765 Ecclesia:
2678 2709 2894 2774 ducem,
2939 2712 3131 2767 suadet
3158 2713 3205 2767 ei
3236 2725 3295 2768 ut
3319 2711 3648 2772 Occidenta-

2050 2800 2129 2858 les
2156 2801 2380 2872 quidem
2408 2802 2717 2874 episcopos.
2753 2812 2945 2874 utpote
2991 2807 3048 2860 in
3091 2806 3324 2861 alienam
3382 2807 3650 2866 ditionem

2050 2891 2349 2965 ingressos,
2381 2910 2506 2950 cum
2544 2894 2842 2966 ignominia
2876 2896 3115 2967 expellat
3143 2914 3158 2963 ;
3191 2906 3411 2953 nostros
3462 2906 3648 2955 autem

2048 2984 2143 3055 qui
2174 2983 2547 3041 Romanorum
2606 2986 2869 3042 auxilium
2925 2987 3369 3059 imploraverant,
3415 3004 3517 3046 ceu
3555 2990 3650 3061 qui

2052 3076 2343 3147 imperium
2375 3088 2626 3133 nostrum
2653 3078 3033 3149 judiciumque
3076 3080 3366 3145 lazsissent,
3419 3080 3474 3135 in
3506 3083 3653 3137 etsi.

2052 3168 2184 3223 lium
2219 3168 2465 3223 mitteret
2495 3185 2509 3232 ;
2544 3168 2643 3239 ipsi
2668 3178 2853 3224 autem
2888 3179 3079 3224 sancto
3103 3171 3218 3225 viro
3249 3172 3444 3227 mortis
3476 3187 3651 3244 genus

2052 3259 2415 3332 asperrimum
2444 3259 2809 3323 adinveniret,
2834 3276 2998 3330 quam
3022 3276 3132 3316 non
3155 3261 3364 3318 ferrum
3396 3261 3649 3331 inferret,

2053 3351 2149 3407 sed
2177 3349 2324 3405 ferro
2351 3349 2524 3405 multo
2559 3349 2844 3406 molestior
2878 3350 2936 3405 in
2968 3350 3318 3423 longinquam
3368 3352 3648 3425 regionem

2053 3442 2330 3505 abductio,
2364 3451 2423 3499 et
2447 3443 2673 3498 morbus
2709 3442 2946 3516 physica:
2997 3444 3244 3515 corporis
3284 3445 3651 3504 imbecillitati

2053 3536 2402 3607 coniunctus.
2429 3534 2556 3592 Haec
2575 3535 2685 3592 duo
2707 3536 2786 3592 illi
2809 3536 2975 3592 simul
2993 3536 3386 3605 deliberamnt,
3409 3547 3465 3595 et
3483 3554 3654 3611 opera

2054 3628 2346 3684 subsecuta
2375 3635 2479 3683 est.
2506 3627 2574 3682 Et
2608 3624 2754 3698 quod
2783 3627 3006 3698 quidem
3041 3628 3108 3684 ad
3148 3626 3286 3685 alios
3314 3630 3530 3695 attinet,
3562 3644 3653 3686 res

2055 3736 2182 3776 eum
2215 3736 2381 3792 quem
2436 3720 2526 3776 ille
2574 3720 2747 3776 voluit
2772 3720 2979 3782 exitum
3019 3728 3181 3777 nacta
3226 3729 3356 3787 est;
3414 3730 3657 3799 tuncque

2056 3813 2297 3884 primum
2324 3813 2627 3886 legatorum
2677 3812 3064 3890 episcoporum
3116 3814 3209 3885 jus
3270 3813 3652 3873 conculcatum

2060 3903 2182 3969 fuit,
2212 3913 2268 3960 et
2295 3904 2517 3975 quidem
2540 3903 2691 3975 pacis
2720 3902 3107 3960 ecclesiasticae
3144 3919 3308 3960 causa
3335 3912 3391 3960 et
3431 3904 3655 3962 univer-

2061 3994 2189 4051 salis
2217 3995 2528 4051 concordiae
2557 3994 2872 4050 missorum.

2130 4089 2185 4145 4.
2224 4088 2365 4144 Ecce
2391 4096 2573 4142 autem
2602 4087 2786 4142 statim
2821 4088 3116 4143 mittuntur
3163 4089 3450 4145 carnifices
3491 4090 3654 4162 juve-

2060 4179 2153 4234 nili
2186 4178 2370 4233 furore
2386 4176 2662 4239 ardentes,
2686 4185 2742 4230 et
2765 4175 2905 4231 lucri
2930 4191 3116 4231 amore
3141 4176 3481 4244 inﬂammati,
3507 4180 3655 4248 quod

2060 4272 2141 4327 cis
2188 4268 2265 4326 rei
2296 4267 2511 4323 occasio
2556 4266 2899 4338 spondebat,
2938 4266 3148 4335 justum
3206 4266 3386 4323 virum
3438 4283 3502 4325 ea
3548 4285 3655 4341 qua

2062 4363 2269 4419 vellent
2299 4360 2510 4415 ratione
2547 4358 2856 4415 occidendi.
2890 4358 3068 4431 [lique
3098 4368 3288 4431 postea
3332 4362 3539 4419 reversi
3587 4363 3655 4419 do

2065 4455 2239 4514 Patris
2272 4455 2425 4510 obitu
2455 4454 2710 4509 nuntium
2750 4452 3074 4520 attulerunt,
3120 4454 3281 4523 cuius
3310 4454 3534 4511 modum
3564 4455 3656 4512 alii

2061 4534 2218 4609 aliter
2246 4548 2593 4604 enarrabant.
2626 4546 2797 4602 Nobis
2846 4554 2995 4602 certe
3047 4547 3180 4617 quid
3225 4546 3296 4604 de
3353 4546 3448 4603 illo
3503 4547 3658 4604 obitu

2062 4639 2408 4697 sentiendum
2440 4640 2531 4704 sit,
2563 4654 2675 4694 non
2714 4639 3089 4709 persuadent:
3127 4648 3333 4707 utrum,
3366 4639 3459 4696 illo
3492 4640 3660 4696 inter-

2064 4732 2227 4797 fecto,
2262 4747 2378 4788 rem
2421 4731 2640 4802 publice
2663 4730 2881 4787 edicere
2926 4730 3198 4799 timeant,
3259 4747 3330 4786 an
3359 4746 3427 4787 eo
3460 4730 3656 4788 alicubi

2061 4825 2336 4881 occultato
2365 4823 2645 4888 redierint,
2697 4822 2840 4877 fama
2889 4823 2959 4879 de
2988 4823 3110 4893 ejus
3143 4822 3296 4879 obitu
3325 4837 3544 4894 sparsa,
3598 4832 3659 4878 ut

2063 4916 2247 4989 populi
2293 4932 2424 4989 erga
2472 4930 2600 4972 eum
2631 4916 2873 4972 studium
2925 4916 3202 4973 sedarent.
3260 4914 3426 4973 Certe
3462 4914 3511 4971 si
3566 4914 3656 4971 ille

2129 5095 2194 5164 (i)
2240 5096 2383 5153 Dicit
2417 5092 2725 5165 Honorium
2758 5094 2938 5165 Aimp.,
2971 5095 3131 5163 cujus
3168 5094 3529 5165 vehementes
3560 5092 3657 5165 lit-

2060 5162 2191 5223 tera:
2227 5168 2292 5222 ad
2327 5165 2552 5220 fratrem
2591 5162 2887 5219 Arcadium
2921 5166 2989 5221 de
3020 5162 3133 5221 tota
3176 5164 3267 5220 illa
3291 5162 3550 5223 tragmdia
3602 5162 3660 5218 in

2057 5233 2634 5321 cau‘saCbrysostomi
2684 5244 2902 5291 exstant
2936 5237 3101 5292 etiam
3151 5243 3299 5291 tomo
3326 5233 3397 5290 Ill
3427 5248 3661 5304 operum

2058 5323 2111 5378 μ’
2132 5307 2377 5448 aﬂlirat
2409 5378 2502 5433 hic
2528 5377 2852 5435 Valerianus
2875 5376 3126 5432 militaris
3151 5373 3391 5448 dux,__vel
3421 5371 3658 5448 Optatns

2059 5444 2213 5504 urbis
2242 5448 2563 5521 praefectus,
2592 5450 2660 5505 de
2699 5463 2942 5521 quorum
2981 5448 3244 5521 alterutro
3276 5444 3662 5521 iiartyriu§__in

2067 5514 2599 5603 parte'laudationis
2642 5514 2845 5574 amissa
2891 5517 3120 5573 dixerat.
3178 5515 3256 5572 De
3299 5515 3386 5573 bis
3417 5514 3490 5573 in
3535 5514 3663 5573 Vita

2069 5590 2442 5661 Cbrysostomi

2245 5662 2394 5744 .Lege
2414 5660 2730 5746 ‘l’alladium
2775 5674 2892 5729 cap.
2924 5658 3015 5725 20,
3051 5673 3156 5715 nec
3184 5675 3293 5717 non

3330 5659 3525 5716 citatas
3547 5655 3656 5714 llos

2071 5732 2214 5789 norii
2243 5732 2375 5804 imp.
2414 5733 2649 5788 litteras.
3326 5756 3341 5771 κ
