4018 6408
251 303 372 346 ιιιι(

249 409 432 465 adhuc
465 408 742 479 superest,
771 423 874 464 nos
897 409 988 478 qui
1028 423 1217 465 sumus
1247 423 1367 481 eius
1391 409 1588 467 fratres
1627 411 1840 468 videbi-

250 515 373 556 mus
403 499 702 570 aliquando
731 498 1030 572 Josephum
1063 501 1116 556 in
1145 503 1344 558 throno
1367 504 1650 560 sedentem
1673 504 1838 568 (Gen.

250 605 419 657 mn,
451 590 521 646 26
583 590 754 662 sqq.)
813 600 869 647 et
923 591 1220 662 spiritalem
1260 593 1573 649 alimoniam
1629 597 1842 650 cunctis

252 683 620 751 praebentem:
654 682 737 737 sin
771 683 817 738 is
843 699 1033 754 reapse
1055 683 1124 740 ad
1149 700 1334 740 veram
1362 687 1528 742 vitam
1558 685 1838 759 migravit,

256 791 419 852 atque
445 777 511 832 ad
535 784 851 847 exoptatum
863 775 1141 831 Christum
1166 779 1425 848 perrexit,
1451 779 1718 834 habemus
1744 795 1842 849 pro

253 873 418 928 nobis
465 871 885 926 intercessorem
919 877 1230 941 martyrem.
1285 869 1401 927 Hoc
1455 880 1684 942 accepto
1739 871 1841 927 sibi

255 970 410 1035 grato
454 960 646 1015 nuntio
687 955 964 1031 (Atticus),
1017 959 1295 1030 voluptate
1349 976 1556 1033 augens
1599 961 1845 1031 corporis

259 1055 648 1118 tumiditatem,
682 1053 868 1108 induta
903 1053 1254 1124 benignitatis
1305 1055 1506 1124 specie,
1551 1055 1717 1126 ccepit
1748 1071 1846 1126 per

258 1162 452 1204 omnes
511 1161 863 1211 concursare,
917 1144 1103 1200 fovere
1162 1161 1226 1200 ac
1281 1146 1512 1202 delinire
1567 1163 1842 1212 sermone,

259 1253 396 1308 quos
422 1252 590 1306 opere
618 1237 958 1302 laniaverat;
1013 1239 1300 1310 pecuniam
1349 1239 1724 1314 indigentibus
1751 1253 1847 1298 aut

260 1327 615 1398 poscentibus
638 1328 787 1386 dare.
819 1329 1048 1400 genibus
1069 1333 1259 1386 eorum
1287 1334 1500 1390 advolvi
1529 1351 1592 1390 ac
1632 1336 1843 1407 suppli-

261 1439 405 1489 care,
438 1423 636 1493 quibus
662 1422 800 1478 nihil
831 1423 978 1479 aliud
1005 1425 1252 1496 praebere
1281 1442 1341 1482 se
1369 1443 1532 1498 posse
1562 1429 1841 1493 credebat,

261 1526 460 1584 rogans
488 1527 686 1581 nempe
739 1518 803 1566 nt
835 1513 1044 1582 justum
1079 1515 1344 1570 adversus
1382 1532 1442 1572 se
1471 1517 1657 1573 odium
1689 1517 1847 1574 omit-

264 1607 462 1663 tercnt,
494 1607 552 1654 et
576 1601 760 1672 iniqua
790 1617 976 1658 secum
1004 1603 1238 1660 amicitia
1267 1607 1498 1663 coirent.

337 1693 387 1746 ὃ.
416 1693 530 1766 Ego
561 1710 690 1752 vero
718 1695 894 1766 ipsum
923 1697 1003 1752 sic
1049 1698 1284 1754 libenter
1321 1699 1627 1770 alloquerer
1661 1719 1672 1754 :
1703 1699 1745 1754 0
1769 1708 1849 1773 ty-

264 1803 453 1850 rannc,
481 1788 682 1844 videris
711 1789 858 1844 enim
915 1791 1086 1857 mihi,
1148 1801 1373 1864 propter
1423 1809 1482 1848 ea
1547 1810 1666 1864 qua:
1713 1795 1844 1867 agis,

266 1881 368 1936 hac
419 1881 785 1950 appellatione
835 1884 1090 1956 gaudere,
1131 1900 1238 1956 qua
1291 1887 1573 1943 oculorum
1624 1888 1848 1944 audacia

267 1972 593 2029 medicinam
623 1973 785 2031 aﬂers
813 1976 1130 2034 vulneribus
1175 1996 1295 2050 quae
1331 1981 1449 2052 ipse
1487 1980 1714 2037 fecisti?
1764 1983 1850 2037 vel

268 2067 537 2136 quomodo
590 2083 692 2139 pro
748 2075 844 2124 tuo
889 2071 1141 2127 adulandi
1195 2089 1367 2140 more,
1431 2074 1636 2130 idcirco
1689 2085 1849 2131 antea

271 2158 506 2228 iniurius
563 2159 738 2226 fuisti,
791 2169 852 2216 ut
897 2162 1094 2219 deinde
1146 2164 1380 2222 haberes
1418 2167 1476 2221 in
1521 2181 1630 2236 quo
1679 2175 1851 2222 artem

270 2257 417 2304 tuam
439 2251 770 2307 exerceres?
801 2253 944 2308 haud
973 2254 1132 2310 aliter
1160 2272 1324 2326 quam
1374 2257 1422 2313 si
1451 2257 1576 2328 quis
1605 2257 1854 2314 medicus

270 2342 630 2413 plurimarum
663 2345 962 2401 herbarum
991 2347 1346 2417 emplastrum
1376 2349 1598 2406 sinistra
1628 2365 1850 2422 gerens,

273 2434 495 2488 dextera
530 2435 750 2491 interim
809 2453 974 2492 manu
1008 2439 1289 2495 hominem
1337 2441 1487 2498 clava
1522 2451 1851 2514 percuteret,

272 2523 630 2596 diceretque:
680 2527 832 2584 Bono
867 2529 1049 2585 animo
1099 2539 1246 2597 esto,
1305 2533 1666 2600 charissime;
1726 2550 1854 2590 nam

275 2617 486 2673 medela
515 2619 648 2674 mihi
673 2619 728 2675 in
759 2622 1015 2678 manibus
1043 2629 1148 2678 est.
1180 2623 1247 2678 At
1277 2625 1446 2692 enim,
1491 2634 1639 2682 recte
1669 2626 1856 2682 admo-

275 2712 402 2768 dum
437 2713 527 2769 ille
558 2715 912 2786 responderet
937 2735 950 2771 :
975 2715 1020 2774 Ο
1049 2718 1308 2788 pessime,
1340 2735 1440 2775 cur
1463 2721 1603 2776 mihi
1629 2721 1858 2778 medela:

275 2806 657 2862 necessitatem
683 2807 970 2880 imponis?
1002 2809 1112 2866 Cur
1139 2821 1322 2868 autem
1361 2812 1458 2868 tibi
1499 2813 1698 2868 inﬁrmi
1733 2830 1858 2870 eor-

279 2898 426 2968 poris
450 2914 635 2955 curam
666 2901 1024 2966 committam,
1052 2903 1144 2974 qui
1171 2920 1365 2959 sanum
1393 2921 1516 2960 cum
1554 2905 1855 2970 inveneris,

279 2998 386 3045 tam
415 2993 556 3048 male
589 2991 817 3050 affecisti
838 2991 862 3047 ?
884 2995 1016 3050 Mihi
1044 3011 1174 3068 ergo
1199 2996 1454 3052 videntur
1483 2997 1558 3050 illi
1585 2998 1858 3063 homines,

281 3085 371 3154 qui
395 3095 622 3156 propter
681 3087 824 3142 beati
863 3089 969 3144 viri
996 3089 1207 3145 obitum
1259 3090 1326 3146 ad
1382 3091 1576 3145 horum
1613 3106 1862 3146 commu—

280 3177 500 3232 nionem
527 3179 812 3246 accedunt,
853 3189 909 3236 et
945 3196 1041 3237 eos
1085 3183 1294 3253 pridem
1332 3183 1399 3238 ad
1453 3183 1654 3240 caedem
1688 3184 1865 3255 impu-

282 3269 430 3334 lisse,
460 3279 628 3342 atque
657 3273 712 3328 id
757 3285 1006 3343 posteros
1055 3291 1247 3332 omnes
1301 3277 1520 3341 docere,
1559 3276 1864 3347 cuiusmodi

283 3363 342 3416 in
372 3361 476 3418 hac
503 3363 612 3418 vita
637 3364 838 3420 multos
888 3366 1154 3423 exsistere
1193 3367 1352 3424 facile
1384 3369 1601 3435 accidit,
1635 3376 1697 3424 ut
1740 3383 1867 3424 cum

283 3452 558 3508 voluerint
593 3455 803 3524 justum
834 3457 1118 3514 hominem
1147 3460 1441 3530 expellere,
1475 3469 1533 3516 et
1562 3476 1687 3516 cum
1719 3460 1868 3516 cala-

287 3545 448 3601 mitas
476 3547 654 3616 aliqua
687 3563 820 3604 oves
847 3550 1186 3622 disperserit,
1221 3553 1472 3623 protinus
1505 3553 1654 3608 illum
1693 3553 1866 3608 inter-

287 3637 496 3704 ﬁciant,
531 3649 589 3694 ut
619 3640 815 3696 eodem
853 3643 1066 3698 excidio
1092 3643 1343 3702 irretiant
1385 3646 1546 3700 ovile.
1595 3645 1738 3712 Quid
1767 3645 1866 3712 ais,

288 3744 322 3782 ο
349 3727 558 3784 homo?
583 3728 703 3785 Non
735 3733 1153 3788 communica’sti
1184 3735 1450 3792 hactenus
1496 3745 1722 3806 prOpter
1761 3735 1870 3790 ini-

287 3821 577 3890 quitatem,
618 3839 769 3880 nunc
806 3835 931 3896 post
983 3827 1186 3882 caadem
1243 3829 1658 3897 communicas,
1717 3829 1871 3899 quasi

288 3918 470 3974 cmdes
497 3917 838 3989 iniquitatem
864 3921 1224 3994 purgaverit?
1264 3922 1406 3978 Num
1435 3920 1745 3980 Jezabelem
1779 3939 1874 3978 us-

291 4025 400 4080 que
429 4010 494 4065 ad
531 4011 702 4066 vineas
751 4012 996 4082 rapinam
1032 4012 1217 4076 odisti,
1252 4021 1542 4084 postquam
1567 4023 1754 4070 autem
1786 4015 1876 4070 illa

292 4101 602 4177 Nabuthem
633 4101 929 4169 interfecit,
961 4102 1114 4172 quasi
1156 4102 1249 4158 hic
1277 4102 1504 4169 viveret,
1535 4103 1721 4160 odium
1754 4117 1878 4158 sce—

294 4192 446 4249 lestae
477 4192 692 4250 feminae
719 4194 1019 4250 remisisti?
1067 4194 1175 4267 (III
1199 4194 1326 4266 Reg.
1354 4209 1464 4260 xxi,
1499 4195 1535 4249 2
1563 4193 1704 4266 sqq.)
1737 4194 1878 4260 Quid

297 4301 429 4356 ergo
460 4300 706 4357 agemus,
743 4286 918 4352 aiunt,
964 4295 1183 4341 mortuo
1221 4287 1333 4356 jam
1374 4286 1640 4344 homine?
1671 4287 1880 4357 EXspe-

297 4386 468 4440 ctare,
499 4378 761 4447 inquam,
817 4387 1034 4450 oportet
1059 4377 1268 4448 justum
1321 4377 1524 4434 Christi
1575 4378 1877 4448 judicium,

299 4469 444 4538 quod
473 4468 692 4538 quidem
724 4468 842 4524 sine
867 4469 1034 4525 dubio
1055 4477 1384 4524 eventurum
1423 4484 1586 4524 nemo
1614 4468 1878 4539 ambigat:

301 4557 503 4614 etenim
531 4560 675 4614 haud
709 4561 963 4618 humanas
990 4561 1118 4616 vitae
1147 4560 1418 4626 terminis,
1456 4577 1640 4616 rerum
1668 4575 1885 4630 quoque

304 4650 466 4706 ﬁnem
499 4651 825 4708 concludere
861 4653 1127 4708 Dominus
1167 4654 1334 4710 solet:
1386 4665 1575 4710 contra
1606 4655 1790 4724 potius
1819 4653 1886 4708 ab

306 4743 421 4812 ipsa
449 4757 636 4800 rerum
665 4745 1048 4816 desperatione
1079 4745 1296 4801 initium
1344 4762 1564 4802 sumere
1595 4765 1609 4814 ;
1642 4747 1694 4803 id
1742 4747 1888 4819 quod

306 4833 612 4890 divinarum
640 4835 1046 4907 Scripturarum
1074 4835 1394 4892 testimonio
1419 4836 1774 4894 conﬁrmabo.

379 4927 432 4980 6.
457 4925 820 4983 Devoraverat
849 4927 978 4982 olim
1015 4926 1316 4998 Josephum
1355 4929 1496 4984 mala
1541 4928 1678 4995 fera,
1727 4937 1894 5000 prout

309 5016 539 5073 fratrum
574 5019 720 5089 apud
752 5027 962 5090 patrem
989 5019 1292 5076 afﬁrmabat
1319 5021 1490 5077 oratio
1511 5020 1672 5091 (Gen.
1696 5033 1896 5086 xxxvii,

311 5111 426 5177 55).
452 5113 572 5166 Jam
595 5127 726 5167 vero
749 5112 850 5168 hos
875 5112 966 5182 qui
995 5113 1152 5168 aliter
1171 5113 1438 5180 dixerant,
1466 5112 1625 5170 aliter
1648 5109 1890 5185 egerant,

313 5203 564 5260 subditos
593 5203 784 5259 habuit
809 5203 1103 5274 Josephus,
1154 5218 1321 5273 seque
1349 5203 1642 5260 adorantes
1667 5219 1898 5274 eonSpe-

313 5295 414 5363 xit,
449 5304 506 5353 et
542 5295 881 5352 somniorum
934 5304 1186 5352 veterum
1235 5295 1746 5366 interpretationem
1797 5311 1895 5350 eit-

321 5491 358 5538 ι.
392 5481 508 5552 ΧΠ,
533 5496 587 5550 p.
621 5479 995 5552 416.7etseqq.
1018 5479 1325 5552 Defendere
1355 5478 1605 5552 nituntur
1634 5477 1901 5533 Boschius

317 5553 422 5608 loc.
453 5549 548 5606 cit;
580 5560 640 5606 et
659 5549 996 5607 Bollandiani
1025 5553 1090 5608 ad
1117 5551 1261 5607 diem
1289 5551 1321 5605 8
1346 5549 1609 5604 Januarii.

392 5621 466 5692 (ρ)
497 5621 599 5692 Ani
627 5620 856 5677 fortasse
905 5639 1004 5692 pro
1035 5621 1234 5677 πάλινῖ
1284 5619 1441 5676 Tune
1490 5619 1639 5676 dicas
1680 5628 1776 5674 :et
1820 5637 1905 5676 eos

321 5689 504 5747 nam
531 5691 603 5762 ad
629 5692 824 5762 aedem
862 5689 1146 5762 impellere.

397 5762 472 5834 (ά)
503 5761 644 5818 Num
665 5778 766 5832 pro
796 5761 1140 5834 λυπήσαντες
1157 5763 1409 5836 ποιμένα,
1435 5761 1912 5834 διασπεῖραι,ρῑς.7

1376 289 1466 346 DE
1503 291 1560 348 S.
1599 290 1870 348 JOANNE
1903 291 2440 355 CHRYSOSTOMO.

3497 326 3530 372 ι.

1951 422 2134 482 pcrtos
2167 415 2316 488 (Gen.
2352 433 2504 480 xun,
2537 419 2650 488 26).
2686 418 2808 490 Ipse
2831 429 3036 484 autem,
3063 431 3186 492 post
3210 423 3472 482 creditam
3499 442 3530 485 a

1951 513 2104 574 patre
2134 522 2348 574 necem,
2391 509 2554 582 regiis
2579 511 3055 584 eurribuslugenti
3088 516 3328 572 occurrit
3360 517 3529 588 (Gen.

1949 611 2096 660 χιιι,
2129 596 2264 667 29).
2296 599 2416 654 Mox
2444 600 2533 656 hic
2561 601 2702 658 idem
2737 602 3008 673 Iosephus
3043 607 3286 664 moriens
3322 609 3536 666 univer-

1952 702 2068 742 sam
2090 704 2244 744 suam
2269 693 2672 764 cognationem,
2691 709 2890 766 magno
2909 711 3142 754 numero
3161 698 3272 769 jam
3294 709 3532 766 auctam,

1952 777 2149 833 durum
2207 781 2482 852 Egyptiis
2560 783 2844 840 servitium
2909 773 3234 844 servituram
3317 775 3536 860 reliquit

1955 868 1972 936 (
2003 867 2171 923 Exod.
2202 888 2298 936 vn,
2333 875 2366 926 6
2403 872 2581 945 sqq.).
2607 873 2792 946 Neque
2821 884 3240 949 tamenpmpter
3266 881 3386 950 eius
3417 881 3538 938 obi-

1953 967 2066 1013 tum
2098 961 2369 1032 quispiam
2425 963 2668 1022 Israelita
2723 967 2902 1024 factus
2949 979 3034 1026 est
3080 971 3388 1044 Egyptius.
3440 976 3538 1030 sed

1951 1051 2230 1123 aliquanto
2285 1055 2629 1126 perferentes
2684 1061 2969 1116 servitium
3023 1069 3291 1135 tempore,
3341 1066 3539 1138 Moysis

1952 1157 2122 1213 opera
2149 1144 2206 1198 in
2233 1147 2734 1216 splendidissimam
2770 1152 3080 1208 libertatem
3107 1156 3365 1211 vindicati
3417 1158 3539 1212 fuc-

1952 1241 2122 1300 runt;
2167 1242 2223 1288 et
2251 1235 2343 1306 qui
2379 1246 2540 1294 antea
2572 1256 2643 1296 ne
2688 1243 2958 1312 respirare
2993 1245 3212 1314 quidem
3262 1248 3363 1302 sub
3396 1249 3544 1304 labo-

1951 1323 2107 1382 ribus
2139 1337 2416 1398 poterant,
2447 1333 2644 1389 deinde
2677 1335 2758 1390 eis
2785 1337 3039 1392 universa
3069 1346 3318 1394 creatura
3367 1340 3542 1396 servi-

1951 1419 2052 1485 vit,
2085 1421 2214 1476 dum
2253 1425 2512 1482 videlicet
2553 1427 2825 1499 benignus
2865 1429 3012 1485 Deus
3046 1433 3322 1502 gressibus
3351 1449 3542 1489 eorum

1953 1527 2104 1569 mare
2135 1524 2390 1586 tanquam
2425 1529 2625 1574 terram
2653 1521 2940 1586 exhibuit;
2970 1523 3283 1579 sitientibus
3328 1525 3543 1580 deserta

1953 1615 2010 1661 et
2072 1608 2332 1679 inaquosa
2400 1612 2516 1668 loca
2579 1613 2801 1686 pelagus
2855 1615 3080 1682 ellecit;
3153 1617 3263 1672 cibi
3331 1618 3544 1688 cupidis

1953 1715 2150 1770 panem
2172 1702 2224 1756 in
2242 1703 2397 1759 caelis
2412 1705 2750 1762 elaboratum
2770 1708 2979 1778 depluit
3001 1709 3192 1781 (Exod.
3216 1727 3304 1776 xv,
3325 1713 3348 1766 l
3371 1713 3539 1782 sqq.).

1958 1789 2059 1844 His
2085 1807 2250 1861 porro
2269 1809 2447 1864 neque
2465 1795 2679 1860 urbem,
2709 1812 2888 1866 neque
2909 1796 3109 1863 forum,
3140 1813 3321 1868 neque
3351 1800 3547 1858 domos

1957 1880 2139 1936 adhuc
2167 1882 2517 1950 habentibus,
2557 1885 2654 1940 sed
2687 1887 2746 1940 in
2772 1893 2927 1941 vasta
2953 1901 3140 1941 eremo
3172 1889 3348 1958 gregis
3372 1889 3548 1944 instar

1957 1972 2138 2026 adhuc
2167 1975 2532 2039 versantibus,
2570 1975 2680 2030 dux
2725 1976 2912 2047 populi
2974 1976 3188 2049 Moyses
3246 1979 3314 2034 ad
3361 1989 3547 2050 patres

1959 2080 2088 2120 suos
2115 2066 2427 2136 apponitur.
2461 2067 2604 2134 Quid
2647 2083 2779 2139 ergo
2821 2069 2910 2126 his
2952 2071 3222 2142 agendum
3270 2081 3408 2137 erat,
3453 2072 3548 2142 qui

1958 2172 2058 2227 per
2092 2157 2312 2230 Moysen
2339 2159 2662 2230 promissam
2691 2163 3084 2232 exspectabant
3131 2179 3328 2234 capere
3369 2165 3546 2218 haere-

1960 2247 2184 2303 ditatem
2213 2249 2398 2304 ?Num
2428 2249 2481 2304 in
2514 2249 2833 2322 Egyptum,
2866 2252 2954 2307 die
2981 2252 3136 2317 mihi,
3165 2252 3548 2322 desperatione

1959 2339 2347 2395 redeundum?
2399 2341 2472 2397 At
2531 2353 2680 2400 certe
2736 2344 2950 2400 illorum
3007 2346 3292 2400 stultitiam
3341 2345 3550 2401 risisset

1959 2429 2158 2501 Moysis
2187 2431 2242 2486 in
2277 2448 2506 2490 munere
2535 2450 2822 2493 successor
2852 2437 3037 2503 Josue,
3079 2437 3170 2508 qui
3213 2437 3550 2508 alienigena-

1963 2540 2081 2579 rum
2115 2526 2279 2581 u‘bes
2305 2527 2578 2586 moenibus
2604 2532 2967 2586 communitas
2995 2531 3160 2600 cepit,
3199 2531 3362 2586 modo
3389 2531 3552 2586 tuba—

1964 2634 2085 2672 rum
2133 2620 2314 2674 sonitu
2371 2620 2502 2692 (Jos.
2545 2637 2620 2687 vt,
2655 2622 2680 2676 l
2715 2637 2833 2692 sqq.
2858 2621 2900 2694 ),
2931 2623 3094 2677 modo
3143 2621 3552 2692 exspectatione

1965 2714 2344 2768 tantummodo
2369 2715 2454 2770 vel
2496 2715 2826 2784 pnesentia:
2878 2715 3115 2784 denique
3153 2722 3210 2770 et
3257 2715 3552 2769 nonnullos

1965 2802 2104 2859 vidit;
2131 2804 2430 2860 artiﬁciosa.
2451 2804 2644 2865 fraude
2677 2815 2917 2872 utentes,
2949 2815 3012 2862 ut
3039 2815 3354 2877 spontaneae
3379 2805 3554 2862 servi-

1967 2895 2102 2950 tutis
2124 2895 2314 2966 jugum
2346 2896 2615 2953 subirent.

2041 2991 2090 3044 7.
2121 2989 2266 3043 Elias
2301 2989 2591 3060 aliquando
2621 2990 2802 3046 aiebat
2829 2991 3006 3047 solum
3037 3007 3097 3047 se
3141 2991 3390 3046 relictum
3442 2990 3557 3062 (qui

1969 3081 2082 3136 Deo
2111 3083 2402 3151 serviret),
2437 3097 2670 3152 moxque
2703 3083 2904 3152 reperit
2929 3091 3152 3138 centum
3177 3085 3476 3154 prophetas
3499 3084 3558 3138 in

1971 3175 2248 3244 speluncis
2275 3175 2543 3242 viventes,
2589 3176 2908 3245 audivitque
2960 3177 3269 3231 Dominum
3305 3176 3408 3231 sibi
3471 3177 3560 3232 di-

1971 3276 2187 3324 centem
2215 3285 2229 3320 :
2261 3266 2485 3340 Reliqua
2520 3267 2648 3320 mihi
2680 3267 2778 3337 feci
2806 3281 2899 3320 sea:
2929 3265 3100 3320 millia
3146 3267 3436 3330 hominum,
3469 3268 3561 3336 qui

1971 3376 2108 3431 genu
2137 3358 2296 3413 Βααιὶ
2323 3375 2424 3412 non
2453 3360 2712 3428 ﬂexerunt
2745 3355 2852 3427 (III
2882 3358 3012 3430 Reg.
3047 3375 3160 3424 χιχ,
3196 3359 3304 3426 l8).
3338 3359 3562 3414 Postre-

1974 3467 2068 3517 mo
2095 3451 2210 3521 ipse
2227 3465 2390 3521 curru
2407 3451 2500 3506 illo
2523 3465 2846 3517 conscenso,
2865 3450 3148 3522 igneisque
3176 3449 3276 3506 alis
3293 3451 3347 3505 in
3365 3451 3563 3506 emtum

1975 3543 2186 3607 volans,
2217 3543 2475 3600 Elisaaum
2505 3543 2718 3608 habuit,
2757 3543 2852 3614 qui
2881 3545 2934 3598 in
2967 3559 3026 3600 se
3055 3543 3228 3598 Eliam
3261 3558 3566 3612 repraesen-

1981 3633 2134 3698 tavit,
2165 3634 2276 3688 imo
2330 3634 2506 3703 major
2553 3634 2828 3690 interdum
2863 3635 3013 3690 visus
3062 3639 3167 3699 est,
3225 3641 3390 3703 prout
3450 3633 3566 3702 ipse

1979 3726 2188 3796 optavit
2217 3727 2313 3796 (IV
2347 3725 2472 3800 Reg.
2510 3745 2573 3794 ιι,
2609 3725 2706 3799 9).
2760 3727 2892 3784 Sine
2941 3727 3108 3783 dubio
3154 3742 3305 3782 nunc
3353 3740 3568 3796 quoque

1979 3821 2113 3876 latet
2145 3820 2348 3876 alicubi
2394 3821 2646 3886 Elisaeus,
2694 3820 2787 3892 qui
2824 3820 3004 3876 Patris
3044 3819 3283 3875 meloten
3323 3817 3566 3873 sustulit.

1982 3913 2146 3980 Quid,
2176 3930 2293 3979 oro,
2333 3914 2379 3969 si
2407 3923 2465 3968 tu
2517 3915 2605 3970 illa
2633 3919 2795 3970 aetate
2844 3913 3097 3978 vixisses,
3156 3927 3263 3982 qua
3311 3910 3570 3965 Servator

1983 4007 2256 4076 apparuit,
2285 4014 2448 4076 atque
2498 4007 2574 4062 ita
2625 4023 2751 4063 cum
2807 4006 3069 4076 apostolis
3119 4019 3366 4068 versans,
3417 4002 3568 4056 illum

1983 4099 2202 4167 quidem
2231 4098 2553 4154 cruciﬁxum
2583 4098 2840 4164 vidisses,
2887 4097 3238 4154 crueiﬁxores
3287 4103 3472 4148 autem
3520 4102 3570 4147 te

1985 4194 2285 4250 invitantes
2325 4193 2574 4248 audisses
2603 4203 2660 4248 et
2703 4192 3038 4248 assentando
3085 4189 3352 4252 dicentes,
3388 4187 3571 4241 omnia

1989 4293 2167 4342 morte
2194 4285 2505 4342 necessario
2527 4285 2695 4349 finiri,
2714 4300 2847 4338 num
2870 4283 2936 4338 ad
2959 4279 3252 4353 apostolos,
3275 4279 3362 4335 dic
3390 4279 3570 4343 sodes,

1989 4380 2256 4436 accedens
2285 4381 2538 4435 hortatus
2563 4393 2658 4434 eos
2686 4391 2858 4441 esses,
2892 4385 2954 4431 ut
2991 4374 3256 4445 Caipham
3307 4372 3575 4428 conveni-

1992 4483 2136 4540 rent,
2165 4481 2342 4530 actam
2373 4488 2487 4528 rem
2516 4471 2823 4534 laudarent,
2873 4467 3152 4523 dexteram
3181 4466 3326 4520 illam
3353 4463 3578 4521 christi-

1993 4567 2172 4623 cidam
2202 4564 2625 4624 oscularentur?
2655 4563 2785 4619 Sine
2817 4561 2987 4618 dubio
3027 4560 3132 4614 hoc
3161 4558 3268 4613 illis
3295 4573 3407 4612 non
3450 4571 3583 4626 per-

1995 4656 2303 4711 suasisses:
2341 4662 2395 4709 tu
2428 4670 2560 4710 vero
2599 4654 2704 4708 hoc
2744 4651 2888 4706 facto
2942 4649 3183 4722 Spiritus
3212 4649 3358 4702 dono
3411 4651 3582 4700 temet

1997 4746 2287 4818 privasses,
2321 4754 2378 4800 et
2407 4743 2714 4800 innumeris
2761 4743 2868 4796 illis
2911 4739 3088 4804 bonis,
3124 4755 3241 4810 qua:
3274 4753 3366 4791 nec
3397 4733 3578 4789 oculus

1997 4840 2146 4905 vidit,
2195 4855 2358 4910 neque
2415 4837 2562 4891 auris
2623 4834 2855 4899 audivit,
2918 4847 3083 4902 neque
3111 4831 3169 4884 in
3221 4844 3311 4882 cor
3358 4825 3582 4879 hominis

2000 4932 2343 4987 ascenderunt
2373 4929 2389 4999 (
2413 4929 2438 4983 I
2467 4927 2588 4984 Cor.
2617 4943 2677 4993 ιι,
2705 4927 2803 4998 9),
2859 4940 2980 4996 quae
3035 4921 3290 4979 videlicet
3337 4916 3582 4975 cruciﬁxi

2003 5017 2227 5076 donavit
2257 5015 2415 5072 nobis
2443 5016 2772 5086 benignitas.

2075 5109 2128 5164 8.
2160 5109 2293 5176 Quae
2320 5123 2444 5162 cum
2471 5107 2545 5162 ita
2570 5107 2700 5172 sint,
2731 5122 2802 5160 ne
2831 5121 2981 5160 nunc
3025 5102 3248 5173 quidem
3293 5101 3584 5168 desperare

2005 5201 2152 5264 licet,
2180 5201 2396 5264 fratres,
2428 5200 2496 5256 de
2527 5199 2623 5255 Dei
2647 5199 2868 5255 auxilio.
2897 5198 3006 5254 Sed
3028 5195 3339 5253 necessario
3356 5189 3587 5248 dicenda

2006 5294 2166 5349 nobis
2193 5303 2322 5350 sunt
2351 5295 2517 5349 verba
2556 5295 2858 5364 priscorum
2882 5287 3312 5346 adolescentium
3339 5284 3582 5346 illorum,

2083 5482 2153 5551 le)
2185 5481 2324 5538 Num
2355 5497 2455 5552 pro
2492 5478 2744 5552 μακρόνῖ

2087 5555 2150 5627 (ι’)
2189 5551 2521 5627 Gabaonitas
2548 5551 2699 5606 dieit.
3026 5611 3050 5627 _
3275 5607 3364 5627 IL
3403 5605 3503 5627 ,Μ

2087 5605 2720 5697 (paganum—ra,
2753 5632 2851 5689 pro
2887 5629 2996 5684 quo
3024 5611 3253 5668 fortasse
3275 5607 3367 5666 hic
3397 5605 3600 5664 dicitur

2017 5698 2046 5751 ὑ
2056 5693 2392 5759 πᾶλλάξαντε
2399 5709 2446 5758 ς.
