4018 6442
462 350 511 396 ιι
1585 328 1941 385 THEODORI
1983 329 2525 390 TRIMITHUNTINI
3672 353 3750 396 ιιι

461 455 734 523 οὐρανοῖς,
764 454 820 514 ὃς
850 453 997 505 ἐστιν
1030 449 1213 514 ἱκανὸς
1252 450 1492 523 τιμωρὸς
1540 452 1637 522 μὲν
1659 447 1910 520 γενέσθαι
1940 453 2052 516 τοῖς
2158 456 2357 528 καρδία
2398 456 2497 528 μὲν
2538 455 2619 508 ἔτι
2660 452 2785 509 καθ’
2816 452 2975 525 ἡμῶν
3014 452 3266 522 φονῶσα,
3297 452 3514 523 γλῶττα
3550 454 3608 509 δὲ
3655 454 3754 511 καὶ

465 546 695 609 ἀδίκοις,
720 542 1029 615 προστάτης
1049 540 1106 596 δὲ
1128 542 1230 615 τῆς
1265 542 1543 615 ἡμετέρας
1571 543 1794 614 ἀγέλης.
1824 544 1936 598 Καὶ
1959 544 2057 599 ἐὰν
2157 549 2282 621 χεὶρ
2301 548 2379 618 τῷ
2397 549 2490 603 τοῦ
2512 547 2722 603 δικαίου
2749 564 2810 601 τε
2839 547 2936 601 καὶ
2957 545 3067 600 τῶν
3090 544 3301 601 ἐκείνου
3323 546 3532 603 παίδων
3554 548 3755 620 αἵματι

470 640 566 710 μὴ,
586 635 824 707 γνωστὸν
844 632 986 689 ἐστω
1008 636 1175 690 πᾶσιν
1197 635 1529 707 ἀνθρώποις,
1551 637 1633 691 ὅτι
1657 636 1883 708 οὐδεμία
1904 636 2058 691 ἔσται
2159 640 2552 713 πεφοινιγμένη
2587 641 2681 713 (ὁ).
2726 638 2889 705 Ἀλλ’,
2916 632 2961 692 ὦ
2987 637 3259 711 θαυμάσιε
3287 639 3495 713 Πάτερ.
3523 639 3752 696 Mm“

467 727 723 785 κοινωνία
755 725 1093 796 φονευθεῖσιν
1140 726 1453 801 ἀνθρώποις
1506 728 1644 795 μετὰ
1685 728 1796 783 τῶν
1840 729 2059 784 ἀνελόν-
2159 732 2259 788 καὶ
2298 732 2624 787 κατευοδοῦ
2662 731 2760 786 καὶ
2788 731 3112 797 βασίλευε,
3162 731 3258 786 καὶ
3296 731 3406 786 τῶν
3457 731 3756 804 βασιλικῶν

466 808 604 874 των(
624 818 758 872 Οὐδὲ
785 816 1090 891 ἀνεξόμεθα
1120 821 1405 889 προσιέναι
1431 819 1594 892 θυσίᾳ
1619 820 1719 893 (α),
1744 821 1812 892 ἢν
1836 821 2061 892 ἐποίησε
2160 825 2342 880 αὐλῶν
2369 825 2617 881 ἐπίϐαινε
2640 825 2733 879 τοῦ
2756 822 3016 898 Χριστοῦ.

536 929 612 1011 (ᾳ)
644 928 902 1011 intelligit
929 933 1372 1011 communionem
1403 934 1459 988 in
1502 933 1726 1001 divinis,
1763 934 1818 990 id
1865 943 1949 991 est
1985 934 2040 988 in
2072 949 2225 992 sacra
2255 937 2493 1011 liturgia,
2529 953 2654 994 cum
2684 936 3011 992 adversariis
3036 934 3431 1007 Chrysostomi.

535 998 606 1072 (b)
637 998 770 1055 Cod.
806 998 1056 1070 πεφοινιγ
1064 1002 1259 1071 μένων.

2928 1128 3077 1139 __.__...
3097 1132 3106 1136 .
3126 1127 3720 1140 .—._‘._.__.—...———

2522 1130 2922 1144 σμ’-..νυ

466 1137 531 1147 ν..-

844 1138 927 1145 δ...

934 1137 1193 1144 -μ-α

1198 1138 1480 1146 ._—._———

1848 1137 1990 1145 -———

1488 1137 1844 1149 ——-——-—-'-'

3121 1146 3434 1159 ——

1145 1288 1503 1384 MONITUM
1545 1289 1626 1350 IN
1670 1288 2013 1360 SEQUENS
2055 1285 2445 1347 THEODORI
2482 1281 3079 1345 TRIMITHUNTINI

538 1457 577 1510 Α
615 1457 873 1512 Theodoro
911 1456 1275 1512 Trimithuntis
1303 1457 1360 1510 in
1407 1454 1578 1527 Cypro
1611 1454 1788 1509 insula
1820 1455 2059 1525 episcopo
2161 1453 2298 1505 hunc
2325 1451 2615 1505 invenimus
2643 1450 2699 1503 in
2726 1451 2973 1504 maximtr
2995 1449 3146 1505 molis
3160 1452 3333 1507 codice
3358 1450 3611 1507 Vaticano
3628 1453 3757 1519 866.

465 1551 721 1619 scriptam
737 1550 844 1604 divi
867 1547 1217 1619 Chrysostomi
1241 1548 1414 1603 Vitam
1443 1548 1588 1617 apud
1607 1564 1662 1602 se
1688 1547 1897 1613 habere,
1926 1547 2058 1601 dixit
2161 1542 2355 1597 sa'culo
2378 1543 2586 1596 circiter
2610 1559 2705 1597 xm
2731 1543 2949 1613 scripto,
2977 1550 3025 1595 et
3041 1542 3262 1612 fortasse
3288 1544 3432 1612 apud
3462 1560 3555 1599 nos
3581 1545 3758 1609 unico.

466 1641 695 1696 Allatius
727 1642 783 1694 in
818 1640 1078 1707 Diatriba,
1120 1657 1174 1711 p.
1209 1642 1331 1707 171,
1360 1658 1414 1694 n.
1447 1638 1579 1706 CVI,
1622 1640 1866 1710 idemque
1900 1656 2059 1708 opus-

466 1732 643 1788 culum
688 1744 1185 1787 commemoraverat
1245 1734 1408 1788 etiam
1450 1735 1508 1787 in
1560 1732 1671 1787 alia
1716 1731 1947 1786 diatriba
1983 1730 2060 1786 De

469 1825 832 1888 Simeonibus,
865 1842 918 1894 p.
940 1826 1026 1881 81.
1053 1823 1178 1880 Jam
1207 1834 1254 1880 et
1283 1826 1589 1897 Lequinius,
1612 1824 1709 1880 Or.
1734 1824 1859 1889 Οιι.,
1896 1833 1938 1878 t.
1972 1822 2051 1888 II,

467 1917 555 1971 ubi
583 1917 649 1971 de
679 1916 838 1988 Cypri
868 1918 1122 1988 episcopis
1144 1917 1243 1972 col.
1277 1918 1434 1982 1071,
1463 1920 1600 1972 hanc
1629 1916 1878 1971 Theodori
1908 1915 2059 1969 lucu-

466 2009 759 2063 brationem
811 2011 867 2062 in
910 1997 1085 2063 codice
1142 2008 1305 2080 Regio
1353 2008 1652 2063 Parisiensi
1695 2008 1835 2062 1855
1873 2015 2060 2061 narrat

467 2107 695 2153 exstare.
716 2098 1139 2170 Mantfauconius
1166 2097 1293 2151 item
1323 2094 1843 2161 Biblioth.Coislin.,
1859 2111 1912 2166 p.
1936 2094 2057 2160 195,

466 2190 596 2245 uidit
625 2192 862 2246 eamdem
895 2192 951 2245 in
969 2192 1145 2246 codice
1174 2191 1297 2257 121,
1316 2198 1374 2245 ut
1393 2198 1618 2260 apparet
1649 2205 1714 2244 ex
1735 2189 2063 2259 initio.quod

469 2291 646 2335 tamen
682 2282 796 2335 sine
823 2281 1054 2336 auctoris
1085 2281 1295 2335 nomine
1334 2281 1541 2335 recitat.
1578 2278 1819 2349 Bigotius
1841 2278 2063 2349 denique

469 2372 523 2424 in
572 2370 893 2442 Praefatione
923 2371 995 2425 ad
1035 2370 1276 2427 Palladii
1304 2372 1585 2445 Dialogum
1609 2388 1713 2427 non
1750 2371 1865 2442 ejus
1892 2370 2063 2426 solum

470 2462 727 2526 meminit,
750 2462 842 2518 sed
870 2470 921 2518 et
945 2463 1148 2535 aliquot
1177 2480 1356 2519 uersus
1385 2465 1562 2534 refert,
1592 2466 1648 2519 in
1680 2463 2064 2533 Montfauconii

467 2568 685 2622 operum
717 2552 1069 2625 Chrysostomi
1091 2555 1319 2610 editione
1351 2565 1388 2609 t.
1414 2553 1573 2620 XIII,
1599 2554 1786 2628 Prwf.,
1805 2571 1858 2625 p.
1887 2553 1942 2621 9,
1976 2555 2064 2609 ubi

469 2658 646 2698 tamen
700 2647 941 2701 mendose
984 2647 1163 2702 scribit
1214 2645 1532 2718 καταξιωθῇ
1575 2662 1671 2715 pro
1720 2644 2063 2716 κατηξιώθη,

470 2738 587 2807 ἦτοι
616 2754 712 2806 pro
738 2732 913 2802 οὗτος,
944 2742 1035 2794 sed
1082 2747 1262 2794 tamen
1285 2738 1475 2794 melius
1502 2738 1561 2802 ὃς
1585 2755 1682 2809 pro
1703 2738 1798 2802 ὡς,
1834 2747 1882 2792 et
1908 2736 2059 2791 ἐνδε-

468 2833 796 2901 καμηνιαῐον
850 2848 947 2903 pro
996 2831 1413 2905 ἐνδεκαμήνεον.
1472 2830 1793 2887 Vocabulum
1837 2831 2060 2902 denique

470 2919 863 2985 κατάκλειστος
889 2922 1035 2993 apud
1057 2921 1324 2994 Bigotium
1345 2923 1410 2977 de
1438 2917 1600 2977 cauta
1628 2923 1799 2991 potius
1821 2932 1870 2977 et
1898 2939 2057 2992 spon-

470 3020 629 3065 tanea
685 3011 948 3079 Palladii,
998 3024 1166 3070 metus
1215 3030 1369 3086 ergo,
1402 3013 1691 3069 inclusione
1745 3014 2059 3087 intelligitur

469 3121 631 3175 quam
654 3106 719 3160 de
743 3122 971 3163 carcere.

539 3195 708 3252 Porro
738 3198 810 3253 ad
824 3209 1092 3254 auctorem
1120 3202 1258 3271 quod
1279 3202 1488 3266 attinet,
1520 3200 1812 3255 Theodorus
1832 3200 1917 3254 hic
1947 3201 2060 3256 Tri-

469 3289 743 3345 mithuntis
786 3292 1076 3362 episcopus,
1108 3301 1334 3362 apparet
1390 3292 1701 3361 disseritque
1743 3292 1799 3345 in
1852 3292 2060 3346 actione

469 3397 561 3436 xw
595 3382 801 3437 concilii
850 3383 985 3438 sexti
1017 3384 1357 3449 meumenici,
1389 3399 1533 3437 anno
1576 3384 1771 3438 Christi
1815 3382 1941 3449 680,
1970 3385 2059 3438 ubi

467 3474 629 3528 etiam
690 3475 1065 3545 archiepiscopi
1111 3477 1194 3530 sui
1246 3475 1538 3545 Epiphanii
1581 3475 1641 3529 II
1677 3475 1846 3537 locum
1893 3477 2059 3531 tenuit

471 3558 701 3629 (Concil.
751 3561 833 3615 ed.
876 3560 1110 3616 Florent.
1161 3562 1357 3621 Zattae.
1395 3571 1434 3617 t.
1470 3562 1547 3617 XI
1564 3603 1579 3628 ,
1612 3563 1711 3618 col.
1745 3562 1901 3635 585).
1936 3563 2061 3620 Sine

466 3651 624 3706 dubio
647 3661 827 3707 autem
869 3653 1070 3725 Anglus
1097 3652 1330 3709 Servilius
1365 3656 1504 3710 inter
1534 3656 1716 3710 varias
1741 3672 1873 3727 quas
1897 3658 2061 3712 edidit

467 3748 525 3798 in
554 3753 695 3798 tomo
724 3758 906 3800 octavo
940 3745 1295 3817 Chrysostomi
1318 3747 1530 3805 Graecas
1577 3748 1737 3812 Vitas,
1764 3750 1901 3804 hanc
1927 3767 2061 3821 quo-

468 3855 566 3894 oue
598 3856 631 3892 a
664 3838 925 3894 Theodoro
954 3841 1308 3911 conscriptam
1338 3840 1719 3907 collocavisset,
1748 3842 1852 3896 nisi
1879 3852 1928 3896 et
1974 3860 2062 3898 co-

465 3932 579 3987 dice
600 3940 659 4009 g}
688 3932 803 4001 ipsa
828 3933 927 3997 rei,
957 3943 1013 3986 ut
1034 3934 1258 3997 videtur,
1294 3934 1480 3988 notitia
1511 3934 1784 3988 caruisset.
1809 3932 2060 4006 Quodque

466 4027 634 4098 magis
663 4026 966 4082 mirandum
1003 4036 1096 4091 est,
1117 4028 1325 4097 ignotus
1346 4028 1445 4100 fuit
1471 4028 1555 4082 hic
1590 4027 1884 4082 Theodorus
1917 4027 2059 4085 Gm-

466 4133 525 4170 co
575 4117 783 4170 auctori
822 4115 1067 4189 Catalogi
1096 4118 1503 4189 biographorum
1533 4117 1886 4189 Chrysostomi
1912 4119 2057 4188 apud

466 4209 705 4263 eumdem
758 4204 1019 4263 Savilium
1043 4246 1058 4272 ,
1095 4216 1135 4262 t.
1175 4207 1333 4274 VIII,
1366 4225 1419 4279 p.
1451 4209 1593 4275 295,
1622 4225 1716 4263 nec
1764 4225 1868 4263 non
1913 4209 2059 4279 apud

467 4301 825 4368 Lambecium,
860 4301 950 4356 lib.
996 4318 1115 4369 vm,
1145 4319 1201 4373 p.
1234 4301 1360 4369 655,
1410 4302 1499 4357 ubi
1545 4302 1685 4357 inter
1725 4302 1914 4373 viginti
1940 4300 2056 4355 bio-

464 4395 691 4465 graphOs
739 4401 914 4448 noster
941 4394 1026 4448 hic
1059 4410 1164 4447 non
1208 4404 1529 4447 recensetur.
1565 4394 1675 4448 Nos
1720 4410 1841 4447 uero
1888 4409 2057 4463 nuper

2161 1635 2253 1688 sed
2275 1635 2340 1688 ab
2356 1634 2699 1688 amanuensis
2716 1634 2985 1703 imperitia
3012 1634 3212 1703 passim
3237 1635 3439 1690 mendis
3459 1637 3759 1708 inquinata.

2164 1743 2280 1798 quae
2310 1743 2406 1796 pro
2431 1726 2629 1781 viribus
2670 1727 2961 1798 auferenda
2991 1727 3333 1795 curavimus;
3364 1736 3665 1800 textumque
3703 1729 3766 1783 in

2165 1820 2418 1875 articulos
2447 1820 2516 1875 52
2540 1818 3069 1889 distinximus,eique
3098 1818 3501 1875 translationem
3522 1830 3764 1876 nostram

2166 1910 2417 1975 Latinam
2446 1910 2846 1982 adjungendam
2866 1911 3190 1966 curavimus.

2235 1999 2376 2056 Sane
2410 2018 2502 2056 nos
2528 2012 2577 2056 et
2614 2001 2724 2056 alio
2761 2011 2990 2073 tempore
3020 2005 3203 2073 magni
3240 2002 3591 2074 Chrysostomi
3626 2021 3763 2059 sane

2165 2091 2403 2145 ctitatem
2455 2093 2869 2165 facundiamque
2922 2094 3204 2161 mirantes,
3256 2104 3492 2149 nostram
3542 2094 3767 2150 libenter

2165 2183 2461 2253 symbolam
2507 2187 2579 2241 ad
2620 2185 2737 2256 ejus
2782 2186 2965 2242 laudes
3005 2185 3357 2241 cumulandas
3397 2186 3764 2252 contulimus;

2163 2277 2424 2346 siquidem
2446 2278 2503 2331 in
2531 2278 2632 2333 hac
2653 2281 2770 2348 ipsa
2801 2279 3021 2335 Patrum
3050 2294 3189 2335 nova
3220 2278 3576 2345 Bibliotheca,
3612 2287 3651 2332 t.
3677 2277 3764 2345 11,

2166 2383 2220 2434 p.
2256 2366 2361 2423 546
2383 2384 2517 2439 seq.,
2553 2370 2809 2440 scriptum
2852 2388 2885 2425 a
2932 2370 3192 2442 Martyrio
3222 2370 3528 2441 patriarcha
3570 2368 3765 2425 Antio-

2167 2458 2327 2513 cheno
2370 2457 2725 2531 Chrysostomi
2759 2461 3069 2517 Encomium
3098 2464 3387 2529 edidimus,
3420 2463 3560 2535 quod
3585 2465 3766 2531 ipsum

2168 2558 2376 2605 exstare
2398 2567 2494 2606 ms.
2526 2554 2689 2608 etiam
2708 2553 2955 2624 Neapoli,
2979 2571 3044 2609 ex
3076 2553 3330 2627 Catalogo
3355 2556 3589 2610 codicum
3615 2554 3768 2613 Grc-

2170 2659 2350 2698 corum
2375 2644 2696 2700 bibliothecae
2724 2645 3046 2712 Borbonicaa,
3066 2663 3120 2716 p.
3149 2646 3271 2711 125,
3286 2647 3638 2718 cognovimus.
3656 2645 3769 2703 De-

2165 2737 2322 2809 nique
2342 2738 2505 2792 etiam
2532 2739 2590 2792 in
2618 2737 2892 2809 Spicilegii
2925 2737 3085 2793 Rom.
3119 2748 3260 2793 tomo
3287 2738 3457 2793 altero
3486 2740 3764 2811 fragmenn

2164 2838 2277 2882 tum
2300 2830 2607 2886 historicum
2634 2848 2699 2885 ex
2722 2830 3064 2901 palimpsesto
3092 2830 3387 2886 Tusculano
3405 2833 3645 2887 dedimus
3659 2837 3760 2902 (a).

2162 2921 2270 2988 ubi,
2294 2923 2432 2977 inter
2482 2922 2615 2990 alia,
2650 2922 3002 2995 Chrysostomi
3044 2941 3245 2997 quoque
3282 2924 3520 2994 expulsio
3562 2941 3764 2980 narra-

2163 3022 2269 3066 tur.

2233 3103 2367 3170 Quot
2387 3123 2509 3178 ergo
2523 3116 2717 3162 veteres
2745 3108 2817 3161 ad
2842 3108 3172 3163 scribendam
3194 3106 3550 3179 Chrysostomi
3580 3107 3760 3164 Vitam

2159 3197 2512 3264 incubuerint,
2564 3216 2630 3253 ea:
2671 3197 2928 3272 Catalogo
2972 3202 3134 3254 citato
3174 3201 3551 3272 cognoscimus,
3591 3209 3641 3256 et
3689 3217 3761 3257 es

2161 3289 2315 3344 editis
2339 3307 2372 3342 a
2402 3289 2656 3345 Palladio
2692 3290 3135 3362 Helenopolitano
3183 3292 3356 3346 sancti
3388 3292 3488 3347 uiri
3526 3301 3763 3348 contem.

2161 3396 2394 3451 poraneo
2410 3398 2431 3448 ;
2446 3380 2670 3454 Georgio
2680 3380 3060 3448 Alexandrino,
3082 3384 3291 3453 septimi
3315 3383 3494 3438 sa’culi
3514 3384 3728 3439 homine
3742 3403 3767 3455 ,-

2160 3469 2435 3542 Anonymo
2464 3472 2695 3543 quodam
2720 3488 2740 3537 ;
2785 3470 2954 3527 Leone
2977 3470 3248 3543 Sapiente.
3280 3473 3409 3543 imp.
3437 3490 3456 3539 ,°
3483 3489 3548 3527 ac
3586 3472 3764 3529 Meta-

2162 3563 2395 3633 phraste,
2429 3562 2591 3617 nobili
2645 3563 2805 3633 hujus
2837 3565 3138 3635 argumenti
3156 3564 3384 3635 scriptis.
3411 3563 3557 3620 Inter
3579 3581 3766 3621 recen-

2165 3657 2323 3709 tiores
2356 3664 2537 3709 autem
2562 3654 2791 3708 eminent
2827 3653 3210 3721 Tillemontius,
3240 3652 3489 3721 Saoilius,
3523 3672 3588 3711 ac
3622 3671 3765 3728 prta-

2163 3749 2314 3817 cipue
2338 3746 2783 3819 Hontfauconius.
2816 3747 2970 3801 Nunc
2997 3764 3091 3817 per
3126 3764 3219 3802 nos
3253 3749 3454 3803 accedit
3500 3747 3766 3805 ueteribus

2168 3838 2606 3893 Trimithuntinus
2638 3837 2953 3903 Theodorus,
2986 3839 3049 3892 de
3075 3839 3227 3910 cujus
3257 3840 3462 3894 meritis
3495 3857 3560 3895 ac
3598 3842 3764 3897 nanis

2165 3932 2442 4001 disputare
2470 3931 2562 3985 diu
2601 3946 2705 3985 non
2735 3939 2910 3985 vacat.
2937 3929 3086 3987 Certe
3114 3948 3277 4003 quam
3321 3932 3499 4003 objicit
3537 3931 3765 3990 Photius

2166 4024 2281 4077 cod.
2329 4038 2450 4077 xcvi
2500 4021 2723 4094 Georgio
2764 4022 2887 4094 styli
2934 4023 3260 4095 χυδαιότητα
3295 4034 3343 4079 et
3387 4026 3448 4079 τὸ
3496 4042 3760 4099 παριστοι

2166 4118 2299 4187 ρεῖν,
2335 4116 2393 4170 in
2415 4124 2591 4170 nostra
2617 4132 2820 4188 quoque
2850 4114 3114 4171 Theodoro
3151 4119 3350 4187 partim
3388 4128 3528 4175 certe
3560 4135 3763 4189 compe-

2165 4208 2264 4262 riri
2289 4223 2392 4262 non
2412 4224 2561 4278 nego.
2593 4207 2964 4263 Verumtamen
2987 4217 3034 4262 et
3059 4208 3193 4264 illud
3222 4226 3341 4264 cum
3367 4210 3546 4266 eodem
3567 4210 3761 4267 Photio

2169 4298 2410 4353 concludi
2434 4308 2600 4369 potest
2629 4316 2647 4353 :
2680 4298 2846 4353 Οὐδὲν
2872 4298 3074 4353 κωλύει
3102 4301 3229 4365 τοὺς
3281 4302 3762 4370 ἀναγινώσκοντας

2166 4389 2566 4462 ἐκλεγομένους
2588 4390 2658 4445 τὰ
2681 4391 2952 4462 χρήσιμα,
2981 4390 3051 4444 τὰ
3076 4391 3241 4445 λοιπὰ
3274 4394 3539 4465 παρορᾷν.
3575 4393 3764 4464 Utique

537 4530 615 4603 (a)
658 4531 887 4586 Exstant
931 4532 1049 4587 haec
1083 4530 1387 4603 fragmenta
1418 4531 1473 4585 in
1501 4529 1802 4601 appendice
1834 4531 1901 4585 ad
1932 4531 2210 4596 saeculum,
2245 4530 2299 4585 in
2329 4545 2439 4599 quo
2470 4542 2774 4593 versamur,
2803 4525 3079 4597 quintum.
3114 4527 3269 4582 Εοιτ.
3297 4526 3463 4584 Pun.

943 4887 1549 4980 ΘΕΟΔΩΡΟΥ
1613 4888 2287 4977 ΕΠΙΣΚΟΠΟΥ
2366 4884 3265 4975 ΤΡΙΜΗΘΟΥΝΤΩΝ

1143 5084 1331 5139 ΠΕΡΙ
1360 5083 1489 5136 ΤΟΥ
1511 5083 1692 5137 ΒΙΟΥ
1716 5080 1843 5136 ΚΑΙ
1871 5078 2016 5136 ΤΗΣ
2040 5079 2364 5135 ΕΞΟΡΙΑΣ
2386 5080 2520 5133 ΚΑΙ
2548 5076 2694 5133 ΤΩΝ
2721 5077 3058 5132 ΘΛΙΨΕΩΝ

456 5241 765 5300 ῙΩΔΝΝΟΥ
788 5240 926 5296 ΤΟΥ
957 5240 1512 5296 ΜΑΚΑΡΙΩΤΑΤΟΥ
1551 5239 2126 5295 ΑΡΧῙΕΠῐΣΚΟΠΟΥ
2170 5235 2995 5294 ΚΩΝΣΤΑΝΤΙΝΟΥΠΟΛΕΩΣ
3032 5236 3167 5289 ΤΟΥ
3206 5231 3743 5289 ΧΡΥΣΟΣΤΟΜΟΥ.

2061 5402 2127 5413 -οι

530 5529 684 5603 (Cod.
715 5530 838 5586 Vat.
865 5532 990 5601 866,
1014 5533 1052 5588 I'.
1082 5532 1172 5588 69.
1202 5536 1254 5604 α)
1301 5539 1371 5587 α’.
1417 5535 1748 5606 Ἀγαπητοίε
1788 5535 2048 5606 Ἀψευδὴς

455 5620 481 5673 1
513 5619 647 5685 Θεὸς
675 5623 703 5674 ό
747 5620 839 5675 διὰ
864 5623 957 5677 τοῦ
986 5627 1272 5699 Προφήτω
1314 5623 1487 5695 λέγων
1508 5642 1521 5655 ο
1556 5626 1790 5681 nouat
1820 5629 1879 5681 at
1917 5627 2038 5681 θλι.

459 5712 595 5777 graec
622 5707 741 5764 τῶν
772 5710 1037 5766 δικαίων.
1063 5717 1174 5769 Καὶ
1205 5714 1384 5770 πάλιν·
1418 5719 1708 5772 Κατανοεῐ
1732 5721 1765 5772 ό
1783 5717 2045 5786 ἁμαρτω»

474 5799 577 5867 ἰὸς
611 5800 714 5853 τὸν
753 5800 1007 5855 δίκαιον.
1053 5805 1162 5859 Καὶ
1222 5807 1382 5864 πάλιν
1430 5808 1611 5879 φησίν·
1660 5807 2047 5878 Ἐι--εδρεύσυ-

2147 5552 2265 5607 μεν
2291 5535 2397 5590 τὸν
2427 5534 2682 5600 δίκαιον,
2705 5532 2795 5588 ὅτι
2822 5533 3214 5602 δύσχρηστος
3247 5530 3393 5602 ἡμῖν
3419 5530 3612 5597 ἐστιν,
3641 5530 3739 5585 καὶ

2146 5628 2365 5699 βαρὺς,
2422 5628 2610 5701 φησιν,
2664 5625 2764 5680 καὶ
2811 5625 3213 5694 ,ϐλεπίμενοᾳ
3274 5619 3574 5692 Μακάριος
3613 5619 3743 5692 γὰρ,

2152 5722 2338 5792 φησὶν,
2369 5722 2437 5789 ὃς
2460 5716 2751 5788 ὑπομενεῖ
2776 5722 3130 5788 πειρασμόν.
3171 5712 3423 5786 Ἰωάννης
3452 5705 3625 5777 οὗτος,
3659 5728 3750 5781 μιν

2154 5814 2284 5883 κρὸς
2316 5813 2390 5868 ὣν
2436 5815 2500 5883 τῇ
2538 5811 2742 5881 ἡλικία.
2797 5810 3093 5881 ἐπαιδεύοη
3144 5809 3291 5881 πάσῃ
3338 5806 3499 5879 σοφίᾳ
3541 5806 3752 5877 ἀνθρώ-
