4018 6408
204 332 285 372 tm
976 320 1065 375 DE
1102 320 1265 377 VITA
1302 321 1391 376 ET
1430 321 1701 379 EXSILIO
1743 323 1800 379 S.
1836 324 2124 383 JOANNIS
2164 326 2671 385 CHRYSOSTOMI.

202 436 446 491 videlicet
474 453 488 487 :
525 434 692 489 Brevi
727 445 969 507 tempore
1000 436 1434 495 vicissitudinem
1480 441 1786 510 patiamur,

200 531 317 600 quia
342 536 426 580 est
459 526 614 581 Deus
649 527 701 580 in
734 527 905 590 caelis,
962 528 1056 599 qui
1112 528 1327 601 iniquos
1355 532 1551 601 punire
1607 534 1749 588 valet
1775 575 1789 599 ,

203 630 440 677 nostrum
456 627 651 672 autem
667 633 885 690 gregem
897 629 1178 690 protegere
1202 621 1283 692 (II
1296 620 1534 677 Machab.
1556 639 1653 687 vu,
1678 625 1785 682 lii.

208 710 445 768 Profecto
500 709 549 765 si
599 709 742 764 nihil
798 709 963 775 aliud,
1017 721 1166 767 certe
1223 713 1434 769 cunctis
1478 715 1793 771 hominibus

205 805 538 876 exploratum
568 810 712 867 esto,
742 801 945 857 nullam
975 801 1092 858 fore
1121 803 1426 859 interfectis
1476 806 1793 862 hominibus

206 913 319 954 cum
349 894 807 952 interfectoribus
844 896 1307 951 communionem.
1339 898 1407 953 Et
1437 913 1506 954 ne
1538 898 1613 953 illi
1666 901 1792 970 qui-

216 1117 329 1125 "-

221 1131 639 1140 —H-._.._......_———...

3393 349 3478 391 ιιν

1899 442 2024 497 dem
2077 443 2347 500 sacriﬁcio
2375 454 2554 500 astare
2584 444 2873 516 patiemur,
2928 447 3071 517 quod
3125 464 3219 504 cor
3266 450 3480 521 peragit

1897 531 2034 586 aedi
2064 540 2266 588 nostra:
2297 533 2478 589 adhuc
2507 534 2747 601 inhians,
2780 536 2962 607 lingua
3016 538 3149 593 item
3180 547 3236 594 et
3286 556 3483 595 manus

1899 638 2019 693 quae
2044 623 2176 693 justi
2207 625 2311 679 viri
2340 633 2396 680 et
2424 625 2657 681 ﬁliorum
2689 626 2808 696 ejus
2855 629 3117 699 sanguine
3151 630 3329 686 rubet.
3375 630 3481 685 Sed

1900 721 1960 767 tu
1988 714 2236 779 interim,
2272 716 2591 771 admirande
2620 716 2807 783 Pater,
2858 718 3085 783 intende,
3135 728 3184 773 et
3238 735 3484 791 prospere

1900 806 2136 874 procede,
2167 822 2232 859 ac
2266 823 2427 877 regna
2466 805 2648 878 (Psal.
2682 824 2825 873 κων,
2863 808 2958 878 5),
3017 818 3072 863 et
3127 811 3181 864 in
3226 798 3476 883 regalem

1901 901 2103 958 Christi
2136 904 2316 958 aulam
2357 906 2683 960 conscende.

1544 1122 1939 1132 ————.——_

1949 1126 2151 1143 Μ.
2140 1142 2145 1143 ,
2160 1129 3171 1143 Lmn—Q'Wwi
3174 1127 3482 1143 me
3470 1141 3481 1143 κ

1758 1139 3484 1152 -ψ-ᾙἬψ-ΜΜἺΩ

958 1266 1413 1329 OPUSCULUM
1456 1269 1552 1328 DE
1592 1270 1655 1329 s.
1700 1270 1992 1331 JOANNE
2037 1271 2582 1334 CHRYSOSTOMO
2637 1270 2745 1352 (α).

216 1480 376 1523 noster
410 1470 714 1541 simplicior
761 1469 925 1524 multo
973 1473 1340 1543 astrictiorque
1382 1481 1476 1535 est,
1512 1489 1674 1543 neque
1721 1478 1796 1524 tot

216 1562 714 1631 reprehensionibus,
744 1570 866 1633 quot
896 1560 1166 1634 Georgius,
1200 1580 1391 1618 ansam
1415 1564 1628 1634 prazbet.
1660 1564 1791 1618 Pec-

217 1664 292 1707 cat
320 1662 496 1708 tamen
539 1654 601 1708 in
633 1654 837 1725 aliquot
867 1654 1226 1724 episcoporum
1252 1654 1564 1712 nominibus.
1609 1665 1658 1707 et
1683 1654 1794 1708 alia

217 1749 444 1814 quedam
474 1761 678 1815 parum
705 1745 977 1799 credibilia
1004 1744 1174 1800 habet.
1206 1743 1309 1800 Sed
1335 1761 1428 1799 nos
1469 1754 1622 1815 prout
1651 1744 1797 1814 jacet

216 1836 479 1908 sulgamus
506 1853 523 1901 ;
551 1836 683 1891 aliis
710 1846 879 1891 artem
919 1837 1157 1891 criticum
1197 1840 1536 1892 exercendam
1579 1839 1798 1906 permit-

199 1920 387 1982 'timus.
421 1925 527 1983 Sed
557 1937 610 1982 et
636 1927 752 1982 alia
781 1928 1001 1982 dicenda
1029 1938 1263 1998 superest
1292 1930 1474 1997 scripti
1503 1929 1661 1999 hujus
1691 1929 1799 1982 uti-

218 2020 349 2085 litas,
376 2036 563 2090 nempe
598 2027 671 2073 -ut
700 2019 897 2091 iniquw
916 2018 1063 2073 illius
1096 2021 1167 2074 ad
1204 2019 1465 2085 Quercum
1496 2020 1801 2089 (Chalcedo-

221 2110 297 2165 nis
315 2110 651 2182 suburbium)
678 2112 885 2182 synodi,
923 2127 1064 2165 anno
1089 2111 1195 2167 405
1217 2112 1464 2166 adversus
1494 2111 1801 2182 Chrysosto-

222 2218 354 2256 nium
382 2202 608 2267 habitae,
634 2201 885 2257 Theodori
928 2204 1094 2258 nostri
1149 2205 1410 2270 narratio,
1444 2203 1503 2257 in
1529 2202 1801 2259 Concilio-

224 2310 331 2349 rum
360 2294 701 2351 Collectione
735 2295 839 2364 (ed.
882 2296 1113 2351 Florent.
1145 2296 1320 2351 Zattte
1354 2305 1393 2350 t.
1418 2295 1523 2365 Ill)
1551 2305 1801 2365 ponatur,

225 2386 304 2440 ubi
338 2386 600 2441 hactenus
649 2387 856 2442 nonnisi
887 2404 950 2442 ex
987 2388 1194 2453 Photio,
1239 2397 1288 2442 et
1331 2387 1599 2454 Palladio,
1644 2406 1707 2443 ac
1750 2389 1807 2443 li-

227 2476 345 2531 bello
370 2479 628 2549 synodico
671 2487 821 2532 actus
858 2477 1180 2549 legebantur.

291 2569 566 2624 Postremo
612 2570 742 2623 mihi
770 2569 932 2640 paulo
959 2570 1272 2642 explicatius
1300 2572 1574 2626 dicendum
1604 2572 1810 2627 videtur

231 2662 288 2715 de
302 2662 479 2732 priscis
501 2661 621 2717 illis
647 2661 900 2732 epistolis,
924 2679 1057 2734 quas
1080 2665 1152 2719 ad
1178 2664 1389 2719 verbum
1428 2666 1612 2719 recitat
1645 2663 1809 2719 Theo—

233 2755 398 2821 dorus,
430 2754 795 2826 Augustorum
823 2756 1019 2810 scilicet
1045 2755 1263 2811 Arcadii
1288 2764 1339 2811 et
1375 2756 1616 2823 Honorii,
1647 2756 1814 2812 Inno-

234 2847 378 2900 centii
421 2862 606 2916 papae,
640 2845 922 2917 Theophili,
954 2847 1139 2917 synodi
1166 2845 1439 2913 Romanae,
1477 2864 1595 2902 cum
1643 2849 1815 2901 mino-

238 2938 368 2993 ribus
394 2938 536 2995 aliis.
584 2938 681 2995 Hie
728 2940 959 3010 quidem,
1004 2940 1202 3009 partim
1229 2940 1436 3007 saltem,
1484 2941 1628 3009 apud
1682 2940 1816 2993 alios

239 3045 427 3101 quoque
474 3031 794 3102 biographos
830 3040 1153 3096 occurrunt;
1200 3041 1430 3103 quatuor
1458 3042 1634 3085 autem
1686 3031 1816 3085 rcci-

241 3134 412 3179 tantur
442 3142 475 3178 a
501 3123 816 3181 Constantio
863 3125 921 3178 in
957 3125 1058 3195 Ep.
1099 3125 1293 3196 pontii.
1333 3125 1460 3178 tomi
1497 3125 1814 3194 appendice,

240 3228 536 3287 sumptteex
566 3217 750 3289 Glgca,
773 3217 1066 3289 Nicephoro
1104 3216 1318 3281 Calixti,
1359 3226 1409 3272 et
1442 3216 1695 3281 Baronio,
1729 3216 1822 3270 sed

245 3310 419 3381 ubique
451 3328 578 3365 cum
612 3310 856 3381 plurimis
886 3309 1250 3365 varietatibus.
1284 3309 1440 3364 Totus
1469 3319 1647 3364 autem
1678 3309 1734 3363 in
1761 3325 1820 3363 ea

244 3400 575 3456 Constantius
610 3410 682 3456 est
721 3442 736 3466 ,
769 3411 825 3456 ut
872 3402 968 3456 has
1017 3401 1227 3473 spurius
1274 3402 1437 3466 dicat,
1476 3401 1609 3454 sicut
1658 3400 1821 3455 etiam

245 3491 501 3545 existimat
548 3488 753 3563 Pagius
800 3491 943 3560 apud
976 3489 1288 3545 Baronium.
1326 3489 1599 3546 Concludit
1645 3498 1824 3543 tamen

248 3579 583 3637 Constantius
608 3590 815 3636 tantam
842 3599 932 3637 eas
960 3598 1145 3652 sapere
1166 3582 1559 3653 antiquitatem,
1588 3590 1643 3635 ut
1682 3582 1826 3635 haud

247 3675 399 3729 serius
423 3676 651 3745 fortasse
680 3674 871 3729 steculo
906 3683 1050 3730 sexto
1095 3674 1303 3744 scripta:
1347 3675 1640 3729 videantur.
1678 3674 1826 3727 Mitto

249 3782 334 3835 ego
372 3777 419 3821 et
459 3783 703 3822 revereor
730 3766 1024 3823 Constantii
1068 3776 1383 3838 argumenta
1428 3768 1680 3822 adversus
1730 3767 1827 3821 has

251 3860 479 3926 litteras;
512 3863 607 3915 sed
636 3871 813 3915 tamen
840 3860 974 3915 illud
999 3877 1079 3913 me
1110 3877 1303 3931 parum
1331 3867 1519 3925 movet,
1548 3859 1687 3929 quod
1710 3874 1829 3912 cum

249 3966 303 4003 eo
330 3951 424 4005 alii
445 3952 645 4016 critici,
668 3968 794 4022 quos
818 3953 954 4007 inter
978 3951 1337 4007 Tillemontius
1366 3951 1505 4006 Hist.
1528 3949 1660 4006 eccl.
1690 3959 1728 4005 t.
1760 3948 1825 4015 Χ,

248 4058 297 4111 p.
324 4042 445 4110 (illi,
489 4052 752 4108 astruunt,
788 4059 971 4113 nempe
1003 4044 1146 4098 haud
1180 4042 1424 4097 credibile
1455 4042 1622 4096 videri
1646 4082 1659 4106 ,
1693 4041 1830 4109 quod

254 4134 582 4189 Innocentius
618 4135 907 4190 Arcadium
945 4143 996 4189 et
1041 4135 1342 4190 Eudoxiam
1375 4133 1531 4207 (adde
1561 4142 1610 4187 et
1655 4132 1834 4187 Hono-

252 4228 400 4293 rium)
429 4245 597 4284 ausus
618 4229 685 4283 sit
720 4237 830 4282 tam
867 4228 1037 4283 subito
1057 4229 1527 4283 excommunicare.
1550 4226 1689 4281 Nam
1716 4241 1832 4295 quae

254 4326 415 4385 tanta,
464 4336 675 4392 quiusa,
708 4320 866 4376 moles
913 4329 986 4376 est
1015 4319 1356 4391 difﬁcultatis,
1401 4319 1540 4390 quod
1582 4319 1832 4371 nimirum

315 4483 384 4545 (at
420 4484 536 4542 “At,
568 4479 862 4531 Bibliotheca
887 4491 1008 4528 nova
1043 4481 1175 4540 PP.,
1206 4486 1242 4530 t.
1264 4478 1349 4541 Vl,
1374 4493 1422 4542 p.
1454 4477 1561 4525 263.

252 4681 695 4695 '-—_—--————.

1898 1472 2136 1542 pontifex
2189 1471 2546 1542 iniquissima,
2595 1480 2641 1524 et
2698 1472 2947 1526 maxima:
2987 1470 3282 1540 oﬁensionis
3314 1470 3371 1521 in
3397 1485 3490 1539 po-

1899 1564 2042 1634 pulo,
2075 1564 2427 1635 Chrysostomi
2472 1565 2825 1633 persecutione
2862 1572 2911 1618 et
2955 1563 3140 1618 exsilio
3180 1573 3488 1626 commotus,

1901 1673 1993 1710 nec
2023 1673 2123 1709 non
2159 1665 2308 1709 tanta
2339 1656 2591 1709 adversus
2616 1655 2663 1709 ei
2685 1654 2894 1709 devotos
2927 1654 3155 1718 stevitia,
3188 1663 3237 1706 et
3270 1653 3493 1723 denique

1902 1746 2194 1817 legatorum
2232 1763 2446 1801 suorum
2477 1755 2770 1815 contemptu
2799 1756 2847 1798 et
2880 1746 3205 1813 captivitate,
3229 1744 3376 1814 quid,
3407 1745 3493 1805 in:

1902 1853 2081 1907 quam,
2111 1837 2305 1889 mirum
2335 1845 2410 1890 est
2429 1877 2442 1900 ,
2473 1835 2766 1906 pontiﬁcem
2798 1834 3118 1903 prohibuisse
3157 1832 3358 1903 publice
3387 1832 3493 1885 Au-

1901 1936 2077 1998 gustos
2103 1945 2135 1981 a
2155 1936 2620 1990 sacramentorum,
2642 1940 2865 1994 quorum
2894 1932 3043 1977 erant
3066 1923 3290 1994 indigni,
3320 1920 3496 1987 parti-

1904 2019 2208 2088 cipatione?
2234 2017 2382 2072 Nihil
2406 2017 2546 2071 enim
2582 2015 2732 2070 aliud
2764 2014 3029 2069 continent
3066 2013 3359 2068 Innocentii
3387 2011 3496 2065 illa:

1904 2113 1976 2167 ad
2002 2113 2168 2185 regios
2192 2111 2437 2182 conjuges
2459 2110 2665 2165 litterte.
2696 2108 2834 2175 Quid
2859 2111 2885 2165 ?
2913 2124 3082 2162 nonne
3108 2105 3166 2162 S.
3195 2106 3496 2160 Ambrosius

1906 2214 2113 2274 patrem
2133 2204 2349 2257 Arcadii
2368 2202 2725 2268 Theodosium,
2751 2210 2914 2257 tantcu
2942 2201 3122 2274 glon'aa
3153 2198 3497 2268 potentia'que

1906 2296 2217 2366 principem,
2262 2294 2454 2364 templo
2498 2295 2801 2366 sanctisque
2838 2292 3097 2363 mysteriis
3152 2287 3498 2343 excluserat?

1906 2385 2078 2439 Porro
2110 2385 2383 2438 notissima
2419 2392 2535 2437 erat
2568 2384 2851 2438 liberorum
2873 2380 3142 2437 Theodosii
3175 2394 3383 2433 summa
3410 2393 3497 2430 re—

1911 2476 2187 2549 ligiositas,
2223 2478 2301 2530 ita
2330 2484 2389 2530 ut
2430 2477 2666 2546 pontifex
2687 2476 2751 2530 de
2793 2475 3011 2530 remedii
3041 2471 3275 2527 utilitate
3304 2478 3353 2523 et
3375 2484 3498 2523 suc-

1912 2583 2054 2622 cessu
2085 2567 2227 2621 haud
2263 2567 2463 2638 frustra
2502 2573 2757 2635 speraret.
2794 2564 2983 2620 Nonne
3029 2572 3076 2619 et
3114 2564 3226 2633 ipse
3249 2561 3500 2633 nuperius

1913 2658 2310 2729 Chrysostomus
2377 2656 2679 2712 Eudoxiam
2730 2655 3027 2726 Augustam
3066 2653 3293 2709 ecclesiae
3345 2652 3499 2706 aditu

1915 2750 2305 2805 interdixerat?
2332 2750 2580 2804 Attamen
2602 2750 2741 2804 inter
2777 2765 2868 2804 eas
2905 2746 3152 2820 epistolas
3181 2745 3274 2801 illa
3321 2744 3502 2800 Eudo-

1914 2842 2018 2897 πίω
2043 2842 2114 2895 ad
2138 2840 2500 2896 Innocentium
2551 2841 2819 2912 prwcipua
2845 2837 3166 2894 sinceritatis
3208 2837 3360 2909 signa
3390 2851 3502 2906 pra:

1915 2952 1970 2989 se
1989 2936 2128 3006 fert;
2152 2935 2229 2988 ita
2251 2943 2306 2988 ut
2337 2950 2486 2989 nemo
2530 2950 2647 2988 eam
2679 2933 2850 3005 legens
2875 2932 3120 2987 acerbum
3154 2930 3505 3000 pertinacem-

1918 3042 2017 3098 que
2058 3026 2394 3097 praepotentis
2432 3026 2642 3097 femina:
2681 3025 2919 3079 animum
2951 3040 3055 3078 non
3082 3029 3354 3095 agnoscat,
3388 3036 3505 3091 qua:

1919 3119 2123 3172 iratum
2169 3118 2492 3172 stomachum
2541 3117 2698 3183 leuat,
2739 3125 2789 3170 et
2835 3117 2968 3171 adeo
3014 3114 3198 3185 culpas
3231 3129 3357 3168 snas
3404 3128 3507 3165 non

1923 3212 2137 3282 fatetur,
2170 3219 2227 3264 ut
2269 3209 2694 3280 Chrysostomum
2737 3210 2900 3264 etiam
2934 3217 3047 3279 post
3093 3208 3352 3277 inﬂictam
3406 3207 3507 3275 ipsi

1923 3302 2282 3357 calamitatem
2308 3310 2623 3373 pra'gravet.

1996 3390 2147 3458 Quod
2200 3401 2381 3446 autem
2441 3408 2580 3445 nunc
2632 3408 2696 3446 ea
2750 3392 2974 3462 epistola
3047 3391 3192 3445 nobis
3252 3407 3284 3443 a
3344 3387 3510 3442 Theo-

1924 3488 2052 3541 doro
2116 3485 2456 3550 echibeatur,
2500 3484 2892 3549 omittentibus,
2952 3493 3010 3538 ut
3074 3492 3239 3553 puto,
3297 3484 3497 3537 cunctis

1925 3578 2246 3651 biographis,
2299 3576 2682 3650 gratulandum
2732 3585 2826 3631 est.
2893 3576 3166 3632 Postremo
3244 3582 3508 3646 superest,

1928 3678 1985 3724 ut
2032 3685 2127 3739 pro
2164 3666 2393 3723 Romani
2435 3667 2695 3738 pontiﬁcis
2735 3669 3055 3723 auctoritate
3077 3668 3173 3721 hoc
3210 3666 3401 3741 saltem
3429 3666 3514 3719 di—

1930 3763 2176 3817 lemmate
2216 3770 2340 3815 utar
2365 3775 2384 3813 :
2416 3776 2540 3815 nam
2575 3759 2659 3815 vel
2689 3760 2771 3815 lue
2808 3759 2997 3815 littera:
3022 3760 3263 3832 genuinae
3292 3767 3435 3823 sunt,
3466 3768 3514 3811 et

1930 3855 2025 3910 illa
2061 3854 2351 3909 auctoritas
2373 3852 2636 3908 luculento
2657 3853 2894 3925 exemplo
2914 3853 3192 3923 ﬁrmatur,
3229 3852 3311 3907 uel
3336 3867 3515 3932 secus;

1934 3957 1983 4002 et
2018 3947 2367 4002 vetustissima
2396 3945 2585 4001 saltem
2622 3946 2954 4012 Graecorum,
2987 3946 3218 4000 nandum
3260 3940 3516 3998 schisma-

1937 4042 2178 4104 ticorum,
2199 4038 2377 4109 opinio
2403 4039 2694 4093 ostenditur
2712 4037 2778 4092 de
2800 4053 3045 4108 supremo
3067 4037 3322 4092 Romana:
3341 4034 3520 4088 cathe-

1938 4136 2049 4189 dra:
2095 4134 2244 4202 apice
2281 4148 2299 4185 :
2333 4132 2757 4201 quandoquidem
2798 4148 2900 4185 non
2939 4132 3118 4186 Latini
3168 4129 3380 4192 Grtecis,
3430 4137 3519 4180 sea

1940 4224 2109 4281 Grani
2133 4222 2357 4287 Latinis,
2383 4223 2481 4277 has
2510 4223 2740 4293 insignes
2792 4222 3042 4291 epistolas
3080 4224 3134 4274 in
3173 4219 3521 4274 monumentis

1939 4316 2047 4369 suis
2076 4322 2406 4367 conservatas
2432 4314 2790 4382 suppeditant.

766 4842 1399 4937 THEODOBI
1483 4840 2031 4934 EPISCOPI
2111 4835 3027 4929 TRIMITHUNTIS

1193 5038 1287 5096 DE
1316 5037 1379 5093 Vl
1389 5038 1469 5093 TA
1501 5036 1591 5092 ET
1616 5034 1898 5093 EXSILIO
1916 5033 2010 5089 ET
2036 5029 2615 5090 AFFLICTIONIBUS

549 5205 932 5262 BEATlSSiMI
977 5203 1264 5261 JOANNIS
1299 5199 1789 5259 CIIRYSOSTOMI
1824 5198 2347 5256 ARCIIIEPISCOPI
2385 5191 3217 5255 CONSTANTINOPOLITANI.

341 5492 599 5549 l.Dilccti
620 5493 633 5547 l
651 5491 768 5546 Non
784 5491 1046 5546 mentitur
1067 5490 1227 5556 Deus,
1245 5491 1335 5560 qui
1349 5506 1443 5548 ore
1465 5490 1743 5562 Propheta:
1761 5489 1844 5546 di-

264 5584 565 5643 'xit:Multa5
593 5582 955 5639 tribulationes
972 5583 1241 5654 justorum
1259 5581 1762 5654 (Psal.xxxm,20).
1784 5583 1851 5638 Et

273 5692 457 5735 sursus
494 5696 510 5735 :
541 5678 790 5735 Observat
814 5688 1053 5749 peccator
1070 5677 1275 5748 justum
1304 5678 1474 5747 (Psal.
1504 5693 1686 5741 xxx",
1737 5674 1846 5745 49.).

282 5764 518 5838 Itetm'tuc
529 5772 624 5831 ait:
642 5772 668 5827 1
673 5771 961 5828 nsidiemur
965 5772 1133 5844 justo,
1149 5772 1270 5843 quia
1288 5772 1528 5843 ingratus
1541 5779 1613 5828 est
1657 5768 1820 5833 nobis.

1870 5364 1942 5379 φ

1958 5500 2006 5544 et
2056 5489 2165 5559 ipse
2205 5486 2320 5558 ejus
2363 5485 2583 5540 intuitus
2617 5484 2863 5538 molestus
2902 5477 3037 5550 (Isa.
3070 5488 3153 5539 ιιι,
3186 5470 3296 5545 10).
3346 5471 3414 5527 Et
3436 5469 3534 5526 de!

1957 5584 2123 5655 niquc
2172 5599 2185 5635 :
2228 5581 2443 5645 Beatus,
2499 5577 2693 5647 inquit,
2751 5574 2840 5645 qui
2886 5566 3228 5623 tentationem
3265 5563 3536 5620 sustinebit

1962 5674 2099 5745 (Jac.
2134 5690 2171 5739 ι,
2198 5671 2308 5740 19.).
2339 5669 2578 5726 Joannes
2604 5666 2710 5725 hic,
2742 5672 2925 5716 tenera
2954 5665 3135 5721 mtatc,
3164 5655 3310 5712 omni
3345 5655 3536 5710 huma-

1959 5782 2027 5825 na
2059 5763 2302 5822 doctrina
2334 5759 2573 5816 imhutus
2605 5754 2733 5818 fuit;
2763 5751 2827 5806 dc
2852 5747 3165 5821 parentibus
3190 5744 3421 5804 rtlmicis
3448 5757 3532 5797 na'
