4018 6412
466 296 527 334 ιν
1574 269 1928 329 TIIEODORI
1970 265 2505 327 TRIMITHUNTINI
3682 292 3768 336 ωσι

464 413 601 450 πων·
648 392 716 467 ἦν
767 397 823 449 δὲ
874 394 1077 462 γονέων
1132 391 1434 463 Ἑλλήνων,
1485 391 1577 446 καὶ
1628 392 1790 454 αὐτὸς
1829 391 1887 444 δὲ
1929 390 2059 443 ’Έλ-

462 490 564 561 λην
586 490 684 558 (α).
704 489 812 545 Καὶ
835 486 1159 554 κατανυγεὶς
1185 487 1248 538 ἐκ
1272 484 1422 550 θείας
1450 484 1692 556 χάριτος,
1708 483 2065 556 προστρέχειν

466 586 672 658 ἤρξατο
697 586 809 647 τοῖς
858 581 1334 652 ἐκκλησιαστικοῖς
1386 578 1630 643 κόλποις.
1671 578 1766 631 καὶ
1795 580 1908 641 τοῖς
1936 579 2067 631 ἀνα-

465 676 754 749 γνώσμασι
781 671 1064 745 σχολάζειν
1099 673 1209 727 τῶν
1253 672 1414 726 θείων
1467 670 1722 743 Γραφῶψ
1769 670 1862 723 καὶ
1897 670 2066 740 ἡδέως

469 772 612 829 πάνυ
636 769 850 826 ἀκούων
879 769 1081 834 αὐτῶν,
1109 768 1402 840 ἐκαρτέρει
1432 768 1548 831 τοῖς
1581 768 1790 820 τούτων
1812 765 2068 819 διδασκά-

465 863 599 927 λοις,
626 852 1041 933 ἐκλαμπόμενος
1095 862 1160 913 ἐκ
1189 858 1337 923 θείας
1370 858 1646 929 προνοίας.
1686 856 1881 911 Λαϐὼν
1920 857 1978 910 δὲ
2007 855 2067 910 τὸ

469 961 623 1027 ἅγιον
657 958 939 1029 βάπτισμα
970 958 1028 1010 ἐν
1094 954 1289 1027 Ἀμίδῃ
1331 957 1398 1027 τῇ
1453 953 1607 1007 πόλει
1649 954 1755 1007 ὑπὸ
1802 950 2066 1007 Βαιτανοῦ

468 1050 770 1105 ἐπισκόπου
804 1050 902 1120 (ὁ),
938 1049 1140 1113 εύθέως
1184 1046 1540 1118 ἀναγνώστης
1580 1046 1986 1120 προχειρίζεται
2009 1046 2067 1099 ἐν

481 1142 786 1215 Ἀντιοχείᾳ
811 1141 917 1194 ὑπὸ
954 1139 1280 1211 Ποιμαινίου
1311 1137 1407 1192 τοῦ
1436 1138 1741 1192 ἐπισκόπου
1767 1137 1958 1209 αὐτῆς.

541 1236 608 1289 6'.
646 1234 756 1287 Καὶ
811 1232 1001 1305 ἐπειδὴ
1046 1232 1229 1286 τοίνυν
1262 1230 1519 1302 ἠρξάμην
1554 1230 1736 1299 λέγειν
1783 1231 1914 1302 περὶ
1958 1229 2068 1283 τῶν

472 1326 905 1397 ἐνεδρευσάντων
932 1327 1024 1379 τὸν
1055 1324 1265 1378 δίκαιον
1297 1324 1487 1377 τοῦτον
1521 1325 1711 1396 ἄνδρα,
1759 1316 1834 1377 ὧν
1874 1322 2066 1395 πρώτη

477 1418 574 1489 μὲν
610 1418 837 1483 Εύδοξία
898 1420 931 1490 ἡ
995 1419 1284 1491 Ἀρκαδίου
1320 1419 1481 1489 γυνὴ,
1543 1412 1663 1471 εἶτα
1705 1419 1823 1488 μετ’
1854 1416 2069 1488 ἐκείνην

474 1510 731 1580 Θεόφιλος
755 1513 781 1565 6
806 1511 1105 1575 ἐπίσκοπος
1164 1510 1596 1582 Ἀλεξανδρείας,
1633 1504 1731 1561 εἷθ’
1772 1507 1946 1571 οὕτως
1975 1506 2069 1560 καὶ

474 1604 825 1674 Σευηριανὸς,
856 1604 950 1658 καὶ
977 1606 1026 1657 οί
1069 1605 1200 1676 περὶ
1230 1604 1393 1657 αὑτὸν
1442 1602 1697 1665 Ἀκάκιος
1728 1604 1822 1656 καὶ
1849 1601 2067 1671 Πορφύ-

475 1712 608 1765 ριοςι
641 1688 786 1749 οὗτοι
818 1695 1108 1749 ἐπίσκοποι
1140 1697 1236 1749 καὶ
1285 1696 1436 1749 ἄλλοι
1493 1695 1659 1760 τινὲς,
1717 1694 1844 1764 περὶ
1890 1686 1966 1748 ὧν
1990 1695 2069 1757 εἰς

473 1786 696 1858 ὕστερον
724 1788 1076 1859 διηγήσομαι.
1103 1787 1420 1857 Διαλέγεται
1450 1786 1507 1839 δέ
1535 1788 1663 1858 περὶ
1700 1786 1947 1841 Ἰωάννου
1974 1786 2069 1839 καὶ

470 1879 579 1933 τῶν
620 1881 1047 1953 συμϐεϐηκότων
1096 1883 1304 1936 τούτων
1339 1883 1580 1945 πάντων,
1627 1880 1768 1952 μετὰ
1791 1879 2067 1951 Θεοδώρου

470 1970 717 2024 διακόνου
748 1973 846 2041 τῆς
881 1972 1127 2044 μεγάλης
1165 1971 1408 2043 Ῥώμης,
1436 1972 1578 2042 ἀνήρ
1606 1989 1691 2035 τις
1710 1972 1892 2040 τίμιος
1924 1971 2069 2024 Παλ-

472 2062 651 2126 λάδιος
684 2061 923 2134 τοῦνομα
947 2062 1041 2134 (ε)ο
1080 2057 1258 2126 οὗτος,
1294 2062 1512 2135 πρῶτον
1560 2063 1658 2132 μέν
1711 2062 1809 2133 τὴν
1860 2062 2070 2133 ἔρημον

473 2156 699 2224 οἰκήσας
727 2155 819 2208 ἐπὶ¹
845 2157 1065 2218 ἱκανοὺς
1089 2155 1339 2227 χρόνους,
1372 2154 1685 2226 κατηξιώθη
1711 2155 1810 2225 τῆς
1848 2155 2072 2207 ἐπισκο-

476 2248 585 2317 πῆς
613 2248 671 2301 ἐν
701 2246 943 2320 Βιθυνίᾳ.
979 2243 1148 2312 Οὗτος
1172 2248 1552 2319 συγγράφεται
1590 2248 1685 2302 καὶ
1714 2246 1915 2319 ἀρετάς
1944 2247 2072 2301 πολ-

472 2338 582 2391 λῶν
606 2338 867 2410 Πατέρων
895 2339 993 2410 (d),
1022 2340 1099 2403 ὼς
1119 2339 1216 2393 καὶ
1245 2341 1409 2404 αὐτὸς
1440 2339 1757 2403 κοινωνικὸς
1780 2338 1855 2392 ὢν
1896 2338 2073 2393 Ἰωάν-

473 2448 585 2493 νου,
613 2431 1005 2496 κατάκλειστος
1053 2432 1279 2502 γέγονεν
1340 2433 1400 2503 (f.
1437 2432 1506 2487 69
1565 2432 1619 2503 b)
1679 2432 2072 2501 ἐνδεκαμήνεον

474 2522 662 2592 χρόνον
701 2524 757 2575 ἐν
790 2522 1019 2595 οἰκίσκῳ
1058 2522 1293 2595 ζοφερῷ.
1325 2523 1597 2593 Βούλομαι
1622 2519 1735 2586 οῦν,
1763 2521 1944 2587 καθὼς
1969 2539 2071 2575 κα-

472 2614 827 2686 ταλαμϐάνω,
860 2616 987 2687 περὶ
1050 2615 1281 2670 ῐωάννου
1313 2615 1594 2685 κατάδηλα
1621 2615 1845 2684 ποιῆσαι
1884 2614 2033 2683 ὑμῖν.

545 2709 611 2772 γ’.
654 2704 907 2772 Ἰωάννης
972 2696 1065 2758 οὖν
1123 2703 1198 2776 μὴ
1264 2701 1677 2774 ἐπαρκούμενος
1711 2704 1777 2774 τῇ
1828 2704 1885 2755 ἐν
1921 2701 2073 2754 πόλει

476 2792 889 2863 σκληραγωγίᾳ,
918 2791 988 2845 τά
1016 2791 1244 2862 πλησίον
1279 2792 1380 2861 ὅρη
1406 2789 1754 2853 καταλαϐὼν,
1805 2791 1867 2843 τὸ
1915 2790 2074 2861 σῶμα

475 2880 669 2933 ἐαυτοῦ
700 2880 993 2951 ἐδάμαζεν.
1019 2880 1261 2951 Πληγεὶς
1289 2880 1346 2933 δέ
1375 2880 1444 2932 τὰ
1472 2880 1816 2951 ὑπογάστρια
1842 2878 1948 2931 ὑπὸ
1980 2875 2075 2931 τοῦ

475 2970 696 3041 κρύους,
724 2970 819 3025 καὶ
852 2971 925 3041 μὴ
965 2970 1164 3041 ίσχύων
1205 2969 1290 3024 ἐτι
1329 2970 1683 3042 ἐξυπηρετεῖν
1742 2967 1941 3037 ἐαυτῷ,
1974 2968 2078 3020 πά-

474 3057 557 3110 λιν
589 3057 1000 3129 καταλαμϐάνει
1059 3057 1149 3111 τὸν
1190 3057 1649 3128 ἐκκλησιαστικὸν
1693 3056 1924 3126 λιμένα,
1975 3055 2075 3126 τῆς

475 3146 699 3217 χάριτος
732 3145 827 3199 τοῦ
853 3144 990 3199 Θεοῦ
1019 3145 1236 3214 εὐφυῶς
1271 3146 1352 3208 είς
1395 3145 1456 3197 τὸ
1483 3146 1753 3216 χρήσιμον
1783 3143 1948 3196 αὐτὸν
1981 3158 2077 3194 πε-

477 3232 793 3306 ριαγούσης·
821 3234 915 3287 καὶ
946 3231 1354 3306 προχειρίζεται
1380 3231 1627 3295 διάκονος
1682 3232 1763 3293 εἰς
1804 3231 1901 3300 τὴν
1955 3230 2077 3281 Ἀν-

475 3322 678 3392 τιόχου,
719 3320 814 3375 τοῦ
857 3321 1127 3393 στόματος
1160 3319 1326 3375 αὐτοῦ
1357 3320 1500 3373 κατά
1527 3318 1637 3371 τῶν
1667 3317 1933 3387 αἱρέσεων
1956 3317 2081 3371 θαυ-

479 3412 698 3481 μαστῶς
731 3411 1107 3481 ἀνοιγομένων
1135 3410 1328 3463 ἔπειτα
1386 3410 1479 3463 καὶ
1529 3407 1896 3478 πρεσϐύτερος
1950 3405 2081 3459 καθ-

480 3500 495 3551 ί
503 3517 716 3553 σταται.
740 3500 849 3553 Καὶ
873 3498 1034 3553 πάλιν
1056 3500 1083 3551 6
1104 3498 1259 3567 λόγος
1279 3499 1504 3560 ἐκεῖνος,
1523 3500 1551 3550 6
1570 3497 1728 3550 ἅλατι
1750 3497 1889 3566 ἠρτυ
1900 3495 2077 3564 μένος,

478 3585 691 3657 καίριος
724 3588 787 3639 ἐκ
836 3586 929 3639 τοῦ
974 3585 1248 3655 στόματος
1288 3584 1457 3637 αὑτοῦ
1494 3585 1825 3655 προήρχετο·
1862 3582 2079 3651 πρῶτον

483 3674 582 3744 μὲν
617 3675 758 3727 κατά
789 3674 896 3727 τῶν
935 3673 1214 3737 ἀλαζόνων
1242 3673 1338 3725 καὶ
1372 3671 1640 3741 μισοθέων
1670 3672 1764 3725 καὶ
1802 3671 2079 3741 μισοπτώ-

479 3780 611 3832 χων,
650 3764 744 3816 καὶ
774 3763 866 3816 ἐπὶ
898 3762 1108 3826 τούτοις
1164 3761 1595 3832 ἐμεγαλαυχεῖτο
1640 3762 1667 3813 ὁ
1708 3762 1868 3831 ἁνήρ·
1898 3760 1991 3812 καὶ
2012 3755 2080 3830 ἦν

483 3850 846 3921 ἀκροατήριον
870 3851 989 3904 ἐκεῖ
1013 3850 1132 3904 καθ’
1166 3849 1405 3918 ἑκάστην
1436 3850 1667 3919 ἡμέραν,
1701 3848 2081 3918 συναγομένων

489 3937 683 4009 ὅχλᾰιν,
726 3938 995 4007 ὠφελείας
1052 3939 1236 4010 χάριν,
1300 3937 1394 3991 καὶ
1449 3937 1650 4000 πάντες
1691 3935 1854 3989 αὐτοῦ
1907 3936 2081 4003 ἡδέως

492 4032 711 4102 ἤκουον,
737 4027 832 4081 καὶ
864 4027 1065 4090 πάντες
1099 4026 1353 4096 ἐνέμενον
1408 4028 1521 4088 τοῖς
1556 4023 1685 4095 παρ’
1726 4024 1891 4077 αὐτοῦ
1922 4023 2079 4091 λεγο-

490 4115 692 4186 μένοις.

551 4201 612 4255 δ’.
643 4200 848 4270 Συνέϐη
884 4201 939 4254 δὲ
991 4202 1113 4255 κατ’
1144 4201 1324 4255 ἐκεῖνο
1354 4197 1547 4272 καιροῦ
1605 4201 1938 4272 μεταστῆναι
1972 4201 2079 4255 τῶν

480 4289 728 4342 ἐντεῦθεν
785 4289 1032 4363 θορύϐων
1075 4290 1382 4362 Νεκτάριον
1443 4291 1535 4343 τὸν
1589 4291 1887 4345 ἐπίσκοπον
1922 4293 2074 4344 Κωνο

484 4377 758 4431 σταντίνου
779 4379 1006 4442 πόλεως’
1039 4381 1137 4433 καὶ
1167 4379 1419 4432 ἐντεῦθεν
1449 4380 1633 4448 ζητεῖν
1663 4379 1891 4442 πολλοὺς
1926 4379 2079 4431 ὠνεῖ-

483 4465 607 4518 σθαι
634 4466 730 4536 τὴν
764 4466 1089 4537 ἱερωσύνην,
1144 4468 1243 4520 καὶ
1290 4467 1639 4537 διχοστασίας
1689 4465 1946 4534 γενέσθαι
1978 4468 2079 4521 οὐκ

481 4556 688 4624 ὀλίγας.
738 4554 1081 4627 Ἑρμηνεύθη
1106 4557 1163 4609 δέ
1183 4556 1261 4627 τῷ
1294 4556 1505 4626 βασιλεῖ
1544 4556 1815 4626 Ἀρκαδίῳ
1838 4557 1871 4623 ἡ
1900 4556 2079 4608 Ἰωάν-

483 4662 573 4696 νου
604 4643 967 4714 χρησιμότης’
993 4644 1089 4696 καὶ¹
1123 4646 1261 4715 ταχὺ
1285 4644 1363 4714 τῷ
1408 4642 1700 4715 στρατηγῷ
1734 4643 1834 4713 τῆς
1875 4642 2079 4695 Ἀντιό-

483 4750 578 4801 χου
608 4731 810 4802 γράφει
858 4732 1175 4786 ἀποστεῖλαι
1238 4732 1480 4802 ἀψοφητὶ
1532 4732 1623 4784 τὸν
1667 4729 1954 4800 Ἰωάννην,
2004 4729 2077 4801 μὴ

481 4820 799 4892 ταράξαντα
844 4821 933 4875 τὸν
992 4822 1158 4876 αὐτὸν
1209 4821 1397 4892 ἄνδρα,
1462 4824 1598 4892 μήτε
1638 4821 1735 4891 τὴν
1779 4819 2074 4889 Ἀντιόχου.

483 4904 664 4965 Ἦσαν
685 4910 742 4964 δέ
776 4910 845 4963 τὰ
874 4912 964 4963 ίσα
991 4911 1099 4963 τῶν
1144 4911 1467 4982 γραφέντων
1522 4909 1717 4963 ταῦτα’
1765 4928 1783 4959 ι
1809 4909 2077 4972 Σεϐαστὸς

485 4997 693 5065 ἔνδοξος
730 4997 1015 5069 Ἀρκάδιος
1048 4997 1286 5069 Βίκτωρι
1336 4997 1611 5068 πατρικίῳ
1642 4996 1736 5051 καὶ
1785 4995 2078 5067 στρατηγῷ

499 5087 748 5159 Ὀρέντου
785 5088 853 5153 (e)
909 5086 1084 5140 ταῦτα
1139 5087 1357 5159 γράφωο
1417 5085 1636 5157 Ἐπειδὴ
1688 5102 1833 5148 τινες
1886 5086 2078 5154 ἀφυεῖς

486 5177 935 5246 ἀνεπιστημόνως
959 5175 1178 5230 δοκοῦσι
1208 5175 1630 5248 προσέρχεσθαι,
1663 5173 1738 5246 μὴ
1763 5174 1972 5245 μῶμον,
2001 5174 2075 5245 μὴ

487 5264 683 5331 φόϐον,
759 5263 830 5336 μὴ
897 5264 1119 5335 ἔλεγχον
1176 5263 1555 5334 λογιζόμενοι,
1626 5264 1723 5334 τὴν
1776 5261 2076 5334 ἱερωσύνην

560 5378 634 5447 (a)
667 5380 767 5433 Alii
812 5394 1030 5450 quoque
1072 5377 1381 5450 biographi,
1431 5375 1714 5450 Georgins,
1766 5374 2077 5450 Metaplira-

489 5446 709 5521 slesiet
755 5446 1108 5521 Anonyinus,
1158 5446 1367 5521 dicung
1399 5455 1587 5499 natum
1633 5446 1709 5521 _de
1760 5446 2076 5521 parenlibus

488 5516 732 5590 Nlmicig
785 5513 1257 5590 Chrisostomnm.
1298 5513 1503 5590 Neque
1544 5515 1677 5590 salis
1724 5514 2076 5590 probabiliter

490 5585 861 5706 t‘nntradi‘eere
889 5584 1104 5645 θιιιυιυτ
1135 5586 1577 5643 Moulfauconins
1609 5584 1662 5637 in
1688 5598 1892 5651 nupera
1914 5586 1982 5639 ab
2010 5603 2076 5641 eo

488 5664 687 5709 scrmla
768 5664 859 5709 ita.

598 5664 687 5722 pla
723 5664 859 5709 Vita.

560 5721 633 5795 (ό)
672 5724 777 5778 Alii
807 5724 1089 5796 biographi
1122 5729 1309 5781 dicunt
1337 5727 1671 5797 baptizatum
1699 5721 2004 5779 Antiochiae
2041 5742 2068 5777 τι

2178 394 2617 461 προσωποποιεῖν
2645 392 2938 455 ἐθέλουσιν,
2969 392 3132 464 ἡμεῖς
3174 391 3252 463 τῷ
3304 391 3400 446 τοῦ
3448 391 3585 446 Θεοῦ
3617 394 3770 467 φόϐῳ

2172 479 2420 544 νεύοντες
2447 480 2557 545 ἀεὶ,
2617 481 2741 545 τοὺς
2792 480 3069 544 τοιούτους
3115 480 3433 553 ἀπράκτους
3481 480 3766 552 ποιοῦμεν.

2183 570 2530 641 Ἐντέλλομαί
2561 588 2644 623 σοι
2673 570 2762 624 διά
2793 570 2996 624 τούτων
3028 569 3187 640 ἡμῶν
3230 569 3341 623 τῶν
3376 569 3537 624 θείων
3582 587 3768 643 γραμ-

2174 658 2381 729 μάτων,
2404 658 2480 722 ώς
2531 658 2668 729 μετά
2716 659 2905 730 πάσης,
2942 659 3244 722 ἐπιεικείας
3292 659 3607 713 ἀποστεῖλαι
3637 662 3771 731 ἡμῖν

2171 746 2408 799 ἐνταῦθα
2448 746 2707 817 Ἰωάννην
2739 746 2829 799 τὸν
2870 746 3267 818 πρεσϐύτερον,
3291 746 3401 799 τῶν
3431 748 3497 800 ἐκ
3523 748 3772 817 Μεγαλο-

2172 836 2383 899 πόλεως
2416 834 2481 907 (ι’)
2508 835 2740 908 μηδενὸς
2782 835 3033 900 νοοῦντος
3063 836 3096 906 ἢ
3152 836 3482 907 αἰσθομένου
3532 836 3596 889 τὸ
3619 837 3769 907 γινό-

2175 942 2355 996 μενον.
2397 925 2583 989 Οὕτως
2619 925 2730 997 γὰρ
2768 925 2988 994 εὐφυῶς
3031 925 3092 978 τὸ
3139 925 3351 978 τοιοῦτο
3386 923 3628 992 ἐξανύων
3655 926 3770 980 διά-

2171 1030 2377 1084 ταγμα,
2411 1014 2687 1085 μεγίστων
2752 1014 2995 1067 ἐπαίνων
3047 1014 3179 1083 παρ’
3205 1012 3367 1085 ἡμῶν
3418 1013 3719 1087 ἀξιωθήσῃ.
3746 1032 3766 1065 ι

2180 1103 2242 1157 Ὅ
2275 1103 2333 1156 δέ
2360 1104 2663 1175 στρατηγὸς
2697 1102 2767 1156 τά
2806 1101 3089 1174 γραφέντα
3140 1101 3290 1173 αὐτῷ
3339 1102 3627 1170 ἀναγνοὺς,
3669 1120 3773 1155 πα-

2175 1192 2404 1265 ρακαλεῖ
2432 1192 2524 1247 τὸν
2571 1192 2826 1261 Ἰωάννην
2867 1190 2973 1257 ἔξω
3011 1191 3142 1262 περὶ
3197 1189 3268 1243 τά
3316 1193 3586 1262 προάστια
3612 1190 3771 1259 γενέ-

2173 1280 2321 1347 σθαι,
2357 1282 2452 1335 καὶ
2491 1279 2821 1343 ἐπιϐιϐάσας
2853 1279 3020 1332 αὑτὸν
3071 1278 3318 1351 δημοσίῳ
3363 1279 3553 1351 ρηδίῳ,
3594 1279 3774 1342 δώσας

2173 1371 2323 1439 αύτῷ
2357 1371 2452 1423 καὶ
2484 1369 2695 1432 λεκτία,
2758 1369 2967 1439 πέμπει
3022 1369 3089 1437 τῇ
3127 1366 3539 1420 Κωνσταντίνου
3593 1366 3771 1422 πόλει.

2175 1460 2285 1511 Καὶ
2313 1457 2377 1529 δὴ
2424 1460 2813 1531 χειροτονεῖται
2867 1455 3032 1519 εὐθὺς
3069 1455 3392 1519 ἐπίσκοπος,
3429 1456 3525 1509 καὶ
3552 1451 3620 1526 ἦν
3673 1456 3773 1526 μέ-

2174 1564 2357 1617 γιστος
2403 1550 2461 1601 ἐν
2493 1546 2815 1618 διδασκαλίᾳ
2866 1544 3208 1617 διαπρέπων,
3267 1545 3508 1616 ἐλέγχων
3537 1545 3775 1615 ἀφειδῶς

2172 1640 2297 1701 τοὺς
2332 1639 2574 1699 ἀνελεεῖς
2598 1638 2912 1703 πλουσίους,
2945 1636 3044 1691 καὶ
3083 1636 3212 1699 τοὺς
3240 1637 3320 1699 είς
3359 1634 3493 1688 Θεὸν
3520 1634 3776 1706 ἀγνώμο-

2172 1744 2287 1790 νας.
2330 1726 2491 1780 Ἀλλά
2512 1726 2688 1780 ταῦτα
2738 1725 2915 1779 πάντα
2940 1725 3067 1788 τοὺς
3095 1724 3496 1795 ἀμελεστέρους
3525 1723 3734 1778 ἐλύπει.

2245 1824 2307 1871 ε’.
2356 1818 2414 1869 Ὀ
2444 1818 2502 1870 δὲ
2538 1817 2633 1869 τοῦ
2664 1816 2915 1870 διαϐόλου
2962 1815 3241 1879 ἄπαυστος
3290 1814 3482 1883 φθόνος
3519 1815 3680 1869 πάλιν
3711 1816 3777 1868 τὸ

2176 1906 2303 1959 ἴδιον
2339 1907 2500 1959 ποιεῖ.
2542 1904 2752 1978 Συνέϐη
2814 1903 2925 1977 γὰρ
2963 1907 3043 1965 εἰς
3098 1903 3509 1976 Ἀλεξάνδρειαν
3562 1904 3777 1958 τοιοῦτό

2176 2012 2227 2048 τι
2265 1994 2552 2062 γενέσθαι·
2585 1994 2855 2049 λαϐοῦσαν
2887 1992 3153 2063 Θεοδότην
3208 1993 3309 2063 τὴν
3361 1993 3595 2065 ἀδελφὴν
3627 1993 3777 2047 Θεο-

2173 2082 2345 2155 δώρου
2374 2083 2467 2137 τοῦ
2493 2083 2828 2155 ἐπάρχοντος
2863 2083 3012 2155 χίλια
3056 2084 3372 2155 νομίσματα
3415 2083 3601 2137 δοῦναι
3650 2086 3776 2139 Ἰσι-

2174 2176 2332 2246 δώρῳ
2363 2176 2721 2249 πρεσϐυτέρῳ
2752 2178 2845 2230 κα)⁸
2873 2175 3134 2247 ξενοδόχῳ
3152 2177 3253 2247 τῆς
3277 2176 3448 2248 αὐτῆς
3475 2177 3775 2248 ἐκκλησίας

2176 2264 2256 2327 εἰς
2283 2263 2544 2335 διανομὴν
2602 2266 2873 2335 πενήτων.
2931 2259 3100 2329 Οὗτος
3148 2265 3205 2319 δὲ
3256 2268 3286 2319 6
3328 2266 3601 2338 Ἰσίδωρος
3632 2266 3776 2337 ἀνὴρ

2175 2352 2332 2420 ἆγιος
2358 2346 2425 2423 ἦν
2455 2354 2548 2406 καὶ
2575 2352 2913 2425 διακριτικὸς
2931 2395 2946 2420 ,
3001 2353 3060 2406 ὃν
3106 2353 3422 2417 Ἀθανάσιος
3447 2356 3475 2409 6
3505 2356 3775 2426 μακάριος

2176 2439 2365 2502 πάπας
2396 2442 2804 2511 προχειρίζεται
2849 2445 2929 2507 είς
2982 2442 3372 2513 πρεσϐύτερον.
3422 2443 3482 2497 'U
3523 2441 3615 2497 οὖν
3642 2444 3779 2496 Θεό-

2175 2528 2329 2600 φιλος
2358 2531 2547 2593 πάπας
2574 2529 2784 2601 μαθὼν,
2819 2531 3057 2596 καλέσας
3098 2531 3189 2586 τὸν
3224 2531 3517 2603 Ἰσίδωρον,
3552 2530 3778 2604 ἠρώτη-

2176 2635 2267 2672 σεν
2298 2620 2428 2692 περὶ
2462 2619 2557 2673 τοῦ
2581 2619 2833 2692 χρυσίου.
2853 2620 2967 2672 Καὶ
2995 2619 3146 2688 λέγει
3176 2620 3327 2692 αὐτῷ
3361 2623 3566 2684 ἐκεῖνος
3591 2623 3777 2675 πᾶσαν

2174 2706 2272 2776 τὴν
2298 2707 2577 2779 ἀλήθειαν,
2604 2707 2778 2776 λέγων
2830 2706 3022 2771 οὕτως·
3084 2708 3247 2762 (Ὅτι
3290 2708 3522 2780 Θεοδότη
3561 2709 3778 2780 κατώρ-

2176 2794 2347 2866 κησέν
2386 2798 2532 2867 με,ή
2564 2796 2659 2850 καὶ
2692 2794 2917 2850 δώσασα
2966 2795 3127 2858 αύτά,
3185 2796 3259 2867 μὴ
3311 2799 3609 2866 ἀναγαγεῖν
3648 2815 3772 2862 σοι,

2177 2886 2311 2941 ἀλλά
2347 2890 2460 2949 τοῖς
2486 2884 2905 2958 ὑστερουμένοις
2926 2886 3113 2940 δοῦναι
3141 2887 3306 2942 αὐτά·
3335 2887 3603 2958 κρείσσων
3643 2888 3775 2959 γὰρ,

2179 2976 2364 3046 φησὶν,
2403 2977 2436 3046 η
2468 2974 2686 3029 εὐποιία
2737 2967 2924 3046 ὧνπερ
2971 2976 3174 3028 ποιεῖτε
3210 2975 3529 3046 οἰκοδομῶν.
3562 2995 3581 3027 ι
3633 2976 3691 3030 '0
3717 2976 3778 3030 δὲ

2178 3063 2452 3134 ὀργισθεὶς
2475 3058 2543 3132 ἦν
2575 3060 2833 3133 μεμηνὼς
2866 3063 2959 3115 καὶ
2989 3062 3205 3135 βρύχων
3233 3064 3357 3127 τοὺς
3383 3064 3601 3128 ὀδόντας
3633 3064 3778 3118 κατά

2191 3153 2483 3228 Ἰσιδώρου.
2513 3154 2623 3208 Καὶ
2659 3155 2722 3208 ἐκ
2753 3152 2848 3206 τοῦ
2873 3153 2933 3218 ἐξ
2958 3146 3564 3224 ἐναντίαςκινούμενος
3592 3156 3619 3207 6
3648 3153 3780 3206 Θεό-

2180 3244 2331 3313 φιλος
2363 3243 2603 3315 ἔγραψεν
2658 3242 2800 3297 κατὰ
2828 3242 2925 3296 τοῦ
2963 3242 3109 3297 6665
3161 3239 3432 3314 Ἰσιδώρου
3478 3240 3778 3311 Σοδομικὴν

2182 3328 2549 3400 κατηγορίαν·
2606 3329 2700 3382 καὶ
2746 3327 3263 3398 προσκαλεσάμενος
3314 3325 3475 3379 αὐτὸν
3529 3324 3676 3392 λέγει
3711 3324 3776 3393 (f.

2181 3412 2252 3466 70
2292 3432 2323 3465 a
2353 3413 2369 3481 )
2403 3412 2573 3483 αὐτῷ·
2635 3431 2654 3463 ι
2698 3410 2869 3465 Ἀϐϐά
2923 3411 3182 3482 Ἰσίδωρε,
3224 3410 3315 3463 τὸν
3345 3410 3553 3481 χάρτην
3588 3408 3779 3463 τοῦτον

2183 3496 2384 3550 ἔδωκέν
2437 3497 2526 3566 μοί
2585 3513 2669 3559 τις
2724 3496 2867 3549 κατά
2901 3493 3015 3547 σοῦ·
3066 3495 3161 3549 καὶ
3217 3494 3637 3565 περισπωμένου
3671 3511 3778 3563 μου

2184 3581 2316 3653 περὶ
2356 3580 2547 3645 πολλὰ,
2596 3581 2734 3652 λήθη
2794 3580 3167 3653 παρέδραμεν·
3210 3580 3305 3633 καὶ
3333 3578 3429 3633 νῦν
3486 3578 3780 3650 ζητοῦντος

2187 3683 2287 3736 μου
2318 3666 2503 3736 ἕτερον
2531 3666 2775 3736 χαρτίον,
2814 3663 2974 3717 τοῦτο
3023 3659 3201 3736 εὖρον,
3232 3663 3327 3717 καὶ
3368 3662 3647 3734 ἐμνήσθην
3674 3663 3780 3732 τῆς

2185 3752 2314 3822 περὶ
2371 3750 2432 3803 σὲ
2482 3748 2839 3821 κατηγορίας.
2880 3769 2897 3801 ι
2958 3750 3092 3803 Τότε
3153 3748 3474 3820 ἀποκριθεὶς
3514 3750 3549 3809 ὁ,
3570 3747 3779 3813 δίκαιος

2182 3836 2389 3899 ἐκεῖνος
2423 3835 2564 3905 ἀνὴρ
2593 3834 2741 3901 λέγει
2786 3833 2957 3904 αύτῷ⁸
2989 3854 3008 3886 ι
3033 3837 3201 3906 Κύριε
3216 3833 3390 3895 πάπα,
3424 3834 3488 3886 σὺ
3519 3832 3775 3901 λέληθας·

2184 3919 2213 3970 6
2242 3917 2563 3987 κατηγορῶν
2603 3916 2743 3982 ποῦς
2778 3936 2796 3968 ι
2860 3918 2917 3969 Ὀ
2961 3917 3018 3971 δέ
3074 3917 3243 3984 λέγει,
3299 3937 3318 3968 ι
3353 3916 3559 3971 Ἔστιν.
3587 3936 3604 3967 ι
3641 3917 3778 3970 Τότε

2187 4003 2579 4074 προσκαλεῖται
2628 4002 2885 4071 Θεόφιλος
2921 4003 3020 4074 τὴν
3059 4002 3197 4055 ἰδίαν
3254 4000 3509 4072 ἀδελφὴν,
3559 4001 3655 4054 καὶ
3695 4002 3780 4055 δι-

2185 4089 2375 4144 δάσκει
2412 4087 2580 4158 αὐτὴν
2607 4087 2677 4142 τά
2706 4089 2807 4157 τῆς
2842 4087 3230 4156 συκοφαντίας.
3276 4088 3337 4140 Ἥ
3368 4086 3426 4140 δέ
3448 4086 3778 4157 πορευθεῖσα

2186 4173 2321 4244 πρός
2350 4189 2475 4226 τινα
2513 4173 2709 4243 χήραν,
2760 4170 2974 4225 δίδωσιν
3025 4170 3163 4241 αὐτῇ
3222 4170 3444 4241 χρυσίου
3477 4169 3774 4240 ποσότητα,

2185 4258 2274 4311 ἵνα
2307 4256 2468 4328 πείσῃ
2500 4256 2590 4309 τὸν
2619 4256 2734 4309 υἱὸν
2767 4255 2937 4326 αὐτῆς
2976 4254 3345 4325 καταλαλῆσαι
3368 4253 3444 4323 τῷ
3468 4255 3610 4325 ἀϐϐᾷ
3649 4254 3779 4310 Ἰσι-

2182 4339 2359 4411 δώρῳ.
2387 4340 2405 4407 (
2422 4341 2484 4392 Ἢ
2522 4339 2580 4394 δὲ
2612 4339 2887 4409 Ἰσιδώρῳ)
2917 4338 2980 4390 τὸ
3007 4340 3237 4409 πρᾶγμα
3260 4337 3555 4407 κατάδηλον
3584 4338 3779 4405 ἐποίη-

2185 4441 2296 4482 σεν,
2360 4421 2679 4487 ἐπιδείξασα
2710 4422 2804 4475 καὶ
2847 4422 2990 4492 άπερ
3022 4417 3089 4493 ἦν
3142 4421 3381 4475 λαϐοῦσα
3416 4420 3582 4492 δῶρα.
3630 4422 3687 4474 Ὁ
3714 4420 3774 4474 δέ

2184 4506 2358 4568 ἀϐϐἅς
2405 4505 2674 4578 Ἰσίδωρος
2695 4504 2987 4576 ἄμεμπτος
3030 4505 3106 4559 ὢν
3139 4507 3233 4559 καὶ
3280 4504 3630 4576 ἀκηλίδωτος,
3680 4507 3777 4559 καὶ

2182 4590 2620 4660 ἀπεκδεχόμενος
2670 4587 2761 4642 τὸν
2817 4589 2959 4660 ὑπὲρ
3013 4588 3109 4642 τοῦ
3163 4588 3408 4643 τοιούτου
3462 4588 3773 4660 πειρασμοῦ

2187 4674 2397 4747 μισθὸν,
2425 4675 2518 4727 καὶ
2545 4673 2805 4741 Θεοφίλου
2835 4672 3176 4743 ἀμείψασθαι
3206 4674 3390 4745 κρίσιν
3419 4671 3511 4725 τοῦ
3543 4670 3775 4741 ψεύδους

2186 4759 2259 4829 μὴ
2324 4756 2711 4829 μετανοοῦντος
2765 4759 2831 4827 τῇ
2882 4756 3053 4828 ἀδίκῳ
3116 4755 3487 4826 συκοφαντίᾳ,
3549 4754 3774 4822 πληγῶν

2186 4804 2259 4829 ι’--ι
2324 4804 2707 4829 Γ-’ννηπτητ
2778 4804 2831 4827 -ιι
2887 4804 3049 4828 ἠ’-’τ
3121 4804 3447 4826 νν---τν-ν-τέ
3472 4804 3487 4819 ι
3557 4804 3765 4822 ""‘Io"'

2182 4843 2474 4915 ἀφορήτων
2503 4841 2862 4895 ἐπιτεθέντων
2892 4841 3042 4913 αύτῷ
3095 4843 3188 4895 ἐπὶ
3244 4841 3355 4894 τῶν
3390 4840 3673 4908 σιαγόνων,
3710 4804 3795 4915 06!

2184 4926 2291 4997 μὴν
2333 4926 2469 4979 ἀλλά
2498 4927 2592 4979 καὶ
2619 4925 3065 4996 αἱμακτωθέντος
3103 4925 3288 4989 αὑτοῦ,
3327 4925 3421 4978 καὶ
3469 4922 3577 4975 τῶν
3607 4921 3767 4975 αὐτοῦ

2180 5010 2614 5082 διαρπαγέντων,
2646 5004 2742 5063 καὶ
2790 5009 2888 5080 τῆς
2936 5010 3229 5080 ἐκκλησίας
3283 5007 3624 5079 διωχθέντος,
3678 5007 3766 5057 καὶ

2182 5096 2530 5167 ἐπιμένοντος
2558 5095 2818 5165 Θεοφίλου
2856 5098 2921 5167 τῇ
2959 5097 3162 5167 κακία,
3198 5096 3227 5148 ό
3272 5094 3542 5165 Ἰσίδωρος
3569 5091 3637 5145 τὰ
3673 5090 3767 5160 τῆς

2180 5182 2408 5252 Νιτρίας
2455 5181 2557 5254 ὅρη
2619 5182 3050 5253 καταλαμϐάνει,
3089 5180 3212 5236 ὅθεν
3264 5180 3361 5235 καὶ
3400 5171 3471 5251 ἦν
3498 5176 3668 5232 ἐλθὼν
3710 5174 3774 5227 τὸ

2180 5266 2345 5337 πρότε
2355 5282 2463 5337 ρον.

2180 5377 2417 5450 Melelio.
2461 5379 2529 5433 Et
2566 5395 2700 5435 sane
2726 5395 2905 5450 neque
2930 5379 3182 5435 Bzelanus
3201 5421 3215 5446 ,
3249 5394 3431 5448 neque
3459 5376 3772 5432 Poemenius

2189 5449 2244 5504 in
2279 5450 2539 5521 calalogis
2567 5449 2852 5521 apparent.

2260 5521 2329 5590 (ι’)
2362 5514 2551 5593 ιιὲκεῖιιι
2582 5514 2668 5575 liii:
2699 5520 2940 5591 prolixus
2968 5519 3220 5593 Dialogus
3250 5521 3303 5576 in
3330 5517 3568 5576 editione
3595 5514 3774 5577 Manr.

2179 5589 2317 5659 Opp.
2353 5589 2723 5659 Chrysostomi
2735 5630 2748 5643 .

2254 5650 2327 5731 (a)
2358 5650 2577 5719 Scilicet
2613 5662 2900 5716 Historiam
2935 5661 3272 5716 Lausiacam.

2256 5732 2323 5803 (ρ)
2369 5733 2443 5786 lla
2492 5733 2611 5787 cod.
2671 5732 2946 5801 Ὀρέντου,
2978 5732 3122 5800 quod
3168 5733 3453 5790 videbatur
3482 5747 3547 5786 ex
3578 5729 3773 5785 Latino
