4018 6446
290 395 402 438 LV“

293 509 406 566 tus,
437 503 497 553 et
537 495 658 568 ipse
696 512 922 569 quoque
964 497 1234 554 ethnicus.
1277 498 1666 556 Verumtamen
1712 500 1898 558 divina

297 591 470 666 gratia
510 600 882 661 compunctus
916 592 985 648 ad
1013 591 1412 648 ecclesiasticos
1443 603 1746 650 conventus
1785 610 1902 651 cre-

295 685 381 756 pit
405 684 690 750 accedere,
715 692 774 738 et
804 683 1113 739 divinarum
1139 682 1548 756 Scripturarum
1577 685 1902 741 lectionibus

296 776 613 830 interesse:
650 789 787 844 quas
817 789 942 830 cum
989 774 1224 830 libenter
1267 777 1504 843 audiret,
1547 777 1740 832 harum
1779 794 1900 832 ma-

296 866 487 940 gistris
535 866 874 934 adharebat,
932 867 1115 923 divina
1177 869 1520 939 providentia
1575 869 1895 925 illustratus.

296 958 502 1014 Sancto
554 967 739 1014 autem
788 965 1043 1028 suscepto
1086 958 1142 1013 in
1185 961 1320 1016 urbe
1347 961 1541 1016 Amida
1565 961 1838 1032 baptismo
1866 978 1896 1016 a

293 1051 522 1107 Batauo
547 1053 826 1122 episcopo,
857 1053 1037 1107 statim
1068 1052 1241 1108 lector
1278 1053 1560 1108 ordinatus
1587 1061 1670 1108 est
1697 1053 1896 1109 Antio-

291 1145 440 1201 chia
467 1159 500 1199 a
527 1143 808 1200 Premenio
837 1145 956 1216 ejus
977 1145 1130 1200 urbis
1155 1145 1432 1217 episcopo.

366 1264 422 1318 ‘2.
454 1263 526 1318 Et
547 1263 676 1332 quia
714 1263 828 1333 jam
858 1263 1088 1318 innuere
1124 1263 1392 1333 capimus
1447 1263 1516 1318 de
1553 1263 1689 1332 justi
1732 1265 1894 1334 hujus

291 1353 734 1417 insidiatoribus,
769 1353 966 1408 horum
997 1352 1240 1422 profecto
1287 1353 1542 1423 princeps
1571 1353 1672 1408 fuit
1709 1354 1892 1409 Eudo-

289 1444 383 1500 xia
434 1443 657 1498 Arcadii
711 1457 868 1509 uxor,
922 1442 1121 1498 deinde
1183 1451 1306 1514 post
1360 1442 1510 1498 illam
1551 1442 1892 1514 Theophilus

291 1536 639 1592 Alexandria
671 1536 978 1606 episcopus,
1011 1544 1126 1590 tum
1161 1535 1412 1591 similiter
1454 1533 1801 1602 Severianus,
1835 1547 1892 1592 et

291 1642 422 1682 cum
457 1643 524 1682 eo
552 1625 786 1682 Aeacius
833 1637 994 1698 atque
1032 1626 1394 1698 Porphyrius;
1425 1627 1479 1682 bi
1509 1629 1729 1697 quidem
1771 1629 1890 1700 epi-

290 1719 449 1790 scopi
507 1735 573 1774 ac
618 1718 869 1774 nonnulli
917 1718 1027 1786 alii,
1071 1719 1138 1774 de
1171 1719 1369 1789 quibus
1413 1728 1602 1790 postea
1643 1719 1891 1776 dicturus

289 1827 439 1868 sum.
474 1811 813 1882 Colloquitur
853 1820 1035 1866 autem
1086 1811 1230 1867 circa
1281 1812 1547 1867 Joannem
1587 1821 1643 1868 et
1678 1829 1800 1882 qua
1839 1813 1888 1868 ei

298 1913 606 1960 evenerunt
631 1905 837 1970 omnia,
860 1919 984 1959 cum
1009 1903 1295 1959 Theodoro
1322 1920 1531 1976 magna
1559 1903 1745 1960 Roma
1771 1904 1890 1959 dia-

294 2009 460 2058 cono,
485 1993 568 2048 vir
594 1994 816 2064 quidam
847 1993 1177 2064 spectabilis,
1209 1994 1431 2049 nomine
1458 1984 1762 2061 Palladius;
1793 1995 1888 2066 qui

287 2087 531 2156 primum
558 2085 758 2142 deserti
783 2085 970 2140 multis
995 2085 1152 2142 annis
1177 2085 1372 2149 incola,
1395 2085 1656 2156 deinceps
1680 2087 1889 2156 episco-

285 2191 424 2254 patu
467 2180 525 2235 in
566 2179 814 2250 Bithynia
855 2187 1083 2234 ornatus
1134 2177 1256 2234 fuit.
1289 2178 1438 2233 Idem
1471 2179 1560 2234 hic
1589 2179 1887 2234 multorum

288 2286 510 2342 quoque
537 2271 761 2326 Patrum
788 2270 1021 2326 virtutes
1057 2269 1383 2340 descripsit;
1431 2278 1486 2324 et
1525 2269 1650 2339 quia
1687 2269 1886 2326 Joanni

287 2363 574 2419 familiaris
598 2363 722 2428 fuit,
752 2361 984 2417 carceris
1007 2375 1307 2416 arumnam
1327 2361 1610 2416 mensibus
1631 2363 1886 2418 undecim

285 2469 488 2526 passus
540 2461 625 2509 est
689 2453 747 2508 in
803 2440 1097 2508 tenebroso
1155 2452 1428 2507 cubiculo.
1501 2451 1636 2507 Volo
1701 2454 1884 2524 igitur,

289 2554 558 2616 quantum
589 2559 726 2600 mea
767 2543 1043 2600 facultatis
1086 2552 1190 2610 est,
1219 2558 1308 2598 res
1336 2543 1562 2600 Joannis
1592 2545 1747 2601 vobis
1787 2563 1888 2602 ex-

290 2649 519 2706 ponere.

361 2758 416 2812 3.
458 2755 696 2812 Joannes
725 2756 908 2827 itaque
946 2757 1084 2812 duro
1111 2757 1236 2813 vita
1260 2772 1479 2828 genere,
1511 2773 1622 2828 quo
1662 2759 1715 2812 in
1751 2759 1886 2814 urbe

289 2850 566 2916 utebatur,
601 2865 714 2905 non
743 2857 1057 2914 contentus,
1089 2849 1146 2903 in
1177 2850 1454 2920 proximos
1484 2857 1700 2906 montes
1729 2868 1885 2906 sece-

289 2945 450 3008 dens,
495 2943 568 2999 ibi
625 2943 838 3014 corpori
879 2942 1196 2998 edomando
1239 2943 1481 2999 studium
1511 2943 1881 3015 impendebat.

289 3035 397 3091 Sed
437 3035 584 3091 enim
611 3035 668 3090 in
695 3036 808 3091 imo
831 3043 1026 3090 ventre
1045 3045 1340 3106 percussus
1378 3035 1597 3107 frigore,
1627 3052 1752 3092 cum
1783 3037 1885 3092 sibi

289 3127 604 3182 ministrare
634 3127 941 3184 necessaria
966 3142 1078 3182 non
1105 3134 1308 3197 posset,
1333 3143 1522 3182 rursus
1549 3127 1602 3180 in
1631 3127 1886 3182 Ecclesia

289 3231 512 3291 portum
563 3235 623 3277 se
667 3220 890 3292 recepit,
925 3221 1106 3278 divina
1140 3233 1265 3276 eum
1299 3219 1582 3276 commode
1613 3221 1782 3292 gratia
1819 3221 1886 3276 ad

291 3313 347 3370 id
376 3314 520 3385 quod
551 3315 718 3388 magis
737 3317 995 3387 proderat
1025 3317 1359 3388 perducente
1384 3335 1396 3370 :
1428 3316 1596 3387 fitque
1624 3317 1888 3374 diaconus

289 3405 617 3473 Antiochia,
646 3408 758 3477 jam
783 3423 879 3464 ore
909 3408 1028 3479 ejus
1065 3407 1388 3462 mirabiliter
1429 3415 1620 3462 contra
1649 3407 1888 3464 hareses

293 3505 617 3564 resonante;
645 3514 771 3553 mox
792 3508 848 3554 et
874 3499 1158 3570 presbyter
1183 3497 1554 3554 constituitur.
1589 3499 1887 3573 Denuoque

292 3605 474 3646 sermo
505 3591 612 3656 ille,
643 3591 753 3647 sale
775 3591 1026 3647 conditus
1055 3590 1276 3664 (Colon.
1309 3607 1384 3659 tv,
1409 3590 1490 3664 6),
1533 3595 1888 3664 tempestivus

292 3699 431 3740 sane
469 3700 538 3742 ex
576 3700 672 3740 ore
715 3683 886 3755 ipsius
928 3684 1202 3756 prodibat,
1235 3685 1415 3756 primo
1445 3685 1668 3756 quidem
1696 3697 1886 3744 contra

294 3776 560 3846 superbos
585 3783 642 3830 et
663 3775 994 3848 irreligiosos
1025 3791 1090 3832 ac
1118 3791 1422 3848 pauperum
1452 3792 1680 3846 osores;
1721 3788 1886 3850 atque

293 3869 349 3922 in
372 3867 457 3923 his
487 3868 823 3940 argumentis
849 3883 1179 3941 magnopere
1207 3870 1515 3926 exsultabat
1547 3881 1764 3937 orator;
1787 3873 1884 3928 ad-

293 3967 516 4030 eratque
571 3959 622 4015 ei
670 3961 1048 4030 quotidianum
1110 3962 1462 4026 auditorium,
1515 3974 1884 4022 concurrente

293 4051 542 4107 utilitatis
605 4067 719 4108 sua
781 4067 943 4108 causa
1015 4055 1236 4124 populo,
1305 4057 1600 4126 cunctique
1650 4073 1776 4112 eum
1819 4058 1886 4112 li-

293 4145 486 4200 benter
519 4145 832 4214 audiebant,
876 4145 1230 4218 ejusdemque
1271 4147 1429 4203 dictis
1473 4165 1682 4204 morem
1729 4166 1872 4206 pere-

293 4237 444 4294 bant.

363 4357 419 4412 4.
446 4355 588 4412 Ecce
612 4365 796 4412 autem
816 4357 908 4414 illo
930 4366 1174 4430 tempore
1195 4359 1442 4430 contigit,
1489 4369 1548 4415 ut
1583 4361 1652 4416 ab
1687 4361 1884 4416 huma-

291 4462 378 4503 na
404 4447 531 4504 vita
557 4448 865 4505 turbinibus
893 4449 1179 4506 Nectarius
1209 4451 1518 4517 decederet,
1569 4450 1885 4510 Constanti-

294 4538 555 4609 nopoleos
590 4540 880 4611 episcopus
903 4582 918 4608 ,
957 4555 1022 4597 ac
1061 4542 1292 4613 proinde
1331 4543 1490 4598 multi
1520 4544 1886 4600 sacerdotium

295 4631 429 4687 illud
476 4633 871 4702 propemodum
926 4643 1321 4700 mercarentur,
1370 4651 1552 4706 neque
1609 4635 1886 4693 modicum

295 4721 579 4778 dissidinm
607 4722 783 4778 ﬁeret.
821 4723 978 4780 Tunc
1015 4721 1252 4780 Arcadio
1293 4724 1608 4796 imperatori
1657 4726 1886 4782 relatum

297 4813 398 4868 fuit
425 4813 492 4868 de
517 4811 742 4870 Joannis
770 4813 1085 4886 prastantia
1111 4832 1125 4869 ε
1149 4815 1242 4886 qui
1273 4817 1455 4872 statim
1491 4817 1559 4873 ad
1581 4817 1887 4875 Antiochia

299 4906 612 4978 prafectum
643 4909 878 4980 scripsit,
905 4915 966 4964 ut
995 4909 1202 4982 absque
1227 4910 1459 4981 strepitu
1487 4909 1596 4966 ullo
1619 4910 1885 4967 Joannem

297 4999 362 5058 ad
386 5013 447 5054 se
479 4998 740 5066 mitteret,
791 5015 993 5056 cavens
1028 5016 1098 5056 ne
1128 5001 1213 5056 vel
1255 5000 1436 5071 ipsum
1476 5001 1754 5057 hominem
1802 4998 1887 5057 vel

297 5089 692 5146 Antiochenam
721 5091 999 5148 civitatem
1029 5094 1292 5149 turbaret.
1325 5093 1450 5149 Fuit
1486 5102 1670 5150 autem
1700 5109 1887 5150 exem-

299 5181 415 5250 plar
455 5181 699 5252 epistola
737 5185 887 5241 hoc:
927 5203 946 5237 ‹
982 5185 1246 5241 Arcadius
1273 5195 1554 5259 angustus,
1594 5186 1883 5258 gloriosus,

301 5273 498 5330 Victori
539 5277 764 5346 patricio
791 5286 848 5334 et
873 5277 1132 5348 prafeeto
1155 5277 1396 5334 Orientis
1425 5279 1542 5334 hac
1570 5280 1658 5335 aio
1697 5297 1710 5332 :
1744 5280 1886 5348 Quia

299 5369 544 5424 nonnulli
595 5369 764 5442 inepti
811 5371 1007 5430 inscite
1035 5371 1290 5428 videntur
1312 5387 1663 5437 concurrere,
1703 5383 1758 5429 et
1787 5390 1887 5430 ne-

299 5552 544 5632 Qﬁentis.
574 5557 809 5632 Bronius
835 5559 966 5632 mihi
995 5569 1114 5632 erat
1141 5561 1382 5632 scribere
1412 5561 1686 5632 Ὀρόντου,
1719 5561 1773 5616 id
1801 5567 1889 5618 est

303 5622 534 5682 Orontis.
581 5627 690 5685 Sed
721 5630 1000 5702 insolitum
1040 5631 1145 5702 hoc
1170 5622 1706 5702 videbatur'(vulgo
1743 5633 1887 5702 apud

303 5649 534 5682 manus.
582 5649 690 5685 aeu
721 5649 1000 5688 msomum
1040 5649 1145 5688 nec
1170 5649 1460 5687 videbatur
1511 5649 1706 5702 (vulgo
1743 5649 1773 5687 a
1815 5649 1887 5690 ua

301 5701 879 5774 3“Cl0f§$_d‘§pafﬂybc
905 5699 1007 5771 τῆς
1048 5697 1337 5774 Ἀνατολῆς
1374 5703 1457 5758 vel
1488 5703 1588 5774 τῆς
1601 5649 1888 5771 "$40.83-

305 5718 548 5754 zucwres
572 5718 636 5753 στ
713 5718 879 5772 τηγος
905 5718 1007 5771 της
1063 5718 1268 5756 avaros
1309 5720 1337 5766 ς
1374 5718 1457 5758 vel
1488 5721 1588 5774 της
1612 5718 1886 5771 ἰςωμέκ-

305 5718 813 5842 ιειιοᾳυίίΡειΙΕἍὴιε
859 5786 1076 5842 quoque
1111 5773 1244 5829 dicit
1269 5719 1569 5830 1Arcadium
1599 5773 1886 5842 scripsisse

302 5844 366 5900 ad
391 5841 741 5912 praefectum;
775 5843 870 5898 sed
885 5841 999 5896 alii
1017 5843 1296 5916 biographi
1326 5845 1391 5900 ad
1414 5841 1732 5900 Flavianum
1760 5845 1880 5916 epi-

1063 381 1152 438 DE
1191 381 1354 438 VITA
1386 380 1478 438 ET
1517 379 1796 442 EXSILIO
1829 387 1890 442 S.
1927 384 2214 445 JOANNIS
2251 389 2767 450 CHRYSOSTOMI.

3464 407 3596 451 LVIII

2012 517 2121 574 que
2172 503 2474 572 dedecoris,
2520 521 2700 580 neque
2741 517 2942 576 metus,
2969 523 3150 580 neque
3188 505 3602 579 vituperationis

2007 594 2276 649 rationem
2309 596 2599 661 habentes,
2647 599 3021 670 episcopatum
3081 599 3182 654 sibi
3242 598 3467 654 concedi
3501 613 3600 655 vo-

2005 686 2147 752 lunt,
2183 703 2286 743 nos
2336 688 2432 744 Dei
2477 690 2658 744 timori
2687 706 2904 762 semper
2944 691 3326 760 obsequentes,
3369 689 3490 754 hos,
3539 706 3601 746 re

2009 793 2122 832 non
2161 779 2472 850 impetrata,
2507 779 2860 835 dimittimus.
2914 779 3033 836 Tibi
3091 790 3276 836 autem
3304 781 3408 836 hac
3446 797 3597 836 sacra

2005 870 2232 940 epistola
2274 881 2460 926 nostra
2484 873 2760 943 praecipio,
2795 881 2855 926 ut
2880 887 3003 926 cum
3034 873 3183 926 omni
3214 873 3600 943 tranquillitate

2003 961 2188 1016 mittas
2237 963 2344 1017 huc
2391 963 2657 1020 Joannem
2693 965 3094 1038 presbyterum,
3127 966 3260 1034 quin
3302 983 3416 1021 rem
3451 967 3600 1036 quis-

2003 1068 2166 1122 quam
2204 1053 2511 1110 Antiochia
2561 1058 2870 1126 suspicetur
2910 1066 3005 1112 aut
3031 1057 3249 1114 sentiat.
3277 1056 3434 1123 Quod
3463 1057 3518 1111 si'
3542 1066 3597 1112 tu

2001 1146 2321 1201 mandatum
2347 1148 2562 1220 egregie
2593 1148 2916 1220 perfeceris,
2942 1164 3212 1203 summam
3233 1164 3264 1202 a
3291 1148 3450 1204 nobis
3480 1149 3598 1204 lau-

2001 1237 2128 1293 dem
2158 1239 2383 1295 referes.
2416 1259 2436 1291 ι
2470 1241 2567 1295 llis
2599 1241 2755 1296 lectis
2781 1240 3076 1311 prafectus
3105 1240 3372 1296 Joannem
3403 1241 3599 1296 invitat

1999 1338 2063 1384 ut
2091 1339 2242 1385 extra
2267 1331 2323 1385 in
2343 1331 2620 1386 suburbiis
2645 1331 2881 1397 adesset,
2905 1345 3067 1400 quem
3091 1343 3218 1385 mox
3247 1329 3302 1383 in
3327 1329 3598 1398 publicam

1999 1422 2225 1477 rhedam
2259 1422 2596 1492 impositum,
2641 1423 2766 1478 data
2809 1423 2974 1478 etiam
3018 1422 3234 1488 lectica,
3281 1420 3598 1476 Constanti-

1997 1511 2240 1580 nopolim
2266 1511 2453 1566 mittit.
2479 1510 2786 1582 Statimque
2809 1511 3096 1566 ordinatur
3117 1510 3423 1581 episcopus,
3451 1515 3598 1563 erat-

1995 1619 2103 1674 que
2135 1603 2396 1660 facultate
2426 1605 2658 1660 docendi
2689 1603 3181 1675 splendidissimus,
3215 1603 3599 1657 immisericor-

1996 1697 2094 1752 des
2121 1697 2320 1752 divites
2341 1697 2564 1766 Deoque
2603 1697 2844 1768 ingratos
2881 1695 3157 1750 liberrime
3183 1709 3436 1766 arguens.
3464 1691 3598 1758 Qua

1995 1785 2178 1841 omnia
2231 1785 2673 1841 dissolutioribus
2723 1783 3038 1838 hominibus
3084 1783 3390 1838 molestiam
3446 1797 3596 1836 crea-

1993 1876 2146 1932 bant.

2067 1969 2121 2024 5.
2151 1969 2318 2024 Porro
2351 1967 2667 2023 indesinens
2699 1967 2896 2022 diaboli
2935 1966 3136 2024 invidia
3193 1965 3374 2022 ofﬁcio
3403 1981 3596 2026 rursus

1993 2061 2217 2132 proprio
2246 2059 2430 2115 functa
2457 2068 2560 2115 est.
2600 2059 2817 2114 Etenim
2859 2058 3204 2115 Alexandria
3241 2075 3355 2114 rem
3397 2060 3594 2130 hujus-

1994 2153 2139 2208 modi
2189 2152 2304 2207 fieri
2360 2151 2585 2223 contigit
2627 2167 2641 2204 :
2685 2166 2886 2221 nempe
2926 2149 3270 2205 Theodotem
3318 2149 3594 2205 Theodori

1994 2242 2245 2314 pratoris
2286 2257 2532 2297 sororem
2572 2241 2721 2296 mille
2764 2257 3022 2297 nummos
3063 2241 3194 2296 dare
3226 2241 3433 2296 lsidoro
3467 2256 3596 2311 pre—

1994 2335 2214 2407 sbytero
2264 2341 2321 2390 et
2368 2333 2512 2405 apud
2554 2333 2802 2388 eamdem
2841 2331 3131 2387 ecclesiam
3176 2330 3454 2400 hospitum
3507 2346 3595 2385 ex-

1992 2426 2221 2496 ceptori,
2252 2434 2314 2480 ut
2346 2425 2678 2496 pauperibus
2701 2423 3078 2480 distribueret.
3121 2421 3222 2477 Hic
3259 2437 3391 2476 vero
3424 2421 3596 2476 lsido-

1991 2533 2086 2573 rus
2110 2525 2334 2572 sanctus
2363 2517 2448 2572 vir
2477 2525 2597 2571 erat
2623 2524 2681 2571 et
2707 2515 3001 2579 discretus,
3031 2529 3194 2584 quem
3229 2513 3422 2568 beatus
3452 2529 3592 2582 papa

1990 2609 2324 2666 Athanasius
2371 2610 2748 2682 presbyterum
2802 2607 3028 2662 fecerat.
3077 2607 3198 2662 Jam
3253 2620 3386 2661 vero
3452 2619 3593 2675 papa

1993 2702 2354 2772 Theophilus,
2381 2717 2440 2756 re
2469 2700 2705 2772 cognita,
2737 2698 3062 2754 accersitum
3090 2697 3357 2752 lsidorum
3375 2697 3443 2751 de
3459 2712 3594 2750 auro

1992 2793 2299 2848 sciscitatus
2323 2801 2426 2848 est.
2472 2792 2573 2847 llic
2599 2790 2806 2862 liquido
2831 2790 3118 2844 veritatem
3153 2787 3442 2843 confessus
3471 2787 3546 2842 ait
3574 2803 3589 2840 :

1999 2905 2016 2936 ε
2056 2885 2396 2939 Theodotem
2427 2897 2548 2954 qua
2581 2881 2826 2946 dederat,
2860 2897 2918 2935 se
2957 2880 3256 2951 adjurasse,
3299 2881 3594 2952 quominus

1991 2973 2047 3030 id
2087 2975 2183 3030 tibi
2235 2976 2526 3039 traderem,
2565 2974 2658 3029 sed
2689 2971 2977 3045 egentibus
3023 2971 3207 3041 potius
3247 2970 3591 3041 impertirer:

1990 3067 2184 3122 melior
2207 3077 2292 3122 est
2321 3069 2490 3131 enim,
2515 3067 2610 3133 ait,
2637 3065 3019 3126 beneficentia.
3048 3079 3210 3134 quam
3241 3063 3330 3118 illa
3355 3079 3476 3134 qua
3499 3077 3596 3117 vos

1991 3158 2277 3214 exstruitis
2324 3157 2574 3213 aditieia.
2625 3176 2644 3208 ι
2689 3157 2789 3211 Hic
2845 3173 2978 3212 vero
3019 3155 3301 3210 iracundia
3357 3155 3594 3216 furebat,

1991 3249 2250 3305 dentibus
2277 3250 2542 3304 adversus
2567 3249 2833 3304 lsidorum
2865 3248 3206 3303 infrendens.
3236 3248 3284 3301 A
3309 3263 3594 3302 communi

1992 3356 2123 3412 ergo
2144 3341 2301 3396 hoste
2329 3349 2634 3395 commotus
2663 3339 3003 3408 Theophilus
3033 3338 3252 3408 scripsit
3280 3347 3471 3394 contra
3497 3339 3594 3393 ab-

1992 3435 2176 3490 batem
2214 3433 2484 3489 lsidorum
2533 3431 2851 3489 Sodomitici
2896 3430 3083 3500 ﬂagitii
3121 3429 3595 3496 criminationem,

1991 3526 2153 3596 eique
2179 3527 2245 3581 ad
2271 3543 2330 3583 se
2353 3534 2546 3581 vocato
2569 3525 2704 3580 dixit
2733 3543 2744 3578 :
2781 3546 2799 3578 ι
2837 3525 3043 3580 Isidore
3074 3523 3264 3587 abbas,
3291 3523 3597 3577 chartulam

1993 3617 2135 3672 hanc
2155 3617 2306 3672 dedit
2333 3617 2468 3672 mihi
2493 3617 2712 3686 quidam
2736 3617 3000 3672 adversus
3023 3624 3109 3681 te;
3148 3625 3339 3670 verum
3371 3629 3471 3684 ego
3491 3629 3595 3684 per

1991 3711 2162 3766 multa
2199 3711 2509 3775 distractus,
2543 3709 2803 3765 oblivioni
2835 3708 3183 3772 tradideram,
3226 3721 3376 3760 nunc
3410 3715 3594 3760 tamen

1991 3803 2149 3857 aliam
2193 3801 2447 3872 quarens
2500 3800 2826 3864 chartulam,
2874 3801 3015 3855 hanc
3065 3795 3595 3876 deprehendi,_qua

1991 3899 2126 3955 mihi
2169 3899 2574 3954 accusationem
2609 3899 2704 3954 tibi
2733 3899 3025 3970 irrogatam
3072 3896 3127 3950 in
3165 3905 3408 3950 mentem
3440 3911 3596 3949 revn-

1991 3988 2154 4042 cavit.
2195 4007 2214 4038 ι
2257 3987 2355 4043 Cui
2372 3989 2554 4058 justus
2577 3987 2666 4042 ille
2688 3988 2773 4043 vir
2809 3986 3170 4058 respondens,
3199 3985 3272 4040 ait
3307 4003 3321 4040 :
3360 4006 3378 4037 ‹
3407 3983 3594 4050 nexui-

1991 4095 2062 4134 ne
2085 4095 2241 4149 papa,
2275 4088 2332 4133 tu
2367 4079 2588 4148 quidem
2611 4079 2812 4134 oblitus
2845 4094 2940 4145 es;
2972 4079 3065 4134 sed
3096 4086 3280 4132 tamen
3306 4086 3593 4132 accusator

1993 4169 2084 4224 ubi
2109 4169 2226 4223 est?
2260 4188 2279 4220 ι
2315 4170 2429 4236 llle,
2469 4189 2487 4220 ι
2509 4168 2700 4234 Adest,
2736 4189 2755 4220 ι
2789 4171 2996 4240 inquit;
3017 4177 3293 4238 vocatque
3322 4167 3596 4236 Theophi-

1993 4263 2080 4318 lus
2099 4277 2342 4317 sororem
2402 4277 2581 4328 suam,
2643 4269 2700 4314 et
2764 4261 2833 4316 de
2899 4261 3166 4316 instructa
3234 4259 3595 4331 sycophantla

1993 4362 2200 4410 monet.
2271 4353 2365 4408 llla
2415 4354 2484 4409 ad
2544 4353 2764 4408 viduam
2819 4351 3113 4422 quamdam
3177 4350 3376 4422 pergit,
3435 4349 3597 4420 eique

1993 4447 2243 4520 pecunia
2294 4457 2505 4503 certum
2556 4463 2850 4502 numerum
2895 4444 3080 4508 tradit,
3131 4451 3193 4500 ut
3224 4443 3396 4498 filium
3437 4457 3597 4498 suum

1994 4541 2062 4596 ad
2087 4541 2534 4598 calumniandum
2562 4539 2770 4596 lsidoro
2795 4539 3080 4594 subornet.
3102 4536 3232 4592 liae
3255 4545 3439 4590 autem
3480 4541 3596 4590 rem

1995 4640 2164 4690 totam
2195 4633 2406 4690 Isidoro
2426 4633 2633 4706 pandit,
2661 4633 2962 4688 ostendens
2998 4629 3160 4685 simul
3191 4644 3314 4700 qua
3351 4627 3598 4698 accepis-

1995 4737 2080 4784 set
2103 4725 2265 4782 dona.
2296 4725 2466 4798 Igitur
2492 4723 2660 4780 abbas
2689 4723 2930 4779 Isidorus
2955 4719 3223 4776 innocens
3251 4727 3309 4774 et
3333 4717 3600 4774 immacu-

1995 4817 2160 4882 latus,
2189 4817 2312 4880 hac,
2349 4813 2667 4871 tentationis
2719 4827 2900 4876 causa,
2947 4820 3104 4880 capta
3149 4809 3424 4874 mercede,
3469 4807 3600 4862 dum

1995 4907 2334 4980 The0philus
2393 4907 2590 4963 falsum
2645 4905 2914 4976 judicium
2975 4903 3192 4958 auferre
3256 4907 3453 4972 negat,
3529 4899 3600 4954 ab

1995 5001 2180 5072 iniqua
2211 4998 2563 5074 schphantia
2594 4997 2923 5062 recedendo,
2951 4993 3308 5052 intolerandis
3328 4989 3599 5063 impositis

1995 5094 2052 5148 in
2108 5093 2302 5152 faciem
2349 5090 2693 5153 verberibus,
2739 5098 2796 5146 et
2841 5095 3180 5152 cruentatus,
3221 5083 3337 5140 suis
3381 5097 3596 5155 quoque

1995 5187 2161 5242 rebus
2195 5183 2480 5256 spoliatus,
2516 5191 2572 5238 et
2599 5179 2830 5238 ecclesia
2857 5179 3086 5250 eiectus,
3123 5178 3510 5250 perseverante
3538 5171 3592 5225 in

1995 5295 2094 5338 sua
2123 5278 2330 5334 malitia
2359 5275 2687 5348 Theophila.
2725 5274 2793 5331 ad
2827 5271 3017 5328 Nitria
3045 5280 3261 5328 montes
3289 5265 3434 5324 unde
3465 5261 3595 5318 olim

1993 5374 2292 5429 advenerat
2319 5371 2579 5442 perrexit.

1993 5575 2240 5629 scopum.
3485 5609 3498 5624 ο

2011 5699 2016 5700 ί
2067 5631 2158 5700 (f)
2182 5629 2315 5687 Cod.
2345 5628 2434 5681 τὸν
2450 5629 2530 5700 Δἐκ
2559 5623 2843 5700 ueyavlou,
2877 5619 3042 5700 quod
3066 5632 3168 5700 ego
3212 5630 3326 5700 ntali
3353 5609 3594 5700 8:91:39»

1993 5678 2338 5756 Antiochiam
2357 5678 2594 5768 quidem
2607 5678 2941 5766 appellatam
2967 5678 3244 5746 interdum
3269 5678 3597 5755 Μεγαλόπο-

1994 5771 2077 5824 λιν
2103 5771 2329 5826 scimus.
