  <div class='ocr_page' id='page_1' title='image "/cluster/home/n/w/nwhite01/storage/ocr_20150623/47:no.1:pt.1/coo.31924054869460/041.png"; bbox 0 0 4018 6456; ppageno 0'>
   <div class='ocr_carea' id='block_1_1' title="bbox 466 376 3744 437">
    <p class='ocr_par' dir='ltr' id='par_1_1' title="bbox 466 376 3744 437">
     <span class='ocr_line' id='line_1_1' title="bbox 466 376 3744 437; baseline -0.002 -1"><span class='ocrx_word' id='word_1_1' title='bbox 466 399 514 436; x_wconf 73' lang='grc' dir='ltr'>ιι</span> <span class='ocrx_word' id='word_1_2' title='bbox 529 399 555 436; x_wconf 70' lang='grc' dir='ltr'>τ</span> <span class='ocrx_word' id='word_1_3' title='bbox 1639 378 1991 437; x_wconf 74' lang='lat' dir='ltr'>TllEODORl</span> <span class='ocrx_word' id='word_1_4' title='bbox 2031 376 2564 435; x_wconf 78' lang='lat' dir='ltr'>TRIMITHUNTINI</span> <span class='ocrx_word' id='word_1_5' title='bbox 3681 391 3744 430; x_wconf 73' lang='grc' dir='ltr'>ις</span> 
     </span>
    </p>
   </div>
   <div class='ocr_carea' id='block_1_2' title="bbox 539 493 2054 568">
    <p class='ocr_par' dir='ltr' id='par_1_2' title="bbox 539 493 2054 568">
     <span class='ocr_line' id='line_1_2' title="bbox 539 493 2054 568; baseline -0.001 -22"><span class='ocrx_word' id='word_1_6' title='bbox 539 501 614 560; x_wconf 83' lang='grc' dir='ltr'>ς’.</span> <span class='ocrx_word' id='word_1_7' title='bbox 648 495 757 548; x_wconf 67' lang='grc' dir='ltr'>Κοιλ⁸</span> <span class='ocrx_word' id='word_1_8' title='bbox 790 493 978 547; x_wconf 86' lang='grc' dir='ltr'>τούτου</span> <span class='ocrx_word' id='word_1_9' title='bbox 1010 495 1103 548; x_wconf 83' lang='grc' dir='ltr'>τοῦ</span> <span class='ocrx_word' id='word_1_10' title='bbox 1155 495 1330 566; x_wconf 86' lang='grc' dir='ltr'>βιαίου</span> <span class='ocrx_word' id='word_1_11' title='bbox 1385 497 1702 568; x_wconf 86' lang='grc' dir='ltr'>γενομένου.</span> <span class='ocrx_word' id='word_1_12' title='bbox 1738 495 2054 564; x_wconf 84' lang='grc' dir='ltr'>ἀπέστησαν</span> 
     </span>
    </p>
   </div>
   <div class='ocr_carea' id='block_1_3' title="bbox 464 576 2059 653">
    <p class='ocr_par' dir='ltr' id='par_1_3' title="bbox 464 576 2059 653">
     <span class='ocr_line' id='line_1_3' title="bbox 464 576 2059 653; baseline -0.001 -22"><span class='ocrx_word' id='word_1_13' title='bbox 464 581 516 632; x_wconf 89' lang='grc' dir='ltr'>οἰ</span> <span class='ocrx_word' id='word_1_14' title='bbox 546 579 648 649; x_wconf 86' lang='grc' dir='ltr'>τῆς</span> <span class='ocrx_word' id='word_1_15' title='bbox 674 577 946 647; x_wconf 78' lang='grc' dir='ltr'>Αἰγύπτου</span> <span class='ocrx_word' id='word_1_16' title='bbox 975 579 1264 634; x_wconf 86' lang='grc' dir='ltr'>ἐπίσκοποι</span> <span class='ocrx_word' id='word_1_17' title='bbox 1286 582 1380 634; x_wconf 77' lang='grc' dir='ltr'>τὸν</span> <span class='ocrx_word' id='word_1_18' title='bbox 1408 581 1641 653; x_wconf 83' lang='grc' dir='ltr'>ἀριθμὸν</span> <span class='ocrx_word' id='word_1_19' title='bbox 1672 580 1834 645; x_wconf 84' lang='grc' dir='ltr'>ἐπτά,</span> <span class='ocrx_word' id='word_1_20' title='bbox 1883 576 2059 632; x_wconf 82' lang='grc' dir='ltr'>Ἰωάν-</span> 
     </span>
    </p>
   </div>
   <div class='ocr_carea' id='block_1_4' title="bbox 465 663 2055 739">
    <p class='ocr_par' dir='ltr' id='par_1_4' title="bbox 465 663 2055 739">
     <span class='ocr_line' id='line_1_4' title="bbox 465 663 2055 739; baseline -0.002 -22"><span class='ocrx_word' id='word_1_21' title='bbox 465 682 564 735; x_wconf 89' lang='grc' dir='ltr'>νης</span> <span class='ocrx_word' id='word_1_22' title='bbox 621 663 968 734; x_wconf 88' lang='grc' dir='ltr'>Τερνούθεος,</span> <span class='ocrx_word' id='word_1_23' title='bbox 1017 664 1267 736; x_wconf 87' lang='grc' dir='ltr'>Ζώσιμος</span> <span class='ocrx_word' id='word_1_24' title='bbox 1322 666 1644 739; x_wconf 90' lang='grc' dir='ltr'>Σεθροήτου,</span> <span class='ocrx_word' id='word_1_25' title='bbox 1711 663 2055 732; x_wconf 82' lang='grc' dir='ltr'>Ἀλέξανδρος</span> 
     </span>
    </p>
   </div>
   <div class='ocr_carea' id='block_1_5' title="bbox 480 745 2055 822">
    <p class='ocr_par' dir='ltr' id='par_1_5' title="bbox 480 745 2055 822">
     <span class='ocr_line' id='line_1_5' title="bbox 480 745 2055 822; baseline -0.003 -21"><span class='ocrx_word' id='word_1_26' title='bbox 480 747 832 819; x_wconf 83' lang='grc' dir='ltr'>Ὀξυρύγχου,</span> <span class='ocrx_word' id='word_1_27' title='bbox 883 749 1188 822; x_wconf 79' lang='grc' dir='ltr'>Χαιρήμων</span> <span class='ocrx_word' id='word_1_28' title='bbox 1243 751 1555 818; x_wconf 88' lang='grc' dir='ltr'>Πελουσίου,</span> <span class='ocrx_word' id='word_1_29' title='bbox 1609 751 1809 812; x_wconf 84' lang='grc' dir='ltr'>Νόννος</span> <span class='ocrx_word' id='word_1_30' title='bbox 1871 745 2055 816; x_wconf 84' lang='grc' dir='ltr'>Ἀθρί-</span> 
     </span>
    </p>
   </div>
   <div class='ocr_carea' id='block_1_6' title="bbox 467 830 2053 906">
    <p class='ocr_par' dir='ltr' id='par_1_6' title="bbox 467 830 2053 906">
     <span class='ocr_line' id='line_1_6' title="bbox 467 830 2053 906; baseline 0.006 -23"><span class='ocrx_word' id='word_1_31' title='bbox 467 833 611 894; x_wconf 82' lang='grc' dir='ltr'>ϐεος.</span> <span class='ocrx_word' id='word_1_32' title='bbox 675 832 986 904; x_wconf 80' lang='grc' dir='ltr'>Δουλκήτης</span> <span class='ocrx_word' id='word_1_33' title='bbox 1023 833 1322 904; x_wconf 87' lang='grc' dir='ltr'>Παράλεος,</span> <span class='ocrx_word' id='word_1_34' title='bbox 1385 836 1676 906; x_wconf 81' lang='grc' dir='ltr'>Σαραπίων</span> <span class='ocrx_word' id='word_1_35' title='bbox 1722 837 1818 904; x_wconf 84' lang='grc' dir='ltr'>τῆς</span> <span class='ocrx_word' id='word_1_36' title='bbox 1855 830 2053 892; x_wconf 78' lang='grc' dir='ltr'>Πανός’</span> 
     </span>
    </p>
   </div>
   <div class='ocr_carea' id='block_1_7' title="bbox 467 914 2058 990">
    <p class='ocr_par' dir='ltr' id='par_1_7' title="bbox 467 914 2058 990">
     <span class='ocr_line' id='line_1_7' title="bbox 467 914 2058 990; baseline -0.004 -20"><span class='ocrx_word' id='word_1_37' title='bbox 467 914 674 983; x_wconf 91' lang='grc' dir='ltr'>Λιϐύης</span> <span class='ocrx_word' id='word_1_38' title='bbox 704 915 760 967; x_wconf 86' lang='grc' dir='ltr'>δέ</span> <span class='ocrx_word' id='word_1_39' title='bbox 785 919 955 987; x_wconf 86' lang='grc' dir='ltr'><strong>τρεῖς,</strong></span> <span class='ocrx_word' id='word_1_40' title='bbox 979 917 1269 982; x_wconf 80' lang='grc' dir='ltr'>Λουκιανὸς</span> <span class='ocrx_word' id='word_1_41' title='bbox 1289 919 1666 990; x_wconf 73' lang='grc' dir='ltr'>Παραιτονίου,</span> <span class='ocrx_word' id='word_1_42' title='bbox 1691 917 2058 988; x_wconf 84' lang='grc' dir='ltr'>Κλημεντῖνος</span> 
     </span>
    </p>
   </div>
   <div class='ocr_carea' id='block_1_8' title="bbox 469 999 2060 1072">
    <p class='ocr_par' dir='ltr' id='par_1_8' title="bbox 469 999 2060 1072">
     <span class='ocr_line' id='line_1_8' title="bbox 469 999 2060 1072; baseline -0.002 -20"><span class='ocrx_word' id='word_1_43' title='bbox 469 999 866 1068; x_wconf 75' lang='grc' dir='ltr'>Μαρμαρικῆς,</span> <span class='ocrx_word' id='word_1_44' title='bbox 921 1001 1113 1070; x_wconf 78' lang='grc' dir='ltr'>Μηνᾶς</span> <span class='ocrx_word' id='word_1_45' title='bbox 1152 1002 1384 1072; x_wconf 89' lang='grc' dir='ltr'>Δάρνης.</span> <span class='ocrx_word' id='word_1_46' title='bbox 1440 1003 1550 1056; x_wconf 77' lang='grc' dir='ltr'>Καὶ</span> <span class='ocrx_word' id='word_1_47' title='bbox 1602 1001 1852 1072; x_wconf 72' lang='grc' dir='ltr'>κληρικοὶ</span> <span class='ocrx_word' id='word_1_48' title='bbox 1907 999 2060 1051; x_wconf 80' lang='grc' dir='ltr'>Ἀλε-</span> 
     </span>
    </p>
   </div>
   <div class='ocr_carea' id='block_1_9' title="bbox 471 1081 2060 1154">
    <p class='ocr_par' dir='ltr' id='par_1_9' title="bbox 471 1081 2060 1154">
     <span class='ocr_line' id='line_1_9' title="bbox 471 1081 2060 1154; baseline 0.001 -20"><span class='ocrx_word' id='word_1_49' title='bbox 471 1081 753 1152; x_wconf 80' lang='grc' dir='ltr'>ξανδρείας</span> <span class='ocrx_word' id='word_1_50' title='bbox 783 1083 873 1135; x_wconf 83' lang='grc' dir='ltr'>τὸν</span> <span class='ocrx_word' id='word_1_51' title='bbox 902 1083 1134 1154; x_wconf 80' lang='grc' dir='ltr'>ἀριθμὸν</span> <span class='ocrx_word' id='word_1_52' title='bbox 1182 1087 1378 1149; x_wconf 83' lang='grc' dir='ltr'>είκοσι,</span> <span class='ocrx_word' id='word_1_53' title='bbox 1428 1085 1665 1140; x_wconf 88' lang='grc' dir='ltr'>διάκονοι</span> <span class='ocrx_word' id='word_1_54' title='bbox 1693 1085 1788 1139; x_wconf 71' lang='grc' dir='ltr'>καὶ</span> <span class='ocrx_word' id='word_1_55' title='bbox 1817 1083 2060 1154; x_wconf 88' lang='grc' dir='ltr'>πρεσϐύ-</span> 
     </span>
    </p>
   </div>
   <div class='ocr_carea' id='block_1_10' title="bbox 469 1165 2061 1238">
    <p class='ocr_par' dir='ltr' id='par_1_10' title="bbox 469 1165 2061 1238">
     <span class='ocr_line' id='line_1_10' title="bbox 469 1165 2061 1238; baseline 0.003 -20"><span class='ocrx_word' id='word_1_56' title='bbox 469 1181 638 1236; x_wconf 88' lang='grc' dir='ltr'>τεροι.</span> <span class='ocrx_word' id='word_1_57' title='bbox 677 1167 1040 1238; x_wconf 88' lang='grc' dir='ltr'>Συναχθέντες</span> <span class='ocrx_word' id='word_1_58' title='bbox 1076 1165 1169 1222; x_wconf 83' lang='grc' dir='ltr'>οὖν</span> <span class='ocrx_word' id='word_1_59' title='bbox 1223 1170 1461 1235; x_wconf 78' lang='grc' dir='ltr'>ἅπαντες</span> <span class='ocrx_word' id='word_1_60' title='bbox 1515 1169 1608 1223; x_wconf 74' lang='grc' dir='ltr'>ἐπὶ</span> <span class='ocrx_word' id='word_1_61' title='bbox 1657 1170 1718 1223; x_wconf 80' lang='grc' dir='ltr'>τὸ</span> <span class='ocrx_word' id='word_1_62' title='bbox 1773 1170 1926 1230; x_wconf 82' lang='grc' dir='ltr'>αὐτὸ.</span> <span class='ocrx_word' id='word_1_63' title='bbox 1966 1171 2061 1223; x_wconf 65' lang='grc' dir='ltr'>καὶ¹</span> 
     </span>
    </p>
   </div>
   <div class='ocr_carea' id='block_1_11' title="bbox 472 1252 2059 1326">
    <p class='ocr_par' dir='ltr' id='par_1_11' title="bbox 472 1252 2059 1326">
     <span class='ocr_line' id='line_1_11' title="bbox 472 1252 2059 1326; baseline 0.003 -25"><span class='ocrx_word' id='word_1_64' title='bbox 472 1252 799 1320; x_wconf 86' lang='grc' dir='ltr'>ποιήσαντες</span> <span class='ocrx_word' id='word_1_65' title='bbox 878 1253 1196 1324; x_wconf 90' lang='grc' dir='ltr'>καθαίρεσιν</span> <span class='ocrx_word' id='word_1_66' title='bbox 1271 1255 1535 1326; x_wconf 80' lang='grc' dir='ltr'>Θεοφίλου</span> <span class='ocrx_word' id='word_1_67' title='bbox 1611 1252 2059 1326; x_wconf 83' lang='grc' dir='ltr'>ἐγκληματικὴν,</span> 
     </span>
    </p>
   </div>
   <div class='ocr_carea' id='block_1_12' title="bbox 473 1332 2060 1409">
    <p class='ocr_par' dir='ltr' id='par_1_12' title="bbox 473 1332 2060 1409">
     <span class='ocr_line' id='line_1_12' title="bbox 473 1332 2060 1409; baseline 0.004 -24"><span class='ocrx_word' id='word_1_68' title='bbox 473 1332 725 1403; x_wconf 71' lang='grc' dir='ltr'>ἔπεμψαν</span> <span class='ocrx_word' id='word_1_69' title='bbox 749 1334 916 1405; x_wconf 77' lang='grc' dir='ltr'>αὐτὴν</span> <span class='ocrx_word' id='word_1_70' title='bbox 958 1337 1037 1399; x_wconf 80' lang='grc' dir='ltr'>εἰς</span> <span class='ocrx_word' id='word_1_71' title='bbox 1077 1336 1296 1408; x_wconf 84' lang='grc' dir='ltr'>Ῥώμην</span> <span class='ocrx_word' id='word_1_72' title='bbox 1335 1338 1662 1408; x_wconf 86' lang='grc' dir='ltr'>Ἰννοκεντίῳ</span> <span class='ocrx_word' id='word_1_73' title='bbox 1690 1336 1768 1408; x_wconf 86' lang='grc' dir='ltr'>τῷ</span> <span class='ocrx_word' id='word_1_74' title='bbox 1789 1337 1965 1409; x_wconf 79' lang='grc' dir='ltr'>πάπα,</span> <span class='ocrx_word' id='word_1_75' title='bbox 1996 1338 2060 1392; x_wconf 78' lang='grc' dir='ltr'>ἵν’</span> 
     </span>
    </p>
   </div>
   <div class='ocr_carea' id='block_1_13' title="bbox 473 1417 2064 1494">
    <p class='ocr_par' dir='ltr' id='par_1_13' title="bbox 473 1417 2064 1494">
     <span class='ocr_line' id='line_1_13' title="bbox 473 1417 2064 1494; baseline 0.004 -24"><span class='ocrx_word' id='word_1_76' title='bbox 473 1417 643 1487; x_wconf 70' lang='grc' dir='ltr'>αὐτὴν</span> <span class='ocrx_word' id='word_1_77' title='bbox 670 1420 854 1492; x_wconf 85' lang='grc' dir='ltr'>πράξῃ</span> <span class='ocrx_word' id='word_1_78' title='bbox 907 1419 1228 1485; x_wconf 83' lang='grc' dir='ltr'>καθολικῶς.</span> <span class='ocrx_word' id='word_1_79' title='bbox 1271 1421 1572 1492; x_wconf 81' lang='grc' dir='ltr'>Ἠσύχαζεν</span> <span class='ocrx_word' id='word_1_80' title='bbox 1627 1422 1683 1475; x_wconf 89' lang='grc' dir='ltr'>δέ</span> <span class='ocrx_word' id='word_1_81' title='bbox 1730 1425 1758 1475; x_wconf 89' lang='lat'>6</span> <span class='ocrx_word' id='word_1_82' title='bbox 1795 1422 2064 1494; x_wconf 80' lang='grc' dir='ltr'>Ἰσίδωρος</span> 
     </span>
    </p>
   </div>
   <div class='ocr_carea' id='block_1_14' title="bbox 473 1501 2066 1578">
    <p class='ocr_par' dir='ltr' id='par_1_14' title="bbox 473 1501 2066 1578">
     <span class='ocr_line' id='line_1_14' title="bbox 473 1501 2066 1578; baseline 0.003 -25"><span class='ocrx_word' id='word_1_83' title='bbox 473 1501 533 1554; x_wconf 89' lang='grc' dir='ltr'>ἐν</span> <span class='ocrx_word' id='word_1_84' title='bbox 565 1502 642 1571; x_wconf 85' lang='grc' dir='ltr'>τῷ</span> <span class='ocrx_word' id='word_1_85' title='bbox 665 1503 762 1572; x_wconf 87' lang='grc' dir='ltr'>τῆς</span> <span class='ocrx_word' id='word_1_86' title='bbox 792 1504 1020 1576; x_wconf 89' lang='grc' dir='ltr'>Νιτρίας</span> <span class='ocrx_word' id='word_1_87' title='bbox 1058 1505 1195 1576; x_wconf 90' lang='grc' dir='ltr'>ὄρει,</span> <span class='ocrx_word' id='word_1_88' title='bbox 1231 1505 1361 1560; x_wconf 82' lang='grc' dir='ltr'>ἔνθα</span> <span class='ocrx_word' id='word_1_89' title='bbox 1399 1503 1468 1578; x_wconf 87' lang='grc' dir='ltr'>ῆν</span> <span class='ocrx_word' id='word_1_90' title='bbox 1507 1508 1756 1577; x_wconf 84' lang='grc' dir='ltr'>ἀσκήσας</span> <span class='ocrx_word' id='word_1_91' title='bbox 1787 1508 1851 1560; x_wconf 90' lang='grc' dir='ltr'>ἐκ</span> <span class='ocrx_word' id='word_1_92' title='bbox 1876 1507 2066 1577; x_wconf 65' lang='grc' dir='ltr'>νεότης</span> 
     </span>
    </p>
   </div>
   <div class='ocr_carea' id='block_1_15' title="bbox 475 1585 2064 1662">
    <p class='ocr_par' dir='ltr' id='par_1_15' title="bbox 475 1585 2064 1662">
     <span class='ocr_line' id='line_1_15' title="bbox 475 1585 2064 1662; baseline 0.004 -25"><span class='ocrx_word' id='word_1_93' title='bbox 475 1602 566 1649; x_wconf 85' lang='grc' dir='ltr'>τος</span> <span class='ocrx_word' id='word_1_94' title='bbox 591 1585 778 1652; x_wconf 83' lang='grc' dir='ltr'>αὑτοῦ,</span> <span class='ocrx_word' id='word_1_95' title='bbox 815 1589 1159 1657; x_wconf 78' lang='grc' dir='ltr'>ἐντυγχάνων</span> <span class='ocrx_word' id='word_1_96' title='bbox 1187 1589 1265 1661; x_wconf 87' lang='grc' dir='ltr'>τῷ</span> <span class='ocrx_word' id='word_1_97' title='bbox 1313 1590 1491 1643; x_wconf 87' lang='grc' dir='ltr'>πάντα</span> <span class='ocrx_word' id='word_1_98' title='bbox 1519 1591 1786 1661; x_wconf 87' lang='grc' dir='ltr'>ἐφορῶντι</span> <span class='ocrx_word' id='word_1_99' title='bbox 1824 1591 1963 1662; x_wconf 87' lang='grc' dir='ltr'>Θεῷ.</span> <span class='ocrx_word' id='word_1_100' title='bbox 2005 1593 2064 1644; x_wconf 85' lang='grc' dir='ltr'><strong>Ὀ</strong></span> 
     </span>
    </p>
   </div>
   <div class='ocr_carea' id='block_1_16' title="bbox 475 1668 2066 1746">
    <p class='ocr_par' dir='ltr' id='par_1_16' title="bbox 475 1668 2066 1746">
     <span class='ocr_line' id='line_1_16' title="bbox 475 1668 2066 1746; baseline 0.004 -25"><span class='ocrx_word' id='word_1_101' title='bbox 475 1668 532 1722; x_wconf 87' lang='grc' dir='ltr'>δέ</span> <span class='ocrx_word' id='word_1_102' title='bbox 564 1669 820 1738; x_wconf 82' lang='grc' dir='ltr'>Θεόφιλος</span> <span class='ocrx_word' id='word_1_103' title='bbox 848 1674 1036 1742; x_wconf 88' lang='grc' dir='ltr'>μαθὼν</span> <span class='ocrx_word' id='word_1_104' title='bbox 1059 1676 1158 1746; x_wconf 78' lang='grc' dir='ltr'>τήν</span> <span class='ocrx_word' id='word_1_105' title='bbox 1192 1674 1490 1744; x_wconf 79' lang='grc' dir='ltr'>γενομένην</span> <span class='ocrx_word' id='word_1_106' title='bbox 1519 1672 1668 1742; x_wconf 84' lang='grc' dir='ltr'>αύτῷ</span> <span class='ocrx_word' id='word_1_107' title='bbox 1698 1675 1804 1727; x_wconf 80' lang='grc' dir='ltr'>ὑπὸ</span> <span class='ocrx_word' id='word_1_108' title='bbox 1834 1675 1941 1727; x_wconf 86' lang='grc' dir='ltr'>τῶν</span> <span class='ocrx_word' id='word_1_109' title='bbox 1967 1676 2066 1728; x_wconf 85' lang='grc' dir='ltr'>αύ-</span> 
     </span>
    </p>
   </div>
   <div class='ocr_carea' id='block_1_17' title="bbox 475 1753 2064 1831">
    <p class='ocr_par' dir='ltr' id='par_1_17' title="bbox 475 1753 2064 1831">
     <span class='ocr_line' id='line_1_17' title="bbox 475 1753 2064 1831; baseline 0.005 -27"><span class='ocrx_word' id='word_1_110' title='bbox 475 1753 570 1806; x_wconf 97' lang='grc' dir='ltr'>τοῦ</span> <span class='ocrx_word' id='word_1_111' title='bbox 603 1754 940 1828; x_wconf 80' lang='grc' dir='ltr'>καθαίρεσιν,</span> <span class='ocrx_word' id='word_1_112' title='bbox 977 1757 1244 1829; x_wconf 83' lang='grc' dir='ltr'>ἐπυροῦτο</span> <span class='ocrx_word' id='word_1_113' title='bbox 1301 1759 1398 1811; x_wconf 74' lang='grc' dir='ltr'>καὶ</span> <span class='ocrx_word' id='word_1_114' title='bbox 1448 1757 1695 1829; x_wconf 86' lang='grc' dir='ltr'>διηπόρει</span> <span class='ocrx_word' id='word_1_115' title='bbox 1739 1757 1792 1810; x_wconf 90' lang='grc' dir='ltr'>τί</span> <span class='ocrx_word' id='word_1_116' title='bbox 1828 1758 2064 1831; x_wconf 81' lang='grc' dir='ltr'>διαπρά-</span> 
     </span>
    </p>
   </div>
   <div class='ocr_carea' id='block_1_18' title="bbox 477 1836 654 1905">
    <p class='ocr_par' dir='ltr' id='par_1_18' title="bbox 477 1836 654 1905">
     <span class='ocr_line' id='line_1_18' title="bbox 477 1836 654 1905; baseline 0.017 -15"><span class='ocrx_word' id='word_1_117' title='bbox 477 1836 654 1905; x_wconf 80' lang='grc' dir='ltr'>ξηται.</span> 
     </span>
    </p>
   </div>
   <div class='ocr_carea' id='block_1_19' title="bbox 549 1919 2072 1996">
    <p class='ocr_par' dir='ltr' id='par_1_19' title="bbox 549 1919 2072 1996">
     <span class='ocr_line' id='line_1_19' title="bbox 549 1919 2072 1996; baseline 0.005 -25"><span class='ocrx_word' id='word_1_118' title='bbox 549 1919 614 1983; x_wconf 79' lang='grc' dir='ltr'>ζ’.</span> <span class='ocrx_word' id='word_1_119' title='bbox 669 1921 970 1994; x_wconf 85' lang='grc' dir='ltr'>Δεξάμενος</span> <span class='ocrx_word' id='word_1_120' title='bbox 1018 1924 1075 1977; x_wconf 86' lang='grc' dir='ltr'>δέ</span> <span class='ocrx_word' id='word_1_121' title='bbox 1118 1925 1462 1990; x_wconf 90' lang='grc' dir='ltr'>Ἰννοκέντιος</span> <span class='ocrx_word' id='word_1_122' title='bbox 1500 1927 1528 1977; x_wconf 90' lang='lat'>6</span> <span class='ocrx_word' id='word_1_123' title='bbox 1560 1927 1752 1988; x_wconf 88' lang='grc' dir='ltr'>πάπας</span> <span class='ocrx_word' id='word_1_124' title='bbox 1795 1925 1896 1996; x_wconf 77' lang='grc' dir='ltr'>τὴν</span> <span class='ocrx_word' id='word_1_125' title='bbox 1929 1925 2072 1979; x_wconf 88' lang='grc' dir='ltr'>κατά</span> 
     </span>
    </p>
   </div>
   <div class='ocr_carea' id='block_1_20' title="bbox 476 2002 2074 2080">
    <p class='ocr_par' dir='ltr' id='par_1_20' title="bbox 476 2002 2074 2080">
     <span class='ocr_line' id='line_1_20' title="bbox 476 2002 2074 2080; baseline 0.006 -28"><span class='ocrx_word' id='word_1_126' title='bbox 476 2002 734 2070; x_wconf 76' lang='grc' dir='ltr'>Θεοφίλου</span> <span class='ocrx_word' id='word_1_127' title='bbox 765 2007 1108 2078; x_wconf 80' lang='grc' dir='ltr'>καθαίρεσιν,</span> <span class='ocrx_word' id='word_1_128' title='bbox 1138 2009 1233 2062; x_wconf 70' lang='grc' dir='ltr'>καὶ</span> <span class='ocrx_word' id='word_1_129' title='bbox 1259 2010 1525 2080; x_wconf 75' lang='grc' dir='ltr'>κινηθεὶς,</span> <span class='ocrx_word' id='word_1_130' title='bbox 1543 2008 1744 2079; x_wconf 82' lang='grc' dir='ltr'>γράφει</span> <span class='ocrx_word' id='word_1_131' title='bbox 1776 2009 1928 2079; x_wconf 65' lang='grc' dir='ltr'>αὐτῷ</span> <span class='ocrx_word' id='word_1_132' title='bbox 1950 2011 2074 2062; x_wconf 83' lang='grc' dir='ltr'>ἐπι-</span> 
     </span>
    </p>
   </div>
   <div class='ocr_carea' id='block_1_21' title="bbox 480 2089 2075 2164">
    <p class='ocr_par' dir='ltr' id='par_1_21' title="bbox 480 2089 2075 2164">
     <span class='ocr_line' id='line_1_21' title="bbox 480 2089 2075 2164; baseline 0.004 -25"><span class='ocrx_word' id='word_1_133' title='bbox 480 2089 682 2160; x_wconf 74' lang='grc' dir='ltr'>στολὴν·</span> <span class='ocrx_word' id='word_1_134' title='bbox 703 2092 1064 2160; x_wconf 88' lang='grc' dir='ltr'>περιέχουσαν</span> <span class='ocrx_word' id='word_1_135' title='bbox 1105 2091 1314 2156; x_wconf 75' lang='grc' dir='ltr'>οὕτως·</span> <span class='ocrx_word' id='word_1_136' title='bbox 1350 2113 1368 2145; x_wconf 85' lang='grc'><strong>‹</strong></span> <span class='ocrx_word' id='word_1_137' title='bbox 1415 2093 1760 2157; x_wconf 88' lang='grc' dir='ltr'>Ἰννοκέντιος</span> <span class='ocrx_word' id='word_1_138' title='bbox 1813 2092 2075 2164; x_wconf 90' lang='grc' dir='ltr'>πρόεδρος</span> 
     </span>
    </p>
   </div>
   <div class='ocr_carea' id='block_1_22' title="bbox 477 2173 2075 2248">
    <p class='ocr_par' dir='ltr' id='par_1_22' title="bbox 477 2173 2075 2248">
     <span class='ocr_line' id='line_1_22' title="bbox 477 2173 2075 2248; baseline 0.003 -23"><span class='ocrx_word' id='word_1_139' title='bbox 477 2173 576 2242; x_wconf 89' lang='grc' dir='ltr'>τῆς</span> <span class='ocrx_word' id='word_1_140' title='bbox 627 2173 890 2245; x_wconf 81' lang='grc' dir='ltr'>μεγίστης</span> <span class='ocrx_word' id='word_1_141' title='bbox 953 2175 1172 2248; x_wconf 84' lang='grc' dir='ltr'>Ῥώμης</span> <span class='ocrx_word' id='word_1_142' title='bbox 1221 2176 1464 2247; x_wconf 77' lang='grc' dir='ltr'>Θεοφίλῳ</span> <span class='ocrx_word' id='word_1_143' title='bbox 1519 2176 1732 2247; x_wconf 83' lang='grc' dir='ltr'>ἀδελφῷ</span> <span class='ocrx_word' id='word_1_144' title='bbox 1763 2193 1778 2210; x_wconf 80' lang='grc' dir='ltr'><strong>ο</strong></span> <span class='ocrx_word' id='word_1_145' title='bbox 1825 2176 2075 2230; x_wconf 86' lang='grc' dir='ltr'>Ἥκουσά</span> 
     </span>
    </p>
   </div>
   <div class='ocr_carea' id='block_1_23' title="bbox 477 2256 2074 2332">
    <p class='ocr_par' dir='ltr' id='par_1_23' title="bbox 477 2256 2074 2332">
     <span class='ocr_line' id='line_1_23' title="bbox 477 2256 2074 2332; baseline 0.003 -25"><span class='ocrx_word' id='word_1_146' title='bbox 477 2272 600 2309; x_wconf 88' lang='grc' dir='ltr'>τινα</span> <span class='ocrx_word' id='word_1_147' title='bbox 643 2256 915 2328; x_wconf 86' lang='grc' dir='ltr'>γενόμενα</span> <span class='ocrx_word' id='word_1_148' title='bbox 958 2260 1114 2331; x_wconf 87' lang='grc' dir='ltr'>παρά</span> <span class='ocrx_word' id='word_1_149' title='bbox 1162 2259 1256 2313; x_wconf 91' lang='grc' dir='ltr'>σοῦ</span> <span class='ocrx_word' id='word_1_150' title='bbox 1300 2260 1537 2326; x_wconf 80' lang='grc' dir='ltr'>ἀναξίως</span> <span class='ocrx_word' id='word_1_151' title='bbox 1571 2259 1929 2332; x_wconf 81' lang='grc' dir='ltr'>πραχθέντα,</span> <span class='ocrx_word' id='word_1_152' title='bbox 1983 2259 2074 2314; x_wconf 75' lang='grc' dir='ltr'>καὶ</span> 
     </span>
    </p>
   </div>
   <div class='ocr_carea' id='block_1_24' title="bbox 473 2341 2070 2418">
    <p class='ocr_par' dir='ltr' id='par_1_24' title="bbox 473 2341 2070 2418">
     <span class='ocr_line' id='line_1_24' title="bbox 473 2341 2070 2418; baseline 0.004 -27"><span class='ocrx_word' id='word_1_153' title='bbox 473 2341 760 2408; x_wconf 82' lang='grc' dir='ltr'>κατέγνων</span> <span class='ocrx_word' id='word_1_154' title='bbox 800 2360 916 2406; x_wconf 90' lang='grc' dir='ltr'>σου,</span> <span class='ocrx_word' id='word_1_155' title='bbox 963 2345 1156 2418; x_wconf 83' lang='grc' dir='ltr'>ὅτιπερ</span> <span class='ocrx_word' id='word_1_156' title='bbox 1187 2344 1550 2415; x_wconf 84' lang='grc' dir='ltr'>τυραννικῶς,</span> <span class='ocrx_word' id='word_1_157' title='bbox 1597 2345 1692 2397; x_wconf 74' lang='grc' dir='ltr'>καὶ</span> <span class='ocrx_word' id='word_1_158' title='bbox 1713 2345 1772 2396; x_wconf 87' lang='grc' dir='ltr'>ού</span> <span class='ocrx_word' id='word_1_159' title='bbox 1805 2344 2070 2415; x_wconf 86' lang='grc' dir='ltr'>νομίμως.</span> 
     </span>
    </p>
   </div>
   <div class='ocr_carea' id='block_1_25' title="bbox 481 2419 2070 2498">
    <p class='ocr_par' dir='ltr' id='par_1_25' title="bbox 481 2419 2070 2498">
     <span class='ocr_line' id='line_1_25' title="bbox 481 2419 2070 2498; baseline 0.003 -23"><span class='ocrx_word' id='word_1_160' title='bbox 481 2419 553 2475; x_wconf 86' lang='grc' dir='ltr'><strong>Ἦ</strong></span> <span class='ocrx_word' id='word_1_161' title='bbox 591 2425 893 2490; x_wconf 90' lang='grc' dir='ltr'>κανονικῶς</span> <span class='ocrx_word' id='word_1_162' title='bbox 919 2426 1125 2496; x_wconf 83' lang='grc' dir='ltr'>διάγειν</span> <span class='ocrx_word' id='word_1_163' title='bbox 1155 2429 1213 2482; x_wconf 90' lang='grc' dir='ltr'>ἐν</span> <span class='ocrx_word' id='word_1_164' title='bbox 1249 2430 1364 2491; x_wconf 89' lang='grc' dir='ltr'>τοῖς</span> <span class='ocrx_word' id='word_1_165' title='bbox 1391 2427 1867 2498; x_wconf 78' lang='grc' dir='ltr'>ἐκκλησιαστικαῖς</span> <span class='ocrx_word' id='word_1_166' title='bbox 1911 2428 2070 2498; x_wconf 83' lang='grc' dir='ltr'>θέλη-</span> 
     </span>
    </p>
   </div>
   <div class='ocr_carea' id='block_1_26' title="bbox 483 2509 2070 2584">
    <p class='ocr_par' dir='ltr' id='par_1_26' title="bbox 483 2509 2070 2584">
     <span class='ocr_line' id='line_1_26' title="bbox 483 2509 2070 2584; baseline 0.004 -26"><span class='ocrx_word' id='word_1_167' title='bbox 483 2522 606 2571; x_wconf 87' lang='grc' dir='ltr'>σον,</span> <span class='ocrx_word' id='word_1_168' title='bbox 655 2509 750 2562; x_wconf 76' lang='grc' dir='ltr'>καὶ</span> <span class='ocrx_word' id='word_1_169' title='bbox 799 2509 1196 2580; x_wconf 84' lang='grc' dir='ltr'>διορθώσασθαι</span> <span class='ocrx_word' id='word_1_170' title='bbox 1246 2513 1318 2566; x_wconf 83' lang='grc' dir='ltr'>τὰ</span> <span class='ocrx_word' id='word_1_171' title='bbox 1366 2511 1752 2583; x_wconf 83' lang='grc' dir='ltr'>ἀπανθρώπως</span> <span class='ocrx_word' id='word_1_172' title='bbox 1786 2511 1938 2584; x_wconf 87' lang='grc' dir='ltr'>παρά</span> <span class='ocrx_word' id='word_1_173' title='bbox 1975 2511 2070 2565; x_wconf 91' lang='grc' dir='ltr'>σοῦ</span> 
     </span>
    </p>
   </div>
   <div class='ocr_carea' id='block_1_27' title="bbox 481 2591 2072 2668">
    <p class='ocr_par' dir='ltr' id='par_1_27' title="bbox 481 2591 2072 2668">
     <span class='ocr_line' id='line_1_27' title="bbox 481 2591 2072 2668; baseline 0.005 -27"><span class='ocrx_word' id='word_1_174' title='bbox 481 2591 845 2662; x_wconf 87' lang='grc' dir='ltr'>γεγενημένα.</span> <span class='ocrx_word' id='word_1_175' title='bbox 883 2594 1207 2649; x_wconf 88' lang='grc' dir='ltr'>Ἰκανούσθω</span> <span class='ocrx_word' id='word_1_176' title='bbox 1229 2594 1542 2649; x_wconf 86' lang='grc' dir='ltr'>παύσασθαί</span> <span class='ocrx_word' id='word_1_177' title='bbox 1571 2612 1652 2661; x_wconf 90' lang='grc' dir='ltr'>σε,</span> <span class='ocrx_word' id='word_1_178' title='bbox 1671 2595 1758 2649; x_wconf 81' lang='grc' dir='ltr'>ἵνα</span> <span class='ocrx_word' id='word_1_179' title='bbox 1790 2594 1865 2666; x_wconf 81' lang='grc' dir='ltr'>μὴ</span> <span class='ocrx_word' id='word_1_180' title='bbox 1889 2594 2072 2668; x_wconf 85' lang='grc' dir='ltr'>ἀθροί-</span> 
     </span>
    </p>
   </div>
   <div class='ocr_carea' id='block_1_28' title="bbox 484 2675 2074 2751">
    <p class='ocr_par' dir='ltr' id='par_1_28' title="bbox 484 2675 2074 2751">
     <span class='ocr_line' id='line_1_28' title="bbox 484 2675 2074 2751; baseline 0.003 -26"><span class='ocrx_word' id='word_1_181' title='bbox 484 2675 674 2738; x_wconf 88' lang='grc' dir='ltr'>σαντός</span> <span class='ocrx_word' id='word_1_182' title='bbox 705 2694 805 2746; x_wconf 91' lang='grc' dir='ltr'>μου</span> <span class='ocrx_word' id='word_1_183' title='bbox 842 2678 1196 2745; x_wconf 84' lang='grc' dir='ltr'>ἐπισκόπους,</span> <span class='ocrx_word' id='word_1_184' title='bbox 1221 2681 1254 2751; x_wconf 83' lang='grc' dir='ltr'>ὴ</span> <span class='ocrx_word' id='word_1_185' title='bbox 1287 2680 1470 2751; x_wconf 89' lang='grc' dir='ltr'>κρίσις</span> <span class='ocrx_word' id='word_1_186' title='bbox 1501 2697 1561 2733; x_wconf 94' lang='grc' dir='ltr'>σε</span> <span class='ocrx_word' id='word_1_187' title='bbox 1588 2680 2074 2734; x_wconf 82' lang='grc' dir='ltr'>καταδικάσειάδί-</span> 
     </span>
    </p>
   </div>
   <div class='ocr_carea' id='block_1_29' title="bbox 485 2759 2073 2836">
    <p class='ocr_par' dir='ltr' id='par_1_29' title="bbox 485 2759 2073 2836">
     <span class='ocr_line' id='line_1_29' title="bbox 485 2759 2073 2836; baseline 0.003 -25"><span class='ocrx_word' id='word_1_188' title='bbox 485 2775 596 2821; x_wconf 88' lang='grc' dir='ltr'>κως</span> <span class='ocrx_word' id='word_1_189' title='bbox 627 2759 935 2832; x_wconf 84' lang='grc' dir='ltr'>πράξαντα.</span> <span class='ocrx_word' id='word_1_190' title='bbox 971 2781 989 2816; x_wconf 72' lang='grc' dir='ltr'>ι</span> <span class='ocrx_word' id='word_1_191' title='bbox 1037 2765 1094 2817; x_wconf 86' lang='lat'><strong>&#39;0</strong></span> <span class='ocrx_word' id='word_1_192' title='bbox 1130 2763 1187 2817; x_wconf 85' lang='grc' dir='ltr'>δέ</span> <span class='ocrx_word' id='word_1_193' title='bbox 1226 2765 1555 2836; x_wconf 82' lang='grc' dir='ltr'>ἀντιγράφει</span> <span class='ocrx_word' id='word_1_194' title='bbox 1588 2763 1739 2834; x_wconf 84' lang='grc' dir='ltr'>αὐτῷ</span> <span class='ocrx_word' id='word_1_195' title='bbox 1768 2765 1863 2818; x_wconf 76' lang='grc' dir='ltr'>καὶ</span> <span class='ocrx_word' id='word_1_196' title='bbox 1908 2763 2073 2828; x_wconf 77' lang='grc' dir='ltr'>αὐτὸς</span> 
     </span>
    </p>
   </div>
   <div class='ocr_carea' id='block_1_30' title="bbox 483 2840 2070 2920">
    <p class='ocr_par' dir='ltr' id='par_1_30' title="bbox 483 2840 2070 2920">
     <span class='ocr_line' id='line_1_30' title="bbox 483 2840 2070 2920; baseline 0.006 -28"><span class='ocrx_word' id='word_1_197' title='bbox 483 2840 684 2895; x_wconf 82' lang='grc' dir='ltr'>ταῦτα·</span> <span class='ocrx_word' id='word_1_198' title='bbox 741 2862 759 2894; x_wconf 77' lang='grc' dir='ltr'>ι</span> <span class='ocrx_word' id='word_1_199' title='bbox 799 2844 1060 2915; x_wconf 87' lang='grc' dir='ltr'>Θεόφιλος</span> <span class='ocrx_word' id='word_1_200' title='bbox 1092 2846 1392 2910; x_wconf 87' lang='grc' dir='ltr'>ἐπίσκοπος</span> <span class='ocrx_word' id='word_1_201' title='bbox 1441 2849 1536 2901; x_wconf 75' lang='grc' dir='ltr'>τὸν</span> <span class='ocrx_word' id='word_1_202' title='bbox 1580 2848 1812 2920; x_wconf 81' lang='grc' dir='ltr'>Μάρκου</span> <span class='ocrx_word' id='word_1_203' title='bbox 1869 2848 2070 2901; x_wconf 79' lang='grc' dir='ltr'>διέπων</span> 
     </span>
    </p>
   </div>
   <div class='ocr_carea' id='block_1_31' title="bbox 485 2923 2072 3002">
    <p class='ocr_par' dir='ltr' id='par_1_31' title="bbox 485 2923 2072 3002">
     <span class='ocr_line' id='line_1_31' title="bbox 485 2923 2072 3002; baseline 0.005 -25"><span class='ocrx_word' id='word_1_204' title='bbox 485 2923 673 2994; x_wconf 82' lang='grc' dir='ltr'>θρόνον</span> <span class='ocrx_word' id='word_1_205' title='bbox 720 2926 1045 2996; x_wconf 87' lang='grc' dir='ltr'>Ἰννοκεντίῳ</span> <span class='ocrx_word' id='word_1_206' title='bbox 1066 2926 1224 3000; x_wconf 79' lang='grc' dir='ltr'>πάπᾳ</span> <span class='ocrx_word' id='word_1_207' title='bbox 1267 2929 1484 3002; x_wconf 85' lang='grc' dir='ltr'>Ῥώμης</span> <span class='ocrx_word' id='word_1_208' title='bbox 1505 2945 1517 2958; x_wconf 92' lang='grc'><strong>·</strong></span> <span class='ocrx_word' id='word_1_209' title='bbox 1566 2930 1708 2999; x_wconf 82' lang='grc' dir='ltr'>Ἐγὼ</span> <span class='ocrx_word' id='word_1_210' title='bbox 1734 2933 1795 2985; x_wconf 73' lang='grc' dir='ltr'>οὗ</span> <span class='ocrx_word' id='word_1_211' title='bbox 1824 2929 2072 3001; x_wconf 79' lang='grc' dir='ltr'>παύομαι</span> 
     </span>
    </p>
   </div>
   <div class='ocr_carea' id='block_1_32' title="bbox 484 3008 2071 3086">
    <p class='ocr_par' dir='ltr' id='par_1_32' title="bbox 484 3008 2071 3086">
     <span class='ocr_line' id='line_1_32' title="bbox 484 3008 2071 3086; baseline 0.006 -26"><span class='ocrx_word' id='word_1_212' title='bbox 484 3008 613 3072; x_wconf 72' lang='grc' dir='ltr'>τοὺς</span> <span class='ocrx_word' id='word_1_213' title='bbox 660 3011 725 3081; x_wconf 85' lang='grc' dir='ltr'>τῇ</span> <span class='ocrx_word' id='word_1_214' title='bbox 779 3011 1076 3084; x_wconf 79' lang='grc' dir='ltr'>Ἐκκλησία</span> <span class='ocrx_word' id='word_1_215' title='bbox 1110 3013 1562 3078; x_wconf 89' lang='grc' dir='ltr'>ἐπιϐουλεύοντας</span> <span class='ocrx_word' id='word_1_216' title='bbox 1609 3015 1971 3086; x_wconf 86' lang='grc' dir='ltr'>ἀμυνόμενος.</span> <span class='ocrx_word' id='word_1_217' title='bbox 2007 3017 2071 3070; x_wconf 89' lang='grc' dir='ltr'>Εἰ</span> 
     </span>
    </p>
   </div>
   <div class='ocr_carea' id='block_1_33' title="bbox 485 3090 2072 3171">
    <p class='ocr_par' dir='ltr' id='par_1_33' title="bbox 485 3090 2072 3171">
     <span class='ocr_line' id='line_1_33' title="bbox 485 3090 2072 3171; baseline 0.004 -28"><span class='ocrx_word' id='word_1_218' title='bbox 485 3090 542 3144; x_wconf 85' lang='grc' dir='ltr'>δέ</span> <span class='ocrx_word' id='word_1_219' title='bbox 571 3091 680 3145; x_wconf 90' lang='grc' dir='ltr'>τῶν</span> <span class='ocrx_word' id='word_1_220' title='bbox 708 3093 856 3164; x_wconf 87' lang='grc' dir='ltr'>ἐμῶν</span> <span class='ocrx_word' id='word_1_221' title='bbox 886 3095 1097 3168; x_wconf 86' lang='grc' dir='ltr'>ἐχθρῶν</span> <span class='ocrx_word' id='word_1_222' title='bbox 1129 3098 1224 3161; x_wconf 78' lang='grc' dir='ltr'>τὰς</span> <span class='ocrx_word' id='word_1_223' title='bbox 1247 3098 1581 3170; x_wconf 86' lang='grc' dir='ltr'>κατηγορίας</span> <span class='ocrx_word' id='word_1_224' title='bbox 1608 3097 1761 3171; x_wconf 86' lang='grc' dir='ltr'>δέχῃ.</span> <span class='ocrx_word' id='word_1_225' title='bbox 1807 3097 2072 3170; x_wconf 85' lang='grc' dir='ltr'>μηδαμῶς</span> 
     </span>
    </p>
   </div>
   <div class='ocr_carea' id='block_1_34' title="bbox 487 3175 2070 3254">
    <p class='ocr_par' dir='ltr' id='par_1_34' title="bbox 487 3175 2070 3254">
     <span class='ocr_line' id='line_1_34' title="bbox 487 3175 2070 3254; baseline 0.006 -27"><span class='ocrx_word' id='word_1_226' title='bbox 487 3175 693 3246; x_wconf 86' lang='grc' dir='ltr'>κρίνων</span> <span class='ocrx_word' id='word_1_227' title='bbox 718 3177 788 3231; x_wconf 90' lang='grc' dir='ltr'>τά</span> <span class='ocrx_word' id='word_1_228' title='bbox 819 3181 952 3251; x_wconf 79' lang='grc' dir='ltr'>παρ’</span> <span class='ocrx_word' id='word_1_229' title='bbox 985 3180 1184 3242; x_wconf 82' lang='grc' dir='ltr'>αὐτῶν,</span> <span class='ocrx_word' id='word_1_230' title='bbox 1209 3181 1326 3234; x_wconf 84' lang='grc' dir='ltr'>ἀλλ’</span> <span class='ocrx_word' id='word_1_231' title='bbox 1364 3180 1745 3252; x_wconf 87' lang='grc' dir='ltr'>άδοκιμάστως</span> <span class='ocrx_word' id='word_1_232' title='bbox 1769 3183 2070 3254; x_wconf 85' lang='grc' dir='ltr'>ἀποφαίνῃ.</span> 
     </span>
    </p>
   </div>
   <div class='ocr_carea' id='block_1_35' title="bbox 489 3259 2074 3337">
    <p class='ocr_par' dir='ltr' id='par_1_35' title="bbox 489 3259 2074 3337">
     <span class='ocr_line' id='line_1_35' title="bbox 489 3259 2074 3337; baseline 0.004 -25"><span class='ocrx_word' id='word_1_233' title='bbox 489 3259 674 3330; x_wconf 81' lang='grc' dir='ltr'>Κάμοί</span> <span class='ocrx_word' id='word_1_234' title='bbox 721 3262 859 3315; x_wconf 91' lang='grc' dir='ltr'>εἰσιν</span> <span class='ocrx_word' id='word_1_235' title='bbox 909 3263 1268 3332; x_wconf 85' lang='grc' dir='ltr'>εύαγγελικοῦ</span> <span class='ocrx_word' id='word_1_236' title='bbox 1324 3263 1514 3336; x_wconf 86' lang='grc' dir='ltr'>θρόνου</span> <span class='ocrx_word' id='word_1_237' title='bbox 1569 3265 1934 3337; x_wconf 73' lang='grc' dir='ltr'>περιϐλεψία,</span> <span class='ocrx_word' id='word_1_238' title='bbox 1977 3261 2074 3319; x_wconf 74' lang='grc' dir='ltr'>κοῖί</span> 
     </span>
    </p>
   </div>
   <div class='ocr_carea' id='block_1_36' title="bbox 489 3343 2070 3418">
    <p class='ocr_par' dir='ltr' id='par_1_36' title="bbox 489 3343 2070 3418">
     <span class='ocr_line' id='line_1_36' title="bbox 489 3343 2070 3418; baseline 0.006 -23"><span class='ocrx_word' id='word_1_239' title='bbox 489 3343 677 3409; x_wconf 83' lang='grc' dir='ltr'>πόλεις</span> <span class='ocrx_word' id='word_1_240' title='bbox 718 3346 960 3418; x_wconf 86' lang='grc' dir='ltr'>ἀπείρων</span> <span class='ocrx_word' id='word_1_241' title='bbox 1011 3349 1361 3402; x_wconf 86' lang='grc' dir='ltr'>ἐπισκόπων·</span> <span class='ocrx_word' id='word_1_242' title='bbox 1417 3349 1513 3403; x_wconf 74' lang='grc' dir='ltr'>καὶ</span> <span class='ocrx_word' id='word_1_243' title='bbox 1565 3349 1802 3415; x_wconf 84' lang='grc' dir='ltr'>συνάξας</span> <span class='ocrx_word' id='word_1_244' title='bbox 1850 3352 2070 3416; x_wconf 82' lang='grc' dir='ltr'>αὐτοὺς,</span> 
     </span>
    </p>
   </div>
   <div class='ocr_carea' id='block_1_37' title="bbox 489 3427 2075 3506">
    <p class='ocr_par' dir='ltr' id='par_1_37' title="bbox 489 3427 2075 3506">
     <span class='ocr_line' id='line_1_37' title="bbox 489 3427 2075 3506; baseline 0.004 -25"><span class='ocrx_word' id='word_1_245' title='bbox 489 3427 882 3498; x_wconf 80' lang='grc' dir='ltr'>ἀντιτάσσομαί</span> <span class='ocrx_word' id='word_1_246' title='bbox 913 3447 996 3482; x_wconf 94' lang='grc' dir='ltr'>σοι</span> <span class='ocrx_word' id='word_1_247' title='bbox 1014 3431 1108 3483; x_wconf 73' lang='grc' dir='ltr'>καὶ</span> <span class='ocrx_word' id='word_1_248' title='bbox 1138 3431 1594 3502; x_wconf 75' lang='grc' dir='ltr'>καταψηφίσομαι</span> <span class='ocrx_word' id='word_1_249' title='bbox 1615 3434 1714 3504; x_wconf 88' lang='grc' dir='ltr'>τῆς</span> <span class='ocrx_word' id='word_1_250' title='bbox 1746 3435 1845 3503; x_wconf 87' lang='grc' dir='ltr'>σῆς</span> <span class='ocrx_word' id='word_1_251' title='bbox 1876 3451 2075 3506; x_wconf 89' lang='grc' dir='ltr'>συναρ-</span> 
     </span>
    </p>
   </div>
   <div class='ocr_carea' id='block_1_38' title="bbox 490 3511 2076 3588">
    <p class='ocr_par' dir='ltr' id='par_1_38' title="bbox 490 3511 2076 3588">
     <span class='ocr_line' id='line_1_38' title="bbox 490 3511 2076 3588; baseline 0.005 -26"><span class='ocrx_word' id='word_1_252' title='bbox 490 3511 696 3581; x_wconf 86' lang='grc' dir='ltr'>παγῆς.</span> <span class='ocrx_word' id='word_1_253' title='bbox 739 3513 990 3583; x_wconf 70' lang='grc' dir='ltr'>Ἔρρωσο</span> <span class='ocrx_word' id='word_1_254' title='bbox 1041 3513 1352 3584; x_wconf 75' lang='grc' dir='ltr'>μετανοῶνο</span> <span class='ocrx_word' id='word_1_255' title='bbox 1389 3514 1526 3567; x_wconf 82' lang='grc' dir='ltr'>εἰδὲ</span> <span class='ocrx_word' id='word_1_256' title='bbox 1563 3516 1661 3588; x_wconf 81' lang='grc' dir='ltr'>μὴ,</span> <span class='ocrx_word' id='word_1_257' title='bbox 1708 3515 1920 3588; x_wconf 79' lang='grc' dir='ltr'>ἕρῤωσο</span> <span class='ocrx_word' id='word_1_258' title='bbox 1945 3516 2076 3569; x_wconf 92' lang='grc' dir='ltr'>δυσ-</span> 
     </span>
    </p>
   </div>
   <div class='ocr_carea' id='block_1_39' title="bbox 490 3611 750 3665">
    <p class='ocr_par' dir='ltr' id='par_1_39' title="bbox 490 3611 750 3665">
     <span class='ocr_line' id='line_1_39' title="bbox 490 3611 750 3665; baseline 0 -19"><span class='ocrx_word' id='word_1_259' title='bbox 490 3611 690 3665; x_wconf 91' lang='grc' dir='ltr'>τυχων.</span> <span class='ocrx_word' id='word_1_260' title='bbox 731 3615 750 3646; x_wconf 76' lang='grc' dir='ltr'>ι</span> 
     </span>
    </p>
   </div>
   <div class='ocr_carea' id='block_1_40' title="bbox 562 3678 2071 3758">
    <p class='ocr_par' dir='ltr' id='par_1_40' title="bbox 562 3678 2071 3758">
     <span class='ocr_line' id='line_1_40' title="bbox 562 3678 2071 3758; baseline 0.005 -28"><span class='ocrx_word' id='word_1_261' title='bbox 562 3685 630 3748; x_wconf 86' lang='grc' dir='ltr'>η’.</span> <span class='ocrx_word' id='word_1_262' title='bbox 657 3678 961 3758; x_wconf 78' lang='grc' dir='ltr'>Δεξάμενος</span> <span class='ocrx_word' id='word_1_263' title='bbox 993 3681 1052 3735; x_wconf 88' lang='grc' dir='ltr'>δέ</span> <span class='ocrx_word' id='word_1_264' title='bbox 1081 3682 1256 3737; x_wconf 85' lang='grc' dir='ltr'>ταῦτα</span> <span class='ocrx_word' id='word_1_265' title='bbox 1285 3685 1314 3737; x_wconf 98' lang='lat'>6</span> <span class='ocrx_word' id='word_1_266' title='bbox 1346 3683 1534 3750; x_wconf 89' lang='grc' dir='ltr'>πάπας</span> <span class='ocrx_word' id='word_1_267' title='bbox 1580 3685 1944 3749; x_wconf 89' lang='grc' dir='ltr'>Ἰννοκέντιος,</span> <span class='ocrx_word' id='word_1_268' title='bbox 1975 3686 2071 3740; x_wconf 78' lang='grc' dir='ltr'>καὶ</span> 
     </span>
    </p>
   </div>
   <div class='ocr_carea' id='block_1_41' title="bbox 492 3761 2077 3842">
    <p class='ocr_par' dir='ltr' id='par_1_41' title="bbox 492 3761 2077 3842">
     <span class='ocr_line' id='line_1_41' title="bbox 492 3761 2077 3842; baseline 0.008 -30"><span class='ocrx_word' id='word_1_269' title='bbox 492 3761 726 3827; x_wconf 87' lang='grc' dir='ltr'>συνάξας</span> <span class='ocrx_word' id='word_1_270' title='bbox 775 3764 982 3828; x_wconf 85' lang='grc' dir='ltr'>πάντας</span> <span class='ocrx_word' id='word_1_271' title='bbox 1014 3766 1142 3830; x_wconf 83' lang='grc' dir='ltr'>τοὺς</span> <span class='ocrx_word' id='word_1_272' title='bbox 1180 3769 1514 3834; x_wconf 87' lang='grc' dir='ltr'>ἐπισκόπους</span> <span class='ocrx_word' id='word_1_273' title='bbox 1556 3769 1816 3834; x_wconf 89' lang='grc' dir='ltr'>Ἰταλίας,</span> <span class='ocrx_word' id='word_1_274' title='bbox 1872 3769 2077 3842; x_wconf 76' lang='grc' dir='ltr'>ἔπραξε</span> 
     </span>
    </p>
   </div>
   <div class='ocr_carea' id='block_1_42' title="bbox 491 3846 2079 3925">
    <p class='ocr_par' dir='ltr' id='par_1_42' title="bbox 491 3846 2079 3925">
     <span class='ocr_line' id='line_1_42' title="bbox 491 3846 2079 3925; baseline 0.005 -27"><span class='ocrx_word' id='word_1_275' title='bbox 491 3846 590 3916; x_wconf 77' lang='grc' dir='ltr'>τήν</span> <span class='ocrx_word' id='word_1_276' title='bbox 625 3846 944 3918; x_wconf 83' lang='grc' dir='ltr'>καθαίρεσιν</span> <span class='ocrx_word' id='word_1_277' title='bbox 999 3850 1291 3919; x_wconf 83' lang='grc' dir='ltr'>Θεοφίλου,</span> <span class='ocrx_word' id='word_1_278' title='bbox 1325 3854 1503 3925; x_wconf 80' lang='grc' dir='ltr'>ἤνπερ</span> <span class='ocrx_word' id='word_1_279' title='bbox 1547 3855 1597 3907; x_wconf 89' lang='grc' dir='ltr'>οί</span> <span class='ocrx_word' id='word_1_280' title='bbox 1641 3854 1931 3923; x_wconf 90' lang='grc' dir='ltr'>Αἰγύπτιοι</span> <span class='ocrx_word' id='word_1_281' title='bbox 1973 3857 2079 3908; x_wconf 84' lang='grc' dir='ltr'>ἀπ-</span> 
     </span>
    </p>
   </div>
   <div class='ocr_carea' id='block_1_43' title="bbox 493 3929 2075 4010">
    <p class='ocr_par' dir='ltr' id='par_1_43' title="bbox 493 3929 2075 4010">
     <span class='ocr_line' id='line_1_43' title="bbox 493 3929 2075 4010; baseline 0.007 -30"><span class='ocrx_word' id='word_1_282' title='bbox 493 3929 768 3990; x_wconf 76' lang='grc' dir='ltr'>έστειλαν·</span> <span class='ocrx_word' id='word_1_283' title='bbox 802 3931 1033 3997; x_wconf 73' lang='grc' dir='ltr'>ἕκαστος</span> <span class='ocrx_word' id='word_1_284' title='bbox 1065 3935 1172 3987; x_wconf 91' lang='grc' dir='ltr'>τῶν</span> <span class='ocrx_word' id='word_1_285' title='bbox 1236 3936 1309 4004; x_wconf 72' lang='lat' dir='ltr'>(f.</span> <span class='ocrx_word' id='word_1_286' title='bbox 1345 3937 1411 3992; x_wconf 88' lang='lat'><strong>70</strong></span> <span class='ocrx_word' id='word_1_287' title='bbox 1436 3938 1484 4007; x_wconf 74' lang='grc' dir='ltr'>ὁ)</span> <span class='ocrx_word' id='word_1_288' title='bbox 1531 3938 1745 3992; x_wconf 85' lang='grc' dir='ltr'>Ἰταλῶν</span> <span class='ocrx_word' id='word_1_289' title='bbox 1782 3939 1887 4010; x_wconf 76' lang='grc' dir='ltr'>ίδίᾳ</span> <span class='ocrx_word' id='word_1_290' title='bbox 1925 3940 2075 4009; x_wconf 79' lang='grc' dir='ltr'>φωνῇ</span> 
     </span>
    </p>
   </div>
   <div class='ocr_carea' id='block_1_44' title="bbox 493 4011 2078 4090">
    <p class='ocr_par' dir='ltr' id='par_1_44' title="bbox 493 4011 2078 4090">
     <span class='ocr_line' id='line_1_44' title="bbox 493 4011 2078 4090; baseline 0.006 -25"><span class='ocrx_word' id='word_1_291' title='bbox 493 4011 738 4066; x_wconf 84' lang='grc' dir='ltr'>καθελὼν</span> <span class='ocrx_word' id='word_1_292' title='bbox 789 4017 950 4068; x_wconf 83' lang='grc' dir='ltr'>αὐτόν</span> <span class='ocrx_word' id='word_1_293' title='bbox 969 4035 981 4048; x_wconf 89' lang='grc'><strong>·</strong></span> <span class='ocrx_word' id='word_1_294' title='bbox 1012 4018 1202 4087; x_wconf 73' lang='grc' dir='ltr'>ἥντινα</span> <span class='ocrx_word' id='word_1_295' title='bbox 1231 4019 1411 4090; x_wconf 77' lang='grc' dir='ltr'>ψῆφον</span> <span class='ocrx_word' id='word_1_296' title='bbox 1448 4021 1791 4085; x_wconf 87' lang='grc' dir='ltr'>Ἰννοκέντιος</span> <span class='ocrx_word' id='word_1_297' title='bbox 1823 4021 2078 4075; x_wconf 88' lang='grc' dir='ltr'>ἀπέστει-</span> 
     </span>
    </p>
   </div>
   <div class='ocr_carea' id='block_1_45' title="bbox 491 4095 2073 4174">
    <p class='ocr_par' dir='ltr' id='par_1_45' title="bbox 491 4095 2073 4174">
     <span class='ocr_line' id='line_1_45' title="bbox 491 4095 2073 4174; baseline 0.007 -26"><span class='ocrx_word' id='word_1_298' title='bbox 491 4095 584 4148; x_wconf 87' lang='grc' dir='ltr'>λεν</span> <span class='ocrx_word' id='word_1_299' title='bbox 632 4097 852 4170; x_wconf 83' lang='grc' dir='ltr'>Ἰωάννῃ</span> <span class='ocrx_word' id='word_1_300' title='bbox 881 4100 958 4171; x_wconf 87' lang='grc' dir='ltr'>τῷ</span> <span class='ocrx_word' id='word_1_301' title='bbox 977 4103 1395 4174; x_wconf 82' lang='grc' dir='ltr'>ἀρχιεπισκόπῳ</span> <span class='ocrx_word' id='word_1_302' title='bbox 1424 4105 2073 4168; x_wconf 86' lang='grc' dir='ltr'>Κωνσταντινουπόλεως.</span> 
     </span>
    </p>
   </div>
   <div class='ocr_carea' id='block_1_46' title="bbox 505 4178 2075 4264">
    <p class='ocr_par' dir='ltr' id='par_1_46' title="bbox 505 4178 2075 4264">
     <span class='ocr_line' id='line_1_46' title="bbox 505 4178 2075 4264; baseline 0.007 -32"><span class='ocrx_word' id='word_1_303' title='bbox 505 4178 564 4264; x_wconf 82' lang='grc' dir='ltr'>Ὀ</span> <span class='ocrx_word' id='word_1_304' title='bbox 615 4179 672 4235; x_wconf 90' lang='grc' dir='ltr'>δέ</span> <span class='ocrx_word' id='word_1_305' title='bbox 715 4182 783 4236; x_wconf 86' lang='grc' dir='ltr'>τά</span> <span class='ocrx_word' id='word_1_306' title='bbox 814 4184 1140 4256; x_wconf 86' lang='grc' dir='ltr'>διαφέροντα</span> <span class='ocrx_word' id='word_1_307' title='bbox 1192 4187 1339 4258; x_wconf 82' lang='grc' dir='ltr'>αὐτῷ</span> <span class='ocrx_word' id='word_1_308' title='bbox 1393 4188 1636 4259; x_wconf 89' lang='grc' dir='ltr'>κλίματα</span> <span class='ocrx_word' id='word_1_309' title='bbox 1685 4188 1763 4259; x_wconf 93' lang='lat' dir='ltr'>(a)</span> <span class='ocrx_word' id='word_1_310' title='bbox 1820 4188 2075 4264; x_wconf 80' lang='grc' dir='ltr'>συνάξας,</span> 
     </span>
    </p>
   </div>
   <div class='ocr_carea' id='block_1_47' title="bbox 493 4263 2078 4341">
    <p class='ocr_par' dir='ltr' id='par_1_47' title="bbox 493 4263 2078 4341">
     <span class='ocr_line' id='line_1_47' title="bbox 493 4263 2078 4341; baseline 0.005 -25"><span class='ocrx_word' id='word_1_311' title='bbox 493 4263 774 4330; x_wconf 81' lang='grc' dir='ltr'>ὑπέδειξεν</span> <span class='ocrx_word' id='word_1_312' title='bbox 809 4268 909 4340; x_wconf 82' lang='grc' dir='ltr'>τὴν</span> <span class='ocrx_word' id='word_1_313' title='bbox 934 4270 1254 4341; x_wconf 86' lang='grc' dir='ltr'>καθαίρεσιν</span> <span class='ocrx_word' id='word_1_314' title='bbox 1284 4271 1568 4340; x_wconf 88' lang='grc' dir='ltr'>Θεοφίλου,</span> <span class='ocrx_word' id='word_1_315' title='bbox 1618 4273 1712 4325; x_wconf 77' lang='grc' dir='ltr'>καὶ</span> <span class='ocrx_word' id='word_1_316' title='bbox 1761 4274 1962 4336; x_wconf 90' lang='grc' dir='ltr'>πάντες</span> <span class='ocrx_word' id='word_1_317' title='bbox 1998 4263 2078 4336; x_wconf 85' lang='grc' dir='ltr'>εἰς</span> 
     </span>
    </p>
   </div>
   <div class='ocr_carea' id='block_1_48' title="bbox 493 4348 2076 4428">
    <p class='ocr_par' dir='ltr' id='par_1_48' title="bbox 493 4348 2076 4428">
     <span class='ocr_line' id='line_1_48' title="bbox 493 4348 2076 4428; baseline 0.006 -27"><span class='ocrx_word' id='word_1_318' title='bbox 493 4348 666 4420; x_wconf 83' lang='grc' dir='ltr'>αὐτὴν</span> <span class='ocrx_word' id='word_1_319' title='bbox 693 4352 1016 4423; x_wconf 72' lang='grc' dir='ltr'>ὑπέγραψαν</span> <span class='ocrx_word' id='word_1_320' title='bbox 1033 4373 1046 4386; x_wconf 89' lang='grc'><strong>·</strong></span> <span class='ocrx_word' id='word_1_321' title='bbox 1082 4355 1173 4408; x_wconf 74' lang='grc' dir='ltr'>καὶ</span> <span class='ocrx_word' id='word_1_322' title='bbox 1199 4355 1337 4424; x_wconf 90' lang='grc' dir='ltr'>μετά</span> <span class='ocrx_word' id='word_1_323' title='bbox 1364 4357 1521 4409; x_wconf 89' lang='grc' dir='ltr'>τοῦτο</span> <span class='ocrx_word' id='word_1_324' title='bbox 1551 4356 1777 4428; x_wconf 84' lang='grc' dir='ltr'>ἐπεδόθη</span> <span class='ocrx_word' id='word_1_325' title='bbox 1808 4356 2076 4428; x_wconf 83' lang='grc' dir='ltr'>Ἀρκαδίῳ</span> 
     </span>
    </p>
   </div>
   <div class='ocr_carea' id='block_1_49' title="bbox 492 4432 2076 4512">
    <p class='ocr_par' dir='ltr' id='par_1_49' title="bbox 492 4432 2076 4512">
     <span class='ocr_line' id='line_1_49' title="bbox 492 4432 2076 4512; baseline 0.006 -26"><span class='ocrx_word' id='word_1_326' title='bbox 492 4432 574 4503; x_wconf 85' lang='grc' dir='ltr'>τῷ</span> <span class='ocrx_word' id='word_1_327' title='bbox 603 4435 829 4503; x_wconf 86' lang='grc' dir='ltr'>βασιλεῖ.</span> <span class='ocrx_word' id='word_1_328' title='bbox 863 4433 973 4490; x_wconf 84' lang='grc' dir='ltr'>Ἦν</span> <span class='ocrx_word' id='word_1_329' title='bbox 1003 4439 1060 4490; x_wconf 81' lang='grc' dir='ltr'>δὲ</span> <span class='ocrx_word' id='word_1_330' title='bbox 1089 4439 1187 4507; x_wconf 90' lang='grc' dir='ltr'>τῆς</span> <span class='ocrx_word' id='word_1_331' title='bbox 1229 4440 1599 4511; x_wconf 80' lang='grc' dir='ltr'>καθαιρέσεως</span> <span class='ocrx_word' id='word_1_332' title='bbox 1641 4440 1703 4492; x_wconf 84' lang='grc' dir='ltr'>τὸ</span> <span class='ocrx_word' id='word_1_333' title='bbox 1743 4441 2076 4512; x_wconf 87' lang='grc' dir='ltr'>ἀντίγραφον</span> 
     </span>
    </p>
   </div>
   <div class='ocr_carea' id='block_1_50' title="bbox 493 4513 2078 4593">
    <p class='ocr_par' dir='ltr' id='par_1_50' title="bbox 493 4513 2078 4593">
     <span class='ocr_line' id='line_1_50' title="bbox 493 4513 2078 4593; baseline 0.006 -26"><span class='ocrx_word' id='word_1_334' title='bbox 493 4513 655 4569; x_wconf 88' lang='grc' dir='ltr'>τοῦτο</span> <span class='ocrx_word' id='word_1_335' title='bbox 671 4535 682 4546; x_wconf 95' lang='grc'><strong>·</strong></span> <span class='ocrx_word' id='word_1_336' title='bbox 709 4535 726 4566; x_wconf 78' lang='grc' dir='ltr'>ι</span> <span class='ocrx_word' id='word_1_337' title='bbox 749 4515 823 4570; x_wconf 87' lang='grc' dir='ltr'>Ἢ</span> <span class='ocrx_word' id='word_1_338' title='bbox 853 4519 996 4571; x_wconf 84' lang='grc' dir='ltr'>κατὰ</span> <span class='ocrx_word' id='word_1_339' title='bbox 1018 4519 1116 4590; x_wconf 79' lang='grc' dir='ltr'>τὴν</span> <span class='ocrx_word' id='word_1_340' title='bbox 1145 4520 1372 4574; x_wconf 89' lang='grc' dir='ltr'>Ἰταλίαν</span> <span class='ocrx_word' id='word_1_341' title='bbox 1391 4521 1574 4592; x_wconf 89' lang='grc' dir='ltr'>χάριτι</span> <span class='ocrx_word' id='word_1_342' title='bbox 1600 4521 1736 4574; x_wconf 91' lang='grc' dir='ltr'>Θεοῦ</span> <span class='ocrx_word' id='word_1_343' title='bbox 1754 4524 2078 4593; x_wconf 87' lang='grc' dir='ltr'>συναχθεῖσα</span> 
     </span>
    </p>
   </div>
   <div class='ocr_carea' id='block_1_51' title="bbox 497 4600 2078 4679">
    <p class='ocr_par' dir='ltr' id='par_1_51' title="bbox 497 4600 2078 4679">
     <span class='ocr_line' id='line_1_51' title="bbox 497 4600 2078 4679; baseline 0.006 -29"><span class='ocrx_word' id='word_1_344' title='bbox 497 4600 676 4654; x_wconf 86' lang='grc' dir='ltr'>εῖτουν</span> <span class='ocrx_word' id='word_1_345' title='bbox 703 4601 1031 4656; x_wconf 74' lang='grc' dir='ltr'>συνελθοῦσα</span> <span class='ocrx_word' id='word_1_346' title='bbox 1089 4603 1338 4668; x_wconf 83' lang='grc' dir='ltr'>σύνοδος,</span> <span class='ocrx_word' id='word_1_347' title='bbox 1395 4605 1511 4676; x_wconf 79' lang='grc' dir='ltr'>ἅμα</span> <span class='ocrx_word' id='word_1_348' title='bbox 1544 4604 1625 4676; x_wconf 88' lang='grc' dir='ltr'>τῷ</span> <span class='ocrx_word' id='word_1_349' title='bbox 1674 4606 1896 4677; x_wconf 89' lang='grc' dir='ltr'>μεγάλῳ</span> <span class='ocrx_word' id='word_1_350' title='bbox 1942 4625 2078 4679; x_wconf 89' lang='grc' dir='ltr'>προ-</span> 
     </span>
    </p>
   </div>
   <div class='ocr_carea' id='block_1_52' title="bbox 497 4683 2079 4764">
    <p class='ocr_par' dir='ltr' id='par_1_52' title="bbox 497 4683 2079 4764">
     <span class='ocr_line' id='line_1_52' title="bbox 497 4683 2079 4764; baseline 0.005 -30"><span class='ocrx_word' id='word_1_351' title='bbox 497 4683 640 4755; x_wconf 84' lang='grc' dir='ltr'>έδρῳ</span> <span class='ocrx_word' id='word_1_352' title='bbox 677 4685 778 4755; x_wconf 90' lang='grc' dir='ltr'>τῆς</span> <span class='ocrx_word' id='word_1_353' title='bbox 809 4685 1016 4757; x_wconf 87' lang='grc' dir='ltr'>Πέτρου</span> <span class='ocrx_word' id='word_1_354' title='bbox 1052 4687 1447 4758; x_wconf 89' lang='grc' dir='ltr'>μεγαλωτάτης</span> <span class='ocrx_word' id='word_1_355' title='bbox 1469 4689 1762 4760; x_wconf 83' lang='grc' dir='ltr'>καθέδρας,</span> <span class='ocrx_word' id='word_1_356' title='bbox 1812 4690 2079 4764; x_wconf 84' lang='grc' dir='ltr'>Ἀρκαδίῳ</span> 
     </span>
    </p>
   </div>
   <div class='ocr_carea' id='block_1_53' title="bbox 499 4768 2082 4844">
    <p class='ocr_par' dir='ltr' id='par_1_53' title="bbox 499 4768 2082 4844">
     <span class='ocr_line' id='line_1_53' title="bbox 499 4768 2082 4844; baseline 0.005 -23"><span class='ocrx_word' id='word_1_357' title='bbox 499 4768 725 4840; x_wconf 81' lang='grc' dir='ltr'>βασιλεῖ,</span> <span class='ocrx_word' id='word_1_358' title='bbox 759 4771 853 4825; x_wconf 75' lang='grc' dir='ltr'>καὶ</span> <span class='ocrx_word' id='word_1_359' title='bbox 895 4773 1119 4844; x_wconf 84' lang='grc' dir='ltr'>Ἰωάννῃ</span> <span class='ocrx_word' id='word_1_360' title='bbox 1149 4772 1586 4844; x_wconf 86' lang='grc' dir='ltr'>ἀρχιεπισκόπῳ,</span> <span class='ocrx_word' id='word_1_361' title='bbox 1619 4775 1845 4838; x_wconf 74' lang='grc' dir='ltr'>καὶτοῖς</span> <span class='ocrx_word' id='word_1_362' title='bbox 1869 4775 1960 4828; x_wconf 82' lang='grc' dir='ltr'>ὑπ’</span> <span class='ocrx_word' id='word_1_363' title='bbox 1985 4776 2082 4829; x_wconf 86' lang='grc' dir='ltr'>αύ-</span> 
     </span>
    </p>
   </div>
   <div class='ocr_carea' id='block_1_54' title="bbox 497 4852 2079 4930">
    <p class='ocr_par' dir='ltr' id='par_1_54' title="bbox 497 4852 2079 4930">
     <span class='ocr_line' id='line_1_54' title="bbox 497 4852 2079 4930; baseline 0.004 -24"><span class='ocrx_word' id='word_1_364' title='bbox 497 4852 588 4906; x_wconf 85' lang='grc' dir='ltr'>τὸν</span> <span class='ocrx_word' id='word_1_365' title='bbox 625 4855 812 4911; x_wconf 84' lang='grc' dir='ltr'>πᾶσιν.</span> <span class='ocrx_word' id='word_1_366' title='bbox 845 4855 920 4908; x_wconf 83' lang='grc' dir='ltr'>Ού</span> <span class='ocrx_word' id='word_1_367' title='bbox 949 4855 1157 4910; x_wconf 88' lang='grc' dir='ltr'>δίκαιον</span> <span class='ocrx_word' id='word_1_368' title='bbox 1192 4856 1370 4923; x_wconf 87' lang='grc' dir='ltr'>τοῦτο,</span> <span class='ocrx_word' id='word_1_369' title='bbox 1413 4858 1500 4912; x_wconf 80' lang='grc' dir='ltr'>ἵνα</span> <span class='ocrx_word' id='word_1_370' title='bbox 1535 4857 1628 4911; x_wconf 78' lang='grc' dir='ltr'>ἐπὶ</span> <span class='ocrx_word' id='word_1_371' title='bbox 1661 4858 1758 4929; x_wconf 86' lang='grc' dir='ltr'>τῆς</span> <span class='ocrx_word' id='word_1_372' title='bbox 1790 4860 1890 4930; x_wconf 90' lang='grc' dir='ltr'>σῆς</span> <span class='ocrx_word' id='word_1_373' title='bbox 1923 4860 2079 4913; x_wconf 78' lang='grc' dir='ltr'>εὐσε-</span> 
     </span>
    </p>
   </div>
   <div class='ocr_carea' id='block_1_55' title="bbox 499 4937 2082 5015">
    <p class='ocr_par' dir='ltr' id='par_1_55' title="bbox 499 4937 2082 5015">
     <span class='ocr_line' id='line_1_55' title="bbox 499 4937 2082 5015; baseline 0.005 -25"><span class='ocrx_word' id='word_1_374' title='bbox 499 4937 630 5001; x_wconf 89' lang='grc' dir='ltr'>ϐοῦς</span> <span class='ocrx_word' id='word_1_375' title='bbox 670 4938 951 5008; x_wconf 85' lang='grc' dir='ltr'>βασιλείας</span> <span class='ocrx_word' id='word_1_376' title='bbox 983 4943 1011 4994; x_wconf 93' lang='lat'>6</span> <span class='ocrx_word' id='word_1_377' title='bbox 1043 4940 1242 5012; x_wconf 82' lang='grc' dir='ltr'>Φαραὼ</span> <span class='ocrx_word' id='word_1_378' title='bbox 1273 4941 1349 5012; x_wconf 86' lang='grc' dir='ltr'>τῷ</span> <span class='ocrx_word' id='word_1_379' title='bbox 1374 4943 1547 5013; x_wconf 85' lang='grc' dir='ltr'>Μωσῇ</span> <span class='ocrx_word' id='word_1_380' title='bbox 1580 4942 1885 5015; x_wconf 88' lang='grc' dir='ltr'>κατισχύσῃ</span> <span class='ocrx_word' id='word_1_381' title='bbox 1905 4984 1919 5007; x_wconf 93' lang='grc'>,</span> <span class='ocrx_word' id='word_1_382' title='bbox 1960 4944 2082 4998; x_wconf 83' lang='grc' dir='ltr'>ούδέ</span> 
     </span>
    </p>
   </div>
   <div class='ocr_carea' id='block_1_56' title="bbox 501 5022 2082 5098">
    <p class='ocr_par' dir='ltr' id='par_1_56' title="bbox 501 5022 2082 5098">
     <span class='ocr_line' id='line_1_56' title="bbox 501 5022 2082 5098; baseline 0.006 -24"><span class='ocrx_word' id='word_1_383' title='bbox 501 5022 589 5076; x_wconf 82' lang='grc' dir='ltr'>ἵνα</span> <span class='ocrx_word' id='word_1_384' title='bbox 610 5023 672 5076; x_wconf 81' lang='grc' dir='ltr'>τὸ</span> <span class='ocrx_word' id='word_1_385' title='bbox 699 5024 852 5089; x_wconf 79' lang='grc' dir='ltr'>ἔθνος</span> <span class='ocrx_word' id='word_1_386' title='bbox 873 5025 966 5078; x_wconf 88' lang='grc' dir='ltr'>τοῦ</span> <span class='ocrx_word' id='word_1_387' title='bbox 993 5025 1129 5079; x_wconf 88' lang='grc' dir='ltr'>Θεοῦ</span> <span class='ocrx_word' id='word_1_388' title='bbox 1161 5025 1219 5078; x_wconf 86' lang='grc' dir='ltr'>τὸ</span> <span class='ocrx_word' id='word_1_389' title='bbox 1249 5027 1507 5081; x_wconf 78' lang='grc' dir='ltr'>ἐκλεκτὸν</span> <span class='ocrx_word' id='word_1_390' title='bbox 1539 5027 1746 5098; x_wconf 86' lang='grc' dir='ltr'>πλίνθῳ</span> <span class='ocrx_word' id='word_1_391' title='bbox 1779 5028 1874 5081; x_wconf 78' lang='grc' dir='ltr'>καὶ</span> <span class='ocrx_word' id='word_1_392' title='bbox 1913 5028 2082 5094; x_wconf 87' lang='grc' dir='ltr'>λίθοις</span> 
     </span>
    </p>
   </div>
   <div class='ocr_carea' id='block_1_57' title="bbox 501 5104 2084 5182">
    <p class='ocr_par' dir='ltr' id='par_1_57' title="bbox 501 5104 2084 5182">
     <span class='ocr_line' id='line_1_57' title="bbox 501 5104 2084 5182; baseline 0.003 -22"><span class='ocrx_word' id='word_1_393' title='bbox 501 5104 724 5177; x_wconf 86' lang='grc' dir='ltr'>βαρέσιν</span> <span class='ocrx_word' id='word_1_394' title='bbox 746 5107 1056 5180; x_wconf 79' lang='grc' dir='ltr'>δαμάζηται</span> <span class='ocrx_word' id='word_1_395' title='bbox 1079 5126 1092 5139; x_wconf 74' lang='grc' dir='ltr'>ο</span> <span class='ocrx_word' id='word_1_396' title='bbox 1125 5109 1234 5161; x_wconf 78' lang='grc' dir='ltr'>οὐδ’</span> <span class='ocrx_word' id='word_1_397' title='bbox 1264 5111 1296 5180; x_wconf 87' lang='grc' dir='ltr'>ή</span> <span class='ocrx_word' id='word_1_398' title='bbox 1327 5110 1533 5180; x_wconf 84' lang='grc' dir='ltr'>μαγικὴ</span> <span class='ocrx_word' id='word_1_399' title='bbox 1571 5111 1749 5182; x_wconf 86' lang='grc' dir='ltr'>πλάνη</span> <span class='ocrx_word' id='word_1_400' title='bbox 1782 5114 1847 5182; x_wconf 84' lang='grc' dir='ltr'>τῇ</span> <span class='ocrx_word' id='word_1_401' title='bbox 1888 5110 2084 5166; x_wconf 84' lang='grc' dir='ltr'>δακτυ-</span> 
     </span>
    </p>
   </div>
   <div class='ocr_carea' id='block_1_58' title="bbox 499 5190 2082 5270">
    <p class='ocr_par' dir='ltr' id='par_1_58' title="bbox 499 5190 2082 5270">
     <span class='ocr_line' id='line_1_58' title="bbox 499 5190 2082 5270; baseline 0.005 -26"><span class='ocrx_word' id='word_1_402' title='bbox 499 5190 720 5262; x_wconf 84' lang='grc' dir='ltr'>λοθεσίᾳ</span> <span class='ocrx_word' id='word_1_403' title='bbox 753 5191 847 5244; x_wconf 90' lang='grc' dir='ltr'>τοῦ</span> <span class='ocrx_word' id='word_1_404' title='bbox 888 5193 1025 5245; x_wconf 89' lang='grc' dir='ltr'>Θεοῦ</span> <span class='ocrx_word' id='word_1_405' title='bbox 1067 5193 1432 5265; x_wconf 86' lang='grc' dir='ltr'>ἀντιπράττῃ.</span> <span class='ocrx_word' id='word_1_406' title='bbox 1493 5195 1645 5250; x_wconf 78' lang='grc' dir='ltr'>Ἐπεὶ</span> <span class='ocrx_word' id='word_1_407' title='bbox 1696 5192 1790 5250; x_wconf 78' lang='grc' dir='ltr'>οὖν</span> <span class='ocrx_word' id='word_1_408' title='bbox 1839 5197 2082 5270; x_wconf 82' lang='grc' dir='ltr'>Θεοφίλῳ</span> 
     </span>
    </p>
   </div>
   <div class='ocr_carea' id='block_1_59' title="bbox 498 5275 2085 5350">
    <p class='ocr_par' dir='ltr' id='par_1_59' title="bbox 498 5275 2085 5350">
     <span class='ocr_line' id='line_1_59' title="bbox 498 5275 2085 5350; baseline 0.005 -23"><span class='ocrx_word' id='word_1_409' title='bbox 498 5275 674 5329; x_wconf 89' lang='grc' dir='ltr'>ταῦτα</span> <span class='ocrx_word' id='word_1_410' title='bbox 695 5275 872 5328; x_wconf 89' lang='grc' dir='ltr'>πάντα</span> <span class='ocrx_word' id='word_1_411' title='bbox 897 5275 1208 5345; x_wconf 90' lang='grc' dir='ltr'>πρόσεστιν,</span> <span class='ocrx_word' id='word_1_412' title='bbox 1240 5277 1336 5329; x_wconf 76' lang='grc' dir='ltr'>καὶ</span> <span class='ocrx_word' id='word_1_413' title='bbox 1362 5278 1605 5348; x_wconf 79' lang='grc' dir='ltr'>αἱμάτων</span> <span class='ocrx_word' id='word_1_414' title='bbox 1629 5279 1822 5333; x_wconf 86' lang='grc' dir='ltr'>ἀθώων</span> <span class='ocrx_word' id='word_1_415' title='bbox 1851 5281 2085 5350; x_wconf 76' lang='grc' dir='ltr'>ἐφάπτεο</span> 
     </span>
    </p>
   </div>
   <div class='ocr_carea' id='block_1_60' title="bbox 499 5359 2083 5435">
    <p class='ocr_par' dir='ltr' id='par_1_60' title="bbox 499 5359 2083 5435">
     <span class='ocr_line' id='line_1_60' title="bbox 499 5359 2083 5435; baseline 0.005 -23"><span class='ocrx_word' id='word_1_416' title='bbox 499 5375 589 5413; x_wconf 90' lang='grc' dir='ltr'>ται</span> <span class='ocrx_word' id='word_1_417' title='bbox 615 5361 713 5413; x_wconf 74' lang='grc' dir='ltr'>καὶ</span> <span class='ocrx_word' id='word_1_418' title='bbox 753 5359 1012 5423; x_wconf 88' lang='grc' dir='ltr'>δικαίων,</span> <span class='ocrx_word' id='word_1_419' title='bbox 1057 5360 1153 5412; x_wconf 80' lang='grc' dir='ltr'>καὶ</span> <span class='ocrx_word' id='word_1_420' title='bbox 1180 5359 1276 5431; x_wconf 84' lang='grc' dir='ltr'>τὴν</span> <span class='ocrx_word' id='word_1_421' title='bbox 1313 5362 1672 5433; x_wconf 82' lang='grc' dir='ltr'>εὐαγγελικὴν</span> <span class='ocrx_word' id='word_1_422' title='bbox 1713 5364 1918 5435; x_wconf 88' lang='grc' dir='ltr'>ταύτην</span> <span class='ocrx_word' id='word_1_423' title='bbox 1945 5367 2083 5420; x_wconf 86' lang='grc' dir='ltr'>καθ-</span> 
     </span>
    </p>
   </div>
   <div class='ocr_carea' id='block_1_61' title="bbox 501 5441 2084 5518">
    <p class='ocr_par' dir='ltr' id='par_1_61' title="bbox 501 5441 2084 5518">
     <span class='ocr_line' id='line_1_61' title="bbox 501 5441 2084 5518; baseline 0.007 -26"><span class='ocrx_word' id='word_1_424' title='bbox 501 5441 664 5512; x_wconf 76' lang='grc' dir='ltr'>έδραν</span> <span class='ocrx_word' id='word_1_425' title='bbox 691 5443 869 5507; x_wconf 84' lang='grc' dir='ltr'>ἀθέως</span> <span class='ocrx_word' id='word_1_426' title='bbox 907 5443 1003 5496; x_wconf 70' lang='grc' dir='ltr'>καὶ</span> <span class='ocrx_word' id='word_1_427' title='bbox 1043 5442 1410 5507; x_wconf 87' lang='grc' dir='ltr'>ἀκανονίστως</span> <span class='ocrx_word' id='word_1_428' title='bbox 1441 5445 1747 5515; x_wconf 88' lang='grc' dir='ltr'>ἐνύϐρισεν,</span> <span class='ocrx_word' id='word_1_429' title='bbox 1791 5449 2084 5518; x_wconf 87' lang='grc' dir='ltr'>συναχθέν-</span> 
     </span>
    </p>
   </div>
   <div class='ocr_carea' id='block_1_62' title="bbox 500 5524 2082 5606">
    <p class='ocr_par' dir='ltr' id='par_1_62' title="bbox 500 5524 2082 5606">
     <span class='ocr_line' id='line_1_62' title="bbox 500 5524 2082 5606; baseline 0.008 -32"><span class='ocrx_word' id='word_1_430' title='bbox 500 5539 604 5606; x_wconf 77' lang='grc' dir='ltr'>τες</span> <span class='ocrx_word' id='word_1_431' title='bbox 635 5524 733 5606; x_wconf 72' lang='grc' dir='ltr'>καὶ</span> <span class='ocrx_word' id='word_1_432' title='bbox 767 5528 884 5579; x_wconf 88' lang='grc' dir='ltr'>κατ’</span> <span class='ocrx_word' id='word_1_433' title='bbox 922 5528 1086 5582; x_wconf 82' lang='grc' dir='ltr'>αὑτὸν</span> <span class='ocrx_word' id='word_1_434' title='bbox 1129 5526 1415 5600; x_wconf 89' lang='grc' dir='ltr'>κρίναντες</span> <span class='ocrx_word' id='word_1_435' title='bbox 1453 5530 1892 5602; x_wconf 89' lang='grc' dir='ltr'>ἐπιχειρήματα.</span> <span class='ocrx_word' id='word_1_436' title='bbox 1937 5533 2082 5606; x_wconf 80' lang='grc' dir='ltr'>άπερ</span> 
     </span>
    </p>
   </div>
   <div class='ocr_carea' id='block_1_63' title="bbox 503 5604 2081 5686">
    <p class='ocr_par' dir='ltr' id='par_1_63' title="bbox 503 5604 2081 5686">
     <span class='ocr_line' id='line_1_63' title="bbox 503 5604 2081 5686; baseline 0.008 -27"><span class='ocrx_word' id='word_1_437' title='bbox 503 5606 554 5659; x_wconf 72' lang='lat' dir='ltr'>ut</span> <span class='ocrx_word' id='word_1_438' title='bbox 579 5604 858 5670; x_wconf 75' lang='grc' dir='ltr'>Αἰγύπτου</span> <span class='ocrx_word' id='word_1_439' title='bbox 899 5613 992 5665; x_wconf 78' lang='grc' dir='ltr'>καὶ</span> <span class='ocrx_word' id='word_1_440' title='bbox 1029 5611 1236 5684; x_wconf 87' lang='grc' dir='ltr'>Λιϐύης</span> <span class='ocrx_word' id='word_1_441' title='bbox 1273 5613 1602 5681; x_wconf 85' lang='grc' dir='ltr'>ἐπίσκοποι,</span> <span class='ocrx_word' id='word_1_442' title='bbox 1650 5615 1744 5668; x_wconf 81' lang='grc' dir='ltr'>καὶ</span> <span class='ocrx_word' id='word_1_443' title='bbox 1790 5616 1890 5686; x_wconf 90' lang='grc' dir='ltr'>τῆς</span> <span class='ocrx_word' id='word_1_444' title='bbox 1929 5604 2081 5671; x_wconf 51' lang='grc' dir='ltr'>Ἀλεζ</span> 
     </span>
    </p>
   </div>
   <div class='ocr_carea' id='block_1_64' title="bbox 577 5749 1118 5828">
    <p class='ocr_par' dir='ltr' id='par_1_64' title="bbox 577 5749 1118 5828">
     <span class='ocr_line' id='line_1_64' title="bbox 577 5749 1118 5828; baseline 0.015 -23"><span class='ocrx_word' id='word_1_445' title='bbox 577 5751 662 5817; x_wconf 72' lang='grc' dir='ltr'>(α)</span> <span class='ocrx_word' id='word_1_446' title='bbox 682 5749 816 5808; x_wconf 87' lang='lat' dir='ltr'>COd.</span> <span class='ocrx_word' id='word_1_447' title='bbox 846 5757 1118 5828; x_wconf 84' lang='grc' dir='ltr'>κλήματα.</span> 
     </span>
    </p>
   </div>
   <div class='ocr_carea' id='block_1_65' title="bbox 2165 486 3749 564">
    <p class='ocr_par' dir='ltr' id='par_1_65' title="bbox 2165 486 3749 564">
     <span class='ocr_line' id='line_1_65' title="bbox 2165 486 3749 564; baseline -0.003 -17"><span class='ocrx_word' id='word_1_448' title='bbox 2165 491 2438 564; x_wconf 81' lang='grc' dir='ltr'>ξανδρέων</span> <span class='ocrx_word' id='word_1_449' title='bbox 2481 488 2808 560; x_wconf 85' lang='grc' dir='ltr'>Ἐκκλησίας</span> <span class='ocrx_word' id='word_1_450' title='bbox 2852 488 3108 561; x_wconf 76' lang='grc' dir='ltr'>κληρικοὶ</span> <span class='ocrx_word' id='word_1_451' title='bbox 3158 486 3478 559; x_wconf 82' lang='grc' dir='ltr'>ὀδυρόμενοι</span> <span class='ocrx_word' id='word_1_452' title='bbox 3519 486 3609 540; x_wconf 80' lang='grc' dir='ltr'>διὰ</span> <span class='ocrx_word' id='word_1_453' title='bbox 3657 486 3749 543; x_wconf 77' lang='grc' dir='ltr'>τὸν</span> 
     </span>
    </p>
   </div>
   <div class='ocr_carea' id='block_1_66' title="bbox 2167 569 3750 646">
    <p class='ocr_par' dir='ltr' id='par_1_66' title="bbox 2167 569 3750 646">
     <span class='ocr_line' id='line_1_66' title="bbox 2167 569 3750 646; baseline -0.001 -18"><span class='ocrx_word' id='word_1_454' title='bbox 2167 577 2364 646; x_wconf 83' lang='grc' dir='ltr'>σεμνὸν</span> <span class='ocrx_word' id='word_1_455' title='bbox 2393 575 2568 629; x_wconf 76' lang='grc' dir='ltr'>ἀϐϐάν</span> <span class='ocrx_word' id='word_1_456' title='bbox 2616 573 2882 644; x_wconf 86' lang='grc' dir='ltr'>Ἰσίδωρον</span> <span class='ocrx_word' id='word_1_457' title='bbox 2909 573 3000 627; x_wconf 79' lang='grc' dir='ltr'>τὸν</span> <span class='ocrx_word' id='word_1_458' title='bbox 3042 569 3417 643; x_wconf 90' lang='grc' dir='ltr'>πρεσϐύτερον</span> <span class='ocrx_word' id='word_1_459' title='bbox 3443 609 3460 636; x_wconf 93' lang='grc'>,</span> <span class='ocrx_word' id='word_1_460' title='bbox 3515 569 3576 624; x_wconf 81' lang='grc' dir='ltr'>ὄν</span> <span class='ocrx_word' id='word_1_461' title='bbox 3613 587 3750 626; x_wconf 85' lang='grc' dir='ltr'>παν-</span> 
     </span>
    </p>
   </div>
   <div class='ocr_carea' id='block_1_67' title="bbox 2163 655 3754 731">
    <p class='ocr_par' dir='ltr' id='par_1_67' title="bbox 2163 655 3754 731">
     <span class='ocr_line' id='line_1_67' title="bbox 2163 655 3754 731; baseline -0.002 -19"><span class='ocrx_word' id='word_1_462' title='bbox 2163 659 2336 723; x_wconf 88' lang='grc' dir='ltr'>τοίαις</span> <span class='ocrx_word' id='word_1_463' title='bbox 2367 659 2662 731; x_wconf 86' lang='grc' dir='ltr'>τιμωρίαις</span> <span class='ocrx_word' id='word_1_464' title='bbox 2695 656 2946 711; x_wconf 85' lang='grc' dir='ltr'>ἐκδοῦναι</span> <span class='ocrx_word' id='word_1_465' title='bbox 2977 657 3039 710; x_wconf 84' lang='grc' dir='ltr'>οὐ</span> <span class='ocrx_word' id='word_1_466' title='bbox 3067 656 3466 728; x_wconf 82' lang='grc' dir='ltr'>παρῃτήσατο,</span> <span class='ocrx_word' id='word_1_467' title='bbox 3509 655 3754 709; x_wconf 87' lang='grc' dir='ltr'>ἀνεδίδα-</span> 
     </span>
    </p>
   </div>
   <div class='ocr_carea' id='block_1_68' title="bbox 2168 739 3753 811">
    <p class='ocr_par' dir='ltr' id='par_1_68' title="bbox 2168 739 3753 811">
     <span class='ocr_line' id='line_1_68' title="bbox 2168 739 3753 811; baseline -0.002 -16"><span class='ocrx_word' id='word_1_468' title='bbox 2168 743 2262 807; x_wconf 85' lang='grc' dir='ltr'>ξαν</span> <span class='ocrx_word' id='word_1_469' title='bbox 2281 760 2294 775; x_wconf 88' lang='grc'><strong>·</strong></span> <span class='ocrx_word' id='word_1_470' title='bbox 2325 742 2513 795; x_wconf 88' lang='grc' dir='ltr'>τοῦτον</span> <span class='ocrx_word' id='word_1_471' title='bbox 2556 740 2802 795; x_wconf 89' lang='grc' dir='ltr'>κελεύσει</span> <span class='ocrx_word' id='word_1_472' title='bbox 2830 741 2925 794; x_wconf 73' lang='grc' dir='ltr'>καὶ</span> <span class='ocrx_word' id='word_1_473' title='bbox 2955 739 3342 811; x_wconf 86' lang='grc' dir='ltr'>προστάγματι</span> <span class='ocrx_word' id='word_1_474' title='bbox 3370 739 3444 808; x_wconf 90' lang='lat' dir='ltr'>(b)</span> <span class='ocrx_word' id='word_1_475' title='bbox 3471 739 3564 791; x_wconf 92' lang='grc' dir='ltr'>τοῦ</span> <span class='ocrx_word' id='word_1_476' title='bbox 3593 756 3753 810; x_wconf 83' lang='grc' dir='ltr'>κορυ-</span> 
     </span>
    </p>
   </div>
   <div class='ocr_carea' id='block_1_69' title="bbox 2168 821 3753 897">
    <p class='ocr_par' dir='ltr' id='par_1_69' title="bbox 2168 821 3753 897">
     <span class='ocr_line' id='line_1_69' title="bbox 2168 821 3753 897; baseline -0.003 -17"><span class='ocrx_word' id='word_1_477' title='bbox 2168 827 2328 896; x_wconf 88' lang='grc' dir='ltr'>φαίου</span> <span class='ocrx_word' id='word_1_478' title='bbox 2362 827 2592 897; x_wconf 88' lang='grc' dir='ltr'>Πέτρου,</span> <span class='ocrx_word' id='word_1_479' title='bbox 2626 826 2721 878; x_wconf 74' lang='grc' dir='ltr'>καὶ</span> <span class='ocrx_word' id='word_1_480' title='bbox 2751 825 3032 895; x_wconf 88' lang='grc' dir='ltr'>σχήματος</span> <span class='ocrx_word' id='word_1_481' title='bbox 3065 823 3158 877; x_wconf 75' lang='grc' dir='ltr'>καὶ</span> <span class='ocrx_word' id='word_1_482' title='bbox 3195 823 3458 892; x_wconf 84' lang='grc' dir='ltr'>ὀνόματος</span> <span class='ocrx_word' id='word_1_483' title='bbox 3499 821 3753 891; x_wconf 87' lang='grc' dir='ltr'>Θεόφιλον</span> 
     </span>
    </p>
   </div>
   <div class='ocr_carea' id='block_1_70' title="bbox 2167 907 3754 982">
    <p class='ocr_par' dir='ltr' id='par_1_70' title="bbox 2167 907 3754 982">
     <span class='ocr_line' id='line_1_70' title="bbox 2167 907 3754 982; baseline -0.001 -20"><span class='ocrx_word' id='word_1_484' title='bbox 2167 911 2374 982; x_wconf 79' lang='grc' dir='ltr'>ἔρημον</span> <span class='ocrx_word' id='word_1_485' title='bbox 2431 911 2742 981; x_wconf 84' lang='grc' dir='ltr'>ἐστήσαμεν</span> <span class='ocrx_word' id='word_1_486' title='bbox 2800 909 2964 961; x_wconf 77' lang='grc' dir='ltr'>αὐτὸν</span> <span class='ocrx_word' id='word_1_487' title='bbox 3022 908 3247 972; x_wconf 81' lang='grc' dir='ltr'>πάντες.</span> <span class='ocrx_word' id='word_1_488' title='bbox 3299 907 3653 978; x_wconf 84' lang='grc' dir='ltr'>Προστάξατε</span> <span class='ocrx_word' id='word_1_489' title='bbox 3698 907 3754 960; x_wconf 80' lang='grc' dir='ltr'>δέ</span> 
     </span>
    </p>
   </div>
   <div class='ocr_carea' id='block_1_71' title="bbox 2166 990 3756 1064">
    <p class='ocr_par' dir='ltr' id='par_1_71' title="bbox 2166 990 3756 1064">
     <span class='ocr_line' id='line_1_71' title="bbox 2166 990 3756 1064; baseline -0.001 -18"><span class='ocrx_word' id='word_1_490' title='bbox 2166 993 2340 1046; x_wconf 89' lang='grc' dir='ltr'>ταῦτα</span> <span class='ocrx_word' id='word_1_491' title='bbox 2378 992 2614 1063; x_wconf 75' lang='grc' dir='ltr'>δημοσία</span> <span class='ocrx_word' id='word_1_492' title='bbox 2647 992 3010 1064; x_wconf 76' lang='grc' dir='ltr'>προτεθῆναιο</span> <span class='ocrx_word' id='word_1_493' title='bbox 3057 992 3153 1046; x_wconf 65' lang='grc' dir='ltr'>καὶ</span> <span class='ocrx_word' id='word_1_494' title='bbox 3184 993 3311 1055; x_wconf 83' lang='grc' dir='ltr'>τοὺς</span> <span class='ocrx_word' id='word_1_495' title='bbox 3341 990 3660 1054; x_wconf 81' lang='grc' dir='ltr'>διδάξαντας</span> <span class='ocrx_word' id='word_1_496' title='bbox 3688 990 3756 1044; x_wconf 78' lang='grc' dir='ltr'>τά</span> 
     </span>
    </p>
   </div>
   <div class='ocr_carea' id='block_1_72' title="bbox 2169 1068 3752 1146">
    <p class='ocr_par' dir='ltr' id='par_1_72' title="bbox 2169 1068 3752 1146">
     <span class='ocr_line' id='line_1_72' title="bbox 2169 1068 3752 1146; baseline -0.002 -17"><span class='ocrx_word' id='word_1_497' title='bbox 2169 1078 2290 1130; x_wconf 84' lang='grc' dir='ltr'>κατ’</span> <span class='ocrx_word' id='word_1_498' title='bbox 2325 1076 2509 1141; x_wconf 73' lang='grc' dir='ltr'>αὑτὸν,</span> <span class='ocrx_word' id='word_1_499' title='bbox 2545 1075 2637 1129; x_wconf 78' lang='grc' dir='ltr'>διὰ</span> <span class='ocrx_word' id='word_1_500' title='bbox 2663 1075 2922 1128; x_wconf 90' lang='grc' dir='ltr'>λιϐέλλων</span> <span class='ocrx_word' id='word_1_501' title='bbox 2949 1075 3236 1146; x_wconf 75' lang='grc' dir='ltr'>συστῆναι,</span> <span class='ocrx_word' id='word_1_502' title='bbox 3267 1075 3353 1145; x_wconf 84' lang='grc' dir='ltr'>ἐφ’</span> <span class='ocrx_word' id='word_1_503' title='bbox 3380 1068 3461 1138; x_wconf 72' lang='grc' dir='ltr'>οἷς</span> <span class='ocrx_word' id='word_1_504' title='bbox 3482 1073 3752 1139; x_wconf 82' lang='grc' dir='ltr'>ἐδίδαξαν·</span> 
     </span>
    </p>
   </div>
   <div class='ocr_carea' id='block_1_73' title="bbox 2169 1158 3759 1231">
    <p class='ocr_par' dir='ltr' id='par_1_73' title="bbox 2169 1158 3759 1231">
     <span class='ocr_line' id='line_1_73' title="bbox 2169 1158 3759 1231; baseline -0.002 -16"><span class='ocrx_word' id='word_1_505' title='bbox 2169 1161 2264 1216; x_wconf 75' lang='grc' dir='ltr'>καὶ</span> <span class='ocrx_word' id='word_1_506' title='bbox 2311 1162 2474 1215; x_wconf 81' lang='grc' dir='ltr'>αὐτὸν</span> <span class='ocrx_word' id='word_1_507' title='bbox 2525 1161 2808 1231; x_wconf 81' lang='grc' dir='ltr'>ἀγώγιμον</span> <span class='ocrx_word' id='word_1_508' title='bbox 2844 1160 2931 1214; x_wconf 72' lang='grc' dir='ltr'>ἐπ’</span> <span class='ocrx_word' id='word_1_509' title='bbox 2971 1160 3316 1231; x_wconf 81' lang='grc' dir='ltr'>ἐγκλήμασιν</span> <span class='ocrx_word' id='word_1_510' title='bbox 3342 1159 3627 1230; x_wconf 82' lang='grc' dir='ltr'>ἕρχεσθαι’</span> <span class='ocrx_word' id='word_1_511' title='bbox 3661 1158 3759 1212; x_wconf 78' lang='grc' dir='ltr'>καὶ</span> 
     </span>
    </p>
   </div>
   <div class='ocr_carea' id='block_1_74' title="bbox 2168 1242 3753 1316">
    <p class='ocr_par' dir='ltr' id='par_1_74' title="bbox 2168 1242 3753 1316">
     <span class='ocr_line' id='line_1_74' title="bbox 2168 1242 3753 1316; baseline -0.003 -17"><span class='ocrx_word' id='word_1_512' title='bbox 2168 1247 2259 1300; x_wconf 83' lang='grc' dir='ltr'>τὸν</span> <span class='ocrx_word' id='word_1_513' title='bbox 2293 1247 2373 1310; x_wconf 85' lang='grc' dir='ltr'>εἰς</span> <span class='ocrx_word' id='word_1_514' title='bbox 2424 1245 2716 1315; x_wconf 86' lang='grc' dir='ltr'>πρόσωπον</span> <span class='ocrx_word' id='word_1_515' title='bbox 2766 1242 2931 1298; x_wconf 78' lang='grc' dir='ltr'>αὐτοῦ</span> <span class='ocrx_word' id='word_1_516' title='bbox 2971 1243 3070 1306; x_wconf 76' lang='grc' dir='ltr'>τάς</span> <span class='ocrx_word' id='word_1_517' title='bbox 3105 1242 3430 1316; x_wconf 84' lang='grc' dir='ltr'>ἀποκρίσεις</span> <span class='ocrx_word' id='word_1_518' title='bbox 3457 1242 3714 1295; x_wconf 89' lang='grc' dir='ltr'>ποιοῦντα</span> <span class='ocrx_word' id='word_1_519' title='bbox 3740 1282 3753 1304; x_wconf 91' lang='grc'>,</span> 
     </span>
    </p>
   </div>
   <div class='ocr_carea' id='block_1_75' title="bbox 2169 1325 3757 1401">
    <p class='ocr_par' dir='ltr' id='par_1_75' title="bbox 2169 1325 3757 1401">
     <span class='ocr_line' id='line_1_75' title="bbox 2169 1325 3757 1401; baseline -0.004 -18"><span class='ocrx_word' id='word_1_520' title='bbox 2169 1331 2270 1401; x_wconf 83' lang='grc' dir='ltr'>τῆς</span> <span class='ocrx_word' id='word_1_521' title='bbox 2323 1329 2529 1392; x_wconf 85' lang='grc' dir='ltr'>πόλεως</span> <span class='ocrx_word' id='word_1_522' title='bbox 2580 1326 2893 1382; x_wconf 87' lang='grc' dir='ltr'>διώκεσθαι.</span> <span class='ocrx_word' id='word_1_523' title='bbox 2945 1327 3058 1398; x_wconf 83' lang='grc' dir='ltr'>Τῆς</span> <span class='ocrx_word' id='word_1_524' title='bbox 3106 1326 3215 1399; x_wconf 84' lang='grc' dir='ltr'>γάρ</span> <span class='ocrx_word' id='word_1_525' title='bbox 3263 1327 3484 1394; x_wconf 82' lang='grc' dir='ltr'>εὐλόγου</span> <span class='ocrx_word' id='word_1_526' title='bbox 3523 1325 3757 1397; x_wconf 88' lang='grc' dir='ltr'>κρίσεως</span> 
     </span>
    </p>
   </div>
   <div class='ocr_carea' id='block_1_76' title="bbox 2170 1409 3760 1485">
    <p class='ocr_par' dir='ltr' id='par_1_76' title="bbox 2170 1409 3760 1485">
     <span class='ocr_line' id='line_1_76' title="bbox 2170 1409 3760 1485; baseline -0.004 -18"><span class='ocrx_word' id='word_1_527' title='bbox 2170 1414 2540 1485; x_wconf 88' lang='grc' dir='ltr'>ἀπροσκόπως</span> <span class='ocrx_word' id='word_1_528' title='bbox 2574 1411 2985 1484; x_wconf 88' lang='grc' dir='ltr'>διατρεχούσης,</span> <span class='ocrx_word' id='word_1_529' title='bbox 3009 1410 3411 1483; x_wconf 83' lang='grc' dir='ltr'>ἐφοραθήσεται</span> <span class='ocrx_word' id='word_1_530' title='bbox 3441 1411 3535 1464; x_wconf 70' lang='grc' dir='ltr'>καὶ</span> <span class='ocrx_word' id='word_1_531' title='bbox 3555 1412 3636 1471; x_wconf 89' lang='grc' dir='ltr'>εἰς</span> <span class='ocrx_word' id='word_1_532' title='bbox 3666 1409 3760 1462; x_wconf 81' lang='grc' dir='ltr'>τὸν</span> 
     </span>
    </p>
   </div>
   <div class='ocr_carea' id='block_1_77' title="bbox 2171 1496 3762 1571">
    <p class='ocr_par' dir='ltr' id='par_1_77' title="bbox 2171 1496 3762 1571">
     <span class='ocr_line' id='line_1_77' title="bbox 2171 1496 3762 1571; baseline -0.004 -17"><span class='ocrx_word' id='word_1_533' title='bbox 2171 1501 2266 1554; x_wconf 88' lang='grc' dir='ltr'>τοῦ</span> <span class='ocrx_word' id='word_1_534' title='bbox 2294 1500 2429 1554; x_wconf 86' lang='grc' dir='ltr'>Θεοῦ</span> <span class='ocrx_word' id='word_1_535' title='bbox 2470 1500 2655 1571; x_wconf 91' lang='grc' dir='ltr'>νόμον,</span> <span class='ocrx_word' id='word_1_536' title='bbox 2681 1500 2778 1554; x_wconf 79' lang='grc' dir='ltr'>καὶ</span> <span class='ocrx_word' id='word_1_537' title='bbox 2818 1501 2898 1563; x_wconf 91' lang='grc' dir='ltr'>εἰς</span> <span class='ocrx_word' id='word_1_538' title='bbox 2931 1499 3022 1552; x_wconf 82' lang='grc' dir='ltr'>τὸν</span> <span class='ocrx_word' id='word_1_539' title='bbox 3051 1499 3159 1552; x_wconf 90' lang='grc' dir='ltr'>τῶν</span> <span class='ocrx_word' id='word_1_540' title='bbox 3197 1496 3501 1570; x_wconf 55' lang='grc' dir='ltr'>ἀνθρώπων</span> <span class='ocrx_word' id='word_1_541' title='bbox 3525 1497 3762 1567; x_wconf 86' lang='grc' dir='ltr'>διαμαρ-</span> 
     </span>
    </p>
   </div>
   <div class='ocr_carea' id='block_1_78' title="bbox 2171 1585 2724 1654">
    <p class='ocr_par' dir='ltr' id='par_1_78' title="bbox 2171 1585 2724 1654">
     <span class='ocr_line' id='line_1_78' title="bbox 2171 1585 2724 1654; baseline -0.005 -17"><span class='ocrx_word' id='word_1_542' title='bbox 2171 1586 2345 1654; x_wconf 89' lang='grc' dir='ltr'>τήσας</span> <span class='ocrx_word' id='word_1_543' title='bbox 2385 1585 2663 1653; x_wconf 81' lang='grc' dir='ltr'>Θεόφιλος.</span> <span class='ocrx_word' id='word_1_544' title='bbox 2706 1603 2724 1634; x_wconf 74' lang='grc' dir='ltr'>ι</span> 
     </span>
    </p>
   </div>
   <div class='ocr_carea' id='block_1_79' title="bbox 2246 1664 3763 1738">
    <p class='ocr_par' dir='ltr' id='par_1_79' title="bbox 2246 1664 3763 1738">
     <span class='ocr_line' id='line_1_79' title="bbox 2246 1664 3763 1738; baseline -0.005 -18"><span class='ocrx_word' id='word_1_545' title='bbox 2246 1668 2309 1721; x_wconf 80' lang='grc' dir='ltr'>θ’.</span> <span class='ocrx_word' id='word_1_546' title='bbox 2358 1667 2418 1722; x_wconf 87' lang='lat'><strong>&#39;0</strong></span> <span class='ocrx_word' id='word_1_547' title='bbox 2451 1667 2508 1721; x_wconf 80' lang='grc' dir='ltr'>δὲ</span> <span class='ocrx_word' id='word_1_548' title='bbox 2543 1667 2825 1738; x_wconf 84' lang='grc' dir='ltr'>Ἀρκάδιος</span> <span class='ocrx_word' id='word_1_549' title='bbox 2855 1667 3148 1738; x_wconf 83' lang='grc' dir='ltr'>δεξάμενος</span> <span class='ocrx_word' id='word_1_550' title='bbox 3193 1665 3293 1735; x_wconf 81' lang='grc' dir='ltr'>τὴν</span> <span class='ocrx_word' id='word_1_551' title='bbox 3331 1664 3426 1719; x_wconf 90' lang='grc' dir='ltr'>τοῦ</span> <span class='ocrx_word' id='word_1_552' title='bbox 3463 1664 3622 1718; x_wconf 84' lang='grc' dir='ltr'>πάπα</span> <span class='ocrx_word' id='word_1_553' title='bbox 3665 1664 3763 1716; x_wconf 89' lang='grc' dir='ltr'>Ἰν-</span> 
     </span>
    </p>
   </div>
   <div class='ocr_carea' id='block_1_80' title="bbox 2174 1748 3764 1824">
    <p class='ocr_par' dir='ltr' id='par_1_80' title="bbox 2174 1748 3764 1824">
     <span class='ocr_line' id='line_1_80' title="bbox 2174 1748 3764 1824; baseline -0.004 -18"><span class='ocrx_word' id='word_1_554' title='bbox 2174 1753 2448 1806; x_wconf 87' lang='grc' dir='ltr'>νοκεντίου</span> <span class='ocrx_word' id='word_1_555' title='bbox 2474 1751 2799 1824; x_wconf 79' lang='grc' dir='ltr'>αύθεντικὴν</span> <span class='ocrx_word' id='word_1_556' title='bbox 2837 1752 3041 1822; x_wconf 76' lang='grc' dir='ltr'>ψῆφον.</span> <span class='ocrx_word' id='word_1_557' title='bbox 3085 1751 3350 1822; x_wconf 89' lang='grc' dir='ltr'>πρότερον</span> <span class='ocrx_word' id='word_1_558' title='bbox 3379 1749 3472 1801; x_wconf 82' lang='grc' dir='ltr'>τὸν</span> <span class='ocrx_word' id='word_1_559' title='bbox 3506 1748 3607 1812; x_wconf 79' lang='grc' dir='ltr'>τὰς</span> <span class='ocrx_word' id='word_1_560' title='bbox 3627 1749 3764 1801; x_wconf 86' lang='grc' dir='ltr'>ἀπο-</span> 
     </span>
    </p>
   </div>
   <div class='ocr_carea' id='block_1_81' title="bbox 2174 1831 3761 1908">
    <p class='ocr_par' dir='ltr' id='par_1_81' title="bbox 2174 1831 3761 1908">
     <span class='ocr_line' id='line_1_81' title="bbox 2174 1831 3761 1908; baseline -0.002 -21"><span class='ocrx_word' id='word_1_561' title='bbox 2174 1836 2388 1908; x_wconf 89' lang='grc' dir='ltr'>κρίσεις</span> <span class='ocrx_word' id='word_1_562' title='bbox 2427 1835 2839 1904; x_wconf 82' lang='grc' dir='ltr'>Ἀλεξανδρείας</span> <span class='ocrx_word' id='word_1_563' title='bbox 2873 1836 3136 1889; x_wconf 88' lang='grc' dir='ltr'>ποιοῦντα</span> <span class='ocrx_word' id='word_1_564' title='bbox 3187 1831 3560 1904; x_wconf 87' lang='grc' dir='ltr'>πρεσϐύτερον</span> <span class='ocrx_word' id='word_1_565' title='bbox 3609 1831 3761 1892; x_wconf 88' lang='grc' dir='ltr'>ὄντα,</span> 
     </span>
    </p>
   </div>
   <div class='ocr_carea' id='block_1_82' title="bbox 2175 1914 3768 1989">
    <p class='ocr_par' dir='ltr' id='par_1_82' title="bbox 2175 1914 3768 1989">
     <span class='ocr_line' id='line_1_82' title="bbox 2175 1914 3768 1989; baseline -0.003 -17"><span class='ocrx_word' id='word_1_566' title='bbox 2175 1921 2408 1988; x_wconf 72' lang='grc' dir='ltr'>ἐνέγκας</span> <span class='ocrx_word' id='word_1_567' title='bbox 2439 1919 2677 1972; x_wconf 87' lang='grc' dir='ltr'>δέδωκεν</span> <span class='ocrx_word' id='word_1_568' title='bbox 2702 1918 2850 1989; x_wconf 85' lang='grc' dir='ltr'>αύτῷ</span> <span class='ocrx_word' id='word_1_569' title='bbox 2881 1919 2949 1972; x_wconf 89' lang='grc' dir='ltr'>τά</span> <span class='ocrx_word' id='word_1_570' title='bbox 2984 1921 3076 1972; x_wconf 84' lang='grc' dir='ltr'>ῖσα</span> <span class='ocrx_word' id='word_1_571' title='bbox 3105 1917 3205 1988; x_wconf 89' lang='grc' dir='ltr'>τῆς</span> <span class='ocrx_word' id='word_1_572' title='bbox 3231 1915 3603 1984; x_wconf 87' lang='grc' dir='ltr'>καθαιρέσεως</span> <span class='ocrx_word' id='word_1_573' title='bbox 3635 1914 3768 1968; x_wconf 89' lang='grc' dir='ltr'>Θεο⁸</span> 
     </span>
    </p>
   </div>
   <div class='ocr_carea' id='block_1_83' title="bbox 2175 1999 3766 2074">
    <p class='ocr_par' dir='ltr' id='par_1_83' title="bbox 2175 1999 3766 2074">
     <span class='ocr_line' id='line_1_83' title="bbox 2175 1999 3766 2074; baseline -0.004 -16"><span class='ocrx_word' id='word_1_574' title='bbox 2175 2005 2358 2074; x_wconf 82' lang='grc' dir='ltr'>φίλου,</span> <span class='ocrx_word' id='word_1_575' title='bbox 2409 2005 2505 2057; x_wconf 74' lang='grc' dir='ltr'>καὶ</span> <span class='ocrx_word' id='word_1_576' title='bbox 2555 2003 2879 2058; x_wconf 86' lang='grc' dir='ltr'>ἀπέστειλεν</span> <span class='ocrx_word' id='word_1_577' title='bbox 2919 2004 3083 2057; x_wconf 83' lang='grc' dir='ltr'>αὑτὸν</span> <span class='ocrx_word' id='word_1_578' title='bbox 3125 2005 3206 2066; x_wconf 90' lang='grc' dir='ltr'>εἰς</span> <span class='ocrx_word' id='word_1_579' title='bbox 3252 1999 3659 2069; x_wconf 83' lang='grc' dir='ltr'>Ἀλεξάνδρειαν</span> <span class='ocrx_word' id='word_1_580' title='bbox 3704 2004 3766 2054; x_wconf 87' lang='grc' dir='ltr'>ἐν</span> 
     </span>
    </p>
   </div>
   <div class='ocr_carea' id='block_1_84' title="bbox 2174 2085 3758 2161">
    <p class='ocr_par' dir='ltr' id='par_1_84' title="bbox 2174 2085 3758 2161">
     <span class='ocr_line' id='line_1_84' title="bbox 2174 2085 3758 2161; baseline -0.004 -19"><span class='ocrx_word' id='word_1_581' title='bbox 2174 2089 2326 2161; x_wconf 89' lang='grc' dir='ltr'>πάσῃ</span> <span class='ocrx_word' id='word_1_582' title='bbox 2375 2089 2591 2160; x_wconf 76' lang='grc' dir='ltr'>ἀτιμία,</span> <span class='ocrx_word' id='word_1_583' title='bbox 2637 2086 2922 2158; x_wconf 80' lang='grc' dir='ltr'>γνωρίζων</span> <span class='ocrx_word' id='word_1_584' title='bbox 2954 2087 3023 2140; x_wconf 83' lang='grc' dir='ltr'>τὰ</span> <span class='ocrx_word' id='word_1_585' title='bbox 3054 2089 3234 2142; x_wconf 87' lang='grc' dir='ltr'>πάντα</span> <span class='ocrx_word' id='word_1_586' title='bbox 3283 2086 3548 2157; x_wconf 83' lang='grc' dir='ltr'>Θεοφίλῳ.</span> <span class='ocrx_word' id='word_1_587' title='bbox 3610 2085 3758 2140; x_wconf 71' lang='lat'>’06:).-</span> 
     </span>
    </p>
   </div>
   <div class='ocr_carea' id='block_1_85' title="bbox 2175 2169 3763 2244">
    <p class='ocr_par' dir='ltr' id='par_1_85' title="bbox 2175 2169 3763 2244">
     <span class='ocr_line' id='line_1_85' title="bbox 2175 2169 3763 2244; baseline -0.003 -17"><span class='ocrx_word' id='word_1_588' title='bbox 2175 2173 2361 2244; x_wconf 78' lang='grc' dir='ltr'>νηθεὶς</span> <span class='ocrx_word' id='word_1_589' title='bbox 2384 2169 2500 2234; x_wconf 81' lang='grc' dir='ltr'>οὖν,</span> <span class='ocrx_word' id='word_1_590' title='bbox 2526 2175 2621 2226; x_wconf 63' lang='grc' dir='ltr'>καὶ¹</span> <span class='ocrx_word' id='word_1_591' title='bbox 2654 2172 2728 2243; x_wconf 84' lang='grc' dir='ltr'>μὴ</span> <span class='ocrx_word' id='word_1_592' title='bbox 2760 2172 3054 2242; x_wconf 80' lang='grc' dir='ltr'>δυνάμενός</span> <span class='ocrx_word' id='word_1_593' title='bbox 3077 2189 3131 2224; x_wconf 92' lang='grc' dir='ltr'>τι</span> <span class='ocrx_word' id='word_1_594' title='bbox 3168 2171 3305 2242; x_wconf 82' lang='grc' dir='ltr'>πρὸς</span> <span class='ocrx_word' id='word_1_595' title='bbox 3328 2172 3456 2232; x_wconf 80' lang='grc' dir='ltr'>τοὺς</span> <span class='ocrx_word' id='word_1_596' title='bbox 3498 2171 3763 2241; x_wconf 85' lang='grc' dir='ltr'>ποιήσαν-</span> 
     </span>
    </p>
   </div>
   <div class='ocr_carea' id='block_1_86' title="bbox 2173 2255 3765 2328">
    <p class='ocr_par' dir='ltr' id='par_1_86' title="bbox 2173 2255 3765 2328">
     <span class='ocr_line' id='line_1_86' title="bbox 2173 2255 3765 2328; baseline -0.001 -18"><span class='ocrx_word' id='word_1_597' title='bbox 2173 2274 2271 2323; x_wconf 89' lang='grc' dir='ltr'>τας</span> <span class='ocrx_word' id='word_1_598' title='bbox 2303 2259 2364 2312; x_wconf 84' lang='grc' dir='ltr'>τὸ</span> <span class='ocrx_word' id='word_1_599' title='bbox 2392 2257 2633 2311; x_wconf 88' lang='grc' dir='ltr'>τοιοῦτον</span> <span class='ocrx_word' id='word_1_600' title='bbox 2696 2258 2932 2328; x_wconf 84' lang='grc' dir='ltr'>πρᾶγμα</span> <span class='ocrx_word' id='word_1_601' title='bbox 2969 2258 3052 2319; x_wconf 83' lang='grc' dir='ltr'>είς</span> <span class='ocrx_word' id='word_1_602' title='bbox 3094 2256 3281 2318; x_wconf 83' lang='grc' dir='ltr'>αὑτὸν,</span> <span class='ocrx_word' id='word_1_603' title='bbox 3307 2255 3400 2308; x_wconf 74' lang='grc' dir='ltr'>τὸν</span> <span class='ocrx_word' id='word_1_604' title='bbox 3433 2255 3765 2326; x_wconf 77' lang='grc' dir='ltr'>ἀποκρισιάσ-</span> 
     </span>
    </p>
   </div>
   <div class='ocr_carea' id='block_1_87' title="bbox 2177 2338 3764 2416">
    <p class='ocr_par' dir='ltr' id='par_1_87' title="bbox 2177 2338 3764 2416">
     <span class='ocr_line' id='line_1_87' title="bbox 2177 2338 3764 2416; baseline -0.003 -20"><span class='ocrx_word' id='word_1_605' title='bbox 2177 2360 2293 2416; x_wconf 90' lang='grc' dir='ltr'>ριον</span> <span class='ocrx_word' id='word_1_606' title='bbox 2339 2344 2397 2396; x_wconf 90' lang='grc' dir='ltr'>ἐν</span> <span class='ocrx_word' id='word_1_607' title='bbox 2429 2341 2790 2412; x_wconf 89' lang='grc' dir='ltr'>δεσμωτηρίῳ</span> <span class='ocrx_word' id='word_1_608' title='bbox 2819 2339 3053 2411; x_wconf 89' lang='grc' dir='ltr'>τίθησιν,</span> <span class='ocrx_word' id='word_1_609' title='bbox 3100 2338 3281 2409; x_wconf 79' lang='grc' dir='ltr'>ζητῶν</span> <span class='ocrx_word' id='word_1_610' title='bbox 3319 2339 3524 2410; x_wconf 86' lang='grc' dir='ltr'>βήματι</span> <span class='ocrx_word' id='word_1_611' title='bbox 3561 2339 3764 2409; x_wconf 73' lang='grc' dir='ltr'>ἀρχονο-</span> 
     </span>
    </p>
   </div>
   <div class='ocr_carea' id='block_1_88' title="bbox 2174 2423 3768 2497">
    <p class='ocr_par' dir='ltr' id='par_1_88' title="bbox 2174 2423 3768 2497">
     <span class='ocr_line' id='line_1_88' title="bbox 2174 2423 3768 2497; baseline -0.003 -16"><span class='ocrx_word' id='word_1_612' title='bbox 2174 2427 2312 2497; x_wconf 88' lang='grc' dir='ltr'>τικῷ</span> <span class='ocrx_word' id='word_1_613' title='bbox 2357 2425 2549 2479; x_wconf 90' lang='grc' dir='ltr'>τοῦτον</span> <span class='ocrx_word' id='word_1_614' title='bbox 2620 2425 2838 2495; x_wconf 87' lang='grc' dir='ltr'>στῆσαι.</span> <span class='ocrx_word' id='word_1_615' title='bbox 2901 2424 3043 2478; x_wconf 80' lang='grc' dir='ltr'>Ἀλλ’</span> <span class='ocrx_word' id='word_1_616' title='bbox 3099 2423 3340 2496; x_wconf 85' lang='grc' dir='ltr'>ἐφοϐήθη</span> <span class='ocrx_word' id='word_1_617' title='bbox 3396 2423 3460 2476; x_wconf 75' lang='grc' dir='ltr'>τὸ</span> <span class='ocrx_word' id='word_1_618' title='bbox 3513 2423 3768 2478; x_wconf 84' lang='grc' dir='ltr'>τοσοῦτον</span> 
     </span>
    </p>
   </div>
   <div class='ocr_carea' id='block_1_89' title="bbox 2174 2505 3768 2580">
    <p class='ocr_par' dir='ltr' id='par_1_89' title="bbox 2174 2505 3768 2580">
     <span class='ocr_line' id='line_1_89' title="bbox 2174 2505 3768 2580; baseline -0.002 -15"><span class='ocrx_word' id='word_1_619' title='bbox 2174 2513 2431 2579; x_wconf 77' lang='grc' dir='ltr'>ποιήσαιο</span> <span class='ocrx_word' id='word_1_620' title='bbox 2479 2511 2574 2565; x_wconf 69' lang='grc' dir='ltr'>καὶ</span> <span class='ocrx_word' id='word_1_621' title='bbox 2623 2509 2688 2580; x_wconf 80' lang='grc' dir='ltr'>δὴ</span> <span class='ocrx_word' id='word_1_622' title='bbox 2735 2509 2879 2563; x_wconf 81' lang='grc' dir='ltr'>αἰτεῖ</span> <span class='ocrx_word' id='word_1_623' title='bbox 2930 2511 3022 2560; x_wconf 66' lang='grc' dir='ltr'>τὸν</span> <span class='ocrx_word' id='word_1_624' title='bbox 3071 2505 3313 2580; x_wconf 78' lang='grc' dir='ltr'>ἄρχοντα</span> <span class='ocrx_word' id='word_1_625' title='bbox 3354 2507 3768 2580; x_wconf 79' lang='grc' dir='ltr'>Ἀλεξανδρείας</span> 
     </span>
    </p>
   </div>
   <div class='ocr_carea' id='block_1_90' title="bbox 2174 2591 3770 2667">
    <p class='ocr_par' dir='ltr' id='par_1_90' title="bbox 2174 2591 3770 2667">
     <span class='ocr_line' id='line_1_90' title="bbox 2174 2591 3770 2667; baseline -0.001 -18"><span class='ocrx_word' id='word_1_626' title='bbox 2174 2597 2360 2651; x_wconf 87' lang='grc' dir='ltr'>λαϐεῖν</span> <span class='ocrx_word' id='word_1_627' title='bbox 2391 2595 2644 2666; x_wconf 85' lang='grc' dir='ltr'>βοήθειαν</span> <span class='ocrx_word' id='word_1_628' title='bbox 2677 2591 3081 2667; x_wconf 80' lang='grc' dir='ltr'>στρατιωτικὴν</span> <span class='ocrx_word' id='word_1_629' title='bbox 3104 2595 3248 2648; x_wconf 89' lang='grc' dir='ltr'>κατά</span> <span class='ocrx_word' id='word_1_630' title='bbox 3270 2611 3432 2648; x_wconf 90' lang='grc' dir='ltr'>τινων</span> <span class='ocrx_word' id='word_1_631' title='bbox 3462 2593 3621 2664; x_wconf 82' lang='grc' dir='ltr'>δῆθεν</span> <span class='ocrx_word' id='word_1_632' title='bbox 3644 2611 3770 2648; x_wconf 76' lang='grc' dir='ltr'>στα·</span> 
     </span>
    </p>
   </div>
   <div class='ocr_carea' id='block_1_91' title="bbox 2177 2676 3768 2750">
    <p class='ocr_par' dir='ltr' id='par_1_91' title="bbox 2177 2676 3768 2750">
     <span class='ocr_line' id='line_1_91' title="bbox 2177 2676 3768 2750; baseline -0.002 -16"><span class='ocrx_word' id='word_1_633' title='bbox 2177 2681 2492 2745; x_wconf 80' lang='grc' dir='ltr'>σιαζόντων.</span> <span class='ocrx_word' id='word_1_634' title='bbox 2518 2678 2588 2732; x_wconf 89' lang='grc' dir='ltr'>τά</span> <span class='ocrx_word' id='word_1_635' title='bbox 2617 2679 2956 2750; x_wconf 88' lang='grc' dir='ltr'>μοναστήρια</span> <span class='ocrx_word' id='word_1_636' title='bbox 2983 2677 3086 2748; x_wconf 88' lang='grc' dir='ltr'>τῆς</span> <span class='ocrx_word' id='word_1_637' title='bbox 3123 2677 3402 2747; x_wconf 74' lang='grc' dir='ltr'>Αἰγύπτου</span> <span class='ocrx_word' id='word_1_638' title='bbox 3435 2676 3768 2744; x_wconf 72' lang='grc' dir='ltr'>διαρπαζόν-</span> 
     </span>
    </p>
   </div>
   <div class='ocr_carea' id='block_1_92' title="bbox 2173 2761 3769 2833">
    <p class='ocr_par' dir='ltr' id='par_1_92' title="bbox 2173 2761 3769 2833">
     <span class='ocr_line' id='line_1_92' title="bbox 2173 2761 3769 2833; baseline -0.003 -16"><span class='ocrx_word' id='word_1_639' title='bbox 2173 2781 2281 2817; x_wconf 89' lang='grc' dir='ltr'>των</span> <span class='ocrx_word' id='word_1_640' title='bbox 2301 2780 2313 2792; x_wconf 90' lang='grc'>·</span> <span class='ocrx_word' id='word_1_641' title='bbox 2342 2764 2435 2816; x_wconf 70' lang='grc' dir='ltr'>καὶ</span> <span class='ocrx_word' id='word_1_642' title='bbox 2454 2761 2635 2816; x_wconf 85' lang='grc' dir='ltr'>λαϐὼν</span> <span class='ocrx_word' id='word_1_643' title='bbox 2657 2761 3046 2825; x_wconf 88' lang='grc' dir='ltr'>πεντακοσίους</span> <span class='ocrx_word' id='word_1_644' title='bbox 3076 2761 3355 2825; x_wconf 82' lang='grc' dir='ltr'>ἐνόπλους,</span> <span class='ocrx_word' id='word_1_645' title='bbox 3383 2761 3579 2825; x_wconf 74' lang='grc' dir='ltr'>νυκτὸς</span> <span class='ocrx_word' id='word_1_646' title='bbox 3604 2762 3769 2833; x_wconf 76' lang='grc' dir='ltr'>ἐπέρ-</span> 
     </span>
    </p>
   </div>
   <div class='ocr_carea' id='block_1_93' title="bbox 2177 2844 3767 2918">
    <p class='ocr_par' dir='ltr' id='par_1_93' title="bbox 2177 2844 3767 2918">
     <span class='ocr_line' id='line_1_93' title="bbox 2177 2844 3767 2918; baseline -0.001 -19"><span class='ocrx_word' id='word_1_647' title='bbox 2177 2847 2332 2918; x_wconf 77' lang='grc' dir='ltr'>ριψεν</span> <span class='ocrx_word' id='word_1_648' title='bbox 2364 2845 2442 2916; x_wconf 90' lang='grc' dir='ltr'>τῷ</span> <span class='ocrx_word' id='word_1_649' title='bbox 2469 2846 2608 2916; x_wconf 91' lang='grc' dir='ltr'>ὄρει,</span> <span class='ocrx_word' id='word_1_650' title='bbox 2641 2846 2734 2899; x_wconf 77' lang='grc' dir='ltr'>καὶ</span> <span class='ocrx_word' id='word_1_651' title='bbox 2769 2845 3016 2916; x_wconf 75' lang='grc' dir='ltr'>βακλίζει</span> <span class='ocrx_word' id='word_1_652' title='bbox 3050 2844 3285 2914; x_wconf 84' lang='grc' dir='ltr'>στερεῶς</span> <span class='ocrx_word' id='word_1_653' title='bbox 3331 2845 3460 2906; x_wconf 82' lang='grc' dir='ltr'>τοὺς</span> <span class='ocrx_word' id='word_1_654' title='bbox 3501 2846 3767 2915; x_wconf 80' lang='grc' dir='ltr'>μοναχοὺς</span> 
     </span>
    </p>
   </div>
   <div class='ocr_carea' id='block_1_94' title="bbox 2172 2927 3764 3000">
    <p class='ocr_par' dir='ltr' id='par_1_94' title="bbox 2172 2927 3764 3000">
     <span class='ocr_line' id='line_1_94' title="bbox 2172 2927 3764 3000; baseline -0.001 -19"><span class='ocrx_word' id='word_1_655' title='bbox 2172 2930 2300 2993; x_wconf 79' lang='grc' dir='ltr'>τοὺς</span> <span class='ocrx_word' id='word_1_656' title='bbox 2322 2928 2652 3000; x_wconf 81' lang='grc' dir='ltr'>δεξαμένους</span> <span class='ocrx_word' id='word_1_657' title='bbox 2678 2930 2770 2982; x_wconf 79' lang='grc' dir='ltr'>τὸν</span> <span class='ocrx_word' id='word_1_658' title='bbox 2793 2927 2970 2981; x_wconf 84' lang='grc' dir='ltr'>άϐϐἄν</span> <span class='ocrx_word' id='word_1_659' title='bbox 3014 2927 3285 2998; x_wconf 87' lang='grc' dir='ltr'>Ἰσίδωρον</span> <span class='ocrx_word' id='word_1_660' title='bbox 3320 2927 3480 2994; x_wconf 86' lang='grc' dir='ltr'>ἐπτά,</span> <span class='ocrx_word' id='word_1_661' title='bbox 3523 2927 3764 2997; x_wconf 87' lang='grc' dir='ltr'>Ἰέρακα,</span> 
     </span>
    </p>
   </div>
   <div class='ocr_carea' id='block_1_95' title="bbox 2175 3008 3765 3082">
    <p class='ocr_par' dir='ltr' id='par_1_95' title="bbox 2175 3008 3765 3082">
     <span class='ocr_line' id='line_1_95' title="bbox 2175 3008 3765 3082; baseline -0.003 -16"><span class='ocrx_word' id='word_1_662' title='bbox 2175 3012 2486 3082; x_wconf 87' lang='grc' dir='ltr'>Διόσκορον,</span> <span class='ocrx_word' id='word_1_663' title='bbox 2533 3011 2867 3082; x_wconf 81' lang='grc' dir='ltr'>Ἀμμώνιον,</span> <span class='ocrx_word' id='word_1_664' title='bbox 2906 3012 3116 3077; x_wconf 83' lang='grc' dir='ltr'>Ἰσαὰκ,</span> <span class='ocrx_word' id='word_1_665' title='bbox 3162 3008 3484 3081; x_wconf 87' lang='grc' dir='ltr'>Ἰνισθωρὼ,</span> <span class='ocrx_word' id='word_1_666' title='bbox 3529 3009 3765 3081; x_wconf 88' lang='grc' dir='ltr'>Τιθόην,</span> 
     </span>
    </p>
   </div>
   <div class='ocr_carea' id='block_1_96' title="bbox 2176 3091 3770 3165">
    <p class='ocr_par' dir='ltr' id='par_1_96' title="bbox 2176 3091 3770 3165">
     <span class='ocr_line' id='line_1_96' title="bbox 2176 3091 3770 3165; baseline -0.002 -16"><span class='ocrx_word' id='word_1_667' title='bbox 2176 3096 2270 3149; x_wconf 68' lang='grc' dir='ltr'>καὶ</span> <span class='ocrx_word' id='word_1_668' title='bbox 2299 3095 2456 3152; x_wconf 80' lang='grc' dir='ltr'>ἄλλον</span> <span class='ocrx_word' id='word_1_669' title='bbox 2513 3095 2720 3149; x_wconf 90' lang='grc' dir='ltr'>Ἰσαάκ.</span> <span class='ocrx_word' id='word_1_670' title='bbox 2760 3095 2870 3148; x_wconf 71' lang='grc' dir='ltr'>Καὶ</span> <span class='ocrx_word' id='word_1_671' title='bbox 2919 3094 3285 3159; x_wconf 89' lang='grc' dir='ltr'>κοπιάσαντες</span> <span class='ocrx_word' id='word_1_672' title='bbox 3335 3091 3623 3165; x_wconf 81' lang='grc' dir='ltr'>ζητοῦντες</span> <span class='ocrx_word' id='word_1_673' title='bbox 3675 3093 3770 3147; x_wconf 83' lang='grc' dir='ltr'>τὸν</span> 
     </span>
    </p>
   </div>
   <div class='ocr_carea' id='block_1_97' title="bbox 2175 3173 3768 3250">
    <p class='ocr_par' dir='ltr' id='par_1_97' title="bbox 2175 3173 3768 3250">
     <span class='ocr_line' id='line_1_97' title="bbox 2175 3173 3768 3250; baseline -0.003 -16"><span class='ocrx_word' id='word_1_674' title='bbox 2175 3180 2352 3234; x_wconf 83' lang='grc' dir='ltr'>ἀϐϐἄν</span> <span class='ocrx_word' id='word_1_675' title='bbox 2392 3178 2698 3250; x_wconf 89' lang='grc' dir='ltr'>Ἰσίδωρον,</span> <span class='ocrx_word' id='word_1_676' title='bbox 2746 3179 2844 3249; x_wconf 85' lang='grc' dir='ltr'>οὐχ</span> <span class='ocrx_word' id='word_1_677' title='bbox 2889 3173 3076 3249; x_wconf 76' lang='grc' dir='ltr'>εὗρον·</span> <span class='ocrx_word' id='word_1_678' title='bbox 3126 3173 3268 3248; x_wconf 78' lang='grc' dir='ltr'>ἦσαν</span> <span class='ocrx_word' id='word_1_679' title='bbox 3303 3179 3412 3249; x_wconf 77' lang='grc' dir='ltr'>γάρ</span> <span class='ocrx_word' id='word_1_680' title='bbox 3462 3179 3519 3231; x_wconf 85' lang='grc' dir='ltr'>ἐν</span> <span class='ocrx_word' id='word_1_681' title='bbox 3569 3176 3768 3249; x_wconf 85' lang='grc' dir='ltr'>φρέατι</span> 
     </span>
    </p>
   </div>
   <div class='ocr_carea' id='block_1_98' title="bbox 2176 3260 3769 3334">
    <p class='ocr_par' dir='ltr' id='par_1_98' title="bbox 2176 3260 3769 3334">
     <span class='ocr_line' id='line_1_98' title="bbox 2176 3260 3769 3334; baseline -0.004 -17"><span class='ocrx_word' id='word_1_682' title='bbox 2176 3261 2328 3334; x_wconf 87' lang='grc' dir='ltr'>ξηρῷ</span> <span class='ocrx_word' id='word_1_683' title='bbox 2351 3261 2608 3333; x_wconf 66' lang='grc' dir='ltr'>ῥίψαντες</span> <span class='ocrx_word' id='word_1_684' title='bbox 2637 3261 2822 3316; x_wconf 75' lang='grc' dir='ltr'>αὐτόν.</span> <span class='ocrx_word' id='word_1_685' title='bbox 2859 3261 2971 3316; x_wconf 79' lang='grc' dir='ltr'>Καὶ</span> <span class='ocrx_word' id='word_1_686' title='bbox 2997 3260 3180 3315; x_wconf 86' lang='grc' dir='ltr'>λαϐὼν</span> <span class='ocrx_word' id='word_1_687' title='bbox 3237 3261 3492 3334; x_wconf 83' lang='grc' dir='ltr'>φρύγανα</span> <span class='ocrx_word' id='word_1_688' title='bbox 3537 3260 3769 3314; x_wconf 78' lang='grc' dir='ltr'>ἔκαυσεν</span> 
     </span>
    </p>
   </div>
   <div class='ocr_carea' id='block_1_99' title="bbox 2175 3340 3770 3417">
    <p class='ocr_par' dir='ltr' id='par_1_99' title="bbox 2175 3340 3770 3417">
     <span class='ocr_line' id='line_1_99' title="bbox 2175 3340 3770 3417; baseline -0.002 -16"><span class='ocrx_word' id='word_1_689' title='bbox 2175 3347 2277 3409; x_wconf 87' lang='grc' dir='ltr'>τὰς</span> <span class='ocrx_word' id='word_1_690' title='bbox 2314 3345 2510 3411; x_wconf 85' lang='grc' dir='ltr'>κέλλας</span> <span class='ocrx_word' id='word_1_691' title='bbox 2549 3345 2731 3400; x_wconf 81' lang='grc' dir='ltr'>αὐτῶν</span> <span class='ocrx_word' id='word_1_692' title='bbox 2787 3347 2884 3400; x_wconf 80' lang='grc' dir='ltr'>σὺν</span> <span class='ocrx_word' id='word_1_693' title='bbox 2920 3348 3087 3400; x_wconf 82' lang='grc' dir='ltr'>πᾶσιν</span> <span class='ocrx_word' id='word_1_694' title='bbox 3131 3340 3213 3410; x_wconf 75' lang='grc' dir='ltr'>οἷς</span> <span class='ocrx_word' id='word_1_695' title='bbox 3259 3341 3425 3417; x_wconf 82' lang='grc' dir='ltr'>εἶχον.</span> <span class='ocrx_word' id='word_1_696' title='bbox 3467 3345 3577 3400; x_wconf 75' lang='grc' dir='ltr'>Καὶ</span> <span class='ocrx_word' id='word_1_697' title='bbox 3623 3344 3770 3399; x_wconf 77' lang='grc' dir='ltr'>οὕτω</span> 
     </span>
    </p>
   </div>
   <div class='ocr_carea' id='block_1_100' title="bbox 2175 3428 3771 3502">
    <p class='ocr_par' dir='ltr' id='par_1_100' title="bbox 2175 3428 3771 3502">
     <span class='ocr_line' id='line_1_100' title="bbox 2175 3428 3771 3502; baseline -0.003 -18"><span class='ocrx_word' id='word_1_698' title='bbox 2175 3431 2436 3502; x_wconf 86' lang='grc' dir='ltr'>λωφήσας</span> <span class='ocrx_word' id='word_1_699' title='bbox 2472 3430 2574 3500; x_wconf 90' lang='grc' dir='ltr'>τῆς</span> <span class='ocrx_word' id='word_1_700' title='bbox 2603 3429 2798 3500; x_wconf 86' lang='grc' dir='ltr'>ἀλόγου</span> <span class='ocrx_word' id='word_1_701' title='bbox 2830 3429 2999 3501; x_wconf 84' lang='grc' dir='ltr'>ὀργῆς</span> <span class='ocrx_word' id='word_1_702' title='bbox 3045 3429 3452 3502; x_wconf 88' lang='grc' dir='ltr'>καταλαμϐάνει</span> <span class='ocrx_word' id='word_1_703' title='bbox 3485 3428 3583 3501; x_wconf 78' lang='grc' dir='ltr'>τὴν</span> <span class='ocrx_word' id='word_1_704' title='bbox 3623 3428 3771 3483; x_wconf 77' lang='grc' dir='ltr'>Ἀλε-</span> 
     </span>
    </p>
   </div>
   <div class='ocr_carea' id='block_1_101' title="bbox 2180 3514 2483 3586">
    <p class='ocr_par' dir='ltr' id='par_1_101' title="bbox 2180 3514 2483 3586">
     <span class='ocr_line' id='line_1_101' title="bbox 2180 3514 2483 3586; baseline -0.003 -17"><span class='ocrx_word' id='word_1_705' title='bbox 2180 3514 2483 3586; x_wconf 82' lang='grc' dir='ltr'>ξάνδρειαν.</span> 
     </span>
    </p>
   </div>
   <div class='ocr_carea' id='block_1_102' title="bbox 2252 3598 3771 3671">
    <p class='ocr_par' dir='ltr' id='par_1_102' title="bbox 2252 3598 3771 3671">
     <span class='ocr_line' id='line_1_102' title="bbox 2252 3598 3771 3671; baseline 0.005 -19"><span class='ocrx_word' id='word_1_706' title='bbox 2252 3605 2303 3654; x_wconf 83' lang='grc' dir='ltr'>ι’.</span> <span class='ocrx_word' id='word_1_707' title='bbox 2334 3600 2397 3652; x_wconf 90' lang='grc' dir='ltr'>Οἰ</span> <span class='ocrx_word' id='word_1_708' title='bbox 2425 3598 2482 3651; x_wconf 85' lang='grc' dir='ltr'>δέ</span> <span class='ocrx_word' id='word_1_709' title='bbox 2513 3599 2906 3671; x_wconf 84' lang='grc' dir='ltr'>προειρημένοι</span> <span class='ocrx_word' id='word_1_710' title='bbox 2949 3599 3176 3671; x_wconf 74' lang='grc' dir='ltr'>μοναχοὶ</span> <span class='ocrx_word' id='word_1_711' title='bbox 3221 3599 3314 3653; x_wconf 84' lang='grc' dir='ltr'>τὸν</span> <span class='ocrx_word' id='word_1_712' title='bbox 3357 3599 3457 3671; x_wconf 84' lang='grc' dir='ltr'>τῆς</span> <span class='ocrx_word' id='word_1_713' title='bbox 3489 3598 3771 3669; x_wconf 77' lang='grc' dir='ltr'>ὑπομονῆς</span> 
     </span>
    </p>
   </div>
   <div class='ocr_carea' id='block_1_103' title="bbox 2178 3681 3772 3755">
    <p class='ocr_par' dir='ltr' id='par_1_103' title="bbox 2178 3681 3772 3755">
     <span class='ocr_line' id='line_1_103' title="bbox 2178 3681 3772 3755; baseline -0.001 -19"><span class='ocrx_word' id='word_1_714' title='bbox 2178 3681 2470 3736; x_wconf 82' lang='grc' dir='ltr'>ἀπώλεσαν</span> <span class='ocrx_word' id='word_1_715' title='bbox 2500 3683 2722 3755; x_wconf 83' lang='grc' dir='ltr'>τρόπον,</span> <span class='ocrx_word' id='word_1_716' title='bbox 2751 3682 2983 3753; x_wconf 81' lang='grc' dir='ltr'>ἀνῆλθον</span> <span class='ocrx_word' id='word_1_717' title='bbox 3003 3685 3084 3747; x_wconf 91' lang='grc' dir='ltr'>εἰς</span> <span class='ocrx_word' id='word_1_718' title='bbox 3124 3682 3551 3753; x_wconf 70' lang='grc' dir='ltr'>Ἀλεξάνδρειαν,</span> <span class='ocrx_word' id='word_1_719' title='bbox 3586 3682 3772 3735; x_wconf 72' lang='grc' dir='ltr'>λέντια</span> 
     </span>
    </p>
   </div>
   <div class='ocr_carea' id='block_1_104' title="bbox 2179 3765 3770 3837">
    <p class='ocr_par' dir='ltr' id='par_1_104' title="bbox 2179 3765 3770 3837">
     <span class='ocr_line' id='line_1_104' title="bbox 2179 3765 3770 3837; baseline -0.001 -18"><span class='ocrx_word' id='word_1_720' title='bbox 2179 3765 2555 3836; x_wconf 79' lang='grc' dir='ltr'>διεζωσμένοι,</span> <span class='ocrx_word' id='word_1_721' title='bbox 2587 3765 2682 3819; x_wconf 79' lang='grc' dir='ltr'>καὶ</span> <span class='ocrx_word' id='word_1_722' title='bbox 2720 3765 3000 3829; x_wconf 89' lang='grc' dir='ltr'>κλαίοντες</span> <span class='ocrx_word' id='word_1_723' title='bbox 3039 3769 3220 3820; x_wconf 77' lang='grc' dir='ltr'>πᾶσαν</span> <span class='ocrx_word' id='word_1_724' title='bbox 3252 3766 3352 3837; x_wconf 77' lang='grc' dir='ltr'>τὴν</span> <span class='ocrx_word' id='word_1_725' title='bbox 3383 3766 3642 3818; x_wconf 89' lang='grc' dir='ltr'>πλατεῖαν</span> <span class='ocrx_word' id='word_1_726' title='bbox 3671 3781 3770 3818; x_wconf 82' lang='grc' dir='ltr'>πε-</span> 
     </span>
    </p>
   </div>
   <div class='ocr_carea' id='block_1_105' title="bbox 2184 3848 3769 3922">
    <p class='ocr_par' dir='ltr' id='par_1_105' title="bbox 2184 3848 3769 3922">
     <span class='ocr_line' id='line_1_105' title="bbox 2184 3848 3769 3922; baseline -0.001 -19"><span class='ocrx_word' id='word_1_727' title='bbox 2184 3851 2392 3921; x_wconf 90' lang='grc' dir='ltr'>ριῆγον.</span> <span class='ocrx_word' id='word_1_728' title='bbox 2447 3850 2670 3913; x_wconf 85' lang='grc' dir='ltr'>Ἰδόντες</span> <span class='ocrx_word' id='word_1_729' title='bbox 2708 3850 2767 3904; x_wconf 77' lang='grc' dir='ltr'>δὲ</span> <span class='ocrx_word' id='word_1_730' title='bbox 2799 3850 2996 3915; x_wconf 77' lang='grc' dir='ltr'>αὐτοὺς</span> <span class='ocrx_word' id='word_1_731' title='bbox 3020 3854 3068 3904; x_wconf 92' lang='grc' dir='ltr'>οί</span> <span class='ocrx_word' id='word_1_732' title='bbox 3095 3850 3330 3916; x_wconf 87' lang='grc' dir='ltr'>πολῖται,</span> <span class='ocrx_word' id='word_1_733' title='bbox 3364 3851 3552 3922; x_wconf 83' lang='grc' dir='ltr'>ἐπειδὴ</span> <span class='ocrx_word' id='word_1_734' title='bbox 3595 3848 3769 3919; x_wconf 84' lang='grc' dir='ltr'>ἐγνώ-</span> 
     </span>
    </p>
   </div>
   <div class='ocr_carea' id='block_1_106' title="bbox 2183 3929 3771 4006">
    <p class='ocr_par' dir='ltr' id='par_1_106' title="bbox 2183 3929 3771 4006">
     <span class='ocr_line' id='line_1_106' title="bbox 2183 3929 3771 4006; baseline 0.002 -21"><span class='ocrx_word' id='word_1_735' title='bbox 2183 3932 2331 4006; x_wconf 81' lang='grc' dir='ltr'>ριζον</span> <span class='ocrx_word' id='word_1_736' title='bbox 2351 3934 2476 3996; x_wconf 75' lang='grc' dir='ltr'>τοὺς</span> <span class='ocrx_word' id='word_1_737' title='bbox 2498 3931 2700 4004; x_wconf 78' lang='grc' dir='ltr'>ἄνδρας</span> <span class='ocrx_word' id='word_1_738' title='bbox 2726 3933 2902 3986; x_wconf 82' lang='grc' dir='ltr'>ὁποῖοι</span> <span class='ocrx_word' id='word_1_739' title='bbox 2924 3929 3087 4004; x_wconf 83' lang='grc' dir='ltr'>ἦσαν,</span> <span class='ocrx_word' id='word_1_740' title='bbox 3113 3934 3463 4005; x_wconf 87' lang='grc' dir='ltr'>ἐλυπήθησαν</span> <span class='ocrx_word' id='word_1_741' title='bbox 3487 3935 3556 3988; x_wconf 85' lang='grc' dir='ltr'>δι’</span> <span class='ocrx_word' id='word_1_742' title='bbox 3572 3935 3771 3997; x_wconf 80' lang='grc' dir='ltr'>αὐτοὺς</span> 
     </span>
    </p>
   </div>
   <div class='ocr_carea' id='block_1_107' title="bbox 2181 4016 3772 4090">
    <p class='ocr_par' dir='ltr' id='par_1_107' title="bbox 2181 4016 3772 4090">
     <span class='ocr_line' id='line_1_107' title="bbox 2181 4016 3772 4090; baseline -0.001 -21"><span class='ocrx_word' id='word_1_743' title='bbox 2181 4017 2359 4069; x_wconf 84' lang='grc' dir='ltr'>πάνυ·</span> <span class='ocrx_word' id='word_1_744' title='bbox 2414 4016 2509 4069; x_wconf 76' lang='grc' dir='ltr'>καὶ</span> <span class='ocrx_word' id='word_1_745' title='bbox 2556 4016 2796 4087; x_wconf 87' lang='grc' dir='ltr'>συνήχθη</span> <span class='ocrx_word' id='word_1_746' title='bbox 2854 4018 2962 4080; x_wconf 82' lang='grc' dir='ltr'>πᾶς</span> <span class='ocrx_word' id='word_1_747' title='bbox 3009 4019 3036 4070; x_wconf 93' lang='lat'>6</span> <span class='ocrx_word' id='word_1_748' title='bbox 3065 4017 3222 4088; x_wconf 89' lang='grc' dir='ltr'>ὄχλος</span> <span class='ocrx_word' id='word_1_749' title='bbox 3259 4017 3398 4089; x_wconf 87' lang='grc' dir='ltr'>μετά</span> <span class='ocrx_word' id='word_1_750' title='bbox 3433 4018 3629 4090; x_wconf 84' lang='grc' dir='ltr'>πυρὸς,</span> <span class='ocrx_word' id='word_1_751' title='bbox 3675 4017 3772 4070; x_wconf 71' lang='grc' dir='ltr'>καὶ</span> 
     </span>
    </p>
   </div>
   <div class='ocr_carea' id='block_1_108' title="bbox 2180 4099 3766 4174">
    <p class='ocr_par' dir='ltr' id='par_1_108' title="bbox 2180 4099 3766 4174">
     <span class='ocr_line' id='line_1_108' title="bbox 2180 4099 3766 4174; baseline 0.002 -21"><span class='ocrx_word' id='word_1_752' title='bbox 2180 4099 2417 4172; x_wconf 73' lang='grc' dir='ltr'>⁴ήρξαντο</span> <span class='ocrx_word' id='word_1_753' title='bbox 2445 4099 2620 4152; x_wconf 89' lang='grc' dir='ltr'>καίειν</span> <span class='ocrx_word' id='word_1_754' title='bbox 2656 4099 2784 4154; x_wconf 79' lang='grc' dir='ltr'>ἔνθα</span> <span class='ocrx_word' id='word_1_755' title='bbox 2810 4101 3111 4171; x_wconf 86' lang='grc' dir='ltr'>κατέμενεν</span> <span class='ocrx_word' id='word_1_756' title='bbox 3135 4103 3163 4155; x_wconf 89' lang='lat'>6</span> <span class='ocrx_word' id='word_1_757' title='bbox 3198 4103 3478 4172; x_wconf 79' lang='grc' dir='ltr'>Θεόφιλος.</span> <span class='ocrx_word' id='word_1_758' title='bbox 3519 4105 3766 4174; x_wconf 81' lang='grc' dir='ltr'>Διαρπα-</span> 
     </span>
    </p>
   </div>
   <div class='ocr_carea' id='block_1_109' title="bbox 2183 4181 3766 4258">
    <p class='ocr_par' dir='ltr' id='par_1_109' title="bbox 2183 4181 3766 4258">
     <span class='ocr_line' id='line_1_109' title="bbox 2183 4181 3766 4258; baseline 0 -20"><span class='ocrx_word' id='word_1_759' title='bbox 2183 4191 2395 4239; x_wconf 82' lang='grc' dir='ltr'>σάντων</span> <span class='ocrx_word' id='word_1_760' title='bbox 2439 4181 2533 4237; x_wconf 80' lang='grc' dir='ltr'>οῦν</span> <span class='ocrx_word' id='word_1_761' title='bbox 2578 4184 2758 4238; x_wconf 75' lang='grc' dir='ltr'>αὐτῶν</span> <span class='ocrx_word' id='word_1_762' title='bbox 2791 4185 2970 4238; x_wconf 88' lang='grc' dir='ltr'>πάντα</span> <span class='ocrx_word' id='word_1_763' title='bbox 3000 4186 3070 4239; x_wconf 78' lang='grc' dir='ltr'>τά</span> <span class='ocrx_word' id='word_1_764' title='bbox 3097 4187 3155 4241; x_wconf 86' lang='grc' dir='ltr'>ἐν</span> <span class='ocrx_word' id='word_1_765' title='bbox 3178 4187 3256 4258; x_wconf 90' lang='grc' dir='ltr'>τῷ</span> <span class='ocrx_word' id='word_1_766' title='bbox 3283 4187 3612 4258; x_wconf 86' lang='grc' dir='ltr'>ἐπισκοπίῳ,</span> <span class='ocrx_word' id='word_1_767' title='bbox 3669 4187 3766 4239; x_wconf 74' lang='grc' dir='ltr'>καὶ</span> 
     </span>
    </p>
   </div>
   <div class='ocr_carea' id='block_1_110' title="bbox 2182 4267 3768 4343">
    <p class='ocr_par' dir='ltr' id='par_1_110' title="bbox 2182 4267 3768 4343">
     <span class='ocr_line' id='line_1_110' title="bbox 2182 4267 3768 4343; baseline -0.001 -20"><span class='ocrx_word' id='word_1_768' title='bbox 2182 4268 2369 4323; x_wconf 75' lang='grc' dir='ltr'>λοιπὸν</span> <span class='ocrx_word' id='word_1_769' title='bbox 2398 4267 2700 4340; x_wconf 89' lang='grc' dir='ltr'>μελλόντων</span> <span class='ocrx_word' id='word_1_770' title='bbox 2728 4269 2856 4341; x_wconf 88' lang='grc' dir='ltr'>περί</span> <span class='ocrx_word' id='word_1_771' title='bbox 2878 4268 2946 4323; x_wconf 86' lang='grc' dir='ltr'>τὰ</span> <span class='ocrx_word' id='word_1_772' title='bbox 2967 4269 3028 4338; x_wconf 84' lang='lat' dir='ltr'>(f.</span> <span class='ocrx_word' id='word_1_773' title='bbox 3059 4271 3120 4324; x_wconf 84' lang='grc'>71</span> <span class='ocrx_word' id='word_1_774' title='bbox 3153 4272 3209 4342; x_wconf 90' lang='lat' dir='ltr'>a)</span> <span class='ocrx_word' id='word_1_775' title='bbox 3258 4270 3522 4343; x_wconf 89' lang='grc' dir='ltr'>κειμήλια</span> <span class='ocrx_word' id='word_1_776' title='bbox 3547 4272 3768 4342; x_wconf 89' lang='grc' dir='ltr'>χωρεῖν,</span> 
     </span>
    </p>
   </div>
   <div class='ocr_carea' id='block_1_111' title="bbox 2185 4353 3774 4426">
    <p class='ocr_par' dir='ltr' id='par_1_111' title="bbox 2185 4353 3774 4426">
     <span class='ocr_line' id='line_1_111' title="bbox 2185 4353 3774 4426; baseline -0.001 -18"><span class='ocrx_word' id='word_1_777' title='bbox 2185 4353 2453 4417; x_wconf 90' lang='grc' dir='ltr'>Νικόλαος</span> <span class='ocrx_word' id='word_1_778' title='bbox 2477 4356 2506 4408; x_wconf 95' lang='lat'>6</span> <span class='ocrx_word' id='word_1_779' title='bbox 2538 4353 2723 4425; x_wconf 78' lang='grc' dir='ltr'>ἄρχων</span> <span class='ocrx_word' id='word_1_780' title='bbox 2751 4354 2842 4407; x_wconf 86' lang='grc' dir='ltr'>τὸν</span> <span class='ocrx_word' id='word_1_781' title='bbox 2876 4354 3122 4409; x_wconf 88' lang='grc' dir='ltr'>κίνδυνον</span> <span class='ocrx_word' id='word_1_782' title='bbox 3161 4354 3420 4426; x_wconf 85' lang='grc' dir='ltr'>φοϐηθεὶς</span> <span class='ocrx_word' id='word_1_783' title='bbox 3440 4396 3456 4420; x_wconf 95' lang='grc'>,</span> <span class='ocrx_word' id='word_1_784' title='bbox 3506 4355 3774 4424; x_wconf 79' lang='grc' dir='ltr'>κατέδραο</span> 
     </span>
    </p>
   </div>
   <div class='ocr_carea' id='block_1_112' title="bbox 2183 4436 3768 4509">
    <p class='ocr_par' dir='ltr' id='par_1_112' title="bbox 2183 4436 3768 4509">
     <span class='ocr_line' id='line_1_112' title="bbox 2183 4436 3768 4509; baseline 0 -20"><span class='ocrx_word' id='word_1_785' title='bbox 2183 4454 2283 4507; x_wconf 89' lang='grc' dir='ltr'>μεν</span> <span class='ocrx_word' id='word_1_786' title='bbox 2312 4436 2398 4490; x_wconf 78' lang='grc' dir='ltr'>ἐπ’</span> <span class='ocrx_word' id='word_1_787' title='bbox 2429 4437 2649 4499; x_wconf 80' lang='grc' dir='ltr'>αὐτοὺς,</span> <span class='ocrx_word' id='word_1_788' title='bbox 2682 4437 2776 4490; x_wconf 75' lang='grc' dir='ltr'>καὶ</span> <span class='ocrx_word' id='word_1_789' title='bbox 2798 4437 2983 4508; x_wconf 76' lang='grc' dir='ltr'>ἐζήτει</span> <span class='ocrx_word' id='word_1_790' title='bbox 3005 4437 3450 4509; x_wconf 86' lang='grc' dir='ltr'>ἀπολογήσασθαι</span> <span class='ocrx_word' id='word_1_791' title='bbox 3477 4438 3557 4508; x_wconf 90' lang='grc' dir='ltr'>τῷ</span> <span class='ocrx_word' id='word_1_792' title='bbox 3577 4437 3735 4508; x_wconf 87' lang='grc' dir='ltr'>δήμῳ</span> <span class='ocrx_word' id='word_1_793' title='bbox 3754 4454 3768 4468; x_wconf 89' lang='grc'><strong>·</strong></span> 
     </span>
    </p>
   </div>
   <div class='ocr_carea' id='block_1_113' title="bbox 2181 4519 3774 4594">
    <p class='ocr_par' dir='ltr' id='par_1_113' title="bbox 2181 4519 3774 4594">
     <span class='ocr_line' id='line_1_113' title="bbox 2181 4519 3774 4594; baseline 0.002 -23"><span class='ocrx_word' id='word_1_794' title='bbox 2181 4521 2230 4571; x_wconf 80' lang='grc' dir='ltr'>οἱ</span> <span class='ocrx_word' id='word_1_795' title='bbox 2263 4519 2321 4573; x_wconf 83' lang='grc' dir='ltr'>δὲ</span> <span class='ocrx_word' id='word_1_796' title='bbox 2350 4521 2410 4572; x_wconf 85' lang='grc' dir='ltr'>ού</span> <span class='ocrx_word' id='word_1_797' title='bbox 2437 4519 2816 4586; x_wconf 88' lang='grc' dir='ltr'>κατεδέξαντο,</span> <span class='ocrx_word' id='word_1_798' title='bbox 2841 4521 3140 4590; x_wconf 78' lang='grc' dir='ltr'>κράζοντες</span> <span class='ocrx_word' id='word_1_799' title='bbox 3161 4523 3255 4576; x_wconf 74' lang='grc' dir='ltr'>καὶ</span> <span class='ocrx_word' id='word_1_800' title='bbox 3277 4521 3505 4594; x_wconf 85' lang='grc' dir='ltr'>θόρυϐον</span> <span class='ocrx_word' id='word_1_801' title='bbox 3539 4522 3774 4592; x_wconf 85' lang='grc' dir='ltr'>ἐγείρον-</span> 
     </span>
    </p>
   </div>
   <div class='ocr_carea' id='block_1_114' title="bbox 2179 4603 3772 4674">
    <p class='ocr_par' dir='ltr' id='par_1_114' title="bbox 2179 4603 3772 4674">
     <span class='ocr_line' id='line_1_114' title="bbox 2179 4603 3772 4674; baseline 0.001 -18"><span class='ocrx_word' id='word_1_802' title='bbox 2179 4620 2271 4666; x_wconf 89' lang='grc' dir='ltr'>τες</span> <span class='ocrx_word' id='word_1_803' title='bbox 2304 4604 2445 4657; x_wconf 87' lang='grc' dir='ltr'>κατά</span> <span class='ocrx_word' id='word_1_804' title='bbox 2470 4603 2754 4672; x_wconf 88' lang='grc' dir='ltr'>Θεοφίλου,</span> <span class='ocrx_word' id='word_1_805' title='bbox 2789 4605 3138 4668; x_wconf 86' lang='grc' dir='ltr'>ἀσιωπίστως</span> <span class='ocrx_word' id='word_1_806' title='bbox 3167 4605 3473 4674; x_wconf 86' lang='grc' dir='ltr'>φωνοῦντες</span> <span class='ocrx_word' id='word_1_807' title='bbox 3523 4605 3642 4658; x_wconf 84' lang='grc' dir='ltr'>κατ’</span> <span class='ocrx_word' id='word_1_808' title='bbox 3671 4605 3772 4658; x_wconf 86' lang='grc' dir='ltr'>αύ-</span> 
     </span>
    </p>
   </div>
   <div class='ocr_carea' id='block_1_115' title="bbox 2157 4689 3771 4763">
    <p class='ocr_par' dir='ltr' id='par_1_115' title="bbox 2157 4689 3771 4763">
     <span class='ocr_line' id='line_1_115' title="bbox 2157 4689 3771 4763; baseline 0.001 -22"><span class='ocrx_word' id='word_1_809' title='bbox 2157 4689 2296 4761; x_wconf 32' lang='grc' dir='ltr'>κτοῦ.</span> <span class='ocrx_word' id='word_1_810' title='bbox 2340 4689 2398 4742; x_wconf 85' lang='lat'>&#39;0</span> <span class='ocrx_word' id='word_1_811' title='bbox 2427 4689 2484 4742; x_wconf 89' lang='grc' dir='ltr'>δέ</span> <span class='ocrx_word' id='word_1_812' title='bbox 2514 4689 2699 4761; x_wconf 85' lang='grc' dir='ltr'>ἅρχων</span> <span class='ocrx_word' id='word_1_813' title='bbox 2731 4693 2789 4745; x_wconf 88' lang='grc' dir='ltr'>ἐν</span> <span class='ocrx_word' id='word_1_814' title='bbox 2839 4691 3050 4763; x_wconf 79' lang='grc' dir='ltr'>ἀγωνίᾳ</span> <span class='ocrx_word' id='word_1_815' title='bbox 3082 4691 3293 4762; x_wconf 79' lang='grc' dir='ltr'>μεγάλῃ</span> <span class='ocrx_word' id='word_1_816' title='bbox 3323 4689 3420 4754; x_wconf 84' lang='grc' dir='ltr'>ὣν,</span> <span class='ocrx_word' id='word_1_817' title='bbox 3452 4690 3771 4759; x_wconf 76' lang='grc' dir='ltr'>ἐδοκίμαζεν</span> 
     </span>
    </p>
   </div>
   <div class='ocr_carea' id='block_1_116' title="bbox 2183 4772 3768 4848">
    <p class='ocr_par' dir='ltr' id='par_1_116' title="bbox 2183 4772 3768 4848">
     <span class='ocr_line' id='line_1_116' title="bbox 2183 4772 3768 4848; baseline 0.003 -23"><span class='ocrx_word' id='word_1_818' title='bbox 2183 4772 2403 4838; x_wconf 81' lang='grc' dir='ltr'>ἐξεάσαι</span> <span class='ocrx_word' id='word_1_819' title='bbox 2446 4775 2525 4837; x_wconf 77' lang='grc' dir='ltr'>είς</span> <span class='ocrx_word' id='word_1_820' title='bbox 2571 4777 2762 4845; x_wconf 87' lang='grc' dir='ltr'>χεῖρας</span> <span class='ocrx_word' id='word_1_821' title='bbox 2808 4775 2990 4829; x_wconf 80' lang='grc' dir='ltr'>αὐτῶν</span> <span class='ocrx_word' id='word_1_822' title='bbox 3015 4774 3108 4827; x_wconf 84' lang='grc' dir='ltr'>τὸν</span> <span class='ocrx_word' id='word_1_823' title='bbox 3136 4774 3394 4844; x_wconf 85' lang='grc' dir='ltr'>Θεόφιλον</span> <span class='ocrx_word' id='word_1_824' title='bbox 3415 4793 3428 4807; x_wconf 79' lang='grc' dir='ltr'><strong>ο</strong></span> <span class='ocrx_word' id='word_1_825' title='bbox 3481 4776 3688 4848; x_wconf 83' lang='grc' dir='ltr'>ἐκρύϐη</span> <span class='ocrx_word' id='word_1_826' title='bbox 3716 4775 3768 4830; x_wconf 77' lang='grc' dir='ltr'>δὲ</span> 
     </span>
    </p>
   </div>
   <div class='ocr_carea' id='block_1_117' title="bbox 2183 4857 3774 4931">
    <p class='ocr_par' dir='ltr' id='par_1_117' title="bbox 2183 4857 3774 4931">
     <span class='ocr_line' id='line_1_117' title="bbox 2183 4857 3774 4931; baseline 0.001 -20"><span class='ocrx_word' id='word_1_827' title='bbox 2183 4858 2441 4926; x_wconf 84' lang='grc' dir='ltr'>Θεόφιλος</span> <span class='ocrx_word' id='word_1_828' title='bbox 2483 4859 2540 4910; x_wconf 85' lang='grc' dir='ltr'>ἐν</span> <span class='ocrx_word' id='word_1_829' title='bbox 2593 4860 2662 4929; x_wconf 77' lang='grc' dir='ltr'>τῇ</span> <span class='ocrx_word' id='word_1_830' title='bbox 2718 4857 3074 4931; x_wconf 72' lang='grc' dir='ltr'>κολυμϐήθρᾳ</span> <span class='ocrx_word' id='word_1_831' title='bbox 3103 4859 3333 4930; x_wconf 73' lang='grc' dir='ltr'>ἐπόψην.</span> <span class='ocrx_word' id='word_1_832' title='bbox 3377 4860 3438 4913; x_wconf 82' lang='grc' dir='ltr'>Ὀ</span> <span class='ocrx_word' id='word_1_833' title='bbox 3479 4860 3534 4914; x_wconf 85' lang='grc' dir='ltr'>δὲ</span> <span class='ocrx_word' id='word_1_834' title='bbox 3590 4861 3774 4931; x_wconf 83' lang='grc' dir='ltr'>ἄρχων</span> 
     </span>
    </p>
   </div>
   <div class='ocr_carea' id='block_1_118' title="bbox 2183 4941 3771 5014">
    <p class='ocr_par' dir='ltr' id='par_1_118' title="bbox 2183 4941 3771 5014">
     <span class='ocr_line' id='line_1_118' title="bbox 2183 4941 3771 5014; baseline 0.001 -18"><span class='ocrx_word' id='word_1_835' title='bbox 2183 4942 2411 5006; x_wconf 89' lang='grc' dir='ltr'>ἐνδύσας</span> <span class='ocrx_word' id='word_1_836' title='bbox 2445 4941 2569 5006; x_wconf 78' lang='grc' dir='ltr'>τοὺς</span> <span class='ocrx_word' id='word_1_837' title='bbox 2619 4944 2887 5013; x_wconf 80' lang='grc' dir='ltr'>μοναχοὺς</span> <span class='ocrx_word' id='word_1_838' title='bbox 2939 4945 3155 5014; x_wconf 87' lang='grc' dir='ltr'>ἱμάτια,</span> <span class='ocrx_word' id='word_1_839' title='bbox 3214 4943 3544 5000; x_wconf 84' lang='grc' dir='ltr'>ἐπεϐίϐασεν</span> <span class='ocrx_word' id='word_1_840' title='bbox 3574 4945 3771 5008; x_wconf 75' lang='grc' dir='ltr'>αὐτοὺς</span> 
     </span>
    </p>
   </div>
   <div class='ocr_carea' id='block_1_119' title="bbox 2181 5026 3773 5100">
    <p class='ocr_par' dir='ltr' id='par_1_119' title="bbox 2181 5026 3773 5100">
     <span class='ocr_line' id='line_1_119' title="bbox 2181 5026 3773 5100; baseline -0.001 -19"><span class='ocrx_word' id='word_1_841' title='bbox 2181 5028 2260 5099; x_wconf 89' lang='grc' dir='ltr'>τῷ</span> <span class='ocrx_word' id='word_1_842' title='bbox 2279 5028 2539 5098; x_wconf 89' lang='grc' dir='ltr'>ὀχήματι,</span> <span class='ocrx_word' id='word_1_843' title='bbox 2583 5028 2676 5079; x_wconf 75' lang='grc' dir='ltr'>καὶ</span> <span class='ocrx_word' id='word_1_844' title='bbox 2707 5026 2871 5091; x_wconf 80' lang='grc' dir='ltr'>αὐτὸς</span> <span class='ocrx_word' id='word_1_845' title='bbox 2907 5027 3153 5092; x_wconf 78' lang='grc' dir='ltr'>πεζεύων</span> <span class='ocrx_word' id='word_1_846' title='bbox 3185 5029 3428 5100; x_wconf 83' lang='grc' dir='ltr'>προῆγεν</span> <span class='ocrx_word' id='word_1_847' title='bbox 3458 5031 3656 5092; x_wconf 75' lang='grc' dir='ltr'>αὐτοὺς</span> <span class='ocrx_word' id='word_1_848' title='bbox 3693 5031 3773 5091; x_wconf 87' lang='grc' dir='ltr'>εἰς</span> 
     </span>
    </p>
   </div>
   <div class='ocr_carea' id='block_1_120' title="bbox 2182 5109 3776 5185">
    <p class='ocr_par' dir='ltr' id='par_1_120' title="bbox 2182 5109 3776 5185">
     <span class='ocr_line' id='line_1_120' title="bbox 2182 5109 3776 5185; baseline -0.001 -19"><span class='ocrx_word' id='word_1_849' title='bbox 2182 5114 2244 5166; x_wconf 78' lang='grc' dir='ltr'>τὸ</span> <span class='ocrx_word' id='word_1_850' title='bbox 2267 5109 2623 5183; x_wconf 88' lang='grc' dir='ltr'>πραιτώριον.</span> <span class='ocrx_word' id='word_1_851' title='bbox 2677 5111 2856 5165; x_wconf 84' lang='grc' dir='ltr'>Κάκεῖ</span> <span class='ocrx_word' id='word_1_852' title='bbox 2882 5111 3045 5164; x_wconf 88' lang='grc' dir='ltr'>πάλιν</span> <span class='ocrx_word' id='word_1_853' title='bbox 3068 5115 3117 5165; x_wconf 88' lang='grc' dir='ltr'>οἱ</span> <span class='ocrx_word' id='word_1_854' title='bbox 3139 5113 3300 5182; x_wconf 87' lang='grc' dir='ltr'>δῆμοι</span> <span class='ocrx_word' id='word_1_855' title='bbox 3325 5114 3394 5166; x_wconf 82' lang='grc' dir='ltr'>τὰ</span> <span class='ocrx_word' id='word_1_856' title='bbox 3429 5115 3620 5185; x_wconf 90' lang='grc' dir='ltr'>ἰμάτια</span> <span class='ocrx_word' id='word_1_857' title='bbox 3646 5115 3776 5166; x_wconf 83' lang='grc' dir='ltr'>ἐαυ-</span> 
     </span>
    </p>
   </div>
   <div class='ocr_carea' id='block_1_121' title="bbox 2183 5195 3774 5269">
    <p class='ocr_par' dir='ltr' id='par_1_121' title="bbox 2183 5195 3774 5269">
     <span class='ocr_line' id='line_1_121' title="bbox 2183 5195 3774 5269; baseline -0.002 -17"><span class='ocrx_word' id='word_1_858' title='bbox 2183 5198 2291 5252; x_wconf 89' lang='grc' dir='ltr'>τῶν</span> <span class='ocrx_word' id='word_1_859' title='bbox 2325 5199 2406 5258; x_wconf 87' lang='grc' dir='ltr'>εἰς</span> <span class='ocrx_word' id='word_1_860' title='bbox 2434 5195 2528 5249; x_wconf 86' lang='grc' dir='ltr'>τὸν</span> <span class='ocrx_word' id='word_1_861' title='bbox 2567 5197 2797 5266; x_wconf 78' lang='grc' dir='ltr'>οὐρανὸν</span> <span class='ocrx_word' id='word_1_862' title='bbox 2835 5196 3116 5268; x_wconf 78' lang='grc' dir='ltr'>ἔρριπτον,</span> <span class='ocrx_word' id='word_1_863' title='bbox 3148 5195 3548 5269; x_wconf 81' lang='grc' dir='ltr'>ἐξομνυομένου</span> <span class='ocrx_word' id='word_1_864' title='bbox 3587 5197 3774 5260; x_wconf 76' lang='grc' dir='ltr'>αὐτοῖς</span> 
     </span>
    </p>
   </div>
   <div class='ocr_carea' id='block_1_122' title="bbox 2181 5281 3774 5353">
    <p class='ocr_par' dir='ltr' id='par_1_122' title="bbox 2181 5281 3774 5353">
     <span class='ocr_line' id='line_1_122' title="bbox 2181 5281 3774 5353; baseline -0.003 -16"><span class='ocrx_word' id='word_1_865' title='bbox 2181 5281 2276 5337; x_wconf 88' lang='grc' dir='ltr'>τοῦ</span> <span class='ocrx_word' id='word_1_866' title='bbox 2305 5281 2563 5352; x_wconf 83' lang='grc' dir='ltr'>ἄρχοντος</span> <span class='ocrx_word' id='word_1_867' title='bbox 2586 5281 2727 5335; x_wconf 83' lang='grc' dir='ltr'>κατὰ</span> <span class='ocrx_word' id='word_1_868' title='bbox 2750 5282 2857 5335; x_wconf 90' lang='grc' dir='ltr'>τῶν</span> <span class='ocrx_word' id='word_1_869' title='bbox 2885 5281 3168 5353; x_wconf 84' lang='grc' dir='ltr'>βασιλέων,</span> <span class='ocrx_word' id='word_1_870' title='bbox 3193 5284 3274 5335; x_wconf 82' lang='grc' dir='ltr'>ὅτι</span> <span class='ocrx_word' id='word_1_871' title='bbox 3304 5283 3418 5336; x_wconf 85' lang='grc' dir='ltr'>υύκ</span> <span class='ocrx_word' id='word_1_872' title='bbox 3441 5281 3654 5350; x_wconf 83' lang='grc' dir='ltr'>ἐξεῖπέν</span> <span class='ocrx_word' id='word_1_873' title='bbox 3683 5299 3774 5352; x_wconf 86' lang='grc' dir='ltr'>μοι</span> 
     </span>
    </p>
   </div>
   <div class='ocr_carea' id='block_1_123' title="bbox 2183 5364 3776 5440">
    <p class='ocr_par' dir='ltr' id='par_1_123' title="bbox 2183 5364 3776 5440">
     <span class='ocr_line' id='line_1_123' title="bbox 2183 5364 3776 5440; baseline -0.004 -19"><span class='ocrx_word' id='word_1_874' title='bbox 2183 5367 2282 5438; x_wconf 86' lang='grc' dir='ltr'>τὴν</span> <span class='ocrx_word' id='word_1_875' title='bbox 2303 5367 2480 5437; x_wconf 82' lang='grc' dir='ltr'>κακὴν</span> <span class='ocrx_word' id='word_1_876' title='bbox 2512 5367 2678 5419; x_wconf 82' lang='grc' dir='ltr'>αὑτοῦ</span> <span class='ocrx_word' id='word_1_877' title='bbox 2701 5366 2918 5440; x_wconf 80' lang='grc' dir='ltr'>βουλὴν,</span> <span class='ocrx_word' id='word_1_878' title='bbox 2936 5368 3074 5421; x_wconf 86' lang='grc' dir='ltr'>ἀλλὰ</span> <span class='ocrx_word' id='word_1_879' title='bbox 3093 5367 3365 5440; x_wconf 82' lang='grc' dir='ltr'>προφάσει</span> <span class='ocrx_word' id='word_1_880' title='bbox 3382 5366 3542 5419; x_wconf 88' lang='grc' dir='ltr'>τινῶν</span> <span class='ocrx_word' id='word_1_881' title='bbox 3560 5364 3776 5437; x_wconf 86' lang='grc' dir='ltr'>λῃστῶν</span> 
     </span>
    </p>
   </div>
   <div class='ocr_carea' id='block_1_124' title="bbox 2185 5446 3774 5522">
    <p class='ocr_par' dir='ltr' id='par_1_124' title="bbox 2185 5446 3774 5522">
     <span class='ocr_line' id='line_1_124' title="bbox 2185 5446 3774 5522; baseline -0.003 -19"><span class='ocrx_word' id='word_1_882' title='bbox 2185 5450 2253 5503; x_wconf 83' lang='grc' dir='ltr'>τὰ</span> <span class='ocrx_word' id='word_1_883' title='bbox 2289 5452 2627 5521; x_wconf 88' lang='grc' dir='ltr'>μοναστήρια</span> <span class='ocrx_word' id='word_1_884' title='bbox 2679 5451 3127 5522; x_wconf 79' lang='grc' dir='ltr'>ἐπηρεαζόντων,</span> <span class='ocrx_word' id='word_1_885' title='bbox 3181 5451 3373 5504; x_wconf 77' lang='grc' dir='ltr'>ἔλαϐεν</span> <span class='ocrx_word' id='word_1_886' title='bbox 3419 5449 3538 5520; x_wconf 81' lang='grc' dir='ltr'>μεθ’</span> <span class='ocrx_word' id='word_1_887' title='bbox 3577 5446 3774 5500; x_wconf 82' lang='grc' dir='ltr'>ἐαυτοῦ</span> 
     </span>
    </p>
   </div>
   <div class='ocr_carea' id='block_1_125' title="bbox 2184 5531 3778 5608">
    <p class='ocr_par' dir='ltr' id='par_1_125' title="bbox 2184 5531 3778 5608">
     <span class='ocr_line' id='line_1_125' title="bbox 2184 5531 3778 5608; baseline -0.003 -21"><span class='ocrx_word' id='word_1_888' title='bbox 2184 5535 2310 5598; x_wconf 76' lang='grc' dir='ltr'>τοὺς</span> <span class='ocrx_word' id='word_1_889' title='bbox 2347 5536 2689 5607; x_wconf 89' lang='grc' dir='ltr'>στρατιώτας</span> <span class='ocrx_word' id='word_1_890' title='bbox 2714 5539 2794 5600; x_wconf 86' lang='grc' dir='ltr'>εἰς</span> <span class='ocrx_word' id='word_1_891' title='bbox 2820 5539 3154 5608; x_wconf 85' lang='grc' dir='ltr'>συμμαχίαν.</span> <span class='ocrx_word' id='word_1_892' title='bbox 3190 5536 3252 5590; x_wconf 76' lang='grc' dir='ltr'>Εἰ</span> <span class='ocrx_word' id='word_1_893' title='bbox 3277 5536 3334 5589; x_wconf 85' lang='grc' dir='ltr'>δὲ</span> <span class='ocrx_word' id='word_1_894' title='bbox 3359 5536 3450 5588; x_wconf 85' lang='grc' dir='ltr'>τὸν</span> <span class='ocrx_word' id='word_1_895' title='bbox 3473 5531 3778 5605; x_wconf 68' lang='grc' dir='ltr'>πρεσϐύτεο</span> 
     </span>
    </p>
   </div>
   <div class='ocr_carea' id='block_1_126' title="bbox 2190 5616 3779 5696">
    <p class='ocr_par' dir='ltr' id='par_1_126' title="bbox 2190 5616 3779 5696">
     <span class='ocr_line' id='line_1_126' title="bbox 2190 5616 3779 5696; baseline 0.001 -25"><span class='ocrx_word' id='word_1_896' title='bbox 2190 5634 2281 5690; x_wconf 90' lang='grc' dir='ltr'>ρον</span> <span class='ocrx_word' id='word_1_897' title='bbox 2324 5620 2591 5696; x_wconf 88' lang='grc' dir='ltr'>Ἰσίδωρον</span> <span class='ocrx_word' id='word_1_898' title='bbox 2621 5621 2801 5676; x_wconf 84' lang='grc' dir='ltr'>θέλετε</span> <span class='ocrx_word' id='word_1_899' title='bbox 2839 5624 3071 5694; x_wconf 86' lang='grc' dir='ltr'>ποιμένα</span> <span class='ocrx_word' id='word_1_900' title='bbox 3094 5624 3214 5677; x_wconf 75' lang='grc' dir='ltr'>ἀντὶ</span> <span class='ocrx_word' id='word_1_901' title='bbox 3247 5620 3531 5690; x_wconf 84' lang='grc' dir='ltr'>Θεοφίλου,</span> <span class='ocrx_word' id='word_1_902' title='bbox 3560 5616 3779 5687; x_wconf 76' lang='grc' dir='ltr'>ποιήσω</span> 
     </span>
    </p>
   </div>
  </div>
