4018 6460
328 408 410 454 uu
1161 397 1244 448 DE
1286 397 1440 448 VH}
1481 392 1565 448 ΕΤ
1605 395 1880 447 Ελδιωυ
1927 391 1984 446 3.
2022 394 2308 476 JU.AA_'NIS
2348 401 2692 453 (IlltﬂbUS'I
2711 403 2849 456 UMI.

400 516 455 571 6.
494 513 682 584 Atque
725 513 837 568 hac
869 511 1120 566 violentia
1163 518 1392 580 patrata,
1424 509 1784 577 sejunxerunt
1823 524 1880 563 se
1911 523 1942 562 a

344 601 650 674 Theophilo
673 600 902 673 Egypti
933 598 1172 670 episcopi
1199 606 1430 668 septem,
1461 595 1700 652 Joannes
1725 595 1942 650 Ternu-

346 697 521 760 lheos,
574 689 835 745 Zosimus
896 687 1176 752 Sethroiti,
1228 684 1534 740 Alexander
1607 683 1937 756 Oxyrynchi,

346 783 670 838 Chaeremon
736 776 960 841 Pelusii,
1026 775 1254 829 Nonnus
1319 773 1632 839 Athribeos,
1688 773 1940 827 Dulcetcs

344 870 622 933 Paraleos,
669 864 934 934 Serapion
978 861 1170 928 Panis;
1206 861 1389 935 Libyae
1423 870 1606 916 autem
1652 870 1781 924 tres,
1828 860 1940 915 Lu-

346 959 538 1016 cianus
580 954 892 1019 Paraetonii,
943 952 1317 1008 Clementinus
1362 951 1716 1017 Marmaricae,
1753 951 1940 1005 Menas

347 1048 560 1105 Darnze.
623 1047 759 1102 Item
803 1043 986 1100 clerici
1036 1041 1375 1097 Alexandrize
1428 1057 1659 1097 numero
1723 1041 1934 1114 viginti,

344 1138 558 1197 diaconi
617 1137 824 1192 scilicet
880 1151 944 1188 ac
992 1133 1313 1206 presbyteri.
1355 1133 1419 1188 Hi
1454 1149 1582 1205 ergo
1627 1134 1938 1205 congregati

344 1224 744 1297 depositionem
814 1223 1103 1294 Theophili
1171 1223 1417 1278 criminis
1471 1239 1600 1296 ergo
1665 1223 1931 1287 fecerunt,

343 1328 579 1385 eamque
621 1313 880 1384 scriptam
933 1313 1254 1368 Innocentio
1301 1329 1454 1383 papae
1497 1313 1723 1368 Romam
1767 1313 1935 1367 mise-

345 1413 496 1471 runt,
517 1414 578 1460 ut
602 1405 849 1459 eamdem
879 1403 1116 1474 generali
1139 1403 1343 1474 judicio
1375 1403 1677 1474 perliceret.
1711 1403 1934 1459 Interim

344 1494 586 1550 Isidorus
635 1493 688 1547 in
733 1491 922 1548 Nitriae
973 1481 1160 1548 monte
1193 1493 1527 1562 quiescebat,
1569 1494 1658 1548 ubi
1701 1495 1767 1550 ab
1800 1495 1934 1550 ado-

343 1582 605 1639 lescentia
652 1599 750 1638 sua
799 1591 996 1639 ascetaa
1042 1599 1193 1638 more
1253 1583 1479 1649 vixerat,
1537 1585 1707 1639 Deum
1753 1585 1934 1640 omnia

343 1680 663 1727 cernentem
712 1687 894 1726 orans.
940 1670 1279 1741 Theophilus
1320 1682 1500 1726 autem
1541 1673 1735 1727 factam
1767 1675 1866 1729 sibi
1903 1691 1933 1728 a

343 1761 459 1816 suis
506 1759 905 1831 depositionem
946 1775 1299 1831 cognoscens,
1349 1761 1478 1831 quid
1520 1761 1622 1816 sibi
1663 1763 1930 1833 agendum

343 1847 488 1904 foret
514 1848 842 1920 ambigebat.

418 1943 468 1997 7.
501 1941 572 1996 At
598 1957 735 2012 papa
761 1942 1136 2008 Innocentius,
1155 1950 1376 2013 accepta
1395 1941 1682 2011 TheOpbili
1710 1943 1930 2014 deposi-

344 2030 515 2093 tione,
546 2038 852 2085 commotus
883 2030 1194 2096 huiusmodi
1225 2031 1515 2100 epistolam
1545 2031 1770 2093 scribit:
1799 2052 1816 2083 ι
1841 2031 1933 2085 In-

345 2118 632 2172 nocentius
669 2134 880 2188 magnze
923 2117 1111 2173 Romae
1154 2119 1373 2188 pra-sul,
1403 2119 1556 2173 fratri
1602 2119 1928 2190 TheOphilo.

341 2203 537 2262 Audivi
562 2205 806 2277 quaedam
837 2215 942 2262 ate
969 2206 1186 2278 indigne
1217 2207 1378 2272 facta,
1403 2217 1565 2278 teque
1592 2208 1812 2270 damno.
1842 2217 1933 2264 ut-

342 2305 472 2366 pote
496 2295 586 2366 qui
619 2295 896 2368 tyrannice
919 2303 975 2351 et
997 2311 1106 2350 non
1138 2296 1376 2368 legitime
1404 2304 1457 2352 te
1487 2297 1739 2368 gesseris.
1765 2297 1934 2369 Igitur

341 2384 606 2438 canonice
625 2383 777 2454 juxta
799 2383 1195 2439 ecclesiasticas
1227 2385 1438 2455 regulas
1467 2384 1551 2438 fac
1576 2401 1736 2456 agere
1759 2386 1890 2440 velis
1915 2403 1929 2452 ;

343 2478 401 2525 et
436 2487 556 2541 quae
587 2471 881 2526 crudeliter
906 2473 1140 2542 gessisti,
1175 2477 1403 2544 corrige.
1437 2473 1638 2526 Desine
1663 2473 1774 2542 jam
1815 2490 1931 2528 ma-

344 2559 541 2623 lorum,
573 2575 643 2614 ne
692 2575 778 2615 me
832 2561 1098 2631 synodum
1144 2561 1525 2631 episcoporum
1573 2575 1929 2632 convocante,

339 2647 549 2720 judicio
580 2655 832 2718 tanquam
865 2664 991 2704 reus
1007 2650 1336 2718 percellaris.
1368 2669 1386 2700 ›
1417 2650 1510 2704 Ille
1536 2666 1665 2705 vero
1694 2652 1931 2707 vicissim

346 2735 420 2791 ita
450 2736 822 2791 rescribebat:
867 2755 885 2788 ε
917 2735 1255 2808 Theophilus
1297 2738 1588 2808 episcopus
1632 2739 1795 2793 Marci
1843 2756 1931 2795 se-

344 2826 470 2881 dem
502 2833 712 2892 tenens,
735 2825 1060 2882 Innocentio
1085 2843 1237 2898 papa-3
1261 2827 1466 2882 Romae.
1487 2829 1599 2899 Ego
1613 2845 1719 2883 non
1743 2830 1933 2885 desino

345 2931 441 2971 eos
470 2916 563 2986 qui
593 2916 847 2972 Ecclesia:
879 2919 1155 2988 negotium
1177 2917 1457 2972 facessunt
1487 2919 1863 2986 ulcisci.Quod
1886 2922 1928 2976 si

345 3013 404 3058 tu
422 3019 665 3058 meorum
723 3004 1069 3059 inimicorum
1109 3005 1408 3060 calumnias
1445 3007 1664 3078 recipis,
1712 3010 1931 3066 nonnisi

346 3103 552 3150 temere
580 3095 645 3149 de
675 3094 891 3149 illorum
925 3095 1163 3164 querelis
1191 3097 1434 3165 judicare
1469 3097 1763 3153 videberis.
1799 3101 1932 3156 Mihi

340 3203 560 3257 quoque
590 3187 742 3242 adest
770 3188 1094 3259 evangelicae
1125 3189 1272 3244 sedis
1301 3190 1581 3260 majestas,
1619 3200 1673 3246 et
1710 3209 1808 3263 per
1837 3211 1932 3248 ur-

345 3281 443 3336 bes
472 3281 742 3335 innumeri
778 3281 1015 3353 episcopi
1041 3301 1054 3349 ;
1099 3283 1298 3353 quibus
1326 3285 1686 3356 congregatis,
1720 3286 1813 3341 tibi
1843 3303 1933 3343 re-

345 3372 555 3438 sistam,
587 3382 642 3428 et
699 3375 1107 3444 usurpationem
1152 3385 1299 3430 tuam
1349 3377 1744 3433 condemnabo.
1781 3377 1930 3446 Vale,

345 3476 401 3520 et
456 3466 780 3520 sententiam
835 3465 1082 3520 immuta.
1113 3467 1169 3521 Si
1196 3467 1405 3532 minus,
1436 3469 1576 3535 vale,
1620 3471 1714 3525 sed
1751 3471 1930 3526 infeli-

345 3572 462 3610 cem
493 3556 696 3610 exitum
717 3566 1048 3627 exspectato.
1084 3578 1102 3610 ι

417 3648 469 3703 8.
502 3648 596 3704 His
624 3651 864 3720 acceptis
893 3652 1087 3708 litteris
1135 3669 1275 3724 papa
1308 3654 1682 3721 Innocentius,
1731 3671 1934 3711 convo-

347 3743 484 3797 catis
513 3743 766 3798 omnibus
798 3745 962 3800 Italia:
992 3745 1283 3817 episcopis,
1316 3747 1605 3818 Theophili
1633 3750 1933 3819 depositio-

348 3851 473 3891 nem
500 3837 645 3902 fecit,
678 3854 838 3908 quam
862 3839 1067 3894 dudum
1096 3840 1332 3911 IEgyptii
1359 3842 1598 3912 episcopi
1633 3843 1929 3910 miserant;

348 3927 546 4000 singuli
575 3930 824 3986 videlicet
851 3931 968 3986 Itali
1000 3933 1220 4003 proprio
1252 3934 1515 4006 suffragio
1561 3935 1710 3989 illum
1762 3936 1934 4006 depo-

346 4031 573 4077 suerunt
607 4041 619 4076 :
652 4038 812 4093 quam
835 4026 1160 4080 sententiam
1188 4026 1541 4083 Innocentius
1569 4029 1636 4084 ad
1665 4029 1933 4084 Joannem

344 4111 892 4187 Constantinopoleos
915 4119 1388 4189 archiepiscopum
1429 4121 1595 4176 misit.
1650 4120 1700 4174 Is
1747 4130 1931 4176 autem

347 4207 774 4278 propinquarum
797 4211 898 4267 sibi
929 4213 1212 4285 regionum
1243 4215 1530 4285 episcopos
1573 4229 1930 4287 congregans,

347 4297 638 4369 Theophili
670 4301 1076 4359 damnationem
1117 4305 1378 4371 ostendit,
1428 4305 1522 4376 qui
1568 4321 1760 4361 omnes
1805 4307 1935 4362 huic

346 4391 822 4463 subscripserunt;
852 4411 1025 4466 eaque
1057 4397 1315 4468 deinceps
1341 4399 1538 4453 tradita
1566 4398 1800 4454 Arcadio
1827 4399 1932 4453 im-

345 4483 584 4550 peratori
616 4483 734 4538 fuit.
761 4485 887 4540 Erat
905 4494 1087 4541 autem
1110 4488 1469 4558 depositionis
1492 4488 1769 4560 exemplar
1795 4489 1930 4545 hoc:

353 4593 370 4622 ι
409 4572 715 4630 Convocata
749 4591 814 4630 ex
855 4577 1110 4634 universa
1140 4579 1292 4634 Italia
1323 4595 1421 4650 per
1454 4579 1546 4637 Dei
1595 4583 1848 4654 gratiam,
1881 4591 1936 4637 et

345 4678 670 4740 congregata
691 4671 946 4742 synodus,
975 4687 1098 4728 cum
1139 4690 1336 4746 magno
1375 4676 1626 4732 maximae
1661 4677 1808 4732 Petri
1851 4693 1936 4732 ca-

349 4760 555 4816 thedra
583 4763 832 4832 praesule,
866 4763 1100 4822 Arcadio
1155 4767 1492 4838 imperatori,
1522 4776 1578 4824 et
1616 4769 1811 4824 Joanni
1842 4785 1934 4825 ar-

345 4849 715 4923 chiepiscopo,
750 4862 806 4908 et
831 4855 1186 4928 sullraganeis
1216 4859 1334 4929 ejus
1361 4861 1650 4915 universis.
1693 4861 1932 4931 Equum

344 4957 458 4999 non
505 4952 608 5010 est,
665 4955 726 5001 ut
772 4947 875 5002 sub
906 4949 1162 5021 religioso
1205 4967 1372 5022 regno
1401 4959 1494 5008 tuo
1517 4954 1731 5008 Pharao
1765 4954 1931 5026 Moysi

348 5036 657 5104 praevaleat,
714 5054 893 5110 neque
948 5048 1009 5095 ut
1046 5058 1180 5114 gens
1231 5043 1328 5098 Dei
1383 5045 1556 5102 electa
1589 5046 1934 5103 conficiendo

349 5127 516 5183 latere
541 5139 596 5183 et
622 5146 875 5186 saxorum
906 5135 1165 5191 oneribus
1202 5143 1470 5192 atteratur
1495 5139 1684 5209 (Exod.
1724 5155 1761 5205 ι,
1810 5140 1928 5209 11);

348 5233 449 5273 nec
477 5220 713 5292 denique
734 5224 942 5295 magica
971 5225 1119 5280 fraus
1138 5228 1353 5298 jubenti
1397 5229 1567 5300 digito
1597 5230 1692 5284 Dei
1739 5231 1932 5286 decer-

350 5322 446 5370 tet.
476 5315 926 5390 Quandoquidem
960 5322 1142 5394 itaque
1171 5324 1289 5380 haec
1313 5325 1498 5380 omnia
1525 5325 1832 5397 Theophilo
1855 5325 1934 5380 in-

347 5418 564 5474 sunt,et
585 5412 882 5466 innocuum
897 5415 1214 5486 justumque
1245 5419 1567 5488 sanguinem
1590 5417 1749 5485 fudit,
1768 5426 1931 5489 atque

347 5502 708 5572 evangelicum
735 5506 1048 5562 cathedram
1076 5510 1242 5580 impie
1268 5519 1322 5565 et
1351 5518 1550 5581 praeter
1577 5527 1814 5567 canones
1845 5512 1932 5567 de-

348 5591 684 5660 honestavit;
723 5612 826 5651 nos
875 5602 1206 5671 congregati,
1259 5612 1316 5656 et
1353 5601 1664 5671 judicantes
1693 5603 1760 5657 de
1796 5601 1931 5657 faci-

347 5684 571 5740 noribus
609 5689 765 5758 ejus,
797 5705 919 5760 qua:
949 5690 1164 5764 Aigypti
1220 5701 1275 5747 et
1333 5694 1513 5764 Libyae
1567 5695 1831 5765 episcopi,
1877 5705 1932 5751 et

415 5846 485 5918 (ὁ)
516 5847 648 5906 Cod.
692 5851 751 5904 τὸ
786 5854 1130 5927 πρόσταγμα.

3529 429 3638 474 IIII

2045 510 2428 568 Alexandrinae
2457 514 2711 571 Ecclesiae
2740 516 2923 571 clerici
2966 518 3314 591 deplorantes
3343 524 3638 587 denuntia-

2045 612 2264 671 verunt,
2319 612 2590 676 quatenus
2644 607 3014 663 venerabilem
3059 611 3314 668 abbatem
3364 615 3635 675 Isidorum

2042 698 2442 770 presbyterum,
2469 698 2798 754 omnimodis
2823 702 3136 759 excruciare
3153 721 3260 760 non
3289 716 3374 764 est
3395 692 3506 764 veri
3517 719 3634 774 tus:

2043 789 2210 854 hunc,
2252 791 2480 860 jubente
2530 789 2678 845 Petri
2734 791 3007 864 coryphaei
3061 797 3406 865 auctoritate,
3437 812 3634 857 ornatu

2042 881 2336 951 episcopali
2385 899 2450 939 ac
2480 883 2708 937 nomine
2758 881 3127 952 Theophilum
3177 901 3385 954 carere,
3441 906 3635 946 omnes

2041 972 2403 1030 decrevimus.
2444 976 2552 1032 Vos
2611 994 2740 1035 vero
2787 982 3067 1052 praecipite
3113 987 3174 1035 ut
3223 981 3326 1036 hoc
3351 983 3632 1039 decretum

2041 1063 2257 1134 publice
2306 1077 2679 1138 proponatur;
2726 1079 2782 1126 et
2834 1079 2897 1127 ut
2939 1071 3034 1142 qui
3065 1071 3206 1127 facta
3236 1072 3379 1128 illius
3417 1075 3631 1129 denun-

2042 1156 2197 1223 tiant,
2229 1157 2429 1215 libellis
2477 1161 2715 1230 firment,
2745 1173 2904 1236 prout
2943 1166 3436 1234 denuntiaverant;
3471 1178 3634 1240 atque

2040 1245 2274 1317 ipsemet
2297 1249 2364 1304 de
2388 1250 2716 1308 criminibus
2740 1255 3023 1310 convictus
3054 1271 3112 1310 se
3142 1271 3325 1311 coram
3356 1256 3546 1321 sistat;
3579 1265 3634 1311 rt

2038 1337 2131 1393 ille
2180 1340 2347 1395 etiam
2373 1343 2466 1412 qui
2495 1359 2592 1413 pro
2622 1360 2688 1400 eo
2726 1347 3067 1416 apocrisiarii
3099 1364 3328 1403 munere
3365 1349 3630 1420 fungitur,

2039 1433 2176 1488 urbe
2196 1435 2516 1504 expellatur.
2550 1436 2686 1492 Nam
2712 1439 2754 1494 si
2783 1440 2890 1496 hoc
2923 1441 3194 1496 laudabile
3223 1441 3489 1512 judicium
3514 1441 3635 1498 sine

2039 1527 2436 1599 impedimento
2492 1532 2765 1598 decurret,
2820 1533 3066 1603 profecto
3117 1533 3404 1603 apparebit
3442 1541 3634 1589 contra

2036 1619 2278 1674 divinam
2303 1621 2708 1692 humanamque
2729 1624 2901 1695 legem
2929 1639 3183 1694 peccasse
3209 1624 3626 1694 Theophilum.»

2105 1713 2158 1768 9.
2183 1712 2423 1782 Accepta
2467 1713 2735 1770 Arcadius
2769 1717 3088 1772 authentica
3133 1732 3287 1787 papae,
3325 1716 3629 1773 Innocentii

2037 1807 2352 1872 sententia,
2395 1807 2574 1877 primo
2607 1810 2829 1879 quidem
2878 1810 3236 1880 apocrisiario
3290 1809 3632 1866 Alexandrini

2035 1898 2355 1969 presbytero
2417 1900 2594 1955 accito
2652 1902 2932 1970 exemplar
2989 1901 3213 1955 tradidit
3275 1901 3632 1971 depositionis

2037 1987 2347 2059 Theophili,
2404 1991 2666 2062 illumque
2695 1991 3080 2047 Alexandriam
3106 1992 3312 2047 dimisit
3355 1992 3515 2062 plane
3543 1992 3632 2045 in-

2037 2078 2307 2135 honorum
2329 2125 2344 2149 ,
2397 2090 2458 2137 ut
2490 2084 2674 2139 omnia
2705 2083 3014 2154 Theophilo
3055 2083 3402 2156 significaret.
3435 2083 3505 2137 At
3543 2084 3634 2140 hic

2036 2172 2222 2228 dolore
2244 2173 2496 2242 affectus,
2526 2191 2630 2232 nec
2659 2176 2953 2247 quidquam
2983 2176 3246 2232 adversus
3288 2177 3414 2230 talia
3441 2183 3630 2231 contra

2035 2276 2093 2317 se
2133 2278 2296 2318 ausos
2340 2279 2502 2336 agere
2544 2265 2764 2329 valens,
2798 2265 3213 2336 apocrisiarium
3249 2265 3304 2319 in
3355 2280 3632 2321 carcerem

2036 2355 2216 2416 trusit,
2251 2354 2441 2410 volens
2463 2356 2878 2427 magistratuum
2911 2359 3125 2411 tradere
3158 2356 3433 2412 tribunali.
3475 2355 3632 2424 Quod

2036 2445 2216 2500 facere
2243 2447 2472 2511 veritus,
2505 2449 2664 2517 petiit
2695 2449 2764 2504 ab
2797 2448 3140 2504 Alexandriae
3164 2448 3395 2519 praeside
3429 2449 3633 2505 milita-

2033 2554 2150 2592 rem
2178 2555 2422 2605 manum,
2454 2556 2562 2610 qua
2593 2547 2841 2594 uteretur
2870 2541 3132 2597 adversus
3156 2540 3444 2595 seditiosos
3476 2556 3633 2611 quos~

2035 2629 2158 2682 dam
2188 2631 2279 2699 qui
2312 2629 2532 2701 [Egypti
2559 2632 2888 2686 monasteria
2924 2632 3247 2697 vastabant;
3289 2631 3633 2703 quingentis.

2034 2736 2142 2791 que
2169 2721 2395 2776 armatis
2433 2722 2696 2792 acceptis,
2728 2730 2895 2776 noctu
2934 2722 2988 2776 in
3020 2729 3262 2776 montem
3294 2738 3352 2777 se
3377 2724 3627 2787 contulit,

2034 2813 2377 2881 graviterque
2401 2813 2611 2868 baculis
2645 2812 2883 2883 pulsavit
2913 2813 3209 2869 monachos
3238 2814 3329 2884 qui
3380 2815 3631 2869 abbatem

2034 2905 2306 2961 Isidorum
2333 2917 2658 2977 receperant
2689 2916 2918 2977 septem,
2951 2907 3257 2974 IIieracem,
3288 2909 3630 2975 Dioscorum,

2034 2997 2406 3064 Ammonium,
2433 2998 2696 3058 Isaacum.
2728 2998 3062 3066 Inisthoron,
3085 2999 3363 3066 Tithoem,
3387 3010 3440 3055 et
3463 3001 3628 3056 alium

2034 3087 2320 3155 Isaacum;
2375 3106 2610 3160 cumque
2657 3092 2830 3146 multo
2864 3092 3050 3146 labore
3080 3091 3333 3147 abbatem
3362 3091 3627 3146 Isidorum

2035 3179 2466 3248 conquisissent,
2497 3197 2608 3234 non
2640 3180 2974 3236 invenerunt
3009 3199 3020 3234 :
3049 3182 3198 3236 hunc
3221 3181 3420 3251 quippe
3447 3197 3630 3236 mona-

2033 3269 2124 3323 chi
2151 3270 2206 3323 in
2234 3280 2460 3339 puteum
2490 3271 2694 3327 siccum
2724 3272 3093 3341 conjecerant.
3133 3272 3290 3326 Tunc
3332 3276 3630 3328 sarmentis

2034 3360 2268 3430 sumptis
2293 3359 2634 3430 Theophilus
2664 3360 2827 3414 cellas
2850 3360 3065 3414 illorum
3097 3375 3221 3414 cum
3261 3363 3413 3415 omni
3456 3363 3631 3431 supel-

2034 3453 2210 3508 lectile
2242 3454 2632 3509 concremavit.
2667 3455 2844 3525 Atque
2871 3455 2945 3508 ita
2974 3459 3262 3524 postquam
3299 3451 3489 3508 insana
3511 3455 3631 3524 ejus

2036 3545 2114 3599 ira
2141 3544 2412 3612 detonuit,
2443 3544 2828 3600 Alexandriam
2858 3546 3172 3601 revertitur.

2108 3637 2193 3691 IO.
2247 3635 2318 3691 At
2360 3637 2608 3708 praedicti
2660 3638 2914 3693 monachi
2951 3639 3156 3695 amisso
3201 3639 3479 3711 patientia:
3517 3653 3630 3692 sum.

2035 3746 2206 3794 more,
2244 3729 2628 3786 Alexandriam
2669 3738 2940 3785 venerunt
2989 3731 3171 3786 linteis
3217 3731 3515 3802 praecincti,
3547 3731 3631 3783 lu-

2035 3833 2333 3896 gentesque
2372 3832 2540 3880 totam
2567 3824 2800 3894 plateam
2831 3824 3211 3879 circumibant.
3249 3810 3456 3891 Quibus
3482 3824 3631 3878 cives

2035 3919 2343 3990 conspectis
2366 3962 2380 3984 ,
2417 3919 2544 3989 quia
2575 3917 2797 3987 quinam
2826 3924 3011 3971 essent
3063 3916 3313 3971 homines
3339 3923 3626 3977 noverant,

2037 4025 2368 4082 magnopere
2424 4027 2613 4065 eorum
2649 4025 2814 4064 causa
2853 4010 3182 4064 doluerunt:
3243 3997 3629 4078 concurritquc

2037 4102 2326 4158 universus
2348 4118 2470 4157 cum
2504 4104 2626 4174 igne
2656 4103 2912 4173 populus,
2942 4112 2998 4157 et
3021 4102 3311 4171 Theophili
3343 4101 3629 4156 habitacu-

2036 4195 2150 4250 lum
2185 4210 2428 4250 cremare
2458 4202 2762 4264 coeperunt.
2801 4195 2942 4265 Ergo
2973 4194 3058 4249 his
3090 4199 3284 4248 cuncta
3330 4192 3385 4246 in
3414 4192 3653 4261 episco--~

2041 4289 2132 4358 pio
2155 4287 2634 4358 depopulantibus,
2664 4294 2720 4342 et
2741 4288 2852 4356 jam
2872 4288 2939 4342 ad
2961 4287 3170 4340 cimelia
3191 4301 3413 4340 manum
3444 4284 3628 4339 inten-

2036 4379 2310 4443 dentibus,
2342 4377 2597 4434 Nicolaus
2627 4386 2826 4450 prator
2855 4377 3100 4449 periculo
3127 4377 3355 4432 territus
3379 4419 3392 4442 ,
3430 4375 3497 4431 ad
3531 4390 3628 4431 eos

2036 4471 2294 4534 accurrit,
2358 4477 2420 4525 ut
2461 4471 2638 4526 turbis
2691 4485 2807 4526 rem
2867 4475 3196 4525 excusaret:
3259 4469 3348 4523 cui
3383 4468 3488 4523 illze
3517 4484 3626 4523 non

2036 4565 2448 4635 acquieverunt,
2488 4563 2853 4618 vociferantes
2879 4571 2936 4617 et
2966 4561 3260 4617 tumultum
3291 4561 3630 4616 concitantes

2037 4657 2296 4711 adversus
2321 4654 2690 4726 Theophilum
2717 4695 2731 4720 ,
2760 4653 2920 4724 eique
2961 4653 3080 4708 sine
3112 4653 3516 4709 intermissione
3543 4653 3630 4708 in-

2036 4747 2356 4803 clamantes.
2399 4745 2555 4800 Tunc
2597 4753 2798 4814 praetor
2854 4757 3184 4815 magnopere
3225 4748 3625 4804 consternatus,

2036 4839 2312 4910 cogitabat
2332 4837 2697 4907 TheOphilum
2749 4835 3002 4890 manibus
3046 4835 3260 4888 illorum
3286 4832 3628 4903 permittere.

2035 4933 2237 4988 Verum
2269 4933 2361 4986 hic
2391 4931 2633 4986 abditum
2665 4945 2723 4984 se
2753 4929 3022 4984 continuit
3041 4928 3095 4982 in
3126 4927 3332 4998 piscina
3359 4940 3532 4995 usque
3561 4925 3630 4978 ad

2036 5040 2344 5096 vesperam.
2381 5023 2548 5077 Porro
2580 5030 2780 5091 prtetor
2811 5021 3032 5074 indutos
3077 5017 3418 5073 vestimentis
3446 5031 3630 5070 mona-

2038 5121 2172 5176 chos
2200 5160 2214 5183 ,
2245 5116 2539 5186 curruique
2569 5114 2877 5186 impositos,
2906 5112 3182 5184 pedestris
3211 5110 3329 5180 ipse
3353 5109 3506 5164 duxit
3533 5121 3628 5162 eos

2037 5213 2093 5266 in
2123 5210 2461 5283 praetorium.
2489 5207 2567 5263 Ibi
2599 5223 2790 5262 rursus
2810 5206 2984 5261 turbae
3002 5212 3182 5260 vestes
3212 5219 3338 5258 suas
3355 5203 3409 5256 in
3427 5199 3624 5256 coelum

2031 5303 2328 5374 jactahant,
2368 5300 2587 5370 jurante
2618 5313 2717 5370 per
2762 5297 3119 5368 imperatores
3174 5302 3425 5364 praetore,
3479 5289 3626 5359 quod

2037 5393 2380 5464 Theophilus
2406 5391 2695 5447 consilium
2730 5404 2889 5443 suum
2915 5387 3138 5442 minime
3167 5383 3266 5438 sibi
3296 5380 3619 5450 aperuisset,

2035 5486 2129 5541 sed
2154 5485 2384 5540 obtentu
2423 5482 2782 5554 quorumdam
2834 5481 3107 5534 latronum
3146 5472 3476 5528 monasteria
3523 5487 3624 5526 va-

2036 5579 2314 5644 stantium,
2371 5592 2556 5633 secum
2612 5573 3002 5641 assumpsisset
3047 5566 3284 5621 militare
3334 5564 3618 5620 auxilium.

2035 5671 2188 5737 Quod
2224 5670 2266 5726 si
2295 5671 2669 5740 presbyterum
2688 5664 2954 5719 Isidorum
2977 5657 3140 5714 vultis
3170 5664 3442 5730 pastorem
3498 5655 3618 5712 loco
