4018 6418
243 365 342 411 LXV

241 468 551 541 Theophili,
601 470 878 527 voluntati
913 483 1104 530 vestra:
1136 478 1358 546 parebo,
1420 490 1477 535 et
1526 480 1832 551 Theophilo

239 564 429 633 ejecto,
472 563 739 619 lsidorum
797 567 954 621 vobis
991 569 1300 638 praeficiam.
1351 570 1655 643 Statimque
1685 575 1831 629 idem

235 654 488 711 Nicolaus
544 663 747 726 praetor
803 659 1051 715 tribunos
1081 661 1390 732 militesque
1445 664 1631 728 mittit,
1687 667 1830 720 utin

157 773 167 780 -
233 746 386 816 equis
416 746 686 802 isidorum
714 749 970 804 abbatem
995 750 1347 808 adducerent.
1380 755 1452 808 At
1485 771 1614 810 vero
1646 756 1830 811 Theo-

231 838 415 909 philus
444 845 661 908 sumpto
683 840 920 895 mendici
943 841 1152 906 habitu,
1187 843 1241 897 in
1278 847 1622 901 sacerdotum
1649 849 1827 919 regio-

230 946 357 984 nem
383 931 639 997 mittitur,
665 933 796 986 dum
835 933 1088 988 Nicolaus
1111 941 1312 1004 praetor
1342 938 1612 993 concitata
1640 941 1825 995 omnia

228 1025 425 1080 sedare
471 1026 655 1081 studet
691 1045 703 1080 :
742 1027 968 1098 largitus
1022 1029 1234 1084 czeteris
1261 1031 1584 1101 vagantibus
1631 1049 1824 1087 mona-

229 1119 350 1174 chis
382 1120 549 1186 dona,
582 1130 644 1176 ut
689 1121 912 1176 domum
962 1129 1302 1178 revertentes
1327 1125 1550 1194 pacifica
1577 1129 1823 1197 apprime

227 1212 570 1278 nuntiarent,
607 1214 732 1268 dato
753 1214 919 1269 etiam
948 1215 1254 1270 defensore.

298 1305 386 1358 11.
430 1303 600 1374 igitur
626 1304 842 1374 cognita
875 1304 1112 1360 Isidorus
1135 1307 1302 1362 abbas
1351 1323 1515 1363 causa
1559 1310 1630 1364 ob
1657 1322 1820 1380 quam

225 1395 612 1463 querebatur,
647 1395 790 1448 linea
832 1405 981 1449 veste
1025 1396 1271 1464 indutus,
1330 1415 1362 1454 a
1412 1402 1645 1469 quodam
1692 1403 1819 1473 pagi

226 1486 458 1555 praeside
489 1486 831 1540 commodata
850 1527 864 1551 ,
921 1487 1134 1556 sibique
1163 1491 1379 1544 cucullo
1408 1492 1815 1563 circumposito,

224 1577 373 1629 venit
414 1577 473 1629 in
499 1576 794 1631 Mal-cotem
833 1576 1186 1645 citharizans,
1226 1595 1360 1636 cane
1384 1584 1548 1637 etiam
1595 1601 1654 1639 se
1684 1587 1816 1641 sub-

221 1676 507 1736 sequente.
548 1667 781 1733 Quidam
811 1684 941 1724 vero
967 1670 1224 1725 tribunus
1257 1673 1480 1728 nomine
1511 1675 1814 1732 Cantbaro-

222 1759 322 1813 dus
349 1759 564 1814 obviam
596 1759 646 1815 ei
679 1759 874 1823 factus,
901 1761 1034 1817 dixit
1067 1780 1078 1814 :
1114 1782 1132 1815 ‹
1164 1763 1303 1818 Vere
1329 1774 1384 1819 tu
1413 1783 1641 1838 magnus
1679 1769 1764 1822 vir
1798 1790 1810 1824 :

221 1857 468 1919 potesne,
522 1860 846 1921 accepturus
897 1853 1188 1922 pecuniam
1223 1855 1516 1925 multaque
1558 1871 1806 1921 munera,

219 1941 596 1998 demonstrare
628 1943 782 1998 nobis
813 1943 1063 1998 abbatem
1103 1944 1418 1999 Isidorum?
1447 1966 1462 1996 ι
1499 1943 1568 2000 At
1597 1947 1684 2001 ille
1717 1963 1810 2002 eo-

219 2050 335 2089 ram
360 2036 452 2091 illo
480 2051 538 2090 se
561 2037 758 2091 sistens
787 2051 910 2090 eum
940 2036 1138 2101 catulo,
1173 2038 1341 2107 erepit
1369 2039 1437 2092 ad
1469 2039 1692 2094 citharae
1720 2055 1811 2094 so-

219 2126 394 2181 nitum
425 2127 623 2181 saltare
656 2144 667 2178 :
701 2142 862 2196 quem
893 2143 1017 2182 mox
1051 2129 1360 2198 despiciens
1391 2130 1670 2194 tribunus,
1708 2146 1810 2185 nec

213 2219 326 2286 jam
361 2218 471 2272 ullo
517 2219 685 2272 verbo
716 2219 991 2289 dignatus,
1027 2221 1273 2275 recessit.
1306 2220 1396 2275 Sic
1455 2221 1552 2286 illi,
1584 2237 1642 2275 re
1669 2221 1808 2276 infe-

216 2317 324 2370 cta.
355 2308 425 2363 ab
455 2309 660 2363 isidoro
689 2310 894 2365 reversi
919 2319 1065 2366 sunt.
1105 2311 1259 2366 Tunc
1289 2312 1626 2382 Theophilus
1647 2313 1807 2367 donis

217 2401 430 2471 placato
478 2410 730 2471 prxtore,
787 2401 1008 2472 reliquis
1045 2402 1209 2457 etiam
1254 2404 1500 2473 partibus
1531 2404 1805 2474 congiario

216 2491 361 2556 dato,
394 2491 679 2561 magniﬁce
709 2493 764 2546 in
797 2494 989 2548 urbem
1018 2495 1301 2562 remeavit,
1357 2511 1669 2566 quanquam
1702 2496 1803 2567 ipsi

214 2583 282 2636 ab
310 2597 376 2638 eo
406 2583 676 2638 munerati
706 2583 1138 2639 detestabantur.

287 2675 374 2730 12.
408 2675 629 2731 interim
693 2677 948 2732 monachi
1002 2677 1077 2732 illi
1136 2693 1166 2732 a
1212 2677 1518 2749 Theophiio
1577 2680 1796 2751 pulsati,

214 2766 384 2821 multa
411 2781 444 2821 a
469 2767 654 2822 multis
677 2768 780 2822 via:
802 2768 1041 2824 subsidia
1066 2769 1232 2836 nacti,
1259 2771 1490 2840 profecti
1513 2781 1643 2827 sunt
1668 2773 1800 2826 lite-

216 2858 480 2929 rosoiyma
508 2859 578 2912 ad
609 2857 890 2914 Silvanum
919 2861 993 2915 ibi
1028 2860 1368 2932 episcopum,
1403 2863 1472 2917 ad
1515 2865 1671 2933 cujus
1702 2878 1799 2934 pe-

211 2942 308 2997 des
333 2944 641 2999 accidentes
671 2962 784 3000 rem
806 2962 926 3017 quae
950 2948 1052 3003 sibi
1075 2960 1336 3005 evenerat
1357 2959 1660 3022 exponunt.
1693 2952 1795 3007 Mi-

209 3046 362 3090 ratus
390 3036 479 3090 ille
522 3038 692 3092 mittit
719 3039 820 3094 viae
842 3041 1097 3096 comitem
1127 3042 1446 3099 Juvenalein
1480 3046 1790 3101 diaconum.

206 3126 276 3182 Et
301 3135 436 3183 tunc
463 3128 678 3183 demum
709 3131 777 3184 ad
807 3132 1016 3202 regium
1054 3133 1373 3189 comitatum
1395 3145 1665 3191 venerunt
1693 3138 1796 3192 ho-

205 3220 405 3284 mines,
447 3220 538 3290 qui
567 3236 710 3290 sazpe
737 3237 860 3276 cum
887 3224 1226 3281 daemonibus
1267 3227 1700 3294 decertaverant,
1741 3239 1798 3284 et

204 3310 523 3366 cellularum
579 3327 803 3368 suarum
862 3313 1072 3370 foribus
1127 3332 1406 3388 nunquam
1452 3321 1791 3389 prodierant.

205 3402 394 3473 itaque
424 3404 479 3459 hi
508 3406 760 3462 monachi
796 3406 1322 3480 Constantinopolim
1351 3411 1512 3466 delati
1539 3453 1553 3477 ,
1587 3419 1792 3467 etcum

202 3492 416 3551 Joanne
442 3499 735 3568 congressi,
767 3499 923 3554 donis
954 3501 1022 3555 ab
1045 3517 1109 3555 eo
1140 3511 1267 3556 sunt
1301 3502 1501 3558 affecti.
1541 3503 1792 3575 Hospitio

202 3596 385 3642 autem
417 3590 646 3659 recepit,
695 3599 750 3646 et
806 3590 1012 3646 aﬂatim
1063 3594 1370 3648 necessaria
1422 3595 1790 3664 suppeditavit

200 3676 474 3750 Olympias
511 3681 834 3748 diaconissa,
884 3693 1138 3754 tanquam
1193 3685 1399 3740 sanctis
1451 3686 1787 3752 hominibus,

201 3785 325 3841 quae
375 3771 659 3828 facultates
705 3789 831 3830 suas
859 3790 1048 3831 omnes
1075 3778 1362 3848 egentibus
1402 3778 1785 3851 elargiebatur,

199 3873 256 3919 et
296 3865 527 3921 ascetico
582 3866 831 3920 instituto
896 3868 1189 3939 probisque
1237 3871 1480 3926 moribus
1529 3873 1789 3943 praeclare

198 3955 458 4028 fulgebat,
501 3965 725 4027 eratque
752 3957 948 4013 Joanni
1001 3960 1293 4016 admodum
1345 3964 1510 4019 chara
1562 3973 1788 4035 propter

196 4049 325 4104 vita:
357 4050 700 4105 sanctitatem
754 4058 810 4107 et
855 4053 1154 4109 secundum
1189 4055 1360 4110 Deum
1409 4057 1785 4112 conversatio-

194 4153 359 4202 nem;
388 4155 515 4193 nam
559 4147 744 4196 sancta
773 4143 1049 4197 communi
1101 4144 1506 4201 existimatione
1545 4148 1785 4203 habeba-

193 4239 306 4284 tur.
338 4229 617 4287 Iuvenalis
641 4242 824 4287 autem
846 4233 1059 4289 litteras
1087 4235 1405 4305 imperatori
1453 4239 1692 4306 tradidit,
1728 4250 1782 4296 et

190 4323 331 4378 alias
367 4323 583 4391 Joanni,
636 4326 726 4396 qui
771 4326 975 4397 pariter
1012 4343 1042 4382 a
1073 4343 1132 4384 se
1161 4339 1413 4400 acceptas
1463 4332 1779 4402 imperatori

191 4415 444 4470 reddidit.
476 4415 723 4473 Territus
758 4435 888 4475 vero
918 4422 1212 4493 imperator
1248 4425 1386 4480 nihil
1437 4427 1654 4496 quidem
1688 4444 1778 4483 re-

189 4507 384 4576 galiter
413 4507 592 4564 facere
615 4511 803 4576 voluit,
835 4521 1076 4570 attamen
1101 4517 1366 4587 synodum
1401 4518 1514 4573 fieri
1547 4521 1778 4575 manda-'-

187 4599 264 4651 vit
289 4641 306 4663 ,
334 4598 671 4671 Romamque
702 4605 769 4657 ad
800 4604 1174 4663 innocentium
1210 4625 1403 4680 papam
1432 4612 1640 4668 litteras
1667 4614 1774 4668 mi-

185 4691 275 4754 sit,
309 4708 541 4762 quarum
565 4694 682 4750 haec
703 4697 1036 4753 continentia
1063 4700 1164 4755 fuit
1188 4721 1198 4754 :

257 4784 347 4839 15.
387 4803 404 4836 ι
429 4784 635 4852 Victor,
659 4787 945 4860 gloriosus,
966 4791 1114 4852 felix.
1133 4792 1399 4850 Arcadius
1411 4797 1560 4853 Patri
1579 4807 1770 4854 nostro

180 4873 437 4928 salutem.
483 4874 710 4933 Divinas
759 4880 990 4950 syllabas
1042 4883 1111 4936 ad
1167 4891 1555 4954 paternitatem
1615 4896 1767 4943 tuam

179 4967 434 5022 misimus
469 4983 567 5040 per
589 4969 948 5042 Mulpentium
978 4975 1235 5031 devotum
1266 4979 1680 5050 magistrianum
1711 4988 1766 5035 et

176 5059 508 5128 adiutorem,
534 5061 834 5129 hortantes,
863 5074 924 5120 ut
943 5074 1131 5124 coacta
1157 5083 1310 5124 more
1339 5071 1500 5126 solito
1533 5074 1759 5143 synodo,

177 5148 246 5202 de
275 5148 398 5202 istis
433 5149 762 5206 calamitosis
806 5151 1190 5211 Alexandrinis
1215 5159 1479 5214 canonice
1523 5162 1758 5230 judices,

176 5247 238 5293 ut
261 5240 534 5311 depositio
557 5239 843 5316 Theophili
875 5249 944 5303 ab
968 5248 1053 5304 bis
1075 5249 1189 5318 jam
1217 5249 1376 5316 facta,
1399 5253 1468 5308 ab
1497 5251 1762 5310 Occiden-

175 5328 377 5386 talibus
432 5349 649 5404 quoque
703 5337 976 5408 episcopis
1029 5342 1342 5412 generaiius
1404 5345 1754 5402 decernatur.

169 5419 371 5479 Nostro
396 5439 614 5496 quoque
640 5426 794 5484 fratri
821 5436 876 5485 et
929 5434 1280 5504 conregnanti
1327 5435 1588 5502 iionorie,
1645 5439 1758 5494 filio

169 5523 286 5579 tuo,
322 5517 534 5586 scripsi,
565 5527 628 5573 ut
656 5527 711 5574 te
737 5529 891 5593 roget
916 5537 1024 5592 quo
1054 5522 1317 5581 libentius
1347 5528 1451 5582 hoc
1497 5530 1756 5601 nullaque

167 5603 488 5676 interposita
519 5625 670 5665 mora
700 5613 972 5681 perﬁcies.
1005 5611 1176 5688 igitur
1205 5631 1320 5684 eos,
1349 5619 1442 5689 qui
1490 5622 1752 5677 sanctita—

232 5789 303 5860 (ἃ)
329 5789 465 5847 Cod.
500 5798 784 5864 τυραννίς.

399 5903 676 5966 Parum“
719 5908 830 5970 Gn.
879 5911 1134 5971 XLVII.

1031 356 1118 412 DE
1157 357 1317 416 VITA
1356 359 1443 415 ET
1484 361 1759 420 EXSILIO
1796 364 1852 421 S.
1898 362 2186 426 JOANNIS
2223 370 2725 433 CllllYSOSTOMl.

3389 403 3515 444 ικνι

1945 492 2052 540 tem
2083 497 2229 543 tuam
2267 494 2700 563 appellaverunt,
2736 497 2950 571 Egypti
2991 511 3048 558 et
3096 503 3276 578 Libyae
3307 508 3524 578 episce-

1939 594 2059 648 pos,
2095 590 2150 635 et
2174 581 2530 642 Alexandrini
2558 589 2690 643 cieri
2726 591 2982 662 reliquos,
3038 597 3335 653 transmitti
3379 600 3521 671 jussi

1937 672 2005 727 ad
2036 673 2177 732 hanc
2214 679 2418 748 regiam
2456 682 2669 749 urbem,
2717 692 2778 738 ut
2825 686 3201 745 demonstrent
3251 709 3371 762 quae
3418 693 3522 765 ipsi

1935 774 2198 822 oretenus
2223 769 2380 824 aiunt
2407 771 2855 830 irrationabiliter
2881 787 3002 834 acta
3028 779 3196 838 fuisse
3226 801 3239 838 :
3270 799 3373 839 nec
3407 801 3518 842 non

1936 865 1992 911 et
2020 858 2190 928 ipsam
2219 860 2576 932 Theodotem,
2598 883 2720 937 quae
2750 870 2916 926 totius
2946 873 3023 927 rei
3049 875 3310 946 originem
3342 880 3514 935 novit.

1931 947 2067 1005 Nam
2101 952 2147 1006 si
2176 953 2402 1010 collecta
2442 959 2742 1014 secundum
2775 962 2944 1017 Deum
2973 967 3213 1035 synodus
3248 985 3348 1039 per
3371 971 3519 1043 lega-

1933 1047 2018 1094 tos
2083 1047 2241 1111 tuos,
2297 1047 2538 1102 evidenti
2609 1049 3078 1110 demonstratione
3146 1063 3511 1129 compererit,

1933 1128 2296 1202 Theophilum
2328 1137 2432 1194 hoc
2456 1153 2643 1194 errore
2682 1157 2803 1197 esse
2837 1145 3172 1216 prolapsum,
3211 1128 3282 1204 is,
3308 1153 3514 1206 nullam

1929 1222 2305 1283 defensionem
2332 1238 2427 1284 aut
2455 1234 2866 1290 excusationem
2895 1236 3204 1306 habiturus,
3236 1241 3304 1297 de
3334 1258 3515 1300 sacer-

1927 1320 2076 1376 dotio
2106 1340 2137 1378 a
2171 1327 2326 1382 vobis
2348 1329 2613 1399 dejectus,
2653 1349 2776 1388 cum
2822 1335 3002 1405 poenis
3049 1337 3188 1405 aliis,
3243 1336 3515 1411 reliquum

1927 1419 2053 1476 vitae
2078 1439 2189 1478 suae
2216 1433 2430 1496 tempus
2454 1429 2673 1501 exiget,
2705 1431 3057 1504 divinamque
3108 1435 3313 1505 pariter
3347 1438 3513 1492 ultio-

1924 1532 2053 1572 nem
2091 1530 2280 1590 postea
2307 1526 2641 1594 experietur,
2675 1539 2965 1599 propterea
3001 1533 3144 1602 quod
3193 1548 3280 1588 res
3309 1534 3512 1589 decen-

1925 1623 2007 1670 tes
2039 1615 2359 1674 indecenter
2397 1625 2898 1682 commaculaverit.
2945 1628 3264 1699 Dignaberis
3293 1629 3508 1701 itaque,

1922 1713 2209 1772 benedicte
2236 1718 2416 1785 Pater,
2451 1722 2518 1775 ad
2552 1724 2841 1794 episcopos
2893 1726 2950 1779 in
3000 1729 3230 1798 singulis
3281 1730 3512 1786 urbibus

1920 1811 1987 1866 de
2015 1827 2166 1867 more
2209 1814 2472 1885 degentes
2527 1819 2786 1885 scribere,
2822 1829 2883 1875 ut
2934 1822 3075 1878 istuc
3135 1827 3504 1892 conveniant,

1920 1929 2028 1968 una
2054 1930 2180 1970 cum
2217 1916 2354 1982 illis,
2396 1935 2534 1989 quos
2588 1930 2648 1976 tu
2703 1923 3054 1994 deputaveris
3107 1923 3300 1999 legatis
3353 1930 3506 1995 tuis;

1916 2029 2096 2084 neque
2128 2017 2277 2070 enim
2321 2017 2466 2076 hanc
2491 2037 2607 2076 rem
2655 2022 3120 2081 inconsideratam
3149 2039 3314 2100 atque
3345 2032 3504 2086 inex-

1915 2115 2184 2184 ploratam
2209 2133 2329 2173 esse
2357 2122 2650 2189 patiemur.
2688 2143 2708 2174 ι
2745 2124 2922 2181 Fratri
2957 2143 3176 2199 quoque
3197 2146 3297 2186 suo
3320 2132 3509 2187 Hono-

1915 2216 2002 2270 rio
2055 2215 2243 2270 scribit
2274 2221 2541 2277 Arcadius
2590 2225 2708 2280 inec
2743 2243 2754 2279 :
2794 2247 2810 2279 ι
2843 2226 3296 2302 Quandoquidem
3344 2235 3506 2290 nobis

1912 2317 2055 2372 circa
2081 2335 2169 2374 res
2190 2320 2430 2390 imperii,
2464 2333 2524 2378 ut
2548 2334 2700 2397 puto,
2727 2331 3030 2401 occupatis,
3064 2332 3200 2387 clam
3227 2334 3506 2406 Theophi-

1912 2419 1996 2474 lus
2025 2437 2165 2492 papa
2193 2424 2457 2479 honorem
2484 2427 2733 2484 deterere
2763 2441 2995 2488 conatus
3023 2443 3126 2500 est,
3160 2444 3315 2490 curet
3345 2437 3502 2492 beni-

1910 2522 2030 2576 vola
2107 2532 2198 2577 tua
2274 2524 2588 2583 fraternitas
2653 2547 2910 2604 magnum
2980 2538 3362 2592 Innocentium
3414 2554 3503 2593 ro-

1908 2638 2065 2693 gare,
2099 2633 2162 2679 ut
2200 2637 2500 2684 convocata
2558 2632 2764 2702 synodo
2820 2633 3003 2689 fideles
3057 2651 3186 2691 suos
3242 2637 3499 2695 officiales

1908 2723 2254 2781 laudabiliter
2285 2727 2530 2797 deputet.
2570 2748 2590 2781 ι
2667 2721 2674 2723 ’

1980 2827 2066 2882 14.
2099 2827 2301 2885 Scribit
2341 2831 2506 2887 etiam
2553 2833 2940 2892 Alexandriam
2988 2839 3212 2896 Nicol‘ao
3261 2843 3387 2898 duci
3440 2854 3495 2899 et

1905 2931 2194 3000 augustali,
2229 2942 2519 3005 utramque
2549 2935 2870 3008 dignitatem
2909 2941 3156 2996 tenenti:
3224 2963 3242 2996 ι
3280 2944 3398 3000 Non
3444 2956 3498 3003 te

1903 3047 2131 3102 prorsus
2155 3034 2306 3101 latet,
2340 3037 2486 3106 quod
2517 3039 2861 3107 superiorum
2894 3041 3203 3097 antistitum
3253 3048 3499 3116 tyrannis

1902 3143 2066 3205 atque
2095 3136 2319 3191 audacia
2375 3139 2521 3192 vires
2552 3139 2766 3208 imperii
2821 3141 3015 3213 fregit,
3075 3152 3130 3198 et
3189 3147 3243 3199 in
3302 3162 3496 3202 omnes

1901 3245 2090 3306 gentes
2119 3247 2410 3310 propagata
2445 3250 2546 3296 est.
2583 3242 2904 3311 llujusmodi
2937 3245 3141 3314 aliquid
3171 3259 3320 3303 mine
3355 3262 3494 3319 quo-

1901 3354 2008 3408 que
2056 3339 2306 3395 evenisse
2368 3341 2693 3409 cernimus;
2752 3359 2932 3415 neque
2990 3347 3138 3401 enim
3191 3349 3491 3409 tacebimus

1900 3458 2080 3497 coram
2112 3444 2247 3500 adeo
2277 3453 2557 3502 crescente
2584 3449 2729 3518 apud
2787 3457 2839 3504 te
2887 3451 3031 3506 maio
3087 3461 3143 3508 et
3199 3453 3490 3526 imperium

1898 3547 2317 3604 dehonestante.
2347 3548 2476 3606 Haec
2504 3551 2573 3606 ad
2609 3559 2663 3607 te
2706 3554 3018 3620 scribimus,
3056 3557 3182 3623 quia
3228 3559 3353 3614 istic
3382 3576 3488 3616 no-

1897 3658 2014 3706 stro
2043 3651 2265 3708 nomine
2294 3661 2623 3724 potestatem
2655 3655 2911 3726 viresque
2945 3668 3160 3723 tenens,
3196 3676 3298 3717 nos
3329 3663 3490 3719 mini-

1895 3767 1984 3806 me
2013 3753 2214 3809 imitari
2240 3754 2480 3819 videris;
2537 3756 2634 3811 sed
2689 3757 2847 3812 donis
2906 3751 3163 3826 inhians,
3227 3764 3486 3821 mandata

1895 3867 2015 3906 mea
2046 3853 2376 3922 aspernaris,
2409 3864 2464 3910 et
2492 3862 2740 3911 nostram
2763 3867 2982 3913 omnem
3011 3856 3488 3936 illustrem'digni-

1897 3961 2062 4008 tatem
2093 3953 2248 4010 flocci
2285 3951 2439 4012 facis.
2491 3953 2858 4023 Quamobrem
2908 3960 3338 4033 indignationem
3378 3949 3482 4022 no-

1893 4065 2060 4112 stram
2104 4075 2215 4115 non
2247 4059 2493 4131 effugies,
2527 4068 2717 4130 utpote
2750 4062 2844 4131 qui
2889 4062 3332 4121 sublimissimam
3376 4083 3480 4124 no-

1890 4170 2058 4216 stram
2089 4161 2518 4232 magnitudinem
2548 4162 2702 4231 pensi
2727 4179 2839 4216 non
2867 4165 3148 4225 habueris.
3188 4165 3384 4226 Statim
3413 4182 3480 4226 ac

1888 4262 2053 4334 igitur
2085 4277 2266 4316 sacras
2292 4269 2358 4317 ac
2409 4262 2750 4317 venerabiles
2779 4264 2990 4320 litteras
3045 4275 3282 4332 nostras,
3339 4284 3476 4340 quas

1885 4363 2114 4418 devotus
2143 4358 2342 4416 Bassus
2377 4360 2573 4428 tradet,
2605 4363 2903 4434 acceperis,
2935 4365 3082 4421 nulla
3117 4382 3268 4422 mora
3296 4368 3472 4425 inter-

1882 4467 2082 4537 posita,
2119 4465 2346 4520 omnino
2399 4474 2564 4535 prout
2621 4465 2718 4522 tibi
2751 4466 3049 4533 scribitur,
3103 4469 3310 4541 absque
3362 4473 3473 4528 ulla

1881 4560 2237 4633 indulgentia,
2271 4560 2632 4631 Theophilum
2662 4569 2922 4632 tanquam
2954 4579 3108 4619 reum
3141 4565 3251 4622 huc
3289 4575 3472 4624 trans-

1879 4659 2084 4724 mittes,
2115 4659 2326 4714 nullum
2353 4659 2456 4731 ipsi
2519 4660 2783 4716 honorem
2814 4669 2910 4716 aut
2962 4662 3254 4718 comitatus
3304 4663 3470 4720 obse-

1877 4758 2066 4828 quium
2097 4759 2388 4815 adhibens.
2438 4755 2723 4827 Veiimque
2773 4758 2935 4824 scias,
2991 4760 3138 4829 quod
3188 4761 3292 4815 nisi
3351 4761 3469 4820 haec

1874 4868 2138 4923 perquam
2165 4861 2417 4909 accurate
2446 4854 2728 4922 multoque
2757 4868 2880 4908 cum
2916 4862 3066 4910 metu
3109 4871 3356 4928 peragas,
3396 4858 3467 4917 de

1876 4949 1989 5021 ipsa
2021 4949 2130 5004 vita
2164 4959 2254 5006 tua
2283 4965 2348 5004 ac
2377 4949 2554 5006 salute
2577 4948 2992 5022 periclitaberis.
3030 4953 3167 5008 Tum
3197 4962 3253 5009 et
3280 4953 3463 5012 Theo—

1850 5048 2005 5119 .phili
2049 5054 2395 5104 accusatores
2421 5085 2436 5112 ,
2484 5042 2601 5103 sive
2657 5047 2902 5120 episcopi
2948 5049 3060 5104 sint
3098 5051 3211 5107 sive
3254 5052 3459 5118 clerici,

1869 5161 1995 5202 cum
2029 5146 2328 5212 Theodote,
2365 5146 2432 5200 ad
2459 5160 2561 5200 nos
2589 5145 2785 5208 mitte;
2815 5161 2945 5202 nam
2972 5146 3126 5218 juxta
3157 5147 3255 5204 Dei
3287 5149 3458 5221 legem

1867 5250 2054 5299 coacta
2080 5242 2336 5314 synodus,
2371 5243 2458 5298 his
2485 5243 2742 5300 omnibus
2781 5244 3086 5304 ventilatis.
3120 5245 3364 5317 dignum
3398 5258 3458 5300 se

1864 5342 1982 5412 ipsa
2024 5340 2292 5410 judicium
2344 5341 2491 5410 juste
2555 5342 2953 5411 pronuntiabit.
3029 5361 3048 5394 ι
3103 5343 3265 5399 Missa
3325 5354 3456 5398 sunt

1863 5438 2030 5492 etiam
2051 5436 2106 5492 in
2138 5433 2452 5506 provincias
2475 5451 2669 5495 omnes
2696 5438 3112 5494 commonitoria
3153 5437 3221 5492 ad
3269 5438 3453 5510 regio-

1861 5549 1994 5589 num
2023 5532 2330 5604 episcopos,
2364 5539 2426 5588 ut
2451 5533 2520 5589 ad
2562 5533 2922 5603 iudicandum
2967 5534 3122 5604 juxta
3162 5543 3454 5597 accusato-

1862 5648 1980 5687 rum
2010 5629 2474 5701 expostulationes
2499 5631 2875 5688 convenirent.
