4018 6412
199 395 312 440 LII!

264 499 353 555 15.
418 495 735 550 Antiochia:
791 502 972 548 autem
1030 493 1321 564 episcopus
1380 493 1605 548 rescivit
1658 493 1789 562 quid

198 590 482 649 moliretur
516 587 788 650 Eudoxia,
821 601 942 655 qua:
973 584 1170 640 Joanni
1204 586 1419 641 infensa
1468 595 1608 649 erat,
1660 600 1789 655 pro-

198 689 385 756 pterea
408 679 556 750 quod
587 678 923 748 reprehensa
961 675 1155 737 fuerat.
1189 677 1338 732 velut
1367 677 1496 730 olim
1525 676 1790 731 Herodias

197 787 230 831 a
270 772 487 828 Joanne
515 769 784 840 Baptista,
815 783 922 821 una
975 782 1097 822 cum
1152 766 1369 822 Ilerode
1407 768 1499 837 qui
1533 767 1680 820 illam
1713 766 1791 820 iii-

197 870 350 921 ceste
374 863 482 918 sibi
511 861 942 932 desponsaverat
971 875 1094 930 qua:
1121 875 1246 914 cum
1273 859 1441 915 fratre
1471 861 1591 932 ejus
1628 876 1790 930 copu-

198 954 306 1009 lata
329 954 536 1016 fuerat,
575 963 634 1007 ut
671 951 872 1007 dicitur
923 951 978 1005 in
1010 951 1320 1022 Evangeliis
1373 950 1587 1022 (Marc.
1619 967 1693 1015 VI,
1723 951 1787 1004 l7

199 1061 321 1117 sqq.
340 1047 381 1110 ).
414 1044 546 1099 Haec
573 1050 756 1099 autem
786 1042 890 1098 fuit
918 1057 1080 1097 causa
1108 1042 1323 1096 discidii
1356 1041 1497 1097 inter
1521 1041 1787 1097 Joannem

197 1147 254 1194 et
283 1138 590 1194 Eudoxiam
617 1155 630 1189 :
657 1136 898 1208 Contigit
923 1135 1072 1189 enim
1101 1144 1162 1189 ut
1182 1135 1514 1204 imperatrix,
1540 1135 1597 1189 in
1637 1134 1783 1206 regia

197 1231 360 1286 vinea
389 1230 694 1292 diversans,
726 1228 785 1282 in
829 1228 1044 1284 vineam
1071 1227 1288 1282 feminae
1315 1227 1491 1283 viduas
1534 1227 1787 1299 ingrede-

196 1333 353 1378 retur
380 1337 498 1377 sum
523 1321 756 1392 propriae
791 1319 1114 1390 proximam,
1157 1318 1273 1374 sive
1320 1319 1426 1374 hoc
1461 1327 1657 1390 sponte
1703 1319 1786 1374 fe-

194 1417 336 1473 cerit
370 1415 490 1471 sive
525 1429 676 1479 casu,
712 1421 768 1468 et
801 1427 962 1467 uvam
994 1412 1122 1467 inde
1171 1412 1513 1482 praecideret.
1551 1413 1621 1468 Et
1669 1413 1784 1484 ipsa

195 1508 422 1578 quidem
453 1505 671 1561 aiebat:
709 1523 729 1556 ‹
768 1503 1070 1559 Inscieuter
1102 1505 1210 1560 huc
1237 1519 1358 1558 sum
1388 1504 1655 1576 ingressa,
1688 1504 1784 1559 sed

197 1610 382 1654 tamen
415 1597 577 1652 vinea
607 1596 843 1652 domina
871 1611 984 1651 suae
1008 1595 1268 1666 deinceps
1309 1597 1499 1667 nequit
1529 1597 1741 1652 restitui
1768 1613 1782 1662 ;

195 1691 294 1746 sed
323 1689 488 1744 aliam
512 1704 612 1758 pro
639 1687 728 1742 illa
743 1686 884 1742 dabo
908 1687 1226 1757 ampliorem
1253 1695 1417 1757 atque
1438 1687 1742 1743 meliorem.
1759 1707 1777 1739 ι

199 1780 592 1836 Verumtamen
627 1779 790 1834 vidua
847 1794 956 1834 non
1015 1778 1232 1834 admisit
1277 1779 1632 1844 oblationem,
1688 1781 1784 1835 sed

196 1871 467 1927 Joannem
507 1869 784 1934 exoravit,
823 1877 883 1923 ut
913 1869 1026 1937 isibi
1073 1869 1228 1924 vinea
1289 1885 1386 1923 sua
1438 1871 1778 1925 redderetur.

198 1961 243 2017 Τ
248 1978 355 2017 unc
375 1962 617 2017 Joannes
655 1961 987 2032 imperatrici
1023 1968 1308 2016 conventa:
1355 1961 1574 2016 aiebat:
1621 1982 1637 2014 ι
1681 1961 1782 2016 Mi-

198 2069 385 2109 serere
412 2053 608 2117 viduae,
633 2053 792 2122 eique
815 2051 1027 2105 vineam
1055 2051 1302 2106 restitue.
1326 2070 1343 2101 ι
1365 2051 1434 2104 At
1463 2052 1553 2106 illa
1579 2071 1590 2105 :
1625 2076 1641 2105 ι
1674 2053 1784 2108 Lex

199 2155 301 2209 est,
341 2163 360 2197 ›
399 2144 594 2214 inquit,
626 2164 645 2195 ι
677 2143 825 2214 regia
856 2151 936 2203 ut,
961 2157 1070 2212 quo
1093 2157 1196 2197 nos
1224 2141 1606 2198 intraverimus
1622 2153 1785 2214 atque

200 2237 442 2292 indidem
469 2235 707 2290 fructum
739 2234 1125 2304 carpserimus,
1154 2235 1307 2290 locus
1338 2235 1426 2290 ille
1454 2236 1601 2291 haud
1645 2237 1784 2292 alte-

198 2329 313 2382 rius
342 2343 503 2398 quam
547 2343 736 2397 regum
800 2328 887 2380 sit.
953 2325 1209 2381 Attamen
1258 2342 1358 2397 pro
1425 2327 1514 2382 illa
1569 2329 1782 2382 vineam

197 2417 500 2486 quamlibet
528 2414 631 2470 sibi
661 2415 877 2470 habeat.
918 2433 935 2464 ι
963 2415 1154 2470 Denuo
1181 2415 1347 2487 igitur
1372 2415 1532 2470 vidua
1556 2417 1783 2472 molesta

195 2505 391 2564 Joanni
437 2515 572 2572 erat,
597 2505 751 2578 quasi
778 2506 983 2576 aliquid
1013 2506 1081 2560 ab
1115 2505 1460 2576 imperatrice
1493 2507 1785 2578 impetrare

199 2597 424 2653 valenti.
478 2595 725 2667 Cumque
779 2597 872 2650 hic
931 2595 1184 2666 fatigaret
1237 2594 1578 2660 Eudoxiam,
1637 2612 1787 2652 nunc

198 2704 384 2753 orans,
412 2703 562 2743 nunc
587 2688 751 2743 etiam
778 2702 900 2741 cum
948 2686 1206 2756 parabola
1259 2686 1583 2751 admonens,
1638 2702 1785 2740 nun-

199 2795 364 2852 quam
397 2779 646 2834 mulieris
677 2779 890 2833 vineam
920 2780 992 2834 ab
1024 2778 1373 2849 imperatrice
1399 2779 1572 2833 valuit
1601 2788 1787 2834 extor-

201 2887 388 2942 quere.
424 2873 568 2942 Ergo
598 2871 686 2926 die
715 2872 970 2940 quadam,
1005 2871 1333 2926 adveniente
1361 2871 1430 2926 ad
1457 2886 1575 2926 eam
1621 2870 1785 2940 hujus

201 2965 277 3019 rei
317 2978 482 3019 causa
505 2963 736 3029 Joanne,
790 2963 905 3033 ipsa
951 2962 1307 3034 stipatoribus
1343 2963 1458 3017 suis
1508 2962 1787 3018 mandavit

199 3064 263 3109 ut
303 3054 450 3110 fores
477 3055 741 3111 adversus
772 3053 1041 3110 Joannem
1079 3053 1457 3119 occluderent,
1492 3053 1786 3124 quominus

197 3147 266 3202 ad
296 3147 627 3218 loquendum
653 3147 1044 3219 ingrederetur.
1077 3145 1315 3201 Joannes
1337 3156 1520 3202 autem
1543 3145 1784 3200 vicissim

200 3248 395 3294 vocato
419 3238 486 3292 ad
525 3253 584 3294 se
607 3239 854 3294 ecclesiae
883 3241 1177 3308 praeposito
1222 3237 1502 3293 mandavit
1553 3237 1781 3291 dicens:

204 3346 224 3378 ο
254 3327 396 3383 Cum
423 3328 634 3383 venerit
659 3327 919 3392 Eudoxia,
949 3328 1082 3383 utin
1107 3327 1398 3383 ecclesiam
1425 3327 1782 3398 ingrediatur,

198 3419 284 3475 fac
317 3420 514 3490 januas
542 3435 727 3474 coram
766 3420 1024 3476 occludas
1064 3420 1333 3476 dicendo:
1380 3439 1398 3471 ‹
1437 3419 1678 3475 Joannes
1707 3419 1781 3474 ita

199 3510 495 3566 mandavit.
534 3529 553 3562 ι
605 3511 783 3580 Atque
811 3511 1008 3566 exinde
1049 3511 1194 3567 aucti
1250 3510 1404 3566 fuere
1454 3525 1784 3583 magnopere

199 3602 344 3656 inter
365 3601 630 3658 Joannem
657 3612 713 3659 et
733 3604 1032 3659 Eudoxiam
1076 3603 1396 3659 rumusculi.

271 3694 359 3750 l6.
393 3693 584 3750 Sciens
614 3695 798 3766 itaque
824 3695 1131 3750 Antiochiae
1160 3695 1318 3750 valde
1356 3710 1523 3751 senex
1568 3697 1785 3766 episco-

201 3801 304 3856 pus
348 3786 606 3842 Eudoxia:
643 3787 867 3842 insidias
906 3795 962 3842 et
1003 3786 1283 3841 molimina
1327 3787 1590 3844 adversus
1617 3788 1784 3843 Joan-

199 3892 347 3942 nem,
380 3877 657 3934 simulavit
680 3876 1076 3942 inﬁrmitatem,
1114 3877 1384 3948 simulque
1414 3880 1569 3936 senio
1612 3889 1786 3936 semet

199 3971 478 4027 excusavit
497 3971 791 4043 quominus
816 3972 882 4026 ad
919 3971 1108 4026 urbem
1139 3972 1374 4037 veniret,
1411 3972 1506 4028 sed
1537 3989 1660 4029 cum
1703 3974 1784 4029 le-

200 4072 326 4133 gato
359 4077 458 4118 suo
487 4064 638 4120 misit
668 4065 910 4136 quinque
941 4065 1250 4137 episcopos,
1295 4067 1596 4138 Diogenem
1637 4068 1782 4139 Apa-

201 4170 373 4219 meae,
423 4156 682 4211 Acacium
741 4156 963 4214 Bermae.
1007 4157 1180 4228 Capto
1231 4167 1413 4214 autem
1475 4169 1785 4230 opportuno

203 4259 448 4319 tempore
481 4248 810 4306 Severianus
864 4249 1190 4306 Gabalorum
1252 4250 1563 4321 episcopus,
1621 4259 1678 4306 et
1728 4251 1784 4305 in

199 4339 324 4393 aula
357 4339 503 4394 utilis
539 4341 610 4395 ob
636 4356 790 4396 suam
822 4341 1166 4412 sapientiam,
1217 4341 1513 4411 postulavit
1544 4351 1604 4396 ut
1642 4341 1784 4396 idem

196 4433 445 4510 facerent
517 4432 923 4490 Samosatorum
977 4435 1272 4504 episcopus
1334 4433 1676 4498 Gemmulus,
1732 4442 1788 4488 et

202 4526 424 4582 Edessa:
466 4525 827 4582 Theodosius.
879 4526 1042 4582 Venit
1091 4527 1254 4582 etiam
1301 4527 1514 4582 Leonas
1561 4525 1787 4598 Ancyrae

201 4615 496 4686 episcopus
521 4617 638 4689 ipse
665 4633 881 4688 quoque
909 4617 1103 4672 Joanni
1139 4616 1372 4672 infestus
1400 4634 1414 4683 ;
1444 4617 1499 4671 hi
1525 4617 1784 4672 nimirum

202 4722 413 4773 omnes,
439 4715 694 4778 tanquam
730 4723 796 4763 ex
825 4718 1130 4780 compacto,
1165 4709 1372 4764 inimici
1421 4718 1577 4764 erant
1618 4708 1787 4764 Joan-

203 4799 308 4855 nis.
334 4799 588 4855 Nicolaus
613 4816 744 4857 vero
768 4801 1059 4872 praefectus
1092 4802 1184 4872 qui
1216 4801 1580 4872 Theophilum
1611 4801 1786 4857 addu-

201 4892 378 4956 cebat,
417 4893 799 4948 interminatus
848 4894 898 4949 ei
934 4903 1039 4957 est,
1080 4892 1224 4964 quod
1281 4894 1566 4965 gentilium
1617 4909 1786 4964 pecu-

201 4981 351 5055 niam
380 4983 718 5054 diripuisset,
759 5001 879 5056 quae
907 4985 1008 5056 ipsi
1044 4985 1302 5040 mandato
1323 4985 1471 5055 regio
1497 4985 1787 5040 commissa

202 5071 397 5126 fuerat.
439 5072 511 5128 At
538 5073 880 5145 Theophilus
929 5091 1027 5144 per
1086 5074 1380 5146 Georgium
1420 5075 1662 5144 przefecti
1720 5090 1786 5129 ex

201 5179 388 5220 sorore
413 5176 691 5236 nepotem,
735 5167 955 5237 impleta
997 5167 1209 5237 utrique
1244 5181 1528 5230 crumena,
1573 5165 1787 5219 dilatio-

201 5271 327 5310 nem
359 5257 616 5322 obtinuit,
645 5259 820 5315 donec
845 5259 1059 5331 Egypti
1090 5259 1442 5315 cellarienses
1485 5258 1698 5328 species
1731 5264 1788 5312 et

201 5347 374 5406 India:
399 5352 717 5408 condituras
739 5363 1036 5418 coemeret,
1070 5352 1270 5424 quibus
1318 5367 1487 5406 naves
1508 5350 1785 5416 oneravit,

203 5455 328 5497 cum
356 5444 630 5516 episcOpis
651 5455 706 5502 et
728 5445 1060 5518 presbyteris
1084 5459 1148 5500 ac
1180 5443 1428 5499 diaconis
1458 5449 1622 5512 atque
1651 5441 1788 5496 alio-

203 5539 321 5587 rum
355 5535 511 5590 turba
542 5537 751 5603 multa;
785 5545 950 5606 atque
980 5536 1053 5591 ita
1075 5535 1226 5608 gravi
1255 5549 1380 5590 cum
1432 5531 1650 5589 sarcina
1684 5546 1788 5586 na-
1820 5592 1836 5597 __

206 5627 427 5699 vigavit.

1005 375 1094 432 DE
1140 375 1296 434 VITA
1335 376 1424 434 ET
1459 378 1730 435 EKSILIO
1771 377 1828 432 S.
1869 373 2154 434 JOANNIS
2193 378 2702 437 CI-IRYSOS'I'OMI.

3363 399 3473 441 ιιάς

1964 491 2051 546 l7.
2088 491 2156 546 At
2181 491 2420 546 Eudoxia
2446 499 2664 562 portum
2693 493 3008 548 custodiens
3038 509 3133 562 per
3165 493 3471 549 Marianum

1893 583 2086 638 domus
2117 599 2229 638 sua:
2261 584 2598 654 praefectum,
2630 583 2936 639 Innocentii
2970 586 3177 656 legatos
3221 585 3289 640 ad
3341 601 3466 657 syn-

1890 676 2054 730 odum
2084 677 2389 743 venientes,
2433 687 2556 746 post
2592 685 2808 747 ereptas
2839 677 2905 730 iis
2940 678 3216 746 epistolas,
3254 693 3472 734 carcere

1890 771 2158 825 conclusit
2178 769 2232 824 in
2259 769 2503 825 Thracia:
2554 771 2798 840 partibus
2822 811 2836 836 ,
2871 770 2928 824 in
2981 785 3104 825 arce
3142 769 3476 843 Athyrorum

1891 862 2162 916 maritima
2194 879 2317 918 cum
2352 862 2606 933 praesidio
2640 863 2833 918 valido.
2861 862 2981 928 Quo
3021 862 3224 916 factum
3272 874 3376 928 est,
3413 875 3475 918 ut

1890 955 2104 1009 cunctis
2127 953 2601 1026 Constantinopoli
2631 957 2743 1026 jam
2772 956 3157 1025 praesentibus,
3201 972 3474 1027 nusquam

1890 1044 2050 1117 legati
2081 1063 2233 1117 papae
2272 1046 2502 1102 Romani
2530 1055 2857 1118 apparerent
2889 1063 2902 1111 ;
2964 1047 3062 1102 sed
3126 1061 3305 1116 neque
3365 1047 3474 1102 nisi

1889 1140 2046 1194 valde
2097 1155 2218 1194 sero
2272 1140 2631 1210 Theophilus.
2691 1139 2810 1194 Jam
2854 1139 3122 1195 Arcadius
3174 1139 3475 1211 imperator

1892 1229 2253 1300 Theophilum
2281 1229 2385 1284 sibi
2409 1230 2466 1284 in
2497 1237 2854 1300 conspectum
2892 1229 3081 1284 venire
3108 1245 3334 1300 prorsus
3360 1245 3474 1285 non

1888 1331 1973 1378 est
1998 1338 2208 1393 passus.
2242 1321 2347 1378 Sed
2375 1323 2640 1392 Eudoxia,
2671 1321 2944 1393 appellato
2973 1322 3041 1377 ad
3085 1337 3143 1376 se
3170 1321 3474 1393 Theophila

1888 1414 2136 1482 aliisque,
2183 1413 2452 1484 comperit
2481 1429 2674 1469 omnes
2721 1415 2918 1470 Joanni
2961 1414 3243 1469 infensos:
3293 1415 3476 1486 itaque

1887 1515 1943 1561 et
1979 1521 2172 1560 onmes
2204 1505 2362 1560 donis
2395 1504 2501 1561 sibi
2550 1506 2810 1562 devinxit.
2854 1507 3024 1562 Porro
3049 1506 3288 1562 Joannes
3333 1523 3476 1578 pene

1882 1593 2197 1664 iuveniliter
2239 1609 2298 1650 se
2329 1610 2559 1665 gerens,
2596 1606 2787 1652 contra
2844 1597 3127 1669 episcopos
3183 1599 3301 1654 Iure
3361 1598 3475 1652 fere

1888 1684 2211 1740 dictitabat:
2261 1704 2280 1737 ι
2336 1685 2678 1758 Congregate
2717 1689 2784 1743 ad
2840 1705 2928 1744 me
2970 1690 3281 1745 sacerdotes
3319 1690 3475 1761 igno-

1888 1779 2094 1844 miniaa,
2147 1779 2242 1850 qui
2273 1779 2341 1834 de
2379 1777 2648 1833 Jezabelis
2688 1794 2874 1834 mensa
2919 1787 3231 1834 vescuntur.
3275 1779 3477 1844 Quous-

1887 1888 1986 1941 que
2007 1871 2323 1925 claudicatis
2358 1871 2414 1924 in
2437 1871 2572 1924 duas
2610 1871 2832 1940 partes?
2865 1869 2922 1924 Si
2965 1881 3040 1924 est
3089 1871 3250 1936 Deus,
3297 1872 3475 1940 sequi-

1889 1963 2017 2016 mini
2045 1979 2162 2016 eum
2202 1961 2312 2029 (111
2342 1963 2468 2032 Reg.
2510 1978 2663 2026 xvm,
2715 1962 2828 2033 21)
2869 1979 2882 2016 :
2930 1961 3017 2016 sin
3069 1963 3183 2032 ipsa
3208 1961 3477 2017 Jezabelis

1888 2068 2076 2108 mensa
2105 2053 2249 2108 Deus
2301 2060 2404 2117 est,
2457 2053 2730 2108 eomedite
2773 2062 2829 2108 et
2875 2054 3095 2108 vomite.
3159 2073 3176 2102 ι
3233 2052 3303 2108 At
3345 2069 3477 2110 vero

1887 2144 2131 2216 episcopi
2190 2146 2468 2216 exemplar
2531 2145 2814 2200 concionis
2881 2145 3111 2201 Joannis
3160 2146 3476 2217 imperatori

1889 2237 2262 2303 tradiderunt,
2304 2236 2398 2307 qui
2440 2237 2494 2292 id
2545 2253 2876 2309 magnopere
2916 2247 3138 2309 propter
3178 2237 3477 2294 Eudoxiam

1887 2343 2029 2399 argre
2086 2326 2229 2381 tulit.
2284 2326 2402 2380 Mox
2473 2325 2714 2382 Joannes
2783 2326 3046 2381 adversus
3109 2325 3477 2395 TbeOphilum

1887 2418 2209 2473 concionem
2243 2418 2502 2477 habebat.
2561 2416 2636 2470 ita
2677 2415 2902 2471 dicens:
2949 2435 2966 2467 ι
3017 2414 3151 2482 Quis
3191 2415 3476 2487 Algyptius

1889 2509 1985 2564 Dei
2043 2518 2254 2564 amator
2311 2518 2393 2564 est
2465 2506 2917 2578 (theophilus)?
2977 2507 3114 2574 Quis
3179 2523 3343 2579 porro
3376 2507 3478 2561 Dei

1889 2611 2099 2656 amator
2136 2600 2153 2669 (
2183 2597 2542 2670 theophilus)
2579 2597 2958 2652 detestabilem
3001 2614 3193 2654 eorum
3246 2601 3478 2672 gloriam

1883 2688 2222 2775 ieudoxiam)
2241 2688 2316 2760 (a)
2337 2703 2443 2744 non
2461 2689 2804 2745 abominatur
2827 2689 2851 2741 ?
2886 2708 2906 2740 ι
2926 2690 3105 2760 Atque
3145 2690 3288 2746 hanc
3315 2693 3478 2748 etiam

1889 2781 2207 2837 concionem
2242 2780 2558 2852 imperatori
2589 2780 2934 2834 tradiderunt
2959 2801 2972 2847 ;
3002 2797 3111 2852 quo
3137 2781 3342 2837 factum
3373 2793 3474 2850 est,

1890 2883 1950 2929 ut
2012 2873 2313 2946 indignatio
2374 2889 2404 2927 a
2454 2873 2760 2943 Theophila
2825 2873 2882 2928 in
2932 2873 3198 2931 Joannem
3257 2876 3477 2932 decide-

1890 2977 1992 3020 ret.

1961 3056 2048 3110 18.
2107 3055 2261 3110 Tunc
2293 3055 2532 3112 Joannes
2561 3056 2700 3110 duos
2728 3057 2795 3112 de
2826 3057 3265 3128 persecutionem
3305 3056 3478 3128 passis

1889 3148 2190 3210 monachis,
2237 3147 2556 3202 Dioscorum
2582 3156 2636 3200 et
2674 3146 2978 3212 Hieracem,
3013 3161 3199 3201 eorum
3228 3160 3477 3201 cursores

1893 3236 2293 3307 (periodeutas,
2326 3235 2678 3300 visitatores),
2712 3233 2986 3288 ordinavit
3013 3235 3382 3305 presbyteros,
3414 3245 3477 3290 ut

1888 3338 2088 3399 sponte
2118 3327 2334 3398 propria
2363 3326 2627 3398 synodum
2663 3325 2731 3380 de
2761 3325 3051 3395 Theophili
3082 3325 3248 3397 gestis
3277 3326 3476 3382 edoce-

1889 3427 2029 3474 rent.
2088 3421 2159 3473 At
2191 3417 2430 3472 Eudoxia
2474 3416 2835 3481 Theodotem,
2869 3431 2992 3486 quae
3043 3416 3190 3472 mille
3223 3433 3478 3474 nummos

1887 3508 2070 3565 abbati
2116 3507 2324 3562 Isidoro
2384 3505 2642 3570 dederat,
2699 3503 2915 3560 tradidit
2968 3505 3025 3559 in
3073 3505 3478 3563 matrimonium

1887 3601 2234 3659 Clementino
2287 3599 2440 3656 urbis
2495 3597 2790 3670 praefecto,
2845 3597 3119 3668 simulque
3189 3599 3478 3670 episcopos

1889 3693 2108 3765 Egypti
2146 3701 2204 3747 et
2250 3691 2451 3763 Libyas,
2487 3705 2590 3745 nec
2619 3705 2731 3746 non
2765 3689 2994 3746 clericos
3022 3691 3113 3760 qui
3161 3691 3368 3747 Isidoro
3397 3691 3478 3747 fa-

1889 3786 2109 3849 vebant,
2146 3784 2215 3839 ad
2245 3799 2303 3838 se
2351 3782 2556 3838 accitos
2598 3781 2758 3838 donis
2803 3781 3100 3837 cumulavit
3149 3801 3163 3836 :
3213 3790 3478 3854 quotquot

1888 3887 2069 3932 autem
2098 3874 2201 3929 sibi
2223 3873 2486 3944 parebant
2515 3873 2568 3926 in
2599 3870 2798 3942 palatio
2822 3871 3011 3925 habuit
3029 3886 3154 3925 cum
3183 3871 3442 3942 dignitate
3461 3913 3475 3930 .

1889 3967 2209 4023 resistentes
2241 3980 2371 4020 vero
2401 3963 2846 4020 Thessalonicam
2879 3961 3138 4035 relegavit
3167 3981 3178 4016 :
3213 3961 3478 4034 multique

1889 4058 2151 4130 episcopi,
2174 4056 2449 4119 monachi,
2478 4055 2680 4119 clerici,
2701 4054 3005 4126 presbyteri
3046 4065 3211 4124 atque
3239 4053 3474 4116 diaconi,

1891 4167 1993 4206 nec
2021 4166 2132 4204 non
2165 4157 2222 4203 et
2245 4147 2483 4218 virgines
2507 4160 2570 4200 ac
2600 4155 2866 4200 matrona:
2893 4144 3313 4209 honestissimae,
3337 4161 3474 4214 qua:-

1888 4255 2108 4309 cunque
2137 4239 2192 4291 in
2224 4235 2472 4307 partibus
2500 4232 2729 4288 Joannis
2770 4242 2975 4295 essent,
3023 4233 3192 4287 multa
3228 4232 3474 4286 aﬂlictioo

1889 4347 2021 4388 num
2056 4327 2355 4385 certamina
2385 4323 2731 4396 pertulerunt
2761 4342 2773 4376 :
2809 4322 3180 4390 miserumque
3209 4330 3328 4376 erat
3351 4335 3476 4376 cere

1889 4439 2021 4479 nere
2049 4431 2104 4477 et
2147 4419 2337 4475 audire
2385 4433 2449 4473 ac
2490 4416 2676 4472 dolere
2731 4416 2799 4470 de
2847 4413 2926 4469 sic
2974 4413 3159 4483 inique
3203 4402 3477 4483 oppressis

1887 4515 2114 4572 Joannis
2159 4511 2368 4577 amicis,
2403 4508 2676 4581 episcopis
2709 4519 2767 4564 et
2815 4506 3174 4579 presbyteris,
3211 4520 3338 4560 cum
3369 4504 3480 4560 dia-

1889 4609 2061 4676 conis,
2120 4606 2335 4663 clericis
2379 4602 2776 4668 aemonachis,
2815 4615 2954 4671 quos
2982 4600 3038 4654 in
3073 4592 3325 4655 exsilium
3349 4613 3478 4652 cru-

1889 4703 2040 4759 deles
2070 4700 2322 4757 homines
2348 4695 2731 4754 extrudebant.
2749 4692 2981 4759 Quidam
3007 4691 3117 4746 imo
3140 4689 3392 4746 monachi
3415 4704 3479 4744 ac

1889 4795 2130 4866 virgines
2158 4790 2396 4848 ascetico
2436 4787 2563 4843 vita:
2603 4800 2802 4858 genere
2850 4785 3108 4846 illustres,
3144 4779 3479 4838 cruciatibus

1889 4903 1954 4943 ac
1984 4883 2271 4942 tormentis
2301 4880 2694 4944 multabantur,
2726 4875 2879 4931 laicis
2901 4875 3121 4930 demum
3152 4873 3365 4945 piisque
3394 4870 3478 4928 fe-

1889 4979 2056 5034 minis
2084 4979 2353 5033 bonorum
2385 4971 2620 5041 direptio
2649 4967 3098 5026 denuntiabatur.
3139 4963 3266 5022 Haec
3292 4962 3479 5019 omnia

1890 5072 1959 5126 ab
1986 5068 2230 5125 Eudoxia
2261 5073 2317 5121 et
2349 5063 2672 5120 satellitibus
2694 5062 2815 5131 ejus
2833 5068 3022 5117 contra
3045 5058 3311 5114 Joannem
3328 5057 3478 5127 ejus-

1889 5179 1996 5234 que
2026 5161 2270 5216 fautores
2304 5157 2530 5211 fiehant.
2561 5153 2740 5224 Atque
2769 5154 2844 5209 ita
2872 5152 3182 5217 eveniebat,
3213 5159 3275 5206 ut
3295 5149 3478 5205 Theo-

1890 5255 2073 5326 philus
2108 5250 2501 5316 absolveretur,
2532 5247 2775 5304 Joannes
2823 5255 3007 5301 autem
3034 5260 3200 5300 causa
3233 5242 3474 5297 caderet.
3549 5244 3553 5259 '

1891 5347 1992 5402 Hic
2031 5355 2211 5400 tamen
2261 5340 2484 5396 interim
2513 5355 2544 5394 a
2589 5338 2854 5396 conviciis
2884 5329 3477 5393 adversusEudoxiam

1890 5453 2000 5494 non
2031 5434 2318 5493 desinebat
2345 5433 2399 5488 in
2423 5431 2652 5487 ecclesia
2682 5438 2739 5486 et
2773 5429 2990 5502 publice
3018 5428 3250 5496 loquens
3281 5438 3294 5475 :
3338 5440 3356 5473 ι
3395 5419 3477 5475 Eu

1891 5544 2085 5586 rursus
2129 5525 2396 5584 Herodias
2439 5523 2592 5591 furit,
2641 5537 2834 5578 rursus
2870 5519 3090 5578 Jezabel
3119 5512 3359 5571 Nabuthi
3397 5512 3478 5565 vi—

1892 5637 2051 5680 neam
2077 5634 2271 5692 rapere
2298 5617 2435 5673 vult.
2468 5636 2487 5667 ι
2516 5617 2586 5672 Εῑ
2613 5614 2828 5671 denuo:
2864 5629 2883 5666 ι
2916 5609 3110 5666 Nonne
3135 5605 3224 5663 odi
3252 5604 3476 5678 gloriam

275 5761 621 5834 (al_Ludebat
677 5762 1104 5834 Chrysostomns
1159 5763 1272 5827 hic,
1337 5772 1392 5817 ct
1434 5768 1644 5831 postea,
1695 5758 1751 5812 in

1896 5759 2074 5833 biguis
2119 5756 2400 5814 vocabulis
2449 5753 2696 5824 θεόφιλος
2745 5759 2800 5805 et
2847 5746 3128 5819 Θεόφιλος,
3177 5743 3390 5812 εὐδοξία
3421 5752 3474 5800 et

207 5827 446 5899 Εὐὼξία.
