4018 6408
199 373 351 418 LXII“

200 469 556 542 (eudoxiam),
598 469 781 525 amavi
827 478 1009 525 autem
1050 471 1402 542 ignominiam
1446 469 1760 542 (adoxiam)

203 566 355 639 αὑτὴ.
384 580 498 631 xiv,
545 565 674 634 15)?
716 583 735 614 ι
767 564 834 619 Et
863 571 1043 619 tamen
1077 565 1196 620 haec
1229 573 1347 620 erat
1381 564 1500 635 ipso
1527 565 1762 635 impera-

202 672 303 716 tore
325 657 615 729 potentior.

264 750 342 803 l9.
394 747 650 818 EpiscOpi
696 756 879 802 autem
915 745 1165 815 Aeacius,
1215 745 1545 802 Severianus
1600 756 1763 815 atque

203 841 536 912 Porphyrius,
575 840 804 910 ejusque
855 841 1079 895 asseclm
1129 840 1222 910 qui
1269 855 1392 894 cum
1457 838 1762 909 TheOphilo

202 933 588 1004 ronspirabant,
618 933 761 988 facta
791 933 1028 988 coitione
1071 933 1456 1004 imperatorem
1486 947 1761 987 convene-

202 1035 316 1082 runt
361 1026 656 1081 dicentes:
714 1045 733 1078 ‹
778 1024 1026 1092 Domine,
1079 1027 1228 1082 salvo
1268 1026 1465 1082 summi
1513 1027 1762 1097 praesulis

199 1119 480 1190 privilegio,
514 1119 650 1188 jube
672 1133 774 1174 nos
803 1127 1158 1190 congregatos
1190 1119 1256 1174 de
1286 1119 1390 1174 hoc
1417 1118 1638 1190 negotio
1667 1132 1761 1172 co-

202 1229 464 1285 gnoscere,
495 1213 639 1267 datis
666 1211 827 1267 nobis
865 1211 1140 1282 judicibus
1170 1227 1307 1282 quos
1333 1220 1423 1266 tua
1449 1210 1760 1266 veneranda

201 1307 434 1376 majestas
461 1305 721 1360 voluerit.
767 1305 902 1360 Nam
943 1305 1198 1360 monachi
1228 1305 1305 1370 hi,
1361 1304 1456 1375 qui
1487 1303 1760 1374 supplices

199 1399 439 1454 adversus
461 1399 828 1470 Theophilum
850 1399 1060 1455 libellos
1085 1399 1420 1463 obtulerunt,
1439 1396 1761 1470 Origenista:

201 1499 330 1556 sunt,
359 1501 520 1562 atque
549 1507 647 1547 eos
670 1505 854 1547 coram
880 1491 1135 1547 omnibus
1149 1499 1366 1562 oportet
1391 1489 1709 1546 examinari.
1733 1507 1752 1540 ι

202 1583 336 1640 Tunc
363 1583 660 1653 imperator
691 1599 939 1638 seorsum
969 1583 1146 1638 ductis
1169 1581 1458 1653 episcopis,
1485 1581 1617 1636 satis
1645 1580 1758 1636 cle-

200 1689 389 1734 menter
414 1677 552 1733 dixit
586 1695 600 1731 :
635 1697 654 1730 ‹
684 1676 865 1743 Scitis,
884 1692 918 1732 ο
945 1677 1151 1740 Patres,
1177 1691 1265 1730 me
1287 1674 1481 1746 legisse
1509 1672 1757 1744 Origenis

207 1766 503 1824 Periarchon
541 1781 657 1822 non
701 1766 821 1822 sine
869 1764 1272 1821 admiratione?
1329 1783 1348 1817 ι
1389 1763 1461 1818 At
1509 1762 1584 1816 illi
1622 1761 1758 1816 nihil

201 1861 580 1931 responderunt
631 1878 645 1914 :
706 1859 996 1929 statimque
1049 1872 1146 1912 eos
1193 1856 1416 1921 dimisit,
1465 1870 1760 1926 parumper

201 1953 486 2009 scandalum
515 1967 734 2024 passus.
766 1950 943 2022 Atque
971 1951 1044 2006 ita
1074 1950 1288 2015 accidit,
1322 1957 1382 2003 ut
1404 1947 1628 2004 Joannis
1656 1961 1758 2001 ne-

199 2045 380 2114 gotium
403 2043 458 2099 in
483 2041 832 2103 manifestam
853 2041 1287 2113 conjurationem
1313 2037 1760 2095 evaderet.Tunc

199 2135 468 2206 imperator
501 2133 722 2200 anxius,
756 2133 900 2188 circa
941 2133 1130 2188 Romae
1174 2132 1379 2203 legatos
1417 2129 1754 2192 tristabatur,

201 2243 314 2284 sane
336 2228 546 2299 ignarus
576 2241 715 2296 quas
738 2224 841 2296 ipsi
880 2223 1104 2278 insidias
1131 2222 1279 2293 passi
1309 2229 1513 2276 essent.
1541 2219 1759 2274 Mandat

201 2334 314 2391 ergo
339 2317 702 2390 praesentibus
729 2315 1020 2386 episcopis,
1058 2322 1118 2369 ut
1141 2311 1450 2386 congregati
1480 2326 1597 2365 rem
1629 2324 1758 2379 pro-

201 2413 403 2480 positam
434 2408 771 2472 examinem,
800 2406 940 2461 datis
968 2405 1266 2475 judicibus.
1288 2398 1557 2470 Hesychia
1572 2413 1758 2454 sacro-

201 2517 304 2555 rum
333 2500 708 2572 praetoriorum
755 2496 1032 2568 praefecto,
1067 2503 1122 2550 et
1152 2493 1452 2564 primorum
1483 2502 1759 2559 praesexa-

202 2605 357 2648 torum
382 2593 617 2649 ducibus
656 2590 931 2645 Maxentio
960 2604 1023 2643 ac
1052 2586 1306 2649 Diodoro,
1340 2598 1462 2638 cum
1503 2580 1758 2650 Aquilino

199 2694 459 2756 quaestore,
495 2694 551 2740 et
581 2681 863 2737 nonnullis
900 2678 1163 2752 patriciis.
1212 2675 1626 2746 Congregantur
1653 2672 1759 2726 ita-

200 2794 291 2848 que
316 2787 456 2834 extra
494 2777 691 2831 urbem
732 2775 788 2828 in
833 2771 1162 2828 monasterio
1194 2767 1450 2824 Dorothei
1476 2766 1758 2836 cujusdam

200 2869 618 2924 archimandriun
650 2865 828 2938 magni
859 2879 988 2920 vere
1030 2870 1086 2918 et
1127 2860 1344 2927 eximii;
1377 2873 1612 2929 cumque
1660 2857 1760 2913 tri-

202 2961 354 3014 bunal
372 2961 438 3015 ab
473 2957 906 3014 archimandrita
930 2962 1268 3015 exoraretur,
1301 2959 1364 3007 ut
1395 2951 1469 3006 ibi
1520 2951 1755 3016 sederet,

200 3052 462 3123 locumque
494 3053 823 3111 honoraret.
867 3053 1190 3102 recusarunt
1233 3043 1447 3114 judices
1491 3043 1755 3105 dicentes,

199 3143 356 3198 solere
397 3143 637 3214 synodos
682 3140 739 3195 in
777 3137 1022 3195 ecclesiis
1067 3145 1124 3192 et
1169 3151 1286 3192 non
1323 3135 1379 3191 in
1413 3131 1758 3194 monasteriis

196 3237 507 3308 congregari.

259 3353 342 3407 20.
410 3351 702 3422 Aquilinus
741 3357 975 3420 quaestor
1022 3347 1160 3402 dixit
1213 3363 1225 3398 :
1279 3365 1297 3397 ‹
1358 3341 1504 3399 Editi
1558 3340 1760 3396 fuimus

199 3442 566 3497 controversias
602 3441 885 3510 cujusdam
917 3438 1144 3502 arbitri;
1178 3436 1273 3491 sed
1301 3435 1523 3489 ubinam
1555 3431 1762 3502 episco-

201 3548 373 3602 porum
410 3533 746 3589 multitudo?
793 3531 1016 3586 ubinam
1060 3528 1294 3584 senioris
1333 3527 1522 3580 Romae
1562 3522 1763 3594 legati?

201 3621 389 3678 Revera
418 3626 799 3680 demonstrant
822 3636 998 3691 neque
1028 3619 1288 3674 canonice
1315 3631 1492 3687 neque
1525 3614 1763 3686 legitime

202 3713 295 3768 huc
320 3715 661 3777 convenisse,
689 3713 784 3766 sed
811 3727 880 3766 ex
919 3709 1174 3764 mandato
1199 3707 1384 3762 nescio
1410 3721 1536 3776 quo.
1577 3725 1593 3755 ι
1623 3705 1763 3757 Aca-

202 3803 303 3858 cius
322 3805 519 3860 Bermae
549 3803 690 3860 dixit
723 3821 735 3857 :
767 3822 784 3854 ‹
819 3801 1194 3856 Sacratissima
1236 3798 1478 3870 Augusta
1506 3794 1764 3867 praecepit

202 3895 280 3948 hic
295 3895 401 3950 ﬁeri
419 3894 773 3959 auditorium,
792 3902 1016 3963 propter
1037 3891 1323 3947 discidium
1343 3905 1466 3944 cum
1492 3888 1722 3944 Joanne.
1739 3905 1756 3938 ι

201 3986 428 4049 Quaestor
474 3994 830 4056 exasperatus
859 3985 996 4040 dixit
1029 4003 1041 4038 :
1077 4003 1094 4035 ‹
1131 3982 1242 4038 Cur
1281 3982 1462 4037 dicere
1508 3977 1760 4043 voluisti,

200 4077 476 4149 Augustam
549 4078 832 4134 insolitum
883 4075 1013 4146 quid
1080 4073 1356 4130 voluisse?
1421 4072 1561 4126 Num
1614 4069 1764 4125 solus

198 4167 417 4228 Joannes
441 4173 705 4246 Augusttn
735 4170 1110 4227 conviciatur?
1140 4169 1250 4224 Cur
1279 4181 1410 4224 vero
1450 4163 1763 4235 hujusmodi

198 4267 586 4322 accusationem
622 4265 710 4319 hic
740 4263 855 4319 fieri
893 4279 1031 4334 Opus
1060 4262 1180 4316 est?
1211 4260 1351 4315 Ecce
1379 4268 1439 4314 tu
1479 4259 1537 4313 in
1575 4256 1765 4327 primis

199 4359 526 4414 contumeliae
559 4369 841 4412 auctorem
870 4365 921 4411 te
954 4355 1106 4409 facis.
1137 4373 1154 4404 ι
1190 4349 1631 4406 Archimandrita
1660 4348 1762 4403 ait:

206 4466 222 4498 ι
261 4447 392 4504 Vere
420 4448 642 4514 dixisti;
678 4448 792 4518 ipsa
820 4456 1002 4502 autem
1037 4447 1143 4501 hoc
1174 4442 1535 4498 nihilominus
1573 4448 1768 4510 postu-

201 4536 333 4594 lavit.
384 4559 402 4590 ι
445 4541 516 4595 At
565 4539 854 4610 Aquilinus
907 4548 1160 4608 tanquam
1201 4534 1338 4591 nihil
1384 4533 1654 4596 audisset,
1692 4529 1769 4584 ait

199 4628 451 4700 episcopis
504 4649 516 4685 :
554 4651 573 4682 ι
628 4629 853 4700 Oportet
886 4629 995 4683 huc
1037 4627 1227 4681 adesse
1265 4625 1550 4684 Joannem,
1591 4629 1648 4676 ut
1701 4635 1768 4674 eo

199 4732 451 4789 praesente
497 4732 614 4777 tota
647 4723 872 4792 qumstio
902 4719 1214 4776 ventilctur.
1251 4736 1270 4768 ι
1301 4716 1424 4771 Mox
1463 4712 1771 4786 signiﬁcant

199 4810 377 4868 Joanni
409 4831 507 4885 per
535 4815 678 4870 duos
706 4813 962 4877 clericos,
1009 4811 1102 4881 qui
1132 4810 1199 4865 ab
1249 4809 1367 4880 ipso
1396 4805 1625 4863 ecclesia
1657 4804 1768 4859 fue-

201 4913 311 4960 rant
333 4908 513 4977 ejeeli,
558 4915 622 4962 ut
664 4905 732 4961 ad
770 4905 1083 4976 synedrium
1128 4901 1371 4956 accedat.
1422 4898 1493 4954 At
1529 4897 1770 4952 Joannes

198 4995 270 5051 sic
291 4998 371 5059 eis
399 4998 686 5071 respondit
717 5017 731 5052 :
770 5017 788 5050 ε
825 4997 947 5053 Non
977 4993 1242 5051 canonico
1288 5001 1480 5047 tenore
1527 4986 1765 5051 utimini,

200 5091 281 5157 (illi
307 5109 390 5148 me
422 5109 522 5165 per
552 5093 802 5148 inimicos
827 5091 1078 5147 homines
1105 5085 1406 5158 appellatis,
1471 5091 1532 5138 ut
1561 5079 1767 5137 inimici

200 5182 259 5236 ad
285 5182 531 5240 inimicos
555 5184 910 5254 judicandum
926 5181 1218 5238 deducant.
1245 5197 1262 5229 ι
1281 5171 1770 5232 Ριθιιιιετιιηιεῑωὶς-

201 5273 310 5331 liter
338 5279 429 5348 qui
475 5278 698 5334 stabant
730 5294 829 5349 pro
855 5278 1066 5332 Joanne
1091 5272 1332 5343 episcopi
1360 5276 1549 5324 contra
1585 5266 1769 5320 Theo-

198 5364 415 5435 philum,
447 5369 698 5425 dicentes
728 5386 741 5420 :
781 5387 798 5419 ‹
835 5368 999 5422 Extra
1040 5377 1246 5418 morem
1279 5368 1383 5424 est,
1435 5366 1494 5413 ut
1532 5354 1770 5411 Ecclesia

199 5469 384 5525 praeter
413 5475 657 5516 canones
685 5458 1030 5522 dissolvatur,
1062 5469 1224 5526 quam
1257 5449 1522 5506 Dominus
1549 5442 1770 5516 proprio

200 5551 448 5621 sanguine
487 5549 794 5620 acquisivit.
831 5547 1085 5619 Oportuit
1111 5559 1241 5615 ergo
1273 5551 1326 5597 te
1365 5538 1546 5610 potius
1581 5532 1769 5589 venire

200 5639 260 5697 Id
285 5657 382 5696 nos
405 5642 462 5696 in
507 5641 699 5696 urbem
733 5639 894 5710 justis
932 5638 1141 5710 legibus
1172 5632 1625 5690 administratam,
1659 5637 1770 5677 non

998 354 1083 408 DE
1125 353 1288 410 VITA
1328 353 1417 410 ET
1457 351 1727 410 EXSILIO
1767 355 1824 410 S.

1862 353 2153 411 JOANNIS
2190 353 2702 413 CHRYSOSTOMI.

1865 482 2048 528 autem
2071 489 2298 529 evocare
2327 474 2471 530 foras
2497 473 2742 539 Abelem,
2770 482 2829 529 ut
2856 473 2990 529 Cain
3014 473 3162 530 fecit.
3192 473 3274 531 Tu
3299 477 3448 534 enim

1866 578 1932 619 ex
1966 564 2128 619 unica
2155 564 2396 636 regione,
2421 579 2525 620 nos
2553 579 2620 618 ex
2647 563 2831 619 multis
2867 567 3240 635 provenimus,
3271 576 3328 624 ct
3367 584 3432 624 se.

1865 663 2013 726 ptem
2030 671 2193 727 supra
2213 657 2568 727 quadraginta
2585 657 2944 727 metropolita:
2959 674 3176 724 sumus;
3198 675 3448 730 aequum-

1865 765 1972 820 que
2000 759 2085 806 est
2126 759 2189 806 ut
2234 751 2519 821 pauciores
2560 766 2591 804 a
2637 751 2885 820 pluribus
2914 759 2968 805 et
3014 753 3225 808 diversa
3273 755 3446 825 patria

1865 840 2019 906 ortis,
2049 841 2384 911 judicentur.
2429 841 2563 908 Quae
2602 842 2645 896 si
2677 840 2915 912 ignoras,
2949 856 3098 897 nunc
3125 843 3294 900 disce.
3350 845 3443 900 Sin

1865 933 2145 1004 tyrannica
2169 934 2304 1005 agis,
2328 933 2465 988 nihil
2487 932 2585 988 tibi
2606 933 2867 1003 proderit,
2900 941 2995 986 aut
3018 941 3123 989 tua:
3146 936 3447 1004 tyrannidis

1867 1025 2053 1091 sociis,
2087 1026 2340 1081 Satauica
2384 1025 2660 1081 violentia.
2707 1043 2725 1076 ι
2761 1023 3015 1080 Attamen
3040 1025 3325 1095 Aquilinus
3369 1027 3448 1082 sic

1863 1117 2060 1174 Joanni
2112 1118 2431 1176 intimavit:
2475 1137 2493 1170 ‹
2546 1118 2661 1173 Nisi
2698 1117 2807 1172 huc
2854 1118 3018 1184 adsis,
3060 1127 3120 1173 ut
3165 1119 3445 1174 ambarum

1863 1212 2099 1280 partium
2128 1211 2296 1267 verba
2325 1210 2629 1278 audiamus,
2678 1219 2934 1281 tanquam
2980 1209 3170 1280 judicii
3199 1209 3449 1266 deserto-

1864 1316 1978 1355 rem
2009 1312 2062 1356 te
2091 1301 2175 1356 lex
2208 1302 2555 1358 condemnat.
2589 1302 2746 1369 Quod
2777 1303 2823 1358 si
2853 1302 3052 1366 aderis,
3090 1317 3315 1373 prorsus
3343 1317 3448 1358 no-

1863 1403 2038 1448 strum
2083 1393 2354 1464 judicium
2402 1410 2519 1461 eos,
2575 1395 2667 1467 qui
2711 1395 2852 1450 male
2893 1395 2946 1450 id
3003 1395 3444 1466 provocaverint,

1862 1495 2137 1557 coarguet.
2153 1506 2171 1538 ι

1931 1578 2021 1633 2i.
2050 1578 2191 1650 Ergo
2225 1579 2446 1635 advenit
2473 1579 2710 1637 Joannes
2743 1581 2910 1636 multa
2940 1596 3064 1636 cum
3096 1582 3272 1637 turba.
3305 1581 3444 1636 Tum

1857 1683 2146 1753 jusserunt
2170 1685 2386 1756 judices
2413 1695 2473 1741 ut
2503 1687 2792 1758 Theophili
2828 1687 3056 1743 comites
3081 1695 3232 1742 extra
3273 1687 3444 1758 pelle-

1863 1798 2080 1855 rentur,
2125 1799 2182 1844 et
2210 1791 2284 1845 illi
2310 1790 2536 1847 Joannis
2561 1807 2672 1847 non
2715 1792 3132 1863 ingrederentur
3177 1801 3448 1863 :uterque

1860 1900 2042 1947 autem
2069 1893 2310 1964 quinque
2333 1895 2618 1966 episcopos
2641 1911 2830 1952 secum
2860 1896 3106 1950 haberet.
3135 1896 3202 1949 Et
3225 1895 3446 1965 sapien-

1862 1988 2108 2045 tissmus
2154 1991 2446 2061 Aquilmus
2490 2006 2614 2046 cum
2665 1991 2877 2060 reliquo
2931 1991 3192 2046 tribunali
3245 1990 3380 2046 dixit
3429 2009 3441 2045 :

1868 2104 1886 2137 ι
1916 2085 2296 2158 Ingrediantur
2326 2088 2601 2153 monachi,
2626 2089 2720 2159 qui
2748 2087 2960 2144 libellos
2983 2089 3258 2159 supplices
3287 2086 3448 2142 exhi-

1865 2187 1993 2243 bere
2025 2187 2232 2242 volunt.
2255 2204 2273 2238 ›
2294 2184 2498 2240 Ilivero
2517 2183 2750 2255 ingressi
2767 2190 3035 2239 suntcum
3049 2183 3284 2250 duobus,
3301 2201 3442 2256 quos

1862 2279 2102 2334 Joannes
2137 2281 2488 2348 presbyteros
2532 2275 2884 2331 ordinaverat
2918 2294 2930 2329 :
2976 2292 3116 2346 quos
3148 2277 3439 2347 Aquilinus

1862 2378 2103 2443 quaestor
2127 2369 2422 2438 aspiciens,
2461 2374 2514 2422 et
2537 2375 2757 2424 sanctos
2791 2366 3040 2423 homines
3079 2383 3201 2424 esse
3233 2369 3434 2432 sciens,

1863 2465 1939 2518 ait
1961 2461 2302 2530 Theophila:
2336 2479 2355 2512 ι
2386 2459 2430 2515 Ο
2467 2460 2728 2530 praeclare
2748 2459 3023 2529 episcope,
3065 2475 3313 2529 quaenam
3340 2461 3440 2514 fuit

1861 2579 2044 2632 causa,
2065 2573 2160 2620 aut
2188 2580 2310 2635 quae
2343 2563 2486 2619 ratio
2514 2564 2611 2618 tibi
2641 2569 2831 2628 suasit,
2867 2574 2929 2620 ut
2954 2561 3184 2632 sumptis
3199 2560 3447 2616 militari-

1861 2662 1963 2717 bus
2008 2661 2174 2716 armis
2214 2669 2405 2716 contra
2435 2662 2536 2715 hos
2583 2661 2882 2714 monachos
2912 2660 3174 2730 impetum
3210 2657 3442 2724 faceres,

1861 2772 2064 2828 eosque
2080 2757 2364 2827 spoliares,
2384 2757 2594 2812 baculis
2619 2757 2958 2822 verberares,
2981 2764 3038 2810 et
3054 2753 3446 2810 exterminares

1863 2876 1970 2916 una
2001 2875 2125 2917 cum
2153 2862 2363 2917 Isidoro
2393 2861 2711 2934 presbytero
2739 2876 2868 2917 vere
2898 2859 3118 2927 celebri,
3152 2859 3248 2914 Dei
3285 2859 3445 2914 timo-

1863 2985 1977 3024 rem
2039 2978 2096 3024 et
2155 2969 2501 3025 dominorum
2550 2985 2767 3041 semper
2801 2968 3096 3024 timendam
3152 2967 3449 3023 vindictam

1864 3075 2267 3131 contemnens?
2305 3093 2323 3126 ι
2370 3075 2454 3130 Ad
2498 3075 2615 3131 haec
2647 3074 2987 3145 Theophilus
3023 3092 3036 3128 :
3089 3093 3106 3124 ι
3162 3071 3447 3143 Tanquam

1863 3180 2152 3236 haereticos
2181 3189 2237 3235 et
2266 3179 2548 3235 dioecesim
2579 3194 2754 3235 meam
2785 3180 3183 3244 subvertentes,
3224 3178 3295 3232 ita
3337 3185 3449 3232 tra-

1862 3278 2024 3334 ctavi.
2052 3296 2070 3329 »
2098 3277 2348 3343 Quaestor
2372 3276 2540 3330 dixit:
2579 3295 2597 3327 ‹
2615 3275 2736 3330 Νοιι
2761 3275 3007 3346 cogitasti
3031 3275 3194 3330 illud:
3221 3275 3449 3329 ereti—

3285 373 3448 416 LIle

1863 3400 1982 3437 cum
2011 3384 2272 3437 hominem
2299 3391 2412 3452 post
2439 3398 2597 3435 unam
2629 3390 2678 3436 et
2726 3381 2954 3435 alteram
2983 3382 3321 3436 monitionem
3359 3384 3450 3436 de-

1863 3495 1972 3548 vita
2003 3493 2126 3564 (Tit.
2159 3495 2212 3559 '5,
2247 3492 2335 3562 10)
2361 3509 2374 3557 ;
2406 3506 2518 3546 non
2539 3498 2723 3545 autem
2754 3489 3066 3560 hujusmodi
3092 3489 3338 3546 cladibus
3365 3498 3452 3548 at-

1865 3614 1971 3670 que
2011 3597 2338 3654 omnimodis
2366 3597 2522 3652 malis
2557 3597 2778 3652 obrue?
2818 3615 2836 3647 ι
2879 3596 3214 3667 Theophilus
3254 3597 3449 3652 obmu-

1868 3705 1989 3760 tuit.
2025 3704 2231 3760 Deinde
2261 3702 2546 3759 monachis
2577 3703 2720 3758 idem
2749 3711 2988 3772 quaestor
3017 3701 3092 3756 ait
3123 3720 3136 3755 :
3179 3719 3198 3752 ‹
3240 3700 3342 3768 Qui
3373 3711 3454 3757 tot

1866 3828 2078 3884 pugnas
2108 3813 2418 3867 dmmonum
2463 3809 2672 3881 experti
2703 3809 2854 3875 estis,
2888 3825 3035 3864 nunc
3065 3809 3341 3878 patientiae
3367 3810 3452 3864 vi-

1867 3933 2053 3990 gorem
2080 3915 2369 3972 amisistis?
2413 3935 2432 3966 ›
2467 3914 2548 3968 Illi
2576 3913 2978 3984 responderunt
3008 3931 3019 3966 :
3056 3932 3074 3964 ‹
3106 3913 3452 3969 Intoleranda

1866 4026 1951 4080 vis
1981 4041 2010 4080 a
2037 4025 2218 4095 priore
2243 4039 2397 4079 more
2418 4021 2689 4078 declinare
2720 4035 2820 4074 nos
2846 4019 3108 4089 compulit
3131 4036 3147 4085 ;
3173 4019 3286 4088 jam
3307 4017 3465 4072 enim.

1868 4147 1900 4186 a
1933 4131 2288 4201 quadraginta
2337 4128 2494 4182 annis
2523 4128 2578 4180 in
2612 4143 2678 4181 eo
2724 4125 3033 4181 habitaculo
3075 4123 3448 4178 versabantur.

1869 4238 2098 4307 Insuper
2132 4244 2187 4290 et
2216 4234 2395 4304 inclyti
2424 4231 2608 4286 Patres
2642 4232 2836 4286 Petrus
2861 4245 2925 4284 ac
2950 4229 3291 4293 Timotheus,
3329 4242 3454 4282 cum

1866 4362 1969 4402 nos
2004 4343 2340 4407 invisisscnt,
2379 4349 2434 4396 et
2461 4338 2665 4408 aliquot
2687 4337 2754 4391 de
2787 4333 2990 4389 nostris
3021 4346 3183 4402 quam
3214 4331 3452 4386 aestima-

1872 4452 2010 4507 biles
2037 4458 2222 4505 essent
2246 4447 2615 4519 agnovissent,
2650 4441 2962 4497 nullatenus
2990 4436 3151 4493 nobis
3181 4436 3453 4492 adversati

1869 4567 2020 4623 sunt,
2057 4555 2154 4611 sed
2173 4562 2230 4608 et
2247 4561 2464 4608 nostras
2491 4563 2682 4620 preces
2714 4544 3077 4608 ambiverunt,
3113 4555 3321 4612 nosque
3352 4540 3454 4596 ho-

1869 4672 2132 4721 norantes
2157 4669 2214 4717 et
2242 4659 2650 4720 conﬁrmantes,
2694 4669 2819 4709 mox
2868 4649 3111 4721 epistolis
3153 4649 3268 4705 suis
3297 4663 3455 4719 roga-

1868 4777 2018 4836 runt,
2050 4775 2108 4822 ut
2134 4767 2189 4820 in
2210 4764 2467 4836 precibus
2489 4774 2760 4817 memores
2784 4758 3001 4813 illorum
3021 4770 3144 4811 esse
3170 4755 3452 4810 vellemus.

1868 4875 2059 4945 Itaque
2085 4873 2199 4928 sive
2220 4869 2364 4941 quod
2385 4865 2656 4923 verberati
2679 4864 2903 4927 fuimus,
2924 4861 3039 4916 sive
3054 4859 3200 4930 quod
3223 4858 3453 4929 expulsi,
3489 4882 3496 4914 ι

1871 4981 1925 5035 id
1966 4993 2129 5035 omne
2169 4978 2283 5032 Deo
2312 4972 2677 5037 dimittimus;
2706 4983 2877 5023 unum
2919 4966 3175 5038 petimus,
3208 4972 3268 5019 ut
3299 4963 3458 5020 nobis

1871 5085 2243 5142 habitaculum
2273 5086 2522 5136 nostrum
2543 5077 2822 5142 reddatur,
2855 5082 2916 5129 ut
2945 5073 3053 5129 illic
3085 5072 3152 5128 ad
3183 5071 3457 5143 paeniten-

1874 5195 2002 5249 tiam
2032 5190 2294 5263 agendam
2324 5193 2541 5242 nosmet
2570 5180 2915 5252 recipiamus.
2961 5197 2980 5232 ι
3010 5176 3223 5234 Excelsi
3257 5183 3456 5247 prmio-

1875 5316 1963 5356 res
1997 5313 2103 5353 una
2133 5310 2258 5351 cum
2304 5290 2559 5362 Aquilino
2610 5288 2867 5344 dixerunt
2911 5303 2923 5339 :
2972 5304 2991 5336 ι
3051 5283 3197 5338 Bene
3245 5279 3456 5340 facitis;

1875 5403 2137 5474 scriptum
2168 5406 2252 5454 est
2295 5395 2442 5452 enim
2476 5413 2488 5449 :
2520 5393 2648 5459 Quis
2691 5408 2783 5446 nos
2823 5389 3090 5460 separabit
3131 5403 3163 5438 a
3201 5383 3460 5438 charitate

1877 5505 2072 5562 Christi
2117 5501 2290 5574 (Rom.
2333 5499 2388 5564 8,
2420 5495 2928 5568 55)?Quamobrem
2967 5497 3113 5546 recte
3137 5487 3459 5554 sentientes,

1879 5613 1944 5666 ad
1999 5609 2286 5665 stationem
2336 5615 2572 5661 vestram
2618 5597 2960 5658 laudabiliter
3001 5593 3378 5654 revertemini.
3433 5604 3458 5642 υ

263 5801 332 5871 (ὑ)
380 5800 653 5858 Palladius
688 5799 744 5854 in
778 5797 1018 5870 Dialogo.
1047 5796 1206 5852 infra.
1250 5791 1381 5847 dicit
1416 5806 1478 5844 XL
1528 5786 1832 5858 episcopos,
1870 5793 2099 5855 quorum
2131 5795 2206 5834 vtt
2241 5773 2618 5847 metropolitte.
