4018 6414
563 380 673 421 LXX
681 382 711 417 ν

561 478 673 550 ψαν
697 476 892 538 αὐτοὺς
913 472 1049 545 πρὸς
1082 474 1174 527 τὸν
1205 475 1430 546 βασιλέα
1458 478 1812 543 διδάσκοντας
1855 479 2048 533 ταῦτα.
2084 478 2145 529 '0

561 572 621 628 δὲ
643 571 896 643 βασιλεὺς
912 569 1236 642 ὠφεληθεὶς,
1265 573 1357 626 καὶ
1382 572 1476 627 τοῦ
1498 575 1629 645 πρὶν
1651 574 1946 630 σκανδάλου
1975 574 2150 628 ἀπαλ-

563 665 772 736 λαγεὶς,
803 665 952 736 δῶρα
985 665 1085 737 μὲν
1109 666 1436 740 θελήσαντος
1466 671 1652 733 αὑτοῖς
1677 669 1881 734 δοῦναι,
1910 671 2012 725 οὐκ
2038 670 2149 724 ἐδέ-

563 763 754 828 ξαντο·
788 754 1023 836 ἔγραψεν
1054 765 1112 819 δὲ
1141 766 1235 820 καὶ
1268 766 1345 838 τῷ
1377 768 1596 838 ἄρχοντι
1638 766 1708 820 τά
1750 765 1938 820 κελλία
1966 766 2147 821 αὑτῶν

559 857 936 930 οἰκοδομῆσαι,
961 861 1057 915 καὶ
1084 861 1153 914 τὰ
1179 862 1317 934 πρὸς
1336 862 1433 934 τὴν
1462 863 1654 934 χρείαν
1692 862 1912 933 δοθῆναι
1941 863 2146 926 αὑτοῖς,

561 957 658 1010 καὶ
704 958 876 1011 οίκεῖν
911 957 1318 1029 άδιαστρόφως·
1365 959 1537 1014 ταῦτα
1589 962 1686 1016 καὶ
1732 961 1832 1031 τῆς
1879 959 2149 1032 βασιλίδος

561 1052 777 1125 παραθε
787 1052 976 1124 μένης.

633 1146 740 1218 κβν.
782 1148 1057 1213 Ἀκυλῖνος
1101 1150 1159 1203 δὲ
1197 1152 1450 1224 κυέστωρ
1497 1153 1632 1225 πρὸς
1665 1154 1921 1224 Ἰωάννην
1952 1148 2106 1206 εἶπεν
2130 1166 2144 1180 ·

571 1264 588 1295 ς
613 1245 728 1299 Οὑκ
755 1244 994 1316 ἤκουσας
1012 1247 1206 1301 τούτου
1234 1249 1648 1321 κηρυσσομένου
1665 1290 1680 1315 ,
1717 1250 1826 1305 Τὸν
1857 1249 2006 1305 Θεὸν
2039 1265 2147 1318 goo-

565 1340 784 1405 ϐεῖσθε,
813 1340 921 1395 τόν
948 1342 1216 1406 ,ϐασιλέα
1239 1343 1479 1414 τιμᾶτε;
1510 1346 1608 1410 Τίς
1635 1341 1726 1400 οὖν
1752 1347 1786 1417 ἡ
1807 1347 1956 1400 αἰτία
1993 1344 2058 1398 δι’
2083 1344 2149 1416 ἢν

563 1433 736 1499 οὕτως
762 1435 1090 1509 κατεπαίρου
1145 1437 1247 1508 τῆς
1273 1437 1564 1512 θεόφρονος
1593 1441 1941 1513 Αὑγούστης;
1978 1460 1996 1493 ›
2040 1441 2151 1494 Kal

563 1530 870 1602 ἀνέστησαν
901 1533 951 1585 οἱ
980 1533 1107 1606 περὶ
1151 1534 1479 1607 Σευηριανὸν
1509 1537 1625 1608 ἅμα
1664 1541 1778 1602 τοῖς
1818 1537 1999 1600 ἄλλοις
2021 1535 2152 1606 κρά-

563 1626 780 1690 ζοντες·
824 1629 978 1701 «Τῆς
1003 1629 1320 1701 Αὑγούστης
1370 1631 1542 1688 πολλά
1597 1634 1664 1687 τὰ
1713 1635 1833 1704 ἐτη,
1894 1633 1989 1686 καὶ
2035 1631 2150 1685 τῶν

564 1723 774 1796 ἐχθρῶν
823 1723 993 1793 αὑτῆς
1036 1727 1102 1794 τῇ
1138 1726 1488 1797 Προκονήσῳ.
1520 1745 1539 1779 ι
1576 1717 1851 1786 Ἀκυλῖνος
1873 1727 1990 1798 ἅμα
2029 1730 2148 1790 τοῖς

561 1819 767 1884 λοιποῖς
807 1813 988 1873 εἶπεν·
1015 1839 1033 1870 ι
1057 1820 1268 1891 Πρέπει
1296 1822 1426 1893 ὑμῖν
1457 1822 1555 1895 τὴν
1578 1824 1879 1896 ἱερωσύνην
1906 1825 2146 1879 ἀπείπα-

565 1919 710 1986 σθαι,
741 1920 836 1973 καὶ
862 1918 1234 1990 ἀποθεμένους
1256 1921 1326 1976 τά
1356 1923 1630 1994 ἱερατικά,
1655 1923 1929 1995 δημοτικὰ
1955 1924 2148 1978 ἀναλα-

566 2020 700 2086 ϐεῖν,
727 2021 821 2074 καὶ
853 2019 1176 2091 δημοτικαῖς
1221 2022 1524 2093 κεχρῆσθαι
1574 2027 1815 2093 φωναῖς;
1853 2043 1872 2076 ι
1909 2027 2003 2078 καὶ
2039 2027 2148 2080 οὐδ’

563 2121 735 2184 οὑτως
762 2120 862 2174 οὑκ
891 2118 1177 2178 ἐπαύοντο.
1238 2121 1298 2174 ’0
1337 2123 1394 2175 δὲ
1432 2122 1691 2192 Θεόφιλος
1736 2121 1919 2178 εἶπεν·
1973 2146 1992 2178 ι
2028 2127 2149 2182 Τῶν

565 2224 740 2278 ποδῶν
767 2222 920 2296 ὑμῶν
962 2223 1174 2294 δέομαι,
1222 2224 1340 2290 πῶς
1373 2219 1526 2291 οὗτος
1553 2228 1803 2284 καθεῖλέν
1835 2248 1925 2301 με,
1956 2229 2150 2302 μαθεῖν

563 2325 728 2380 θέλω·
768 2325 862 2379 καὶ
911 2326 1040 2388 τοὺς
1081 2325 1310 2397 ἐχθρούς
1346 2345 1448 2398 μου
1494 2330 1803 2400 αίρετικοὺς
1841 2331 2001 2395 ὄντας
2033 2335 2150 2398 πῶς

561 2432 1012 2503 ἐχειροτόνησεν;
1050 2451 1069 2482 ι
1116 2433 1176 2484 ’0
1223 2434 1473 2506 κυέστωρ
1517 2435 1621 2508 ἔφη
1648 2454 1661 2468 ·
1696 2457 1714 2490 ι
1751 2439 1862 2510 Οὑχ
1903 2431 2055 2503 οὗτός
2089 2457 2149 2494 σε

563 2529 830 2594 καθεῖλεν,
868 2531 982 2584 ἀλλ’
1029 2534 1058 2585 6
1079 2534 1386 2604 Κορυφαῖος
1421 2535 1531 2588 τῶν
1561 2535 1878 2591 ἀποστόλων
1925 2538 2042 2608 ἅμα
2069 2539 2150 2611 τῷ

564 2631 788 2702 μεγάλῳ
833 2632 1196 2704 Ἰννοκεντίῳ·
1242 2635 1373 2707 περὶ
1403 2636 1461 2689 δέ
1485 2636 1592 2690 τῶν
1637 2639 2147 2710 χειροτονηθέντων,

560 2733 613 2785 τί
645 2733 1119 2806 φιλεγκλημονείς,
1161 2736 1324 2801 αὑτὸς
1357 2739 1423 2791 σὺ
1460 2737 1624 2792 πάθει
1665 2739 1998 2810 κατηγορίας
2037 2741 2152 2812 ἐχό-

563 2850 757 2904 μενοςς
797 2853 815 2885 ι
848 2836 958 2888 Kal
987 2837 1149 2890 πάλιν
1188 2836 1446 2909 φοϐηθεὶς
1487 2839 1762 2911 ἐφιμώθη.
1797 2837 1930 2895 Εἶτα
1963 2842 2151 2911 λέγου-

563 2953 617 2989 σι
667 2935 745 3008 τῷ
771 2935 842 3008 (f.
873 2935 936 2991 74
963 2937 1024 3004 a)
1069 2939 1288 3011 Ἰωάννῃ
1311 2955 1323 2968 ·
1367 2961 1385 2991 ‹
1421 2942 1699 3013 Προσήκει
1727 2960 1787 2996 σε
1820 2946 1933 3010 τοῖς
1955 2947 2151 3015 ἐπαγο-

564 3039 746 3110 μένοις
794 3057 877 3094 σοι
903 3041 1346 3112 ἀπολογήσασθαι
1383 3045 1476 3097 καὶ
1511 3044 1703 3112 δεῖξαι,
1732 3047 1876 3110 τίνος
1908 3048 2066 3121 χάριν
2090 3051 2147 3105 αί

559 3140 817 3196 τοσαῦται
841 3142 992 3213 παρὰ
1024 3141 1117 3195 σοῦ
1144 3142 1445 3215 δυσφημίαι
1471 3146 1609 3199 κατά
1631 3147 1731 3217 τῆς
1753 3149 2150 3222 εύκλεεστάτης

561 3238 830 3309 βασιλίδος
880 3243 1311 3316 περιηχήθησαν.
1364 3264 1383 3297 ι
1443 3245 1500 3298 '0
1543 3244 1599 3299 δὲ
1650 3247 1905 3321 Ἰωάννης
1955 3246 2143 3304 εἶπεν·

563 3361 583 3391 ι
614 3341 675 3393 Ei
719 3342 817 3412 μὲν
845 3345 926 3405 εἰς
949 3342 1042 3396 τὸν
1073 3344 1352 3414 Δεσπότην
1377 3363 1480 3416 μου
1507 3347 1742 3416 Χριστὸν
1762 3351 2142 3424 ἐδυσφήμησα,

558 3439 750 3494 ἑαυτὸν
782 3441 986 3494 ἐκδικεῖ
1011 3457 1023 3470 ·
1057 3442 1183 3496 εἰδὲ
1224 3445 1354 3515 περὶ
1395 3444 1683 3516 ἀνθρώπου
1708 3450 1875 3515 ἐστὶν,
1911 3452 2146 3522 μάλιστα

556 3541 614 3592 δὲ
668 3541 761 3593 καὶ
809 3541 938 3613 περὶ
991 3545 1270 3610 γυναικὸς,
1306 3544 1420 3614 ἐγὼ
1476 3548 1604 3618 περὶ
1655 3548 1847 3602 τούτου
1877 3551 2036 3621 λόγον
2081 3555 2144 3607 οὑ

557 3641 839 3711 ποιοῦμαι.
874 3661 891 3692 ι
920 3644 1030 3696 Kal
1072 3645 1314 3710 ἀναστὰς
1358 3647 1582 3719 ἐξῆλθεν
1607 3650 2010 3723 ἀναπολόγητος
2043 3654 2142 3724 (a).

557 3739 835 3806 Ἀ’κυλῖνος
865 3741 1114 3815 κυέστωρ
1139 3743 1287 3814 λέγει
1315 3765 1327 3778 ·
1347 3805 1365 3816 ⁹
1388 3768 1406 3799 ι
1447 3749 1593 3814 Ἐγὼ
1635 3752 1868 3816 κανόνας
1905 3754 2006 3807 οὑκ
2052 3756 2146 3808 ἁν-

555 3841 747 3910 έγνων·
769 3842 930 3912 ὑμεῖς
951 3843 1149 3911 οἴδατε,
1181 3846 1233 3898 τί
1253 3847 1496 3917 ὀφείλετε
1556 3853 1635 3917 είς
1666 3854 1828 3908 αὑτὸν
1862 3856 2085 3926 πρᾶξαι.
2121 3876 2139 3909 ι

555 3943 664 3995 Kal
695 3943 854 4008 εὐθὺς
877 3946 1209 4010 ἀναστάντες
1240 3947 1480 4020 ἐξῆλθον.

624 4051 729 4111 κγ’.
764 4043 876 4098 Kal
907 4045 1396 4102 συνεϐουλεύσαντο
1416 4050 1464 4102 οἱ
1492 4052 1618 4123 περὶ
1645 4051 1904 4121 Θεόφιλον
1934 4056 2028 4109 καὶ
2051 4057 2146 4109 τύ-

552 4161 727 4200 πωσιν
777 4145 848 4217 (b)
893 4146 970 4211 ὡς
1021 4149 1087 4202 ἐκ
1122 4149 1332 4204 πολλῶν
1381 4153 1701 4206 ἐπισκόπων
1743 4158 2139 4229 γεγενημένην,

549 4249 645 4302 καὶ
673 4246 887 4302 δίδωσιν
916 4248 1086 4320 αὐτὴν
1107 4249 1187 4320 τῷ
1215 4249 1442 4321 βασιλεῖ.
1487 4253 1546 4306 Ὀ
1575 4253 1633 4306 δὲ
1663 4253 1724 4306 τὸ
1751 4256 1926 4326 κρῖμα
1956 4257 2143 4321 αὑτοῖς

549 4348 842 4418 ἐπιρῤίψας
873 4344 1044 4403 εἶπεν·
1089 4369 1108 4400 ‹
1146 4351 1239 4419 Τῷ
1268 4353 1495 4422 κρίματι
1525 4353 1701 4422 ὑμῶν,
1733 4355 1809 4416 ὡς
1843 4357 2137 4412 συνοίδατε·

551 4450 708 4516 ὑμεῖς
731 4447 949 4517 ὄψεσθε.
987 4467 1006 4499 ι
1043 4450 1154 4503 Kal
1182 4449 1403 4521 δηλοῦσι
1429 4452 1509 4522 τῷ
1557 4453 1781 4527 Ἰωάννῃ
1807 4455 1897 4509 διὰ
1924 4459 2144 4529 Μαρια-

549 4546 641 4600 νοῦ
672 4545 765 4604 τοῦ
791 4545 1105 4619 μειζοτέρω
1135 4549 1234 4618 τῆς
1263 4549 1584 4621 βασιλίσσης
1614 4553 1708 4605 καὶ
1733 4553 2012 4627 κληρικῶν
2035 4560 2143 4613 τῶν

549 4650 681 4718 παρ’
729 4646 893 4704 αὑτοῦ
956 4647 1355 4720 ἐκϐληθέντων,
1415 4650 1510 4706 τοῦ
1548 4651 1784 4717 ἐξελθεῖν
1814 4656 1914 4727 τῆς
1944 4659 2142 4732 ἐκκλη-

551 4749 692 4812 σίας.
742 4750 798 4802 '0
819 4748 876 4805 δὲ
897 4749 1173 4822 άντιδηλοῖ
1194 4752 1378 4814 αὑτοῖς
1411 4752 1604 4806 ταῦτα·
1640 4774 1657 4805 ι
1700 4755 1842 4826 Ἐγὼ
1872 4758 2025 4830 παρὰ
2045 4761 2141 4814 τοῦ

547 4854 801 4924 Σωτῆρος
845 4851 1084 4924 Χριστοῦ
1119 4853 1470 4923 ἐπιδέδεγμαι
1508 4856 1606 4926 τὴν
1652 4857 2003 4930 Ἐκκλησίαν,
2039 4861 2136 4916 καὶ

546 4955 647 5007 οὑκ
679 4953 974 5027 ἐξέρχομαι
1013 4954 1252 5026 ἐμαυτοῦ
1282 4958 1384 5024 lc),
1422 4956 1518 5011 ἐὰν
1550 4959 1626 5031 μὴ
1655 4957 1748 5030 βίᾳ
1771 4977 1838 5030 με
1871 4960 2136 5032 ἐξὼσητε,

545 5059 632 5112 ἴνα
660 5057 769 5127 ἔχω
801 5060 1096 5128 ἀπολογίαν
1123 5061 1324 5126 πᾶσαν,
1360 5063 1442 5114 ὅτι
1471 5062 1649 5135 ἥνπερ
1679 5066 1709 5117 6
1748 5063 1882 5128 Θεὸς
1910 5067 2140 5120 κατεπίο

544 5174 791 5222 στευσεν,
824 5161 961 5229 γυνή
1007 5161 1322 5232 μεταύτης
1357 5163 1668 5234 ἐστέρησεν.
1709 5184 1726 5216 ›
1773 5165 1906 5218 Τότε
1948 5169 1975 5220 6
2016 5168 2138 5221 Ma-

544 5258 726 5328 ριανὸς
755 5256 846 5329 βίᾳ
879 5259 1111 5323 ἑλκύσας
1139 5261 1302 5316 αὑτὸν
1337 5260 1610 5329 ἐξέϐαλεν·
1649 5265 1812 5331 εὐθὺς
1855 5267 1914 5322 δὲ
1952 5285 2136 5344 χειρο-

614 5507 694 5572 (a)
725 5507 1160 5586 Cur_Eudox_iam
1181 5507 1412 5586 _pu_biig_e
1443 5508 1637 5576 (tacito
1667 5520 1849 5564 tamen
1882 5514 2131 5586 nomine)

546 5589 656 5628 non
687 5577 859 5651 _semel
887 5577 1310 5651 reprehenderit
1333 5577 1778 5651 Chrysoslomus,
1815 5593 2042 5651 apparet
2067 5577 2132 5640 ei

545 5642 760 5719 cognita
801 5642 1165 5719 rapag'issima:
1213 5663 1276 5702 ac
1321 5642 1571 5717 supérba:
1600 5642 1974 5719 reginieii'la.
2018 5653 2134 5708 Imo

545 5709 790 5786 ejii§deni
828 5709 896 5766 ad
927 5714 1287 5786 Epiphanium
1334 5709 1620 5786 re'sponsio
1659 5709 1714 5773 ἔι
1756 5718 1939 5782 ηιίηξιε,
1991 5723 2131 5779 infra

548 5777 856 5839 recitandae.
910 5777 1044 5837 saiié
1086 5788 1248 5841 etiam
1313 5777 1673 5860 irrciigiosam
1725 5777 2124 5849 demon’stranti.

1737 351 2086 419 THEODORI
2126 357 2660 421 TRIMITHUNTINI

3678 382 3841 425 LI!"

2248 480 2493 536 τονοῦσιν
2521 482 2636 537 ἀντ’
2671 480 2837 535 αὑτοῦ
2877 482 2968 536 τὸν
3009 482 3298 556 Ἀρσάκιον
3329 481 3430 553 (d).
3458 483 3570 538 Kal
3596 484 3660 538 οὑ
3703 485 3842 554 μετά

2249 581 2384 636 πολὺ
2413 582 2502 637 διὰ
2544 585 2604 638 τὸ
2642 584 3053 657 ἀνοσιούργημα
3089 586 3151 640 τὸ
3188 585 3386 648 ἀδίκως
3411 584 3657 656 πραχθὲν
3697 587 3842 641 κατὰ

2247 684 2342 738 τοῦ
2373 685 2604 749 δικαίου,
2641 685 2755 758 πῦρ
2800 688 2866 740 ἐκ
2904 686 3000 740 τοῦ
3031 684 3261 759 ούρανοῦ
3292 685 3459 740 πεσὸν
3500 686 3844 740 κατέκαυσεν

2249 785 2347 855 τὴν
2377 784 2672 855 ἐκκλησίαν
2701 783 2830 839 ἔνθα
2863 785 3164 856 κατέμενεν
3189 787 3218 839 6
3240 786 3534 849 ἐπίσκοπος
3563 784 3839 857 Ἰωάννης·

2250 887 2344 939 καὶ
2390 885 2686 957 διαδραμὸν
2728 887 2788 940 τὸ
2825 885 2938 956 πῦρ
2977 886 3207 951 πολλοὺς
3248 887 3446 951 τόπους
3493 886 3839 959 ἐνεπύρισεν.

2249 989 2360 1044 Kal
2396 987 2554 1053 εὐθὺς
2592 993 2626 1061 ἡ
2675 990 2829 1054 πόλις
2868 990 2960 1044 τὸν
3007 991 3295 1063 Ἀρσάκιον
3331 989 3572 1056 ἐδίωξεν,
3615 989 3712 1042 καὶ
3746 988 3842 1043 τὸν

2262 1090 2514 1162 Ἰωάννην
2547 1091 2780 1160 εἰσάγει,
2821 1089 3110 1154 νεύσαντος
3137 1090 3232 1144 τοῦ
3269 1089 3552 1162 βασιλέως.
3589 1089 3702 1143 Καὶ
3734 1089 3838 1144 πά-

2248 1189 2332 1242 λιν
2370 1189 2723 1260 συναχθέντες
2754 1192 2805 1244 οί
2836 1193 2964 1262 περὶ
2999 1190 3258 1260 Θεόφιλον
3288 1189 3725 1245 ἐνδιαϐάλλουσιν
3747 1189 3841 1244 τὸν

2264 1290 2516 1362 Ἰωάννην
2557 1292 2830 1362 λέγοντες·
2867 1313 2886 1345 ι
2924 1291 3177 1358 Βασιλεῦ,
3205 1293 3364 1362 ἡμεῖς
3397 1291 3582 1363 κρίσιν
3617 1293 3841 1363 ἀπεφη-

2249 1392 2482 1463 νάμεθα,
2516 1394 2610 1447 καὶ
2633 1394 2840 1463 ὀφείλει
2867 1395 3040 1458 οὑτως
3066 1391 3340 1463 γενέσθαι·
3372 1392 3472 1462 τὴν
3502 1391 3612 1462 γὰρ
3633 1391 3840 1462 ἐκκλη-

2253 1491 2374 1546 σίαν
2402 1492 2542 1563 μετά
2570 1493 2891 1564 καθαίρεσιν
2913 1494 3076 1558 αὑτὸς
3109 1493 3449 1564 ἐνεπύρισεν.
3488 1509 3507 1541 ι
3548 1490 3660 1544 Kal
3693 1505 3837 1562 παρ-

2249 1593 2460 1658 ώξυναν
2477 1594 2569 1648 τὸν
2597 1594 2844 1666 βασιλέα,
2875 1595 2972 1648 καὶ
2995 1593 3130 1649 ἄλλα
3164 1593 3336 1647 πολλὰ
3361 1592 3838 1666 καταλαλήσαντες

2249 1694 2392 1749 κατὰ
2441 1695 2536 1749 τοῦ
2585 1697 2854 1752 Ἰωάννου.
2916 1697 2974 1750 ’0
3018 1697 3075 1750 δὲ
3119 1696 3372 1768 βασιλεὺς
3419 1695 3586 1764 λέγει·
3625 1713 3643 1746 ι
3692 1692 3839 1762 Ἐγὼ

2247 1794 2424 1858 άθῶός
2457 1796 2571 1867 είμι
2593 1795 2686 1850 τοῦ
2715 1795 2980 1868 κρίματος
3009 1796 3220 1851 τούτου·
3248 1797 3406 1868 ὑμεῖς
3428 1793 3648 1865 ὄψεσθε,
3680 1793 3839 1864 ὑμῶν

2250 1894 2395 1948 ἐστιν
2426 1895 2487 1949 τὸ
2516 1899 2708 1967 κρῖμα·
2746 1899 2774 1952 6
2824 1898 2956 1960 Θεὸς
2999 1899 3062 1952 τὸ
3115 1899 3290 1971 κρῖμα
3331 1895 3497 1950 αὑτοῦ
3540 1893 3704 1949 δώσει
3756 1896 3839 1960 είς

2248 1995 2347 2061 τὰς
2370 1997 2610 2067 κεφαλάς
2641 1999 2815 2070 ὑμῶν.
2848 2019 2866 2052 ι
2897 2001 3008 2055 Kal
3029 1999 3180 2072 δηλοῖ
3205 2001 3233 2053 6
3263 1999 3515 2072 βασιλεὺς
3539 1998 3619 2068 τῷ
3661 1998 3843 2052 Ἰωάν-

2248 2114 2313 2170 νῃ
2350 2098 2543 2152 ταῦτα·
2590 2119 2610 2152 ι
2659 2100 2718 2154 'U
2744 2101 2902 2173 χορὸς
2928 2100 3036 2155 τῶν
3065 2099 3374 2172 λεγομένων
3406 2098 3594 2171 ἱερέων
3621 2097 3681 2151 τὸ
3712 2098 3841 2170 περὶ

2253 2199 2312 2253 σὲ
2348 2202 2523 2271 κρῖμα
2563 2202 2628 2272 τῇ
2667 2201 2876 2257 ἑαυτῶν
2915 2201 3126 2274 κεφαλῇ
3168 2201 3567 2256 ἐπεσπάσαντο·
3591 2197 3665 2252 τά
3691 2199 3840 2253 κατὰ

2249 2303 2476 2358 σεαυτὸν
2511 2299 2604 2359 οὖν
2642 2303 2723 2376 τῷ
2758 2304 2878 2376 Θεῷ
2911 2305 3261 2377 ἀναθέμενος,
3301 2302 3572 2376 ὑποχώρει
3611 2303 3716 2374 τῆς
3747 2305 3840 2358 ἐκ·

2247 2403 2499 2476 κλησίας.
2529 2424 2550 2458 ι

2321 2508 2418 2563 κδ’.
2452 2503 2559 2562 Ἦν
2597 2509 2654 2563 δὲ
2698 2511 2756 2562 ἐν
2802 2511 2996 2574 αὑταῖς
3029 2512 3147 2574 ταῖς
3183 2510 3420 2582 ἡμέραις
3467 2508 3561 2562 καὶ
3595 2509 3625 2562 6
3659 2509 3838 2579 μέγας

2263 2611 2577 2682 Ἐπιφάνιος
2603 2616 2632 2667 6
2657 2613 2956 2679 ἐπίσκοπος
2980 2614 3365 2677 Κωνσταντίας
3394 2614 3491 2684 τῆς
3518 2613 3748 2683 Κύπρου
3777 2615 3837 2666 ἐν

2248 2712 2661 2767 Κωνσταντίνου
2690 2714 2860 2768 πόλει.
2878 2713 3171 2768 Καλέσασα
3205 2714 3365 2768 αὑτὸν
3394 2712 3641 2778 Εὑδοξία,
3681 2712 3834 2782 λέγει

2249 2813 2416 2884 αὐτῷ·
2461 2834 2478 2866 ι
2515 2815 2695 2884 Πάτερ
2746 2816 2917 2886 τίμιε,
2960 2819 2989 2870 6
3040 2816 3293 2886 Ἰωάννης
3343 2815 3620 2886 αίρετικός
3661 2815 3834 2884 ἐστιν,

2249 2914 2341 2967 καὶ
2394 2915 2594 2979 πάντες
2647 2915 3057 2988 ὑπογράφουσιν
3108 2917 3189 2980 είς
3239 2916 3340 2988 τὴν
3385 2914 3599 2987 ἐξορίαν
3640 2915 3830 2970 αὑτοῦ·

2246 3015 2360 3067 ἀλλ’
2402 3017 2716 3088 ὑπόγραψον
2750 3019 2843 3072 καὶ
2875 3017 2961 3071 σύ.
3000 3037 3017 3070 ι
3067 3019 3126 3070 '0
3165 3019 3223 3071 δέ
3249 3017 3376 3089 ἔφη⁹
3417 3038 3434 3070 ι
3474 3018 3538 3072 Εἰ
3577 3019 3835 3090 Ἰωάννης

2246 3118 2521 3187 αἱρετικός
2557 3121 2725 3184 ἐστιν,
2758 3116 2907 3184 ἄξιός
2957 3119 3104 3171 ἐστιν
3157 3117 3388 3190 ἐξορίας·
3445 3120 3494 3171 εί
3531 3117 3588 3172 δέ
3642 3119 3716 3190 μή
3745 3135 3828 3189 γε,

2247 3216 2382 3270 ἀλλὰ
2410 3217 2498 3271 διὰ
2531 3217 2687 3290 ὓϐριν
2715 3219 2812 3290 τῆς
2848 3219 2947 3290 σῆς
2987 3219 3238 3283 εὑκλείας
3274 3221 3307 3288 ἡ
3340 3217 3544 3291 ἐξορία,
3586 3219 3831 3290 συγγνώ-

2249 3335 2358 3389 μης
2385 3319 2563 3390 Χρείαν
2593 3321 2668 3384 ὡς
2697 3322 2789 3374 καὶ
2819 3323 2975 3390 ὑμεῖς
3003 3323 3406 3394 ἁμαρτάνοντες
3445 3324 3526 3385 εἰς
3556 3323 3648 3374 τὸν
3672 3323 3832 3376 ἐπου-

2249 3421 2430 3490 ράνιον
2465 3419 2707 3490 βασιλέα.
2748 3439 2767 3473 ι
2815 3422 2876 3475 Ἢ
2919 3423 2977 3476 δὲ
3013 3422 3140 3493 ἐφη·
3179 3442 3197 3474 ι
3243 3421 3368 3477 Ἐὰν
3401 3422 3475 3494 μὴ
3509 3423 3830 3496 ὑπακούσῇῖ

2250 3537 2375 3590 μου,
2406 3522 2499 3574 καὶ
2528 3521 2870 3596 ὑπογράψῃς,
2911 3522 3094 3588 καθὼς
3118 3524 3212 3578 καὶ
3238 3527 3286 3578 oi
3318 3525 3517 3589 λοιποὶ,
3544 3525 3706 3579 κλείω
3727 3525 3829 3591 τάς

2247 3627 2563 3698 ἐκκλησίας,
2596 3629 2690 3682 καὶ
2719 3628 2920 3698 ἀνοίγω
2957 3632 3082 3693 τοὺς
3127 3632 3288 3694 ναοὺς
3326 3631 3433 3684 τῶν
3467 3631 3721 3697 εἰδώλων,
3761 3633 3828 3686 ἵν’

2246 3729 2362 3782 ἐκεῖ
2395 3731 2841 3801 προσκυνήσωσιν
2866 3731 3085 3794 πάντες.
3126 3751 3144 3783 ›
3183 3733 3240 3785 '0
3270 3733 3326 3785 δὲ
3357 3733 3481 3803 ἔφη·
3520 3754 3538 3785 ι
3581 3733 3648 3788 Εῖ
3664 3752 3716 3788 τι
3747 3731 3827 3788 οἷ-

2245 3830 2341 3894 δας
2381 3832 2656 3903 συμφέρον
2701 3831 2800 3903 τῆς
2835 3833 3012 3904 ψυχῆς
3049 3850 3165 3899 σου,
3211 3835 3458 3907 ποίησον·
3509 3838 3556 3888 εί
3589 3834 3696 3908 γάρ
3735 3838 3830 3891 καὶ

2248 3933 2447 3998 πάντες
2501 3935 2845 4006 ὑπέγραψαν,
2908 3937 3222 4007 Ἐπιφάνιος
3280 3939 3377 4010 οὐχ
3437 3941 3766 4012 ὑπογράφει.
3803 3960 3820 3992 ι

2246 4034 2355 4088 Kal
2383 4035 2726 4106 ἀπήγγειλαν
2774 4036 2854 4106 τῷ
2895 4039 3118 4111 Ἰωάννῃ
3145 4041 3224 4093 ὅτι
3253 4045 3346 4094 καὶ
3383 4041 3696 4112 Ἐπιφάνιος
3725 4041 3828 4094 ὑπ-

2245 4133 2504 4206 έγραψεν.
2537 4137 2648 4191 Kal
2679 4137 2830 4207 δηλοῖ
2855 4137 2931 4209 τῷ
2970 4139 3269 4211 Ἐπιφανίῳ
3301 4141 3492 4205 οὑτως·
3519 4161 3538 4194 ι
3595 4143 3826 4211 Ἐπιφά-

2244 4256 2346 4303 νιε,
2377 4242 2470 4293 καὶ
2501 4241 2565 4295 σὺ
2586 4244 2666 4306 εἰς
2694 4242 2792 4314 τὴν
2811 4242 3028 4314 ἐξορίαν
3055 4262 3156 4315 μου
3189 4245 3549 4317 ὑπέγραψαςς
3584 4246 3827 4301 Γίνωσκε

2243 4345 2325 4398 ὅτι
2367 4346 2428 4398 οὑ
2471 4348 2546 4416 μὴ
2587 4346 2817 4419 καθίσῃς
2866 4348 2949 4402 ἔτι
2992 4353 3072 4414 εἰς
3107 4351 3200 4406 τὸν
3235 4351 3424 4422 θρόνον
3458 4369 3571 4408 σου.
3611 4374 3631 4407 ›
3671 4357 3731 4410 '0
3769 4357 3828 4410 δέ

2243 4447 2517 4519 ἀντιδηλοῖ
2543 4450 2694 4520 αὑτῷ
2731 4451 2923 4517 οὕτως·
2963 4475 2981 4504 ε
3029 4454 3262 4526 ’Δθλητά
3305 4457 3400 4511 τοῦ
3431 4459 3668 4530 Χριστοῦ
3712 4461 3827 4514 Ἰω-

2242 4553 2398 4624 άννη,
2430 4554 2586 4624 δέρου
2619 4557 2713 4610 καὶ
2739 4557 2883 4611 νίκα·
2923 4560 3014 4612 τὸν
3052 4560 3159 4633 γὰρ
3195 4562 3358 4616 τόπον
3393 4564 3453 4618 ἐν
3485 4557 3531 4634 ᾧ
3560 4565 3828 4637 προσέτα-

2245 4659 2340 4725 ξάν
2409 4677 2489 4714 σοι
2553 4663 2653 4733 τῆς
2689 4661 2904 4734 ἐξορίας
2949 4667 3009 4718 οὑ
3062 4667 3136 4739 μὴ
3192 4669 3424 4742 φθάσῃς.
3461 4689 3480 4722 ι
3515 4669 3716 4737 Καθὼς
3766 4675 3826 4727 δὲ

2244 4764 2458 4836 εἴρηται
2518 4769 2668 4840 παρὰ
2735 4769 2846 4823 τῶν
2912 4771 3260 4846 ἀμφοτέρων,
3302 4776 3472 4840 οὑτως
3538 4781 3630 4832 καὶ
3694 4782 3824 4849 ἐγέ-

2243 4883 2385 4921 νετο.

2313 4977 2408 5025 κε’.
2443 4972 2574 5027 Τότε
2601 4973 2631 5025 6
2664 4974 2918 5047 Ἰωάννης
2950 4981 3356 5052 συνταξάμενος
3379 4987 3491 5048 τοῖς
3519 4987 3826 5058 ἀγαπητοῖς

2240 5070 2406 5125 αὑτοῦ
2443 5075 2610 5128 πᾶσιν
2647 5077 2966 5144 ἐπισκόποις
3004 5098 3065 5134 τε
3095 5081 3189 5135 καὶ
3215 5083 3276 5153 (f.
3313 5084 3382 5138 76
3413 5087 3488 5154 υ.)
3525 5087 3829 5158 πρεσϐυτέο

2243 5189 2357 5244 ροις
2380 5174 2496 5244 ἃμα
2516 5176 2782 5244 διακόνοις
2805 5183 2902 5236 καὶ
2925 5185 3270 5254 μονάζουσιν,
3302 5190 3530 5253 καὶτοῖς
3553 5191 3825 5257 διακόνοις

2237 5274 2336 5347 τῆς
2362 5278 2675 5350 ἐκκλησίας,
2715 5284 2810 5338 καὶ
2839 5287 3227 5358 παρακαλέσας
3265 5290 3474 5354 πάντας
3524 5294 3590 5364 τῇ
3633 5292 3822 5367 διδαχῇ

2237 5515 2400 5603 Iun)"
2428 5519 2484 5572 in
2523 5519 2736 5603 (ἔερςεῇ
2769 5532 2825 5577 et
2875 5523 3254 5603 λξςιερὴταειαξ
3296 5530 3631 5603 biographiis
3673 5535 3820 5603 apud

2235 5585 2498 5671 §gvilium
2533 5599 2572 5645 ι.
2604 5585 2747 5671 Vm1
2774 5609 2867 5671 pp_.
2887 5585 3105 5671 gos'eg
3134 5599 3266 5671 βίοι,
3309 5585 3555 5656 ἀεί’ἓηάἱι
3589 5585 3732 5671 ἡ)εέ
3755 5585 3820 5658 ἐξ

2233 5655 2657 5733 Chrysoslomys
2701 5655 3020 5733 aii-objecta
3045 5668 3146 5721 sibi
3198 5655 3458 5725 adversus
3515 5655 3818 5728 Ευᾶὁιξὶαἶιῖ

2235 5729 2542 5799 παρρησίᾳ.
2573 5729 2938 5796 Quamobrein
2986 5736 3041 5789 in
3073 5737 3175 5792 hac
3221 5739 3522 5795 latrocinali
3563 5741 3818 5797 inimico-

2233 5810 2353 5851 rum
2385 5813 2605 5854 suorum
2634 5805 2838 5871 synodo
2869 5805 3136 5861 silendum
3180 5808 3281 5862 sibi
3309 5810 3489 5880 potius
3525 5810 3814 5879 judicavit,
