4018 6408
228 331 410 378 LXIV“

241 439 620 503 lliseruntque
643 445 747 497 eos
763 433 831 488 ad
851 431 1249 500 imperatorem,
1274 425 1416 482 facta
1442 422 1520 478 rei
1542 420 1837 478 relatione:

253 544 340 615 qui
371 539 510 596 boni
556 537 891 600 consulens,
939 531 1360 600 scandalumque
1397 529 1509 600 jam
1546 525 1839 589 omittens,

255 651 397 706 dona
427 647 496 701 iis
523 644 775 698 tribucre
794 639 982 706 voluit,
1020 653 1141 709 quae
1175 652 1285 692 non
1311 635 1671 691 admiserunt.
1702 629 1846 686 Scri-

254 752 364 827 psit
396 751 622 819 insuper
642 743 860 818 Egypti
889 741 1166 814 praefecto,
1199 747 1261 796 ut
1287 740 1500 794 illorum
1531 737 1694 792 cellas
1719 735 1845 790 aedi-

255 855 464 917 ﬁcaret,
496 852 808 907 necessaria
835 845 1227 918 suppeditaret,
1261 852 1318 898 et
1341 850 1402 898 ut
1421 840 1592 912 quieti
1626 839 1844 894 habita-

256 969 403 1016 rent.
433 958 583 1013 ldem
612 955 854 1026 Augusta
881 966 1098 1022 quoque
1127 949 1424 1006 mandavit.

323 1060 420 1115 ‘22.
453 1057 594 1113 Tum
623 1055 910 1126 Aquilinus
941 1062 1180 1124 quastor
1215 1049 1411 1107 Joanni
1439 1048 1615 1104 dixit:
1672 1065 1691 1100 ι
1726 1044 1847 1101 Non

253 1164 461 1223 audisti
494 1164 598 1218 hoc
616 1159 898 1232 praedicari
926 1160 1133 1214 :Deum
1163 1157 1357 1222 timete,
1395 1171 1570 1226 regem
1596 1155 1849 1207 honorate

257 1270 311 1344 (I
337 1270 489 1326 Petr.
521 1269 574 1323 2.
609 1266 697 1337 17)
716 1266 740 1318 ?
760 1265 1022 1330 Quantam
1053 1262 1218 1334 igitur
1244 1267 1298 1315 te
1331 1273 1494 1314 causa
1527 1256 1762 1327 impulit,
1788 1262 1851 1309 ut

255 1377 316 1432 in
349 1374 663 1446 religiosam
716 1370 1011 1442 Augustam
1059 1375 1342 1437 tantopere
1399 1361 1778 1418 invehereris?
1822 1378 1843 1411 ι

255 1480 422 1535 'l‘unc
471 1482 758 1547 surgentes
788 1472 1117 1528 Severianus
1161 1469 1361 1540 aliique
1416 1466 1789 1521 clamaverunt
1828 1481 1843 1518 :

265 1607 284 1638 ι
295 1586 558 1657 Augusta:
570 1583 770 1638 multos
781 1595 974 1645 annos,
988 1588 1044 1634 et
1054 1578 1293 1633 inimicis
1305 1578 1425 1648 ejus
1435 1575 1781 1630 Proconesus
1795 1573 1808 1626 l
1825 1590 1843 1622 ι

255 1687 554 1760 Aquilinus
581 1699 706 1741 cum
740 1683 950 1739 caeteris
979 1681 1113 1738 dixit
1145 1698 1159 1736 :
1197 1701 1215 1732 ‹
1249 1679 1486 1734 Decetne
1509 1691 1624 1741 vos,
1651 1673 1853 1729 omisso

259 1810 418 1852 more
443 1788 786 1855 sacerdotali,
817 1788 1013 1844 laicum
1057 1799 1357 1850 assumere,
1395 1789 1452 1837 et
1487 1780 1641 1836 laicis
1676 1779 1854 1834 excla-

260 1898 603 1958 mationibus
639 1893 756 1950 uti?
793 1911 812 1944 ι
859 1891 1066 1946 Tamen
1109 1904 1180 1944 ne
1213 1887 1293 1943 sic
1334 1886 1556 1956 quidem
1603 1884 1855 1955 quiesce-

261 2007 419 2062 bant.
473 1998 812 2070 Theophilus
849 1995 987 2051 dixit
1035 2015 1047 2050 :
1090 2013 1108 2046 ι
1145 1991 1385 2062 Supplex
1423 2003 1551 2054 oro,
1583 1985 1856 2058 quomodo

265 2109 359 2165 hic
400 2123 492 2162 me
532 2103 879 2176 deposuerit,
921 2101 1064 2156 scire
1115 2098 1310 2161 velim,
1365 2103 1422 2151 et
1473 2109 1572 2149 cur
1609 2091 1857 2147 inimicos

268 2226 443 2276 meos,
502 2207 595 2278 qui
648 2211 778 2260 sunt
809 2201 1075 2267 haeretici,
1131 2197 1436 2255 sacerdotio
1485 2191 1850 2250 ornaverit?»

269 2316 523 2381 Quaestor
554 2309 691 2366 dixit
724 2325 738 2361 :
777 2327 795 2359 ‹
831 2305 1181 2376 Nequaquam
1221 2301 1312 2357 hic
1343 2308 1396 2355 te
1445 2295 1730 2367 deposuit,
1763 2292 1859 2347 sed

271 2417 642 2490 apostolorum
676 2411 943 2482 Princeps
989 2423 1112 2464 cum
1156 2421 1353 2477 magno
1397 2401 1737 2458 Innocentio.
1784 2397 1861 2452 De

274 2522 540 2580 ordinatis
570 2528 752 2575 autem
781 2534 880 2574 cur
917 2515 1180 2588 quereris,
1214 2528 1337 2568 cum
1371 2519 1429 2565 tu
1462 2510 1580 2581 ipse
1609 2508 1665 2562 in
1697 2521 1854 2561 arcu-

277 2632 486 2688 satione
516 2626 786 2684 verseris?
825 2643 842 2675 ι
880 2623 1070 2679 Denuo
1110 2616 1451 2688 TheOphilus
1485 2619 1636 2668 metu
1665 2610 1861 2665 obmu-

282 2736 402 2792 tuit.
448 2733 657 2789 Deinde
699 2730 888 2786 dicunt
935 2725 1131 2782 Joanni
1169 2740 1181 2776 :
1226 2742 1243 2775 ι
1301 2721 1466 2776 Decet
1522 2727 1576 2772 te
1635 2713 1865 2785 objectis

281 2838 614 2910 respondere
658 2850 722 2888 ac
760 2833 1154 2894 demonstrare,
1199 2841 1360 2896 quam
1398 2825 1470 2879 ob
1517 2836 1736 2878 causam
1785 2825 1866 2874 tot

287 2953 558 3011 tantaeque
605 2946 792 2994 contra
835 2932 1275 3007 gloriosissimam
1320 2929 1619 3000 Augustam
1665 2942 1730 2980 ex
1772 2939 1867 2979 ore

287 3059 381 3100 tuo
418 3037 762 3098 contumeliae
788 3036 1094 3092 sonuerint.
1132 3053 1150 3085 ι
1185 3033 1424 3087 Joannes
1471 3044 1603 3085 vero
1633 3027 1809 3096 inquit
1850 3042 1864 3078 :

295 3171 313 3203 ε
351 3149 617 3220 Equidem
650 3147 696 3201 si
732 3145 993 3199 adversus
1037 3140 1326 3196 Dominum
1365 3151 1548 3192 meum
1589 3133 1868 3188 Christum

290 3254 432 3310 male
461 3251 659 3322 aliquid
687 3249 824 3316 dixi,
851 3249 967 3320 ipse
1015 3254 1188 3302 semet
1233 3242 1545 3299 vindicabit.
1585 3239 1787 3294 Verum
1823 3235 1866 3290 si

289 3361 361 3416 de
387 3358 628 3422 homine,
659 3356 1038 3428 praecipueque
1067 3352 1110 3407 si
1135 3352 1203 3407 de
1224 3349 1422 3405 femina
1449 3345 1646 3417 agitur,
1673 3357 1772 3415 ego
1802 3341 1870 3396 de

295 3470 398 3523 hac
422 3481 482 3522 re
510 3464 672 3520 verba
695 3478 805 3517 non
836 3447 1047 3515 faciam.
1081 3474 1100 3507 ι
1135 3455 1593 3522 Consurgensque
1621 3461 1874 3518 egressus

294 3578 398 3635 est,
441 3568 586 3623 nulla
617 3567 761 3622 dicta
804 3561 1140 3619 defensione.
1184 3555 1471 3626 Aquilinus
1508 3557 1748 3622 quaastor
1790 3549 1875 3604 di-

296 3674 372 3728 xit
409 3691 422 3726 :
466 3691 483 3722 ι
523 3672 633 3742 Ego
661 3681 897 3723 canones
925 3680 1037 3719 non
1072 3661 1212 3733 legi;
1246 3674 1344 3714 vos
1368 3657 1547 3712 videte
1579 3654 1709 3724 quid
1752 3667 1874 3722 erga

300 3782 449 3836 hunc
481 3775 748 3847 agendum
782 3772 870 3826 sit.
912 3788 930 3821 ι
969 3767 1274 3836 Statimque
1310 3767 1703 3832 consurgentes
1733 3757 1881 3828 judi-

300 3899 392 3940 ces
419 3881 686 3937 exierunt.

370 3988 463 4043 25.
495 3987 688 4042 Postea
727 3982 1034 4040 deliberans
1071 3992 1196 4034 cum
1226 3977 1340 4033 suis
1375 3973 1741 4045 Theophilus,
1767 3970 1883 4027 for-

304 4091 507 4146 mulam
537 4087 819 4144 sententiae
857 4083 1161 4156 composuit
1191 4091 1448 4151 tanquam
1479 4095 1509 4134 a
1543 4078 1730 4134 multis
1764 4075 1884 4146 epi-

304 4195 484 4265 scopis
513 4192 668 4249 facta:
687 4233 702 4256 ,
732 4199 788 4246 et
815 4187 1128 4260 imperatori
1154 4186 1368 4243 obtulit.
1399 4185 1499 4240 Hic
1527 4190 1710 4238 autem
1738 4179 1887 4251 judi-

306 4301 451 4355 cium
476 4301 533 4355 in
572 4299 693 4354 illos
718 4295 974 4367 rejiciens
1003 4293 1120 4348 ait:
1159 4311 1178 4344 ‹
1213 4291 1415 4347 Judicii
1445 4287 1610 4344 vestri
1648 4301 1737 4342 res
1779 4293 1884 4349 est,

308 4415 470 4479 prout
501 4403 820 4467 eensuistis;
852 4415 951 4456 vos
976 4398 1250 4455 videbitis.
1289 4416 1306 4447 ι
1335 4397 1472 4450 Tum
1502 4392 1697 4448 Joanni
1729 4390 1891 4462 signi-

311 4512 476 4565 ficant
500 4523 600 4580 per
632 4505 948 4570 Marianum,
980 4502 1072 4574 qui
1114 4509 1232 4557 erat
1270 4499 1414 4569 apud
1450 4497 1747 4569 Augustam
1788 4495 1891 4549 do-

311 4631 434 4671 mus
459 4612 766 4685 praefectus.
815 4619 870 4667 et
901 4627 1000 4682 per
1028 4609 1148 4664 illos
1187 4622 1218 4662 a
1254 4605 1464 4662 Joanne
1497 4604 1700 4674 ejectos
1728 4600 1892 4657 cleri-

311 4735 426 4785 cos,
454 4727 518 4774 ut
548 4718 614 4773 de
653 4715 880 4773 ecclesia
913 4714 1158 4771 decedat.
1189 4711 1260 4767 At
1294 4711 1382 4766 ille
1434 4709 1512 4764 sic
1547 4708 1827 4779 respondit
1876 4721 1890 4760 :

320 4844 340 4878 σ
379 4825 491 4896 Ego
521 4839 550 4878 a
575 4821 794 4900 Christo
825 4819 1104 4876 Salvatore
1125 4810 1430 4874 Ecclesiam
1465 4815 1680 4886 accepi,
1717 4827 1895 4885 neque

317 4941 516 5004 sponte
550 4929 770 5000 propria
804 4927 1026 4984 discedo
1049 4966 1063 4992 ,
1099 4924 1204 4980 nisi
1241 4939 1329 4978 me
1365 4923 1418 4979 vi
1458 4922 1774 4993 expelletis;
1837 4927 1899 4974 ut

320 5032 572 5088 videlicet
593 5031 695 5086 hac
721 5030 944 5085 omnino
961 5026 1275 5083 defensione
1306 5033 1446 5086 utar.
1468 5024 1611 5094 quod
1631 5038 1792 5094 quam
1817 5038 1902 5078 ee-

323 5134 544 5190 elesiam
585 5131 721 5187 mihi
756 5130 1004 5186 Christus
1032 5129 1333 5192 commisit,
1368 5143 1487 5182 eam
1525 5127 1659 5182 mihi
1705 5126 1903 5181 mulier

324 5239 544 5311 eripuit.
587 5256 605 5288 ›
640 5237 793 5292 Tunc
819 5235 1093 5290 Marianus
1119 5234 1170 5287 vi
1200 5242 1508 5302 correptum
1548 5230 1776 5285 ecclesia
1808 5245 1904 5283 ex-

326 5461 597 5530 prout__et
654 5453 920 5530 Dominus
955 5450 1333 5530 Je_s_us_coram
1389 5445 1594 5526 Caipha
1625 5459 1708 5530 ac‘
1735 5444 1910 5530 Pilato

327 5514 438 5599 Egit
471 5524 659 5599 (Ma-rc.
708 5523 797 5583 η,
853 5521 916 5599 et
954 5538 964 5599 ς
1007 5521 1092 5585 15,
1123 5514 1599 5599 5);neq.ue_.enim
1627 5514 1910 5599 subornati

327 5584 411 5652 νὲι
478 5584 628 5672 regia
657 5584 1301 5672 ‘au.c_tori‘tate_0ppressi
1330 5584 1549 5655 ’judices
1608 5584 1910 5661 apologiam

326 5654 1208 5740 quamlibetfacile_admisisseht.
1344 5654 1350 5655 “
1647 5654 1654 5655 ⁷⁷
1783 5654 1851 5661 ξ’

399 5737 472 5808 (ιτ)
514 5733 652 5790 Cod.
678 5729 962 5785 τυποῡσιν.

1024 310 1111 366 DE
1147 309 1308 367 VITA
1347 307 1437 366 ΕΤ
1475 303 1755 364 EXSILIO
1795 301 1855 357 S.
1893 298 2181 360 JOANNIS
2219 305 2729 364 CHRYSOSTOMI.

3326 321 3529 369 ικῑγξιι

1951 421 2125 490 pulit;
2167 421 2456 494 statimque
2488 423 2608 477 loco
2643 423 2763 492 ejus
2785 420 3389 481 .A'rsaciumoordinant.
3422 423 3536 485 Nec

1949 527 2123 582 multo
2165 536 2321 599 post,
2353 537 2576 600 propter
2615 527 2816 598 injuste
2847 537 3118 598 patratum
3152 529 3416 587 adversus
3445 533 3548 605 ita--

1953 640 2097 687 stum
2128 633 2405 688 hominem
2453 634 2630 688 scelus
2651 674 2665 699 ,
2713 633 2853 703 ignis
2888 633 3026 688 coelo
3051 634 3322 705 delapsus
3356 637 3535 694 eccle-

1953 737 2087 791 siam
2135 737 2523 803 concremavit,
2583 736 2675 792 ubi
2733 744 2890 792 antea
2952 737 3237 810 episcopus
3296 740 3537 799 Joannes

1953 844 2237 910 manebat;
2270 852 2326 899 et
2352 860 2476 900 mox
2507 843 2727 900 dilatata
2767 841 2984 897 flamma
3013 843 3158 900 aedes
3188 847 3386 901 multas
3420 863 3554 903 am-.

1953 945 2149 1002 bussit.
2178 947 2480 1020 Statimque
2511 949 2703 1005 civitas
2731 947 3015 1004 Arsacium
3053 951 3288 1021 expulit,
3324 959 3403 1019 et,-
3431 951 3576 1008 int-—

1955 1058 2203 1119 peratore
2238 1061 2536 1118 annuente,
2564 1052 2829 1109 Joannem
2877 1051 3108 1108 reduxit.
3155 1051 3408 1108 Sedenim
3441 1054 3568 1110 de---

1956 1169 2065 1210 nuo
2102 1156 2477 1226 conSpirantes
2505 1172 2630 1212 cum
2670 1157 2973 1227 Theophilo
3002 1158 3244 1229 episcopi
3273 1159 3540 1215 Joannem

1957 1259 2229 1315 criminati
2273 1270 2401 1316 sunt
2430 1262 2674 1319 dicentes
2711 1281 2722 1316 :
2761 1281 2779 1315 ι
2834 1262 2965 1328 Nos,
2998 1279 3033 1319 ο
3062 1264 3376 1335 imperator,
3411 1281 3542 1322 sen-

1958 1366 2182 1420 tentiam
2225 1368 2583 1438 protulimus,
2625 1383 2787 1439 quam
2831 1369 3054 1438 exsequi
3108 1384 3334 1426 necesse
3383 1380 3470 1426 est
3525 1391 3538 1427 :

1956 1485 2192 1540 namque
2242 1480 2297 1526 et
2347 1472 2632 1528 ecclesiam
2684 1484 2809 1544 post
2858 1473 3252 1545 depositionem
3297 1476 3414 1546 ipse
3455 1477 3542 1531 in-

1958 1575 2272 1632 flammavit.
2310 1596 2328 1627 ι
2362 1576 2787 1633 Concitaverunt
2808 1579 3344 1650 itaqueAugustum,
3372 1571 3542 1636 multa

1959 1697 2173 1752 quoque
2232 1683 2334 1737 alia
2385 1692 2576 1738 contra
2627 1683 2892 1739 Joannem
2941 1684 3317 1754 obloquentes.
3363 1685 3546 1752 Quare

1957 1785 2233 1859 Augustus
2261 1788 2432 1844 dixit:
2481 1808 2502 1840 ι
2537 1789 2649 1860 Ego
2681 1788 2871 1859 judicii
2903 1789 3066 1859 hujus
3096 1789 3356 1844 immunis
3386 1806 3544 1856 sum;

1961 1907 2060 1948 vos
2085 1893 2368 1960 videbitis;
2389 1893 2656 1964 judicium
2682 1900 2922 1948 vestrum
2951 1902 3036 1948 est
3068 1912 3081 1948 :
3109 1893 3375 1964 judicium
3401 1898 3547 1967 quod

1963 1994 2032 2050 de
2065 2009 2131 2049 eo
2155 1993 2366 2060 feretis,
2392 1995 2446 2048 in
2475 1994 2652 2064 capita
2681 2001 2856 2048 vestra
2887 1994 3032 2049 Deus
3060 2001 3361 2050 convertet.
3405 2013 3424 2050 ›
3458 1995 3548 2051 Si-

1965 2093 2240 2164 gnificavit
2276 2104 2460 2150 autem
2500 2094 2696 2150 Joanni
2743 2094 3040 2164 imperator
3078 2095 3159 2152 sic
3212 2114 3226 2150 :
3286 2117 3304 2149 ‹
3362 2097 3550 2154 Coetus

1965 2200 2233 2256 dictorum
2264 2200 2608 2256 sacerdotum
2633 2200 2899 2271 judicium
2927 2200 2996 2255 de
3026 2208 3080 2254 te
3113 2199 3280 2255 latum
3307 2201 3364 2256 in
3388 2212 3552 2272 caput

1967 2321 2126 2360 suum
2157 2305 2451 2375 sponsione
2471 2312 2818 2375 receperunt.
2849 2299 2991 2374 Ergo
3010 2318 3100 2358 res
3132 2311 3254 2358 tuas
3275 2303 3389 2360 Deo
3409 2319 3554 2360 com-

1969 2410 2251 2474 mendans,
2284 2411 2352 2465 de
2381 2409 2610 2465 ecclesia
2641 2409 2942 2481 digredere.
2985 2427 3006 2460 ι

2038 2515 2128 2569 24.
2186 2514 2291 2569 Per
2345 2528 2439 2568 eos
2493 2513 2611 2567 dies
2667 2527 2898 2583 magnus
2951 2526 3167 2582 quoque
3217 2511 3558 2582 Epiphanius

1970 2620 2302 2677 Constantia:
2323 2619 2534 2690 Cypriae
2555 2618 2845 2688 episc0pus
2870 2615 3340 2686 Constantinopoli
3365 2631 3555 2672 versa-

1971 2729 2132 2784 batur
2161 2745 2173 2780 :
2207 2741 2368 2796 quem
2405 2724 2472 2778 ad
2501 2739 2560 2779 se
2591 2731 2844 2778 vocatum
2863 2720 3107 2776 Eudoxia
3137 2721 3215 2774 sic
3237 2719 3400 2775 afl'ata
3425 2729 3510 2776 est
3537 2737 3552 2774 :

1980 2852 1998 2884 ι
2035 2833 2196 2886 Pater
2226 2827 2528 2884 reverende
2548 2867 2562 2889 ,
2594 2825 2834 2880 Joannes
2863 2823 3152 2896 haereticus
3194 2831 3308 2888 est,
3342 2823 3557 2878 cuncti-

1974 2951 2081 3008 que
2109 2934 2298 2990 exsilio
2318 2935 2439 3004 ejus
2465 2930 2844 2995 subscribunt;
2878 2929 3072 3000 agesis,
3103 2937 3162 2982 tu
3186 2943 3400 2998 quoque
3432 2928 3562 2983 sub-

1977 3042 2171 3096 scribe.
2205 3059 2222 3090 ι
2253 3040 2346 3094 Ille
2369 3037 2442 3091 ait
2472 3056 2485 3090 :
2521 3056 2538 3086 ι
2572 3035 2628 3090 Si
2658 3035 2896 3090 Joannes
2918 3042 3002 3088 est
3028 3031 3336 3107 hmreticus,
3365 3033 3562 3104 dignus

1977 3150 2167 3205 exsilio
2193 3156 2306 3214 est;
2341 3146 2424 3200 sin
2455 3160 2586 3217 vero
2616 3158 2792 3202 secus.
2825 3142 2918 3196 sed
2951 3141 3021 3196 ob
3049 3140 3292 3212 convicia
3323 3139 3375 3194 in
3409 3119 3561 3194 tuam

1979 3254 2318 3322 majestatem
2371 3251 2512 3305 dicta
2574 3246 2887 3301 decernitur
2938 3243 3223 3309 exsilium,
3281 3242 3562 3312 ignoscere

1980 3362 2213 3425 oportet,
2259 3350 2698 3422 quandoquidem
2735 3362 2833 3400 vos
2875 3359 3091 3415 quoque
3137 3343 3398 3397 adversus
3449 3357 3565 3397 ca:-

1983 3461 2172 3514 lestem
2211 3470 2394 3526 regem
2435 3451 2717 3523 peccastis.
2758 3467 2775 3498 ι
2823 3448 2915 3502 Illa
2947 3454 3127 3500 autem
3165 3445 3344 3501 dixit:
3390 3463 3410 3496 ‹
3447 3442 3564 3498 Nisi

1986 3561 2118 3616 mihi
2148 3555 2628 3628 obtemperaveris,
2658 3563 2713 3610 et
2739 3567 2891 3622 aeque
2923 3567 2985 3605 ac
3014 3549 3194 3605 caeteri
3227 3548 3566 3616 subscripse-

1987 3665 2081 3728 ris,
2117 3679 2217 3733 ego
2251 3659 2506 3716 ecclesias
2536 3657 2839 3719 occludam,
2878 3662 2933 3708 et
2960 3653 3224 3709 idolorum
3254 3650 3449 3720 templa
3481 3665 3567 3704 re-

1988 3766 2214 3829 serabo,
2253 3773 2310 3818 ut
2352 3762 2424 3817 ibi
2466 3777 2658 3816 omnes
2690 3759 2936 3814 adorent.
2989 3775 3007 3808 ι
3063 3752 3369 3824 Respondit
3411 3752 3503 3807 ille
3552 3769 3583 3806 :.

1996 3890 2014 3921 ι
2060 3869 2113 3925 Si
2139 3867 2267 3941 quid
2296 3867 2491 3922 animae
2524 3874 2630 3920 tuae
2652 3863 2996 3934 profuturum
3023 3857 3185 3922 nosti,
3218 3856 3272 3912 id
3301 3871 3398 3927 age
3431 3871 3444 3907 :
3473 3855 3580 3910 sed.

1991 3981 2158 4037 certe,
2195 3971 2298 4026 etsi
2327 3984 2518 4026 omnes
2548 3965 2909 4030 subscribant,
2942 3960 3285 4033 Epiphanius
3307 3974 3419 4013 non
3449 3957 3574 4012 sub-

1993 4077 2214 4132 scribet.
2255 4093 2274 4126 ›
2309 4075 2532 4129 Interim
2571 4071 2880 4126 nuntiatum
2911 4075 2994 4123 est
3033 4065 3230 4121 Joanni
3271 4062 3416 4132 quod
3445 4062 3574 4131 Epi-

1993 4179 2228 4253 phanius
2261 4175 2702 4245 subscripsisset;
2741 4173 2832 4242 qui
2876 4171 3004 4225 huic
3045 4168 3121 4222 ita
3161 4163 3582 4236 signiﬁcandum.

1996 4283 2205 4341 curavit
2251 4302 2264 4336 :
2313 4301 2332 4334 ‹
2382 4278 2669 4350 Epiphani,
2699 4289 2757 4332 tu
2788 4289 3004 4346 quoque
3050 4270 3242 4327 exsilio
3271 4283 3396 4324 meo
3442 4267 3577 4323 sub-

1998 4387 2295 4459 scripsisti?
2326 4385 2473 4442 Scito
2499 4383 2662 4455 igitur
2683 4424 2698 4448 ,
2727 4391 2780 4437 te
2809 4380 2865 4434 in
2899 4378 3027 4434 sede
3061 4384 3152 4432 tua
3193 4372 3426 4445 amplius
3465 4387 3579 4427 non

2000 4509 2297 4553 sessurum.
2344 4511 2362 4544 »
2398 4489 2702 4562 Respondit
2729 4487 2778 4542 ei
2824 4483 3164 4556 Epiphanius
3211 4499 3223 4534 :
3283 4499 3301 4532 ε
3360 4480 3581 4535 Athlcta

2001 4599 2203 4657 Christi
2247 4597 2475 4661 Joanne,
2509 4596 2708 4650 luctam
2748 4600 2935 4662 patere
2979 4596 3036 4644 et
3077 4589 3238 4643 vince
3279 4605 3292 4639 :
3346 4601 3583 4656 namque

2003 4705 2070 4760 ad
2111 4704 2288 4760 locum
2341 4701 2439 4757 tibi
2488 4698 2677 4756 exsilio
2724 4706 2818 4751 tuo
2867 4694 3200 4751 destinatum
3243 4707 3352 4746 non
3391 4704 3585 4762 pervee

2004 4808 2139 4864 nies.
2198 4825 2217 4856 ›
2253 4804 2718 4872 Quemadmodum
2763 4808 2943 4858 autem
2997 4799 3065 4853 ab
3105 4807 3337 4868 utroque
3378 4795 3584 4851 dictum

2008 4914 2127 4979 fuit,
2161 4913 2233 4969 ita
2261 4909 2592 4966 adamussim
2621 4905 2822 4963 evenit.

2078 5020 2169 5074 25.
2209 5018 2363 5072 Tunc
2395 5015 2633 5071 Joannes
2686 5010 2996 5066 valedicens
3032 5007 3246 5064 cunctis
3283 5005 3364 5061 sui
3401 5020 3589 5060 aman-

2013 5121 2157 5180 tibus
2186 5119 2454 5193 episcopis
2475 5160 2488 5183 ,
2526 5126 2581 5172 et
2603 5115 2932 5188 presbyteris
2957 5129 3080 5168 cum
3114 5109 3360 5167 diaconis
3394 5118 3450 5165 et
3472 5123 3590 5161 mo-

2013 5229 2204 5284 nachis
2231 5236 2391 5296 atque
2420 5222 2754 5286 diaconissis,
2788 5221 3082 5276 adhortans
3109 5226 3168 5272 ut
3189 5215 3448 5272 doctrinm
3478 5230 3506 5266 a
3534 5227 3591 5266 se

2679 5383 2700 5400 ι

2093 5442 2163 5512 (e)
2214 5443 2532 5512 Anonymus
2577 5438 3022 5512 biographus_p_._
3057 5433 3182 5512 2.54,
3209 5430 3324 5512 fin:
3371 5443 3594 5512 expres-

2022 5498 2170 5569 sius]:
2206 5509 2346 5578 Ἐγὼ
2365 5498 2708 5580 ἆύθαιρὲτωξ
2731 5498 2899 5576 atii-rip)
2924 5498 3326 5574 (Ἐκκλησίαν)
3355 5499 3417 5552 οὐ
3447 5498 3598 5552 δυνω

2020 5583 2130 5644 τῶς
2162 5581 2270 5652 Exeo
2296 5579 2634 5652 atarqlmdv.

2099 5637 2353 5721 (ἀγαθά.
2388 5650 2478 5721 hic
2505 5657 2562 5703 et
2594 5648 2732 5721 infra
2761 5644 3080 5721 Negt'ra'tptov.
3117 5639 3231 5721 Sed
3254 5637 3601 5721 scribendum

2024 5709 2190 5777 fuisse
2219 5720 2491 5774 Arsaéium
2518 5733 2617 5788 pro
2642 5715 2906 5777 Nectario,
2947 5709 3067 5782 quis
3109 5709 3356 5766 dubitet?
