4018 6410
1367 304 1383 313 .
1431 290 1538 314 ..νοντ’

513 369 679 410 XXXI!

515 465 682 522 αὐτοῦ
733 462 1004 536 ὑπηκόους
1060 461 1333 531 γενέσθαι,
1393 462 1616 534 ἐξῆλθεν
1660 467 1760 535 τῆς
1798 463 2090 534 ἐκκλησίας

514 570 609 621 καὶ
637 565 729 620 τοῦ
750 563 1099 619 ἐπισκοπείου
1124 567 1189 637 τῇ
1219 566 1378 640 τρίτῃ
1401 565 1694 638 ἡμέρᾳτῆς
1723 567 2090 627 Ἀναστάσεως

511 668 606 720 τοῦ
635 666 860 736 Κυρίου.
897 667 1148 736 Ἐγένετο
1181 665 1237 720 δὲ
1282 670 1348 739 τῇ
1387 670 1572 739 ἡμέρᾳ
1601 667 1786 740 ἐκείνῃ
1814 665 2088 736 κλαυθμὸς

514 769 686 839 μέγας
723 769 803 832 εἰς
833 767 961 831 τούς
986 768 1302 839 ἀγαπητούς
1349 768 1444 822 τοῦ
1477 770 1744 836 Ἰωάννου,
1775 769 2091 839 ἀσπαζομέ-

509 887 616 923 νων
672 869 835 924 αὐτὸν
891 869 1422 940 καταλιμπανόμενοι
1466 871 1559 924 ὐπ’
1619 871 1805 935 αὐτοῦ,
1861 870 1937 934 ὡς
1985 870 2085 940 ἤδη

511 977 755 1050 πρόϐατα
797 976 904 1030 ὐπὸ
937 975 1033 1030 τοῦ
1069 976 1198 1030 ίδίου
1231 977 1489 1048 ποιμένος
1513 977 1609 1049 (a).
1655 979 1713 1030 '0
1737 978 1793 1030 δέ
1821 977 1948 1038 λαὸς
1989 978 2088 1047 τῆς

508 1078 718 1141 πόλεως
765 1078 864 1131 οὐκ
903 1076 1042 1146 ἔγνω
1075 1075 1192 1140 πῶς
1229 1075 1470 1147 ἐξῆλθεν·
1502 1080 1550 1130 εἰ
1591 1077 1700 1148 γάρ
1731 1076 2083 1145 ἐγνώκεισαν,

510 1178 760 1251 αἱμάτων
802 1177 1022 1248 ἔκχυσις
1055 1172 1123 1248 ἦν
1153 1178 1425 1248 γεναμένη
1461 1177 1771 1248 ἀναμεταξύ
1810 1177 1917 1230 τῶν
1940 1175 2088 1230 πολι-

506 1284 617 1336 τῶν
647 1283 742 1337 καὶ
772 1281 866 1336 τοῦ
892 1280 1147 1354 στρατοῦ.
1185 1282 1296 1335 Kal
1339 1280 1428 1334 διὰ
1454 1279 1611 1333 τοῦτο
1643 1283 1671 1333 6
1712 1280 1964 1350 Ἰωάννης
2001 1277 2090 1332 λά·

507 1384 613 1456 θρα
662 1382 757 1437 τοῦ
786 1382 917 1436 λαοῦ
956 1381 1200 1454 ἐξῆλθεν.
1249 1382 1384 1435 Τότε
1425 1379 1658 1434 διδοῦσιν
1690 1378 1838 1449 αὐτῷ
1864 1378 2086 1449 Θρᾷκάς

505 1500 658 1546 τινας
687 1483 922 1545 ἀναιδεῖς
953 1480 1380 1550 κατεπείγοντας
1402 1480 1550 1552 αὐτῷ
1572 1481 1702 1551 περὶ
1727 1478 1824 1550 τὴν
1847 1479 2080 1549 ἐξορίαν·

503 1585 600 1638 καὶ
646 1583 876 1656 ἤρξαντο
929 1585 994 1637 ἐκ
1041 1583 1209 1638 τόπου
1259 1583 1339 1644 είς
1383 1583 1547 1635 τόπον
1583 1582 1867 1652 ἐπιφέρειν
1895 1580 2082 1635 αὐτόν.

504 1683 616 1738 Kal
647 1683 928 1754 μέλλοντος
956 1683 1120 1737 αὐτοῦ
1147 1681 1433 1735 ἐπιστάναι
1455 1684 1519 1751 τῇ
1549 1681 1817 1754 λεγομένῃ
1851 1682 2086 1734 Κουκου-

503 1785 601 1856 σῷ,
621 1784 864 1855 φαίνεται
880 1783 1027 1855 αὐτῷ
1052 1784 1171 1838 κατ’
1199 1784 1332 1855 δναρ
1349 1785 1378 1837 6
1400 1784 1554 1849 ἅγιος
1583 1783 1903 1846 Βασιλίσκος
1921 1785 1950 1835 6
1966 1781 2084 1836 ἐπίο

502 1901 703 1946 σκοπος
729 1885 825 1938 καὶ
852 1883 1082 1956 μάρτυς,
1115 1884 1306 1952 λέγων’
1345 1903 1362 1935 ι
1408 1883 1630 1951 ’Δδελφὲ
1668 1883 1912 1952 Ἰωάννη,
1945 1881 2082 1953 θάρ-

503 2002 608 2040 σει·
645 1984 763 2056 μεθ’
791 1987 824 2055 η
835 1985 949 2056 μῶν
970 1983 1079 2056 γὰρ
1103 1984 1202 2056 ἐστι
1229 1983 1743 2053 συναναπαυόμενος
1777 1985 1834 2036 ἐν
1857 1985 1924 2054 τῇ
1956 1982 2084 2056 θίϐῃ

499 2084 634 2138 ὅπου
665 2085 803 2138 εἰσὶν
837 2083 904 2138 τά
936 2083 1166 2153 λείψανα
1198 2083 1334 2154 ἐμοῦ
1363 2099 1423 2136 τε
1453 2082 1546 2136 καὶ
1575 2081 1750 2134 ἄλλων
1784 2081 2084 2154 μαρτύρων

506 2186 829 2259 Εὐτροπίου,
871 2185 1150 2254 Ῥουφίνου
1178 2184 1271 2238 καὶ
1306 2181 1632 2237 Κολλουθοῦ.
1671 2200 1690 2233 ι
1738 2181 1972 2252 ὀμοίως
2024 2184 2083 2238 δὲ

507 2287 698 2358 καὶτῷ
721 2287 1179 2358 παραμοναρίῳή
1221 2286 1358 2357 αὐτὴ
1396 2285 1648 2340 όπτασία·
1695 2304 1714 2338 ι
1755 2287 1816 2342 ὐ
1855 2285 2083 2354 ἀδελφὸς

514 2389 768 2461 Ἰωάννης
813 2388 1049 2442 ἐνταῦθα
1096 2389 1547 2461 παραγενάμενος
1577 2391 1759 2463 μέλλει
1797 2391 1936 2464 πρὸς
1963 2389 2082 2444 Κύ-

503 2509 616 2563 ριον
660 2489 939 2561 ἐκδημεῖν·
990 2489 1126 2543 ἀλλά
1172 2490 1268 2542 σύν
1313 2491 1444 2560 ἡμῖν
1493 2490 1556 2544 τὸ
1605 2491 1856 2562 λείψανον
1913 2487 2080 2544 αὐτοῦ

497 2589 795 2646 ἀποθέσθαι
823 2589 1068 2662 θέλησον.
1105 2609 1123 2642 ι
1153 2592 1263 2645 Kal
1287 2586 1450 2662 ἦλθον
1476 2592 1558 2655 είς
1578 2593 1670 2645 τὸν
1688 2593 1854 2646 τόπον
1875 2591 2004 2646 ἔνθα
2029 2590 2083 2643 οἱ

497 2692 644 2764 ἆγιοι
686 2694 1003 2749 κατέκειντο
1033 2693 1327 2764 μάρτυρες·
1362 2693 1455 2746 καὶ
1493 2693 1801 2765 παρακαλεῖ
1829 2693 1956 2756 τούς
1983 2694 2084 2747 ἀν-

499 2796 750 2870 θρώπους
805 2793 1047 2849 ἐνδοῦναι
1087 2793 1235 2866 αὐτῷ
1283 2793 1388 2858 ἕως
1428 2793 1578 2865 ῶρας
1609 2794 1888 2865 πέμπτηςο
1931 2794 2028 2848 καὶ
2054 2795 2084 2846 6

501 2898 602 2970 μὲν
631 2892 712 2966 εἷς
738 2897 1032 2968 ἠϐουλήθη,
1073 2899 1101 2952 6
1139 2897 1196 2950 δέ
1234 2898 1422 2967 ἕτερος
1458 2897 1551 2951 τὸν
1582 2899 1682 2970 τῆς
1709 2897 2084 2967 άσπλαγχνίας

497 2998 638 3068 ἔχων
672 2997 932 3067 λογισμόν
973 2999 1067 3058 καὶ
1108 2998 1308 3071 τρόπον
1333 3000 1433 3053 οὐκ
1455 2998 1758 3072 ἠϐουλήθη.
1786 2999 1897 3052 Kal
1933 2998 2084 3051 ὁδευ-

499 3102 708 3168 σάντων
733 3100 912 3154 αὐτῶν
936 3101 1040 3165 ἕως
1065 3102 1231 3165 τόπου
1256 3103 1418 3168 τινὸς,
1447 3104 1664 3172 ἐγένετο
1698 3104 1852 3168 ὑετὸς
1891 3103 2079 3166 πολὺς,

497 3201 592 3273 καὶ
653 3202 752 3269 οὐκ
807 3200 1150 3272 ἠδυνήθησαν
1215 3202 1505 3274 προϐῆναι,
1563 3203 1678 3257 ἀλλ’
1731 3202 2081 3274 ὑπέστρεψαν

496 3303 720 3372 ἄκοντες
767 3298 893 3355 ἔνθα
939 3303 987 3354 οί
1021 3301 1165 3372 ἅγιοι
1203 3298 1342 3372 ἦσαν
1376 3304 1676 3374 μάρτυρες.
1711 3305 1823 3357 Kal
1859 3305 2021 3369 εὐθὺς
2051 3304 2082 3356 6

507 3405 762 3476 Ἰωάννης
825 3404 1003 3460 λαϐὼν
1051 3404 1119 3456 τὰ
1180 3404 1372 3474 ἱμάτια
1435 3403 1600 3469 αὐτοῦ
1645 3404 1712 3458 τά
1773 3405 1874 3475 τῆς
1919 3405 2081 3473 ἁγίας

494 3508 857 3580 λειτουργίας,
883 3505 1189 3568 ἐνεδύσατο,
1206 3503 1296 3557 καὶ
1317 3503 1439 3566 δοὺς
1457 3505 1537 3568 εἰς
1569 3504 1815 3574 εὐλογίαν
1837 3505 1873 3560 ἃ
1894 3507 2081 3576 ἐφόρει

493 3611 610 3678 τοῖς
651 3605 801 3662 οὖσιν
837 3609 953 3678 μετ’
980 3607 1168 3670 αὐτοῦ,
1201 3606 1294 3659 καὶ
1321 3606 1710 3676 ἀσπασάμενος
1746 3607 1963 3670 αὐτοὺς,
2003 3601 2080 3659 εἷ-

495 3730 600 3780 πεν
645 3712 737 3768 τὸν
780 3712 868 3766 ἀεὶ
893 3709 1022 3782 παρ’
1051 3707 1216 3763 αὐτοῦ
1251 3708 1542 3777 λεγόμενον
1567 3707 1745 3774 λόγον·
1781 3727 1799 3759 ι
1837 3706 1974 3772 Δόξα
2000 3707 2080 3778 τῷ

493 3811 616 3884 Θεῷ
643 3812 858 3877 πάντων
883 3812 1086 3866 ἕνεκεν.
1119 3829 1137 3860 ι
1169 3809 1282 3863 Kal
1309 3809 1602 3873 ἀνακλίνας
1625 3809 1836 3874 ἐαυτὸν,
1874 3809 2080 3862 ἀπέδω-

495 3930 591 3979 κεν
621 3911 682 3965 τὸ
713 3911 926 3986 πνεῦμα
973 3909 1194 3980 Χριστῷ
1237 3909 1314 3980 τῷ
1344 3906 1462 3978 Θεῷ
1493 3906 1650 3978 ήμῶν
1693 3906 1790 3977 (b),
1817 3906 2080 3972 συνταξά-

497 4029 658 4082 μενος
708 4012 802 4064 zeal
850 4013 962 4074 τοῖς
1018 4010 1214 4078 ἀγίοις,
1267 4012 1362 4065 καὶ
1411 4007 1672 4062 θάπτεται
1735 4009 1833 4061 σὺν
1894 4008 2079 4070 αὐτοῖς

493 4113 630 4184 αὐτῇ
661 4114 725 4187 τῇ
755 4111 957 4182 ἡμέρᾳ,
994 4109 1161 4162 πολλὰ
1192 4108 1581 4180 κακοπαθήσας
1621 4108 1772 4179 παρά
1796 4108 1903 4162 τῶν
1927 4110 2077 4162 ἀναι-

491 4211 598 4266 δῶν
631 4211 934 4284 ἀνθρώπων
974 4211 1220 4265 ἐκείνων.
1251 4210 1438 4275 Οὖτως
1477 4211 1587 4286 γάρ
1624 4206 1693 4283 ἦν
1727 4210 2076 4281 ἀπαγγελθέν

493 4315 676 4378 αὐτοῖς
729 4317 840 4377 τοῖς
883 4312 1262 4385 στρατιώταις,
1306 4315 1387 4376 τὸ,
1436 4315 1485 4366 εί
1522 4315 1955 4384 κακοθανατήσει
2010 4315 2076 4367 ἐκ

491 4414 592 4485 τῆς
651 4414 792 4484 ἄγαν
857 4413 1230 4477 κακοπαθείας
1257 4452 1272 4479 ,
1341 4413 1552 4466 πολλῶν
1604 4414 1823 4484 δωρεῶν
1887 4417 2074 4485 τυχεῖν

493 4513 711 4577 αὐτούς.

569 4647 678 4706 σις’.
731 4640 843 4696 Kal
882 4640 946 4710 δή
994 4656 1139 4703 τινες
1185 4639 1292 4693 τῶν
1337 4639 1578 4696 Ἰωάννου
1622 4642 1963 4698 ἀπελθόντων
2017 4645 2075 4700 ἐν

505 4740 716 4812 Ῥώμῃ,
779 4739 1122 4820 ἀπήγγειλαν
1175 4741 1352 4794 πάντα
1398 4741 1724 4814 ’Ῑννοκεντίῳ
1771 4742 1848 4813 τῷ
1894 4744 2070 4815 πάπᾳ·

494 4842 592 4896 καὶ
617 4841 876 4913 πλησθεὶς
903 4841 1086 4912 θυμοῦ
1104 4842 1168 4896 δι’
1205 4843 1479 4913 Ἰωάννην,
1510 4845 1604 4898 καὶ
1629 4843 1725 4914 τὴν
1754 4843 1976 4916 ἐνέδραν
2009 4846 2076 4916 ῆν

493 4941 808 5012 ὑπέστησαν
833 4943 884 4994 οἱ
906 4940 1070 4995 αὐτοῦ
1101 4959 1299 5013 τοποτη
1310 4943 1487 5012 ρηταὶ,
1520 4942 1681 5006 εὐθὺς
1703 4942 1796 4996 τὸν
1821 4941 2075 5016 Ὀνὼριον

494 5040 716 5114 χωρίζει
751 5041 928 5111 μῆνας
961 5043 1110 5111 τρεῖς
1152 5041 1261 5093 τῶν
1300 5039 1460 5093 θείων
1492 5043 1829 5114 μυστηρίων.
1857 5043 2074 5112 Πέμπει

493 5141 549 5196 δέ
601 5139 870 5213 Ἀρκαδίῳ
897 5141 992 5194 καὶ
1023 5139 1251 5211 Εὐδοξίᾳ
1281 5140 1586 5212 ἀφορισμδν
1622 5141 1954 5213 σημαίνοντα
1983 5142 2076 5194 οὐ·

493 5259 620 5306 τως·
651 5261 669 5293 ι
701 5239 970 5311 ’Δρκαδίῳ
1001 5241 1094 5293 καὶ
1127 5240 1355 5312 Εὐδοξίᾳ
1392 5242 1755 5308 Ἰννοκέντιοςθ
1782 5243 1939 5315 Φωνὴ
1990 5245 2076 5298 af-

501 5355 668 5405 ματος
710 5339 953 5393 Ἰωάννου
981 5339 1075 5392 τοῦ
1105 5339 1334 5408 ἀδελφοῦ
1374 5359 1474 5410 μου
1507 5341 1606 5413 βοᾷ
1637 5344 1773 5414 πρὸς
1801 5344 1893 5396 τὸν
1917 5343 2070 5409 Θεὸν,

498 5435 595 5488 καὶ
616 5439 829 5502 πάντως
854 5441 916 5493 τὸ
937 5436 1076 5512 αἷμα
1103 5441 1266 5493 αὐτοῦ
1298 5443 1610 5496 ἐκδικεῖται.
1651 5445 1761 5497 Kal
1799 5446 1960 5514 ἡμεῖς
1983 5442 2075 5499 οὖν

499 5536 562 5588 τὸ
590 5539 717 5607 παρ’
745 5540 952 5606 ἑαυτοῖς
978 5544 1340 5610 ἐκδικοῦντες,
1385 5548 1621 5616 οὐρανίῳ
1662 5548 1953 5614 ἀποφάσει,
1990 5552 2076 5604 λό-

579 5677 654 5762 ςα)
699 5679 935 5762 ςςξιιίοτη
963 5690 1648 5762 εἰηειιζιιοοινίςσεῐῐιεηιιιιιι
1687 5693 2009 5752 historicum
2045 5717 2074 5759 ο

505 5748 666 5804 nobis
697 5747 976 5808 editum'in
1008 5747 1271 5826 Siwicilcgii
1303 5747 1452 5813 Βὸἷτι.
1484 5771 1630 5817 tomo
1658 5765 1723 5827 ll,
1752 5747 2069 5840 ειιιρριιῖΙῘ-[ί

1675 346 2027 406 THEODORI
2067 338 2593 405 TRIMITHUNTINI

3633 364 3778 408 ικιι

2196 481 2277 536 γῳ
2306 467 2439 520 Θεοῦ
2474 467 2840 539 δεσμούμενοι
2877 469 2926 523 οἱ
2969 469 3132 541 ἄμφω
3164 467 3342 541 ἀλύτῳ
3367 469 3572 542 δεσμῷ,
3610 470 3676 523 σύ
3717 487 3782 525 τε

2192 565 2286 618 καὶ
2314 565 2559 630 Δαλιδάς,
2590 567 2622 637 ή
2649 565 2787 620 κατά
2816 569 3010 638 μικρὸν
3039 569 3115 640 τῷ
3141 567 3288 640 ξυρῷ
3319 571 3418 639 τῆς
3446 567 3656 639 πλάνης
3690 567 3780 633 ευ*

2193 661 2394 731 ρίσασά
2437 679 2518 728 σε,
2558 663 2661 728 ἔξω
2714 663 2836 718 ἔστε
2883 665 3066 735 πάσης
3114 664 3521 735 προσελεύσεως
3563 678 3780 736 μυστη-

2194 758 2344 827 ρίων,
2392 761 2455 814 σύ
2509 760 2682 830 μῆνας
2723 759 2801 826 ἓξ,
2848 761 3074 833 κάκείνη
3123 761 3267 832 διετῆ
3314 761 3526 830 χρόνονο
3575 760 3782 824 εἰδότες

2188 858 2367 922 τοῦτο,
2407 856 2482 918 ὡς
2520 859 2569 910 εί
2620 857 3058 929 παραλογίσησθε
3100 858 3200 928 τὴν
3240 858 3300 922 ἐξ
3327 857 3573 928 οὐρανῶν
3603 873 3779 909 κατα-

2191 955 2536 1024 πεμφθεῖσαν
2585 955 2716 1024 παρ’
2741 954 2900 1024 ἡμῶν
2930 954 3225 1023 ἀπόφασιν,
3265 954 3299 1024 ἢ
3347 953 3412 1024 δὴ
3456 950 3781 1024 προσελθεῖν

2189 1052 2375 1122 δόξητε
2416 1054 2528 1114 τοῖς
2587 1049 2751 1112 θείοις
2801 1051 3143 1121 μυστηρίοις,
3187 1051 3266 1113 εἰς
3309 1048 3555 1119 ἄνθρακα
3601 1045 3778 1118 πυρὸς

2193 1146 2598 1218 μεταϐληθέντα
2647 1145 2715 1198 τά
2765 1144 2912 1198 ἔνδον
2954 1145 3107 1215 ὑμῶν
3150 1143 3551 1212 καταφάγεται.
3597 1141 3709 1194 Kal
3746 1139 3780 1193 ὁ

2187 1238 2402 1308 τολμῶν
2429 1238 2485 1290 δὲ
2513 1238 2806 1291 ἐπιδιδόναι
2843 1239 2972 1307 ὑμῖν
3011 1239 3117 1290 εἴτε
3146 1236 3461 1299 ἐπίσκοπος,
3491 1234 3604 1288 εἴτε
3637 1249 3776 1306 πρε-

2191 1331 2468 1402 σϐύτερος,
2501 1334 2550 1384 εί
2585 1332 2721 1394 ὅλως
2759 1331 3001 1401 τολμήσῃ
3028 1347 3112 1392 τις
3149 1329 3496 1400 ἐπιχειρῆσαι
3524 1327 3622 1398 τήν
3651 1326 3775 1379 θεό-

2189 1424 2279 1478 θεν
2302 1423 2392 1478 τοῦ
2413 1424 2708 1476 ἀποστόλου
2733 1423 2940 1493 Πέτρου
2959 1422 3296 1494 κυρωθεῖσαν
3323 1421 3504 1491 ψῆφον
3529 1421 3589 1487 (l'.
3614 1420 3774 1490 75a.)

2187 1515 2662 1587 παρακούσασθαι,
2699 1515 2793 1568 καὶ
2818 1514 2955 1576 ὅλως
2994 1511 3266 1583 ἀγιασμοῦ
3315 1530 3458 1574 τινος
3497 1509 3637 1576 δόξει
3684 1527 3776 1582 με·

2186 1605 2450 1658 ταδιδόναι
2474 1606 2624 1675 ὐμῖν,
2658 1605 2755 1657 καὶ
2782 1605 2880 1676 τῆς
2901 1604 3154 1675 οὐρανίου
3181 1603 3402 1673 χάριτος
3429 1604 3524 1656 καὶ
3548 1603 3649 1672 τῆς
3677 1601 3776 1655 ἐπὶ

2187 1698 2290 1768 γῆς
2339 1696 2497 1760 ἀξίας
2547 1697 2912 1767 ἐστερημένος
2955 1695 3127 1748 ἔσται.
3161 1691 3544 1766 Καθαιροῦμαι
3575 1693 3633 1746 δέ
3676 1694 3775 1746 καὶ

2183 1789 2276 1842 τὸν
2313 1787 2498 1858 μοιχὸν
2534 1789 2604 1856 (c)
2644 1787 2951 1858 ’Δρσάκιον·
2987 1787 3080 1839 καὶ
3105 1784 3305 1848 πάντες
3330 1787 3380 1838 οἱ
3406 1785 3772 1854 κοινωνήσαν-

2184 1893 2274 1939 τες
2304 1875 2474 1945 αὐτῷ,
2506 1876 2604 1928 σὺν
2647 1875 2796 1945 αὐτῷ
2827 1875 3342 1944 κατακριθήσονταιο
3390 1873 3773 1945 προστιθέντες

2183 1969 2252 2036 τῇ
2283 1965 2598 2038 καθαιρέσει
2623 1965 2882 2034 Θεοφίλου
2916 1969 3063 2038 τρεῖς
3091 1965 3394 2036 ἐπιτιμίας,
3440 1964 3770 2036 ἀφορισμδν,

2186 2058 2283 2113 καὶ
2331 2057 2797 2129 ἀναθεματισμὸν,
2847 2059 2942 2112 καὶ
2987 2057 3202 2111 τελείαν
3257 2056 3609 2128 ἀλλοτρίωσιν
3673 2055 3770 2110 τοῦ

2185 2149 2466 2204 καλεῖσθαι
2491 2149 2835 2221 Χριστιανόν.
2863 2169 2881 2201 ι

2256 2243 2358 2306 κζ’.
2398 2243 2676 2312 Ἔγραψεν
2717 2241 2775 2294 δὲ
2795 2241 2890 2296 καὶ
2929 2241 3187 2313 Ὀνώριος
3227 2239 3306 2312 τῷ
3345 2239 3561 2309 ἀδελφῷ
3601 2236 3770 2292 αὑτοῦ

2197 2330 2467 2402 Ἀρκαδίῳ
2494 2330 2703 2384 ταῦτα’
2737 2350 2756 2382 ι
2798 2330 3067 2402 ’Δρκαδίῳ
3107 2330 3361 2400 ἡμετέρῳ
3407 2327 3620 2398 ἀδελφῷ
3671 2328 3770 2382 καὶ

2185 2424 2512 2495 συμϐασιλεῖ
2544 2423 2798 2496 Ὁνώριος
2826 2425 3056 2495 χαίρειν·
3083 2410 3196 2478 Οὐκ
3221 2421 3335 2478 οίδα
3364 2424 3493 2478 ποία
3517 2424 3770 2496 ἐνέργεια

2183 2517 2534 2588 ἀντικειμένη
2569 2517 2870 2588 ἐπλάνησέν
2908 2533 2967 2568 σε
3003 2517 3223 2584 γυναικὶ
3261 2515 3616 2587 θαρῤήσαντα
3645 2515 3768 2568 δια-

2185 2607 2498 2678 πράξασθαι
2537 2607 2705 2662 κακά.
2738 2607 2848 2660 Kal
2889 2607 3088 2670 πάντες
3125 2609 3174 2659 οί
3205 2605 3437 2660 ἐνταῦθα
3472 2605 3767 2660 ἐπίσκοποι

2183 2701 2284 2771 τῆς
2334 2699 2494 2772 ήμῶν
2539 2699 2817 2769 βασιλείας
2849 2697 3214 2761 καταϐοῶσιν,
3257 2698 3333 2761 ὼς
3363 2699 3490 2762 τοὺς
3533 2715 3770 2772 τοποτη-

2186 2792 2355 2864 ρητάς
2388 2791 2518 2855 τούς
2546 2794 2626 2854 εἰς
2670 2792 2768 2863 σὴν
2797 2791 2963 2862 τιμὴν
3009 2790 3324 2855 σταλέντας,
3372 2791 3464 2844 καὶ
3514 2792 3613 2864 τῆς
3642 2809 3770 2846 συν-

2185 2883 2459 2955 αγομένης
2508 2884 2727 2938 συνόδου
2779 2883 3048 2955 στήριξιν,
3099 2887 3156 2938 ἐν
3189 2886 3402 2956 φρουρᾷ
3452 2888 3610 2956 στενῇ
3663 2885 3762 2938 θέ-

2187 2993 2349 3048 μενος
2383 2977 2442 3028 ἐν
2474 2974 2618 3047 λιμῷ
2666 2975 2930 3046 τήκεσθαι
2962 2973 3189 3039 ἔταξας·
3226 2976 3332 3046 ἰδίᾳ
3373 2975 3429 3029 δέ
3462 2975 3627 3048 βουλῇ
3672 2979 3772 3030 καὶ

2188 3071 2302 3141 ἰδίῳ
2350 3071 2580 3142 κρίματι
2618 3072 2952 3133 ἐπισκόπους
3000 3069 3267 3135 ἐκϐαλὼν,
3307 3070 3500 3135 ἀλλους
3548 3072 3768 3144 ἐνεθρο-

2184 3163 2394 3226 νίασας,
2421 3161 2662 3234 παριδὼν
2685 3163 2783 3233 τὴν
2810 3161 3173 3230 ἀποστολικὴν
3204 3162 3366 3234 τιμήν
3386 3180 3398 3191 ·
3427 3162 3571 3235 ἅπερ
3595 3165 3771 3218 ταῦτα

2185 3256 2337 3330 παρά
2374 3255 2684 3327 ἀνθρώποις
2716 3257 2962 3309 κίνδυνον
2994 3259 3129 3328 ήμῖν
3164 3258 3335 3309 ποιεῖ’
3373 3258 3456 3310 δτι
3483 3253 3578 3311 οἷον
3617 3260 3770 3330 κάμέ

2182 3350 2283 3420 τῆς
2310 3349 2460 3413 θείας
2482 3348 2894 3420 προσελεύσεως
2921 3348 3303 3418 ἠλλοτρίωσεν,
3319 3350 3415 3403 καὶ
3439 3350 3506 3404 τὰ
3530 3350 3772 3406 ἐνταῦθα

2184 3443 2363 3496 πάντα
2392 3443 2452 3494 οὐ
2495 3441 2708 3513 μικρῶς
2735 3441 3116 3512 ταράττονται.
3154 3441 3400 3495 Σπεῦσον
3433 3438 3529 3496 οὖν
3574 3443 3649 3514 μὴ
3678 3443 3773 3497 λό-

2182 3551 2301 3602 γοις
2333 3533 2668 3603 θεραπεῦσαι
2696 3533 2890 3598 ταῦτα,
2919 3533 3034 3586 ἀλλ’
3060 3533 3243 3604 ἐργοις
3261 3551 3274 3564 ·
3304 3534 3412 3587 τῶν
3442 3534 3549 3605 γὰρ
3573 3535 3770 3607 ἱερέων

2181 3629 2238 3684 al
2273 3627 2414 3696 ὑπὲρ
2457 3625 2618 3696 ἡμῶν
2654 3627 2954 3696 προσευχαὶ
3008 3625 3107 3689 τὰς
3157 3627 3430 3698 ἡμετέρας
3489 3626 3769 3698 βασιλείας

2179 3717 2448 3788 διηνεκῶς
2486 3716 2866 3790 κρατύνουσιν.
2893 3735 2912 3768 ι

2251 3816 2357 3880 κη’.
2407 3811 2615 3862 Ὄντων
2666 3805 2760 3862 οὖν
2811 3811 2869 3862 ἐν
2916 3812 2980 3881 τῇ
3054 3807 3412 3881 βασιλευούσῃ
3475 3809 3583 3864 τῶν
3633 3809 3768 3883 περὶ

2181 3900 2438 3970 Θεόφιλον
2494 3900 2830 3971 ἀναρίθμους
2906 3901 3228 3970 συντυχείας
3280 3899 3599 3963 ποιούντων,
3657 3903 3763 3955 ἐπ-

2180 3992 2415 4061 έστησαν
2456 3995 2522 4062 τῇ
2553 3992 2830 4064 Βυζαντίῳ
2869 3993 2918 4046 οί
2961 3993 3220 4062 Ῥωμαῖοι
3253 3993 3638 4064 ἐπιφερόμενοι
3693 3995 3765 4050 τὰ

2179 4083 2546 4154 προλεχθέντα
2580 4084 2905 4154 γράμματα.
2933 4085 3043 4138 Kal
3079 4084 3373 4155 δεξάμενος
3403 4084 3578 4138 ταῦτα
3611 4085 3641 4137 ό
3671 4085 3766 4156 βα-
3860 4152 3887 4168 ο

2181 4177 2382 4241 σιλεύς,
2413 4176 2678 4247 συνεχύθη
2721 4176 2857 4240 ὅλως
2899 4177 2994 4230 καὶ
3027 4176 3256 4248 ἐξεχύθη
3303 4177 3366 4230 τὸ
3409 4177 3629 4248 πνεῦμα
3664 4179 3764 4232 αὐ-

2177 4271 2291 4325 τοῦ.
2329 4269 2392 4325 Ὀ
2433 4265 2525 4323 οὖν
2559 4269 2818 4338 Θεόφιλος
2860 4268 2948 4321 διὰ
2993 4267 3092 4338 τῆς
3140 4268 3274 4331 ίδίας
3330 4267 3523 4338 τέχνης
3562 4271 3768 4340 νοήσας

2178 4368 2355 4438 ἀρχὴν
2391 4364 2580 4419 κακῶν
2634 4359 2793 4428 εἶναι,
2823 4365 2966 4433 φυγῇ
3008 4362 3107 4434 τήν
3155 4363 3429 4434 σωτηρίαν
3481 4363 3766 4436 πορίζεται

2181 4459 2368 4529 μόνος·
2402 4459 2430 4511 6
2461 4457 2518 4510 δέ
2573 4455 2823 4526 βασιλεὺς
2871 4455 3150 4525 ἀνανήψας
3196 4455 3404 4526 πέμπει
3441 4455 3764 4526 σχολαρίους

2175 4551 2269 4603 τοῦ
2324 4551 2551 4619 ἀγαγεῖν
2615 4549 2949 4619 συρομένους
2993 4547 3274 4618 Θεόφιλον,
3323 4549 3448 4612 τούς
3503 4547 3763 4616 ἀνεψιοὺς

2174 4642 2340 4698 αὐτοῦ
2393 4643 2587 4712 Μηνᾶν
2621 4642 2717 4695 καὶ
2767 4640 3081 4705 Θεότεκνον,
3130 4643 3224 4696 καὶ
3269 4641 3622 4711 Ἰσχυρίωνα,
3665 4641 3764 4711 ἦν·

2175 4751 2344 4802 εγκαν
2392 4733 2849 4804 βακλιζομένους·
2883 4733 3144 4797 ὡσαύτως
3187 4735 3281 4786 καὶ
3319 4732 3574 4786 Ἀκάκιον
3598 4748 3612 4762 ·
3663 4731 3762 4785 καὶ

2177 4828 2384 4890 πάντας
2430 4826 2804 4897 συρομένους,
2857 4826 3214 4894 ἀνυποστάτῳ
3269 4823 3361 4895 βίᾳ
3397 4823 3649 4894 ἐμϐαλὼν
3701 4823 3763 4876 ἐν

2173 4917 2534 4988 δεσμωτηρίῳ
2584 4915 2811 4978 πάντας.
2867 4914 3140 4968 Εἰσελθὼν
3169 4915 3226 4967 δὲ
3258 4917 3287 4968 6
3335 4915 3590 4984 βασιλεὺς
3619 4913 3766 4984 πρὸς

2176 5007 2457 5072 Εὐδοξίαν,
2504 5005 2644 5057 ὥστε
2677 5004 2846 5076 αὐτὴν
2900 5005 3105 5068 ὀλέσαι,
3152 5005 3259 5058 ίδεν
3304 5007 3422 5057 ἐκεῖ
3465 5005 3593 5070 τούς
3638 5005 3765 5058 ἐπι-

2179 5092 2416 5155 σκόπους
2448 5093 2573 5155 τοὺς
2604 5092 2745 5145 κατά
2775 5092 3058 5160 Θεοφίλου,
3089 5096 3182 5147 καὶ
3216 5093 3364 5161 λέγει
3391 5093 3606 5156 αὐτοῖς’
3647 5111 3667 5146 ι
3693 5094 3762 5147 Τί

2177 5185 2382 5239 ποιεῖτε
2435 5182 2700 5250 ἐνταῦθα;
2735 5202 2753 5234 ι
2794 5184 2857 5235 Ol
2891 5183 2948 5238 δέ
2986 5179 3138 5236 εἷπον
3160 5201 3174 5212 ·
3211 5205 3230 5234 ι
3258 5185 3505 5254 Σήμερον
3552 5185 3762 5256 ἡμέραι

2177 5274 2371 5328 πολλαὶ
2409 5275 2501 5344 ἀφ’
2523 5270 2584 5329 οὐ
2615 5275 2849 5329 ἐνταῦθά
2891 5279 3059 5346 ἐσμεν
3105 5278 3523 5349 φρουρούμενοι,
3561 5278 3648 5331 ἵνα
3684 5279 3762 5350 μὴ

2177 5365 2483 5435 ἐξείπωμεν
2509 5367 2607 5438 τὴν
2641 5365 2918 5435 ἀλήθειαν.
2949 5385 2966 5415 ι
2997 5397 3068 5407 -
3095 5386 3113 5418 ι
3156 5368 3290 5420 Ὑπὸ
3318 5368 3479 5429 τίνος,
3510 5387 3526 5419 ι
3565 5370 3756 5438 φησὶν,

2187 5475 2202 5503 ι
2234 5456 2661 5528 συλληφθέντες;
2697 5475 2715 5507 ι
2747 5458 2810 5508 Οἱ
2843 5458 2900 5510 δὲ
2921 5455 3106 5510 εἷπον·
3147 5478 3164 5510 ι
3203 5459 3339 5511 ’Υπὺ
3380 5459 3687 5529 Μαριανοῦ.
3737 5479 3760 5515 ι

2179 5552 2288 5602 Kal
2334 5550 2535 5612 εὐθέως
2592 5548 2872 5602 ἐκέλευσεν
2920 5553 2947 5603 6
3000 5551 3251 5620 βασιλεὺς
3302 5552 3522 5622 δοθῆναι
3574 5553 3762 5618 αὐτοῖς

2187 5703 2267 5755 I2.
2313 5703 2608 5773 (Recusum
2645 5701 2786 5770 apud
2819 5720 2917 5758 nos
2947 5705 3001 5758 in
3030 5704 3262 5773 append.
3298 5703 3364 5758 ad
3394 5703 3656 5760 sarculum
3703 5716 3759 5760 ν.

2183 5773 2330 5833 Enn.
2364 5771 2550 5837 Pun.)
