4018 6412
212 363 361 410 ιιιςι

215 468 412 528 tradita:
437 465 913 534 obtemperarent,
946 446 1195 520 discessit
1221 465 1290 519 ab
1323 463 1553 519 ecclesia
1583 470 1639 518 et
1666 462 1785 534 epi-

215 573 418 644 scopio,
462 568 632 625 tertio
678 567 1112 623 Resurrectionis
1165 566 1461 622 Dominica:
1501 567 1610 621 die.
1662 566 1789 621 Fuit

217 688 383 734 autem
409 690 477 730 eo
520 673 615 729 die
654 672 831 728 luctus
863 672 1052 743 ingens
1080 672 1379 727 amantium
1408 671 1665 740 Joannis,
1696 669 1788 742 qui

221 785 264 839 ei
289 779 662 837 valedicebant
693 779 935 835 derelicti
964 778 1033 833 ab
1070 792 1136 832 eo
1159 816 1173 844 ,
1218 787 1478 848 tanquam
1510 794 1539 831 a
1569 778 1789 848 proprio

221 895 421 959 pastore
463 900 622 940 oves.
662 884 901 955 Populus
933 892 1113 938 tamen
1154 884 1395 938 urbanus
1420 882 1623 937 exitum
1671 883 1790 953 ejus

223 994 502 1066 ignoravit;
534 993 633 1062 qui
663 992 709 1046 si
742 991 1088 1056 innotuisset,
1115 988 1393 1059 sanguinis
1421 987 1615 1043 etlusio
1649 988 1792 1043 inter

224 1100 357 1156 cives
395 1113 457 1153 ac
485 1097 696 1152 milites
737 1096 917 1151 futura
947 1103 1082 1151 erat.
1132 1095 1341 1150 Idcirco
1384 1096 1623 1150 Joannes
1652 1094 1791 1149 clam

227 1201 409 1274 populo
436 1216 695 1273 egressus
716 1208 818 1255 est.
855 1199 1009 1254 Tunc
1032 1200 1083 1254 ei
1105 1199 1216 1254 dati
1243 1206 1371 1253 sunt
1395 1197 1640 1253 Thraces
1667 1197 1792 1268 qui-

228 1309 337 1365 dam
367 1305 719 1362 inverecundi
744 1306 1016 1371 custodes,
1048 1314 1110 1359 ut
1138 1320 1262 1360 eum
1293 1303 1348 1358 in
1381 1302 1628 1359 exsilium
1665 1317 1792 1372 per-

229 1413 492 1468 traherent
511 1429 527 1478 ;
545 1412 640 1482 qui
661 1413 728 1468 de
751 1413 870 1467 loco
888 1413 944 1466 in
968 1412 1148 1468 locum
1172 1410 1467 1466 transferre
1487 1418 1789 1480 coeperunt.

230 1515 453 1586 Cumque
479 1516 593 1587 jam
615 1516 684 1571 ad
712 1515 971 1586 oppidum
994 1515 1135 1585 quod
1161 1514 1359 1569 dicitur
1379 1513 1626 1570 Cucusus
1650 1520 1795 1567 esset

231 1631 595 1692 perventurus,
627 1629 856 1692 apparet
875 1622 924 1677 ei
946 1621 1003 1675 in
1032 1620 1239 1676 somnis
1267 1629 1488 1676 sanctus
1510 1619 1797 1675 Basiliscus

233 1725 501 1796 episcopus
518 1741 587 1780 ac
609 1733 816 1795 martyr
831 1724 1020 1781 dicens
1044 1744 1057 1780 ε
1091 1744 1110 1776 ι
1150 1725 1338 1779 Frater
1361 1723 1589 1789 Joanne,
1621 1731 1796 1777 macte

236 1828 419 1893 animo,
466 1827 757 1883 nobiscum
798 1828 944 1882 enim
988 1828 1237 1898 quiesces
1268 1828 1322 1882 in
1369 1843 1495 1883 arca
1525 1828 1617 1882 ubi
1659 1842 1795 1883 meae

238 1930 556 2001 aliorumque
588 1940 889 2003 martyrum
929 1931 1170 2002 reliquiae
1199 1941 1346 1997 sunt,
1378 1932 1645 2002 Eutropii,
1682 1931 1799 1987 Ru-

240 2034 322 2089 ﬁni
354 2045 511 2105 atque
539 2033 803 2090 Colluthi.
844 2054 862 2086 ›
897 2035 1073 2105 Atque
1102 2036 1294 2092 eadem
1323 2035 1527 2107 pariter
1551 2035 1690 2090 visio
1718 2050 1802 2090 ec-

242 2139 400 2195 clesia:
444 2140 814 2196 mansionario
855 2140 1033 2196 oblata
1078 2141 1211 2207 fuit,
1260 2140 1468 2196 scilicet
1507 2158 1521 2194 :
1559 2159 1578 2192 ι
1612 2140 1803 2195 Frater

241 2241 476 2310 Joannes,
505 2245 602 2316 qui
633 2245 745 2300 huc
781 2244 1018 2311 advenit,
1047 2245 1115 2300 ad
1154 2244 1443 2301 Dominum
1474 2246 1804 2319 migraturus

243 2354 319 2401 est
354 2364 367 2401 :
417 2354 470 2401 tu
519 2361 655 2402 vero
689 2348 1071 2418 corpusculum
1112 2350 1233 2419 ejus
1276 2350 1558 2405 nobiscum
1599 2367 1805 2421 ponere

242 2447 380 2503 velis.
417 2468 436 2500 ι
465 2448 707 2504 Ventum
736 2465 866 2521 ergo
898 2460 983 2506 est
1008 2452 1077 2506 ad
1100 2452 1278 2507 locum
1309 2453 1402 2507 ubi
1433 2463 1697 2525 martyres
1719 2454 1807 2525 ja-

243 2552 420 2608 cebant
450 2573 464 2608 :
497 2554 819 2625 rogavitque
861 2555 1099 2612 Joannes
1129 2556 1412 2622 custodes,
1444 2566 1504 2612 ut
1538 2573 1596 2613 se
1634 2574 1807 2629 usque

243 2656 302 2711 ad
333 2657 513 2712 horam
539 2659 792 2727 quintam
823 2659 1122 2727 subsistere
1154 2659 1435 2727 sinerent;
1466 2675 1696 2731 quorum
1725 2665 1809 2719 al-

245 2770 318 2817 ter
353 2763 575 2833 qmdem
612 2763 860 2829 volebat,
903 2764 1040 2819 alter
1066 2773 1249 2821 autem
1300 2766 1492 2823 immiti
1534 2768 1716 2824 animo
1747 2786 1811 2825 ac

246 2879 381 2920 more
419 2867 707 2922 renuebat.
745 2867 880 2937 Ipsis
907 2868 1072 2939 igitur
1110 2885 1279 2940 usque
1304 2871 1371 2925 ad
1396 2872 1685 2942 quemdam
1729 2872 1813 2927 lo-

248 2986 359 3025 cum
385 2970 486 3026 iter
516 2973 998 3043 prosequentibus,
1030 2989 1223 3045 magna
1262 2975 1441 3044 pluvia
1482 2975 1711 3047 ingruit,
1739 2975 1813 3031 ita

251 3084 301 3129 ut
327 3076 572 3147 progredi
594 3085 953 3147 nequeuntes,
987 3078 1057 3133 ad
1087 3079 1376 3134 stationem
1406 3088 1699 3149 martyrum
1726 3080 1814 3133 in—

250 3178 335 3234 viti
354 3187 774 3236 reverterentur.
798 3179 1102 3251 Statimque
1127 3180 1366 3237 Joannes
1386 3182 1617 3251 sumptis
1645 3198 1816 3237 sacrae

250 3281 465 3355 liturgize
492 3284 859 3348 vestimentis,
890 3295 947 3341 et
981 3285 1179 3340 divinis
1207 3287 1478 3357 mysteriis
1508 3287 1816 3342 communi-

252 3401 386 3453 cans,
414 3389 750 3461 largitusque
778 3390 1176 3447 benedictionis
1199 3392 1319 3447 loco
1347 3391 1608 3461 quidquid
1632 3407 1816 3447 secum

254 3491 445 3547 ferebat
468 3494 798 3561 astantibus,
824 3495 1011 3566 eisque
1031 3496 1357 3561 valedicens,
1381 3512 1532 3551 more
1561 3496 1661 3551 sibi
1689 3513 1820 3551 con-

259 3608 400 3654 sueto
421 3601 599 3656 dixit:
639 3620 657 3651 ι
702 3599 881 3656 Gloria
923 3602 1036 3656 Deo
1070 3608 1293 3672 propter
1342 3601 1560 3665 omnia;
1599 3620 1617 3652 ›
1654 3617 1821 3672 seque

262 3706 553 3771 reclinans,
599 3705 816 3763 Christo
866 3706 977 3761 Deo
1026 3715 1216 3762 nostro
1270 3707 1523 3778 Spiritum
1568 3707 1819 3775 tradidit,

258 3813 441 3868 sanctis
468 3828 691 3884 quoque
720 3812 1046 3883 martyribus
1070 3812 1344 3879 salutatis,
1375 3828 1499 3868 cum
1530 3813 1703 3884 iisque
1737 3813 1825 3869 die

259 3915 431 3969 eadem
462 3915 748 3985 sepelitur,
790 3915 960 3969 multa
988 3916 1056 3970 ab
1100 3916 1413 3971 inhumanis
1454 3915 1557 3971 illis
1591 3916 1827 3970 homini-

260 4016 352 4071 bus
393 4034 610 4089 passus.
659 4017 748 4073 Sic
778 4020 923 4074 enim
967 4020 1233 4075 militibus
1274 4020 1405 4090 ipsis
1446 4021 1826 4076 denuntiatum

260 4119 440 4187 fuerat,
471 4137 676 4192 nempe
705 4124 850 4194 quod
884 4123 927 4178 si
950 4123 1039 4178 ille
1066 4123 1299 4193 pessime
1323 4125 1391 4178 ab
1419 4123 1485 4179 iis
1511 4124 1740 4180 aﬂ'ectus
1762 4142 1829 4182 ex

261 4242 487 4283 aerumna
513 4237 838 4294 moreretur,
878 4228 1046 4283 multa
1072 4228 1251 4282 forent
1272 4244 1496 4283 munera
1529 4232 1825 4301 accepturi.

323 4333 404 4388 26.
431 4335 576 4390 Ecce
604 4341 784 4388 autem
811 4334 1029 4404 quidam
1054 4334 1120 4389 de
1147 4332 1373 4388 Joannis
1393 4334 1581 4389 amicis
1601 4335 1828 4390 Romam

261 4436 496 4504 profecti,
532 4445 729 4491 cuncta
751 4438 867 4492 haec
890 4437 1209 4493 Innocentio
1227 4454 1382 4509 papa:
1410 4440 1826 4507 nuntiaverunt,

262 4541 345 4610 qui
369 4544 446 4596 ira
473 4550 699 4613 propter
726 4543 989 4599 Joannem
1011 4544 1166 4599 valde
1190 4552 1515 4610 commotus,
1538 4552 1594 4599 et
1608 4552 1833 4615 pr0pter

264 4644 656 4701 circumventos
684 4645 894 4700 insidiis
931 4645 1137 4715 legatos
1180 4660 1340 4709 suos,
1373 4646 1557 4700 statim
1592 4645 1833 4701 Honorio

264 4752 323 4806 ad
358 4759 469 4809 tres
497 4767 717 4809 menses
744 4751 943 4808 divinis
975 4749 1246 4822 mysteriis
1275 4750 1570 4806 interdicit.
1602 4750 1741 4805 Tum
1780 4761 1836 4806 et

263 4856 484 4921 Arcadio
513 4869 676 4930 atque
697 4858 953 4914 Eudoxiaa
972 4856 1588 4912 exeommnnieationem
1618 4857 1702 4912 his
1722 4872 1837 4913 ver-

266 4958 343 5035 bis
366 4962 565 5016 mittit:
602 4980 622 5013 r
652 4959 885 5016 Arcadio
924 4968 979 5015 et
1015 4958 1272 5014 Eudoxiae
1309 4957 1681 5014 lnnocentius.
1719 4958 1837 5013 Vox

267 5068 540 5139 sanguinis
566 5067 790 5122 Joannis
836 5066 1020 5121 fratris
1048 5066 1157 5120 mei
1191 5065 1389 5120 clamat
1429 5065 1497 5120 ad
1534 5064 1704 5118 Deum
1726 5106 1741 5128 ,
1782 5071 1839 5119 et

270 5174 484 5229 omnino
540 5174 758 5245 sanguis
811 5174 931 5243 ejus
986 5171 1370 5227 vindicabitur.
1422 5170 1493 5225 Et
1534 5185 1636 5224 nos
1684 5184 1832 5240 ergo,

271 5287 529 5347 quantum
558 5278 616 5334 in
640 5278 797 5335 nobis
815 5287 919 5347 est,
942 5277 1301 5341 vindicantes,
1326 5275 1532 5331 caelesti
1567 5276 1839 5331 sententia

338 5495 410 5564 (ὁ)
452 5494 589 5562 Quis
611 5509 725 5549 non
750 5494 842 5564 pio
864 5507 1028 5547 sensu
1052 5496 1415 5564 prosequatur
1443 5487 1593 5541 hunc
1617 5486 1837 5564 religie-

271 5557 540 5620 sissimi-tvm
580 5580 645 5620 ac
684 5557 904 5619 beatum
957 5557 1132 5636 sancti
1174 5559 1277 5614 viri
1320 5557 1560 5636 obitum,
1603 5557 1839 5636 przeillo

274 5636 579 5691 tristissimo
606 5643 1019 5705 persecuturum
1059 5631 1199 5700 ejus,
1223 5642 1385 5705 quem
1425 5627 1678 5705 historici
1712 5643 1840 5681 nar-

271 5708 428 5760 rant?
456 5699 758 5773 Quis'ejus
795 5704 1022 5775 gloriam
1063 5699 1175 5755 non
1220 5699 1468 5775 miretur,
1515 5712 1636 5775 qua;
1666 5703 1839 5775 totum

272 5766 976 5848 orbemwiuiple'vitTS-ane
1019 5780 1074 5828 ct
1103 5784 1333 5841 magnus
1376 5766 1712 5839 Augustinus
1739 5766 1835 5835 0p.

973 343 1061 400 DE
1101 344 1264 401 VlTA
1302 343 1393 399 ET
1434 343 1706 400 EXSlLlO
1749 343 1807 400 S.
1846 343 2134 404 JOANNIS
2165 344 2686 403 CHRYSOSTUMI.

3275 357 3456 399 ιῑδκη

1886 464 2161 534 verboque
2211 462 2307 518 Dei
2348 465 2538 519 ambos
2583 478 2682 519 vos
2710 461 2989 532 alligamus
3032 458 3306 514 insolubili
3352 457 3459 512 vin-

1887 568 2043 623 culo:
2065 577 2117 623 te
2142 566 2399 622 nimirum
2420 583 2484 622 ac
2507 566 2769 631 Dalidam,
2802 580 2923 635 quae
2949 575 3003 620 te
3031 564 3294 634 paulatim
3323 562 3466 618 frau-

1886 674 1972 730 dis
2004 675 2267 731 novacula
2296 675 2481 740 erasit,
2508 671 2657 728 omni
2688 669 3065 743 mysteriorum
3095 683 3318 724 accessu
3345 681 3468 737 pro~

1888 780 2139 836 hibernus
2160 822 2174 844 ,
2219 791 2274 835 te
2302 779 2524 850 quidem
2564 793 2658 832 sex
2687 775 3004 838 mensibus,
3038 773 3180 827 illam
3221 771 3462 827 biennio.

1887 889 2064 957 Atque
2093 888 2199 942 hoc
2226 886 2441 951 scitote,
2469 884 2616 954 quod
2640 881 2687 937 si
2712 878 3048 936 violaveritis
3077 877 3296 932 missam
3320 892 3349 930 a
3373 891 3469 930 no-

1888 979 1972 1034 bis
2006 979 2220 1035 cmlitus
2263 976 2610 1042 sententiam,"
2636 973 2728 1029 vel
2768 971 2836 1026 ad
2862 970 3045 1026 divina
3081 966 3337 1040 mysteria
3373 983 3470 1022 ac-

1890 1070 2192 1126 cedendum
2227 1068 2569 1140 putaveritis,
2615 1076 2796 1122 vestra
2832 1061 3303 1134 quidem-viscera
3349 1070 3472 1114 tan—

1891 1181 2054 1237 quam
2084 1165 2253 1236 ignito
2278 1163 2517 1221 carbone
2546 1165 2957 1215 consumentur.
2984 1154 3054 1209 Et
3082 1152 3128 1206 si
3151 1151 3271 1222 quis
3291 1166 3354 1205 ea
3383 1166 3474 1206 vo-

1890 1257 1977 1312 bis
2001 1256 2267 1326 impertiri
2298 1254 2515 1317 audeat,
2546 1252 2662 1307 sive
2683 1248 2994 1320 episcopus,
3026 1245 3141 1301 sive
3169 1243 3471 1314 presbyter,

1893 1350 1940 1405 si
1984 1364 2228 1419 prorsus,
2257 1347 2498 1417 inquam,
2543 1344 2649 1399 tale
2698 1340 2909 1396 facinus
2959 1349 3164 1395 temere
3220 1344 3471 1395 attentet.

1893 1456 2092 1511 nempe
2131 1446 2193 1494 ut
2215 1439 2494 1494 decretam
2521 1433 2786 1491 divinitus
2824 1429 2970 1485 Petri
2993 1426 3220 1499 apostoli
3259 1435 3478 1480 senten-

1894 1533 2024 1588 tiam
2053 1530 2329 1602 infringat,
2365 1537 2422 1584 et
2457 1542 2571 1583 rem
2608 1523 2907 1596 quamlibet
2945 1534 3153 1574 sacram
3190 1517 3344 1573 vobis
3378 1514 3480 1568 lar-

1895 1625 2072 1697 giatur
2095 1626 2117 1676 :‘
2136 1623 2228 1676 ille
2254 1620 2464 1677 caelesti
2505 1618 2703 1695 gratia,
2736 1623 2790 1670 et
2822 1623 3038 1669 terrena
3067 1624 3281 1681 quoque
3310 1606 3481 1679 digni-

1899 1724 2006 1771 tate
2051 1714 2294 1785 privatus
2347 1711 2661 1766 habebitur.
2718 1707 2944 1775 Depono
2988 1703 3118 1757 item
3173 1698 3479 1755 adulterum

1897 1807 2218 1871 Arsacium;
2250 1813 2412 1873 atque
2436 1816 2629 1858 omnes
2669 1798 2761 1869 qui
2800 1812 2926 1851 cum
2964 1810 3031 1849 eo
3053 1791 3479 1854 communicant,

1899 1912 2022 1951 cum
2063 1894 2255 1950 eodem
2300 1891 2724 1946 damnabuntur.
2772 1882 3064 1953 Theophili
3108 1896 3238 1937 vero
3270 1877 3486 1948 deposi-

1899 1985 2036 2041 tioni
2080 1993 2194 2038 tres
2239 1996 2430 2052 pmnas
2467 1978 2777 2048 adjicimus,
2831 1969 3478 2032 excommunicationem,

1900 2077 2210 2139 anathema,
2242 2082 2299 2129 et
2326 2069 2694 2127 omnimodam
2724 2063 3018 2123 Christiani
3038 2060 3276 2118 nominis
3295 2059 3481 2129 priva-

1903 2170 2129 2225 tionem.
2157 2186 2176 2219 ›
2412 2171 2418 2179 ’

1972 2264 2062 2317 27.
2104 2259 2391 2316 Scribebat
2452 2256 2616 2311 etiam
2682 2250 2958 2307 Honorius
3031 2245 3183 2302 fratri
3252 2240 3486 2298 Arcadio

1903 2351 2087 2406 verbis
2144 2351 2272 2405 his:
2325 2368 2344 2401 ‹
2382 2346 2616 2403 Arcadio
2676 2342 2825 2397 fratri
2882 2347 3070 2394 nostro
3128 2329 3485 2403 conregnanti

1906 2442 2177 2497 Honorius
2215 2440 2468 2495 salutem.
2522 2435 2718 2491 Nescio
2754 2446 3002 2504 quaenam
3053 2426 3363 2484 adversaria
3405 2424 3489 2479 vis

1907 2535 2185 2605 deceperit
2230 2541 2302 2594 te.
2337 2540 2400 2585 ut
2456 2528 2673 2583 feminae
2732 2525 2971 2580 confisus
3025 2522 3165 2577 mala
3221 2526 3485 2591 patrares.

1907 2629 2085 2698 Atque
2119 2626 2210 2681 hic
2252 2638 2445 2678 omnes
2484 2618 2696 2690 imperii
2732 2617 2904 2671 nostri
2945 2612 3188 2683 episeOpi
3221 2610 3489 2669 clamant.

1909 2697 2055 2789 quod
2102 2714 2260 2787 legati
2303 2714 2370 2768 ad
2415 2720 2559 2766 tuam
2602 2708 2943 2777 majestatem
2986 2702 3160 2768 missi,
3212 2707 3374 2769 atque
3422 2697 3492 2752 ad

1911 2820 2153 2867 coactam
2208 2807 2474 2880 synodum
2530 2799 2981 2861 confirmandam,
3038 2801 3185 2851 arcta
3246 2790 3493 2848 custodia

1912 2903 2144 2966 detenti,
2210 2902 2353 2955 fame
2411 2896 2794 2952 conficiantur.
2859 2892 3001 2944 Tum
3056 2886 3202 2957 quod
3272 2883 3493 2955 propria

1913 2998 2193 3053 voluntate
2225 2993 2555 3065 proprioque
2581 2989 2790 3060 judicio
2832 2985 3005 3058 pulsis
3032 2981 3322 3054 episcopis,
3359 2978 3497 3033 alios

1915 3085 2284 3151 substitueris,
2317 3081 2613 3153 apostolica
2646 3077 2969 3134 auctoritate
3002 3078 3342 3140 contempta;
3373 3082 3496 3137 qua:

1917 3179 2133 3249 quidem
2177 3191 2267 3230 res
2307 3173 2610 3245 periculum
2649 3170 2717 3224 ab
2764 3165 3078 3222 hominibus
3120 3161 3278 3217 nobis
3315 3168 3497 3222 creat;

1917 3286 2042 3326 nam
2072 3277 2129 3323 et
2156 3267 2256 3337 ipsi
2288 3264 2421 3320 mihi
2467 3263 2630 3317 rebus
2673 3259 2843 3314 sacris
2886 3253 3236 3309 interdictum
3287 3250 3410 3315 fuit,
3443 3258 3501 3304 et

1920 3365 1976 3419 in
2006 3363 2093 3417 his
2120 3360 2364 3431 partibus
2387 3371 2497 3410 non
2526 3352 2736 3408 modica
2765 3345 3005 3405 turbatio
3031 3352 3132 3399 est.
3184 3342 3305 3398 Cito
3337 3341 3502 3413 igitur

1921 3469 2028 3511 non
2071 3450 2272 3513 verbis,
2301 3447 2393 3502 sed
2420 3444 2597 3509 factis,
2630 3441 2773 3496 malo
2801 3437 2929 3493 huic
2961 3434 3178 3489 medere
3210 3448 3224 3485 :
3254 3445 3381 3485 nam
3410 3444 3502 3485 sa-

1922 3544 2204 3601 cerdotum
2240 3555 2341 3611 pro
2383 3536 2542 3592 nobis
2579 3547 2769 3605 preces
2798 3542 2962 3600 regna
3005 3534 3193 3581 nostra
3238 3528 3503 3595 perpetuo

1923 3638 2160 3692 firmant.
2206 3652 2225 3685 ι

1992 3727 2083 3783 28.
2130 3726 2265 3779 Dum
2305 3737 2433 3794 ergo
2474 3720 2531 3775 in
2578 3717 2722 3789 regia
2776 3714 2912 3769 urbe
2963 3708 3299 3780 Theophilus
3337 3706 3505 3763 innu-

1925 3835 2106 3877 meras
2147 3816 2481 3873 calamitates
2517 3809 2775 3874 efficeret,
2811 3806 3154 3861 advenerunt
3185 3798 3505 3872 Byzantium

1925 3912 2177 3977 Romani,
2220 3908 2509 3980 praedictas
2560 3904 2769 3958 litteras
2791 3899 3032 3954 ferentes
3067 3913 3082 3951 :
3118 3893 3316 3965 quibus
3352 3905 3507 3946 rece-

1927 4007 2064 4078 ptis,
2099 4006 2391 4074 imperator
2437 3997 2794 4054 conturbatus
2818 4000 2924 4057 est,
2960 4000 3289 4061 prorsusque
3325 3983 3508 4038 animo

1929 4076 2240 4155 dissolutus.
2300 4091 2639 4162 Theophilus
2684 4087 2868 4156 itaque
2914 4099 3014 4154 pro
3066 4096 3165 4135 sua
3217 4076 3509 4133 calliditate

1930 4191 2237 4260 intelligens
2293 4186 2397 4240 hoc
2436 4185 2545 4254 jam
2608 4196 2729 4235 esse
2780 4177 3045 4232 malorum
3099 4172 3335 4235 initium,
3382 4168 3507 4238 fuga

1932 4257 2252 4339 saluti—suae
2293 4274 2441 4329 solus
2479 4270 2783 4333 consuluit;
2812 4267 3089 4336 Augustus
3118 4269 3322 4325 autem,
3352 4257 3508 4329 quasi

1933 4381 2158 4429 veterno
2187 4368 2464 4440 evigilans,
2514 4361 2871 4435 prmtorianos
2904 4356 3055 4412 misit
3078 4355 3146 4410 ad
3185 4350 3509 4423 capiendum

1935 4462 2318 4534 TheOphilum,
2372 4458 2465 4529 qui
2515 4453 2765 4511 s‘obrinos
2819 4452 2940 4522 ejus
2983 4447 3218 4511 Menam,
3271 4443 3512 4534 Theote-

1936 4531 2128 4619 cnum_,
2163 4562 2217 4608 et
2254 4549 2640 4621 lscbyrionem,
2673 4543 2990 4599 verberatos
3024 4538 3386 4593 adduxerunt.
3421 4531 3515 4587 Si-

1935 4649 2139 4705 militer
2188 4653 2243 4701 et
2287 4642 2576 4705 Acacium,
2630 4644 2964 4706 cunctosque
3017 4632 3152 4687 alios
3175 4628 3413 4685 violenta
3460 4624 3514 4679 vi

1934 4746 2237 4810 pertractus
2265 4735 2322 4789 in
2369 4744 2645 4788 carcerem
2680 4726 2824 4781 trudi
2860 4723 3022 4796 jussit
3051 4721 3386 4791 imperator:
3422 4713 3515 4785 qui

1936 4807 2062 4888 mox
2099 4830 2169 4884 ad
2219 4823 2515 4882 Eudoxiam
2549 4821 2848 4891 ingressus,
2877 4823 2937 4870 ut
2965 4828 3085 4870 eam
3115 4807 3512 4882 pessumdaret,

1937 4924 2074 4980 vidit
2096 4921 2207 4975 illic
2233 4917 2517 4988 episcopos
2544 4910 2636 4981 qui
2663 4917 2852 4964 contra
2878 4903 3245 4976 TheOpbilum
3275 4899 3516 4988 fuerant,

1939 5014 2136 5085 quibus
2168 4986 2285 5064 ait;
2327 5026 2345 5059 ι
2382 5003 2523 5071 Quid
2550 5002 2640 5058 hic
2667 4999 2863 5072 agitis?
2895 5017 2914 5049 ›
2947 4996 3030 5051 Illi
3060 5002 3244 5050 autem
3279 5008 3293 5045 ε
3323 4986 3516 5085 utiut-

1940 5080 2010 5161 tis
2033 5105 2145 5175 jam
2170 5101 2364 5158 diebus
2398 5098 2491 5153 hic
2534 5093 2894 5157 custodimur,
2922 5105 2993 5145 ne
3019 5087 3306 5144 veritatem
3335 5080 3518 5175 dicere

1941 5170 2120 5253 liceat.
2161 5214 2180 5247 ι
2203 5224 2277 5235 -
2301 5212 2319 5243 ι
2358 5190 2404 5247 A
2421 5202 2680 5260 quonam,
2705 5184 2902 5255 inquit,
2920 5197 3020 5238 vos
3040 5170 3456 5250 comprehensi?
3492 5187 3512 5220 ι

1941 5320 2012 5330 -
2036 5309 2053 5341 ι
2077 5290 2121 5342 A
2139 5285 2396 5349 Mariano,
2421 5301 2440 5334 ›
2461 5281 2737 5338 dixerunt.
2754 5275 2950 5332 Statim
2967 5271 3243 5344 Augustus
3270 5261 3387 5321 dari
3411 5260 3521 5317 illis

1942 5490 2151 5560 imperi.
2200 5483 2525 5560 contrq_Jul.
2556 5481 2651 5537 lib.
2688 5497 2764 5560 vi,
2807 5480 2857 5560 7,
2890 5473 3087 5560 sicde
3108 5466 3518 5560 illo-iidem”

1942 5543 2555 5625 Coastentiuopolitanus
2585 5549 2879 5625 excellentis
2903 5543 3089 5625 gloria
3111 5543 3426 5625 ειιεαξνιίος..⁸
3462 5605 3474 5625 ε

2016 5611 2082 5701 (ε)
2108 5611 2193 5701 θιιεε
2214 5611 2631 5701 manuus
2658 5611 3167 5701 εμνγξρεςοηλιεεειε
3210 5611 3433 5668 Msa-cio
3462 5611 3519 5660 ίιι

1943 5676 2439 5771 ρρέἐίοίξῖιιξέἓὶίῖ
2452 5676 2662 5756 uolut,
2703 5696 2741 5741 t.
2772 5676 2863 5749 tu,
2899 5698 2952 5753 ι).
2986 5682 3109 5742 670.
