4018 6424
495 331 705 372 LXXXIII

497 428 645 488 οἷκον
674 432 770 484 καὶ
801 429 1150 496 ἀναλώματα,
1180 427 1380 481 εἰπών·
1423 448 1441 479 ι
1467 429 1916 501 Παῤῥησιάζεσθε
1947 430 2088 484 κατά

501 525 602 596 τὴν
651 523 826 586 πόλιν,
877 521 980 582 ἕως
1031 518 1096 573 ἂν
1154 519 1269 589 γνῶ
1321 520 1498 574 πάντα
1552 520 1622 572 τά
1673 521 2086 592 παρακολουθή-

502 631 672 669 σαντα
691 632 704 644 ·
733 635 752 667 ι
784 612 1047 675 κελεύσας
1076 613 1170 664 καὶ
1190 612 1281 665 τὸν
1314 612 1567 683 Ἰωάννην
1596 612 1689 666 καὶ
1714 613 1840 676 τοὺς
1871 612 2091 675 λοιποὺς

498 710 626 771 τοὺς
653 708 708 760 ἐν
737 705 922 776 ἐξορίᾳ
946 704 1164 775 τάχειον
1189 703 1510 775 ἐνεχθῆναι·
1543 705 1638 758 καὶ
1670 705 1931 777 μανθάνει
1960 704 2090 776 περὶ

499 803 598 871 τῆς
629 796 960 861 τελειώσεως
999 797 1246 852 Ἰωάννου
1279 798 1380 867 (a).

570 892 674 948 κθ’.
694 893 804 946 Καὶ
824 889 1201 963 ἐπηρώτησεν·
1233 909 1252 942 ‹
1279 889 1411 954 Ποῦ,
1433 909 1451 941 ι
1488 890 1674 961 φησὶν,
1695 907 1714 941 ι
1739 890 1788 943 οἰ
1811 888 2088 961 ἄνθρωποι

500 985 599 1055 τῆς
633 982 884 1055 Ῥώμης;
929 1003 948 1035 ι
983 983 1046 1036 Οἰ
1076 982 1131 1035 δὲ
1163 978 1316 1035 εἷπον
1345 983 1438 1035 τὸν
1470 982 1632 1035 τόπον
1658 982 1717 1034 ἐν
1748 975 1952 1051 ᾧῆσαν
1986 997 2089 1034 κα·-

500 1075 829 1130 τάκλειστοι.
878 1075 987 1129 Καὶ
1015 1074 1236 1144 πέμψας
1269 1075 1502 1145 ἧνεγκεν
1553 1073 1752 1136 αὐτοὺς
1807 1073 2088 1144 ψυχορρα-

500 1167 730 1233 γοῦντας
771 1167 881 1220 ἀπὸ
911 1166 1005 1220 τοῦ
1051 1166 1212 1237 λιμοῦ
1237 1183 1251 1197 ·
1297 1167 1393 1220 καὶ
1440 1165 1592 1234 λέγει
1640 1164 1826 1226 αὐτοῖς
1864 1164 1893 1216 ὁ
1928 1163 2086 1233 βασι-

501 1258 660 1324 λεύς·
706 1277 725 1311 ι
755 1259 929 1315 Πόσον
969 1260 1093 1312 ἐστέ
1149 1258 1616 1329 ἐγκεκλεισμένοι,
1668 1257 1764 1310 καὶ
1810 1254 1898 1309 διὰ
1943 1254 2090 1318 τίνος

503 1351 911 1423 ἐνεκλείσθητε;
947 1371 964 1403 ι
1004 1353 1065 1405 Οἱ
1111 1352 1169 1405 δέ
1221 1348 1406 1404 εἷπον·
1464 1368 1482 1400 ι
1511 1348 1611 1402 Διά
1659 1345 1941 1420 Μαριανοῦ
1995 1345 2090 1400 καλ¹

497 1443 608 1496 τῶν
644 1443 777 1498 υἱῶν
806 1444 992 1506 αὑτοῦ,
1039 1443 1219 1514 μικρῷ
1248 1441 1400 1514 άρτῳ
1445 1443 1540 1496 καὶ
1579 1440 1731 1494 ὕδατι
1766 1438 2084 1508 τηκόμενοι,

501 1535 810 1605 ἀσύντυχοι,
857 1537 930 1607 μὴ
971 1536 1250 1603 βαλανεῖον
1295 1535 1520 1597 εἰδότες,
1554 1533 1632 1604 μή
1667 1531 1785 1600 φῶς
1818 1529 2090 1600 κανδήλας

501 1625 760 1695 ἅψαντες,
790 1628 1031 1698 σήμερον
1048 1626 1410 1696 τετράμηνον.
1438 1644 1456 1676 ι
1479 1624 1586 1676 Τοῦ
1615 1623 1674 1677 δέ
1704 1621 1968 1692 βασιλέως
1997 1620 2090 1674 ἐπὶ

498 1720 612 1780 τοῖς
635 1717 944 1787 λεγομένοις
968 1717 1038 1770 τὰ
1058 1716 1344 1786 σπλάγχνα
1365 1713 1775 1786 ἐτηγανίζοντο·
1802 1712 2089 1766 ἐκέλευσεν

497 1809 553 1861 δὲ
583 1809 804 1871 τούτους
835 1809 1014 1878 πάσης
1046 1805 1407 1869 ἀναπαύσεως
1441 1803 1758 1859 ἀπολαύειν.
1788 1803 1899 1856 Καὶ
1926 1801 2090 1864 εὐθὺς

497 1901 590 1953 τὸν
634 1900 914 1971 Μαριανὸν
963 1898 1059 1952 καὶ
1107 1898 1234 1960 τοὺς
1285 1897 1438 1959 υἰοὺς
1488 1893 1655 1948 αὑτοῦ
1702 1893 1790 1946 ἐπ’
1823 1892 1944 1962 ὕψει
1986 1892 2089 1960 τῆς

501 1988 756 2053 Εύδοξίας
782 1987 1183 2059 διχοτομεῖσθαι
1216 1987 1523 2052 ἐκέλευσεν,
1552 1984 1722 2050 τάξας
1759 1983 1830 2037 τά
1861 1981 2092 2053 σώματα

501 2079 681 2134 αὐτῶν
735 2081 911 2145 ξύλοις
966 2078 1325 2133 ἐκτανύεσθαι
1381 2079 1453 2149 (b)
1479 2096 1492 2108 ·
1545 2078 1834 2132 ἐκέλευσεν
1887 2076 1946 2130 δὲ
1996 2075 2091 2130 καὶ

501 2171 713 2233 πάντας
761 2171 890 2234 τοὺς
947 2172 1236 2238 συγγενεῖς
1291 2171 1464 2240 αὐτῆς
1519 2169 1647 2232 τοὺς
1695 2169 1900 2231 αἰτίους
1953 2166 2091 2236 σφά-

502 2260 730 2326 ζεσθαι·
763 2261 860 2331 τὴν
910 2260 966 2314 δέ
1014 2260 1276 2330 Θεοδότην
1330 2260 1447 2331 ἅμα
1483 2260 1563 2330 τῷ
1602 2259 1756 2330 ἀνδρὶ
1802 2260 1971 2330 αὐτῆς
2013 2258 2091 2329 τῷ

505 2352 736 2425 ῥεύματι
779 2352 1021 2424 ἔρριψεν.
1064 2353 1128 2406 Oi
1169 2349 1228 2406 δέ
1277 2352 1489 2406 πολῖται
1525 2351 1947 2416 ἐπαναστάντες,
1997 2350 2090 2403 τὸν

515 2443 802 2514 ’Δρσάκιον
855 2444 1019 2508 λίθοις
1057 2444 1131 2514 (Γ.
1171 2444 1238 2498 75
1276 2443 1327 2512 b)
1367 2442 1613 2508 ἐδίωξαν,
1655 2443 1752 2495 καὶ
1807 2439 2090 2511 προχειρί-

504 2535 695 2598 ζονται
736 2536 999 2589 Ἀττικόν.
1035 2536 1146 2588 Καὶ
1182 2533 1362 2588 λαϐὼν
1391 2535 1420 2586 ὁ
1454 2533 1737 2602 Ἀρκάδιος
1775 2531 1952 2585 πάντα
1998 2531 2092 2584 τὸν

503 2627 707 2696 κόσμον
747 2626 839 2679 τοῦ
886 2625 1138 2696 σώματος
1172 2625 1274 2695 τῆς
1320 2623 1617 2688 Εύδοξίας,
1657 2623 1959 2678 ἐνέκλεισεν
1992 2622 2090 2676 αὐ-

501 2717 602 2787 τὴν
641 2719 700 2769 ἐν
733 2717 1090 2788 κουϐουκλίῳ,
1121 2717 1306 2787 δείρας
1339 2715 1597 2785 ἰσχυρῶς,
1630 2713 1972 2787 πειρώμενος
1998 2712 2092 2766 αύ-

504 2809 604 2880 τὴν
627 2810 721 2862 καὶ
739 2808 1162 2878 λιμοκτονῆσαι·
1197 2806 1379 2860 λαϐὼν
1411 2807 1466 2860 δὲ.
1490 2806 1708 2860 ἅπαντα
1743 2805 1835 2858 τὸν
1866 2804 2090 2876 χρυσὸν,

505 2896 814 2966 θησαυροὺς
853 2895 1202 2948 κατέθεικεν·
1240 2893 1382 2948 ὥστε
1427 2895 1642 2967 ἐκείνην
1675 2894 1977 2966 πληγεῖσαν
2011 2895 2094 2946 αἰ-

507 2989 772 3057 μόρῤοιαν
810 2987 994 3040 λαϐεῖν
1023 2987 1110 3056 (c).

575 3079 639 3132 λ’.
691 3079 748 3132 Ὁ
791 3075 886 3132 οὖν
928 3078 1180 3148 βασιλεὺς
1211 3079 1303 3133 τὸν
1349 3079 1637 3151 Ἀρσάκιον
1673 3079 1752 3149 (d)
1782 3079 1877 3131 καὶ
1927 3077 2093 3130 Ἀκά-

505 3189 622 3225 κιον
674 3171 766 3224 τὸν
832 3173 1089 3244 Βεροίας,
1150 3173 1244 3225 καὶ
1302 3174 1429 3237 τοὺς
1489 3172 1581 3225 τὸν
1629 3171 1787 3239 λόγον
1831 3170 2092 3238 Θεοφίλου

506 3259 812 3328 ποιοῦντας,
853 3264 1059 3334 πέμπει
1093 3265 1171 3327 εἰς
1205 3264 1424 3334 Ῥώμην
1459 3262 1793 3333 Ἰννοκεντίῳ
1822 3260 1900 3332 τῷ
1934 3261 2094 3332 πάπᾳ

508 3352 626 3421 μετ’
657 3353 945 3422 ἐπιστολῆς
1001 3352 1289 3422 τοιαύτης·
1331 3371 1350 3403 ι
1393 3352 1676 3422 Ἀρκάδιος
1729 3353 1842 3415 υἱὸς
1895 3351 2092 3421 ὑμέτε-

510 3459 633 3511 ρος,
672 3446 737 3512 τῇ
785 3442 1028 3512 ὑμετέρα
1079 3441 1400 3512 πατριότητι
1452 3443 1511 3495 ἐν
1568 3442 1790 3512 Χριστῷ
1855 3441 2089 3511 χαίρειν·

506 3531 717 3594 Πάντες
756 3531 1030 3600 ἀνθρωττοι
1071 3532 1269 3596 ἴσασιν,
1310 3533 1392 3586 ὅτι
1424 3532 1494 3585 τὰ
1527 3532 1668 3585 κατά
1698 3532 1922 3599 ἀγνοιαν
1967 3530 2092 3585 οὔτε

504 3618 644 3681 Θεὸς
680 3617 802 3671 οὔτε
845 3620 999 3688 νόμοι
1049 3619 1380 3684 ἐκδικοῦσιν,
1413 3619 1528 3672 ἀλλ’
1560 3619 1679 3672 οὑδέ
1733 3619 1892 3683 ἄλλος
1951 3619 2093 3691 ὑπὲρ

507 3710 668 3764 ἄλλου
705 3709 860 3781 δίκην
896 3710 1052 3764 τίσει.
1093 3710 1262 3764 Τοῦτο
1301 3711 1358 3764 δέ
1399 3710 1538 3781 ἔφην
1589 3709 1950 3782 πληροφορῶν
1992 3711 2092 3781 τὴν

506 3801 618 3872 σὴν·
636 3802 909 3871 ὁσιότητα,
953 3801 1358 3874 ἐπομνυόμενος
1386 3802 1447 3856 τὸ
1478 3801 1817 3872 παηεπόχον
1847 3803 1916 3872 (e)
1955 3801 2090 3856 Θεοῦ

508 3893 728 3964 κράτος,
767 3895 850 3946 ὅτι
881 3894 933 3946 τί
967 3893 1164 3965 συνέϐη
1209 3894 1350 3947 κατά
1389 3894 1458 3948 τὰ
1490 3894 1747 3959 ἐνταῦθα,
1794 3895 1896 3946 οὐκ
1939 3889 2089 3947 οἶδα·

510 3983 700 4054 μαθὼν
743 3983 801 4036 δὲ
853 3984 1092 4054 ἀρτίως,
1150 3986 1333 4038 πᾶσαν
1388 3985 1668 4056 ἐκδίκησιν
1731 3985 1963 4056 ἐποίησα
2013 3983 2094 4055 τῷ

509 4076 815 4146 πράγματι.
865 4075 990 4140 Τοῖς
1037 4075 1147 4147 γάρ
1202 4076 1437 4148 ἱερεῦσιν
1488 4079 1549 4131 τὸ
1597 4079 1770 4150 κρῖμα
1825 4077 2089 4142 ἀποδοὺς,

506 4165 619 4235 ἐγὼ
651 4167 902 4238 οὐδαμῶς
955 4167 1290 4241 ἐκοινώνησα
1337 4169 1415 4240 τῷ
1463 4171 1716 4241 κρίματι,
1748 4169 1864 4223 ἀλλ’
1906 4169 1983 4234 ὡς
2026 4168 2093 4222 ἂν

508 4257 744 4312 συνεῖδον
783 4259 1162 4330 διεπράξαντο,
1195 4261 1270 4324 ώς
1313 4260 1471 4331 ἔφην,
1523 4261 1790 4332 μηδαμῶς
1833 4278 1936 4332 μου
1981 4263 2093 4324 τοῖς

507 4351 926 4420 ἐπιχειρήμασιν
973 4352 1152 4405 αὐτῶν
1213 4356 1665 4426 κοινωνήσαντος.
1711 4353 1843 4407 Ἰδοὺ
1889 4353 1955 4424 δὴ
1998 4353 2095 4406 καὶ

507 4440 632 4502 τοὺς
671 4439 878 4502 αἰτίους
924 4440 1224 4494 ἀπέστειλά
1275 4459 1384 4495 σοι·
1427 4442 1488 4506 ἐξ
1539 4442 1717 4494 αὐτῶν
1773 4443 1990 4515 μαθήσῃ
2043 4445 2093 4496 εἰ

507 4528 681 4597 ἔγνων
711 4545 764 4582 τι
799 4529 908 4582 τῶν
947 4529 1090 4582 οὕτω
1117 4533 1457 4602 νεωτερικῶς
1482 4533 1821 4602 προσάντων.
1869 4535 2094 4598 Ἐτάσας

507 4616 600 4674 οὖν
633 4621 705 4674 τά
729 4623 790 4674 οὐ
825 4622 893 4674 δι’
931 4621 1066 4693 ἐμοῦ
1110 4623 1445 4694 πραχθέντα,
1479 4625 1572 4677 καὶ
1601 4623 1797 4696 εὑρὼν,
1828 4625 1953 4689 ἄνες
1995 4626 2094 4695 τῆς

508 4713 887 4783 πνευματικῆς
939 4731 1039 4784 μου
1079 4717 1323 4787 φρουρᾶς
1351 4714 1452 4786 ἐμέ
1490 4733 1550 4769 τε
1582 4717 1677 4770 καὶ
1705 4716 1806 4788 τὴν
1856 4716 1953 4789 σήν
2000 4717 2094 4771 θυ⁴

582 4823 660 4899 _(a)
704 4824 1182 4899 Brevioretquam
1231 4845 1328 4899 par
1373 4839 1484 4892 est,
1511 4829 1598 4883 via
1646 4829 1869 4885 festinat
1911 4832 1976 4886 ad
2013 4834 2091 4888 rei

508 4895 718 4950 exitum
764 4906 952 4952 noster
985 4895 1324 4955 Theodorus.
1382 4899 1598 4955 Etenim
1635 4901 1852 4956 aliunde
1881 4912 2095 4958 constat

507 4967 954 5036 Chrysostomum
980 4969 1034 5022 in
1057 4970 1246 5024 exsilio
1273 4970 1507 5025 triennio
1537 4986 1658 5025 esse
1689 4981 1984 5026 versatum.

582 5036 653 5114 (b_)
696 5036 957 5114 Georgius
977 5055 1032 5109 p.
1074 5040 1180 5094 249
1210 5041 1327 5105 ﬁn.,
1367 5042 1424 5092 ἐν
1467 5040 1647 5107 ξύλοις
1692 5042 2089 5114 κρεμασθῆναι,

509 5107 665 5179 lignis
685 5107 950 5179 suspendi.

581 5177 648 5248 (c)
691 5175 804 5231 lmo
829 5193 892 5232 ex
924 5181 1026 5233 hac
1055 5179 1308 5248 passione
1342 5181 1664 5238 exstinctam
1716 5181 2094 5236 miserabiliter

507 5247 758 5322 [mdeque
786 5247 1118 5322 iEAudoxiam,
1157 5263 1341 5305 narrat
1387 5252 1530 5320 apud
1580 5253 1900 5322 praedictum
1935 5251 2093 5306 Savi-

506 5315 638 5391 liu_m
671 5315 910 5391 'p.”568,
947 5335 1248 5391 alionymus
1298 5315 1663 5391 biographus;
1713 5323 1870 5388 cujus
1928 5324 2091 5377 verba

507 5386 699 5463 εει]μῄ
731 5388 917 5446 Graece
939 5386 1173 5463 recitare
1193 5386 1733 5463 Ῑυνιιιιλίμορῤοίας
1833 5391 2093 5463 δύστηνος

511 5453 736 5532 noscam
799 5453 1509 5532 .mptmaoﬁaa'auucpopq‘i,
1547 5453 1644 5514 καὶ
1687 5453 1860 5532 ταύτῃ
1905 5453 2093 5526 δεινῶς

509 5520 650 5604 άγαν
683 5520 1075 5604 μαραινομένη,
1097 5532 1195 5600 τήν
1224 5547 1285 5604 τε
1302 5520 1608 5604 ’λέγρμένην
1643 5520 1876 5604 σύριγγα
1900 5534 1957 5604 ἐν
1979 5520 2090 5595 τοῖς

513 5579 873 5676 gemmae
892 5579 1532 5676 ἐκτεισάέςάέξάξιιέιᾱέ
1549 5579 1624 5676 ἰ.
1649 5579 1763 5653 ’,εοῖέ
1781 5579 2091 5676 ’ῥίῳλῆὲῷκῖ

511 5657 620 5742 δδῳ
650 5657 726 5730 ’έῷ
749 5657 1385 5742 ’σώίματιςπληρωθεῖσω
1417 5657 1719 5742 ὡς’πάσας
1751 5671 1848 5742 μέν
1892 5657 2090 5742 ἰατρῶν

513 5734 726 5796 τέχνας,
757 5734 933 5798 πόσας
971 5737 1025 5788 δὲ
1053 5734 1359 5808 ἀρωμάτων
1373 5734 1465 5795 ’ἐπ’
1497 5741 1634 5811 αὐτῇ
1662 5734 1887 5802 εὐώδεας
1918 5734 2088 5810 ἀρ’·ίῆ-

1665 313 2014 370 THEODORI
2055 315 2582 372 TRIMITIIUNTINI

3581 337 3779 381 ιτιιιν

2197 432 2423 504 γατέρα,
2450 425 2517 504 ῆς
2546 431 2608 484 τὸ
2652 431 2874 502 σφάλμα
2902 433 2960 485 ἐν
3001 430 3191 496 κόποις
3230 433 3517 488 ἀπέδωκα·
3547 436 3663 490 ἀλλ’
3701 437 3783 492 οῖ·

2193 539 2408 594 κτειρον
2465 523 2542 586 ὠς
2593 522 2715 586 ἔθος
2769 540 2871 576 σοι.
2917 522 3008 590 Μὴ
3064 519 3157 576 οὖν
3210 523 3401 578 ἐκδίκα
3449 525 3531 589 δὶς
3579 528 3672 580 ἐπὶ
3719 526 3780 582 τὸ

2191 613 2352 673 αὐτὸ.
2407 612 2541 666 ἀλλὰ
2615 614 2870 667 κέλευσον
2926 616 3077 683 ἡμᾶς
3133 613 3228 667 τοῦ
3302 615 3621 682 άγιαστικοῦ
3686 617 3780 671 καὶ

2190 705 2459 775 ἀχράντου
2491 705 2742 776 σώματος
2773 705 2867 758 τοῦ
2897 706 3105 776 Κυρίου
3136 705 3294 776 ήμῶν
3330 706 3506 778 Ἰησοῦ
3537 707 3778 778 Χριστοῦ

2193 801 2502 868 μετασχεῖν,
2534 797 2627 850 καὶ
2680 797 2754 868 μὴ
2807 796 3153 870 διακωλύσῃς
3201 799 3385 869 ἡμᾶς·
3429 798 3518 852 διὰ
3563 799 3670 872 γάρ
3717 800 3780 854 τὸ

2187 889 2357 960 ὄνομα
2402 888 2588 952 αὐτοῦ,
2620 890 2711 941 καὶ
2758 888 2858 959 τὴν
2904 888 3004 958 σὴν
3049 888 3370 960 θεραπείαν,
3410 890 3548 960 (καὶ)
3581 890 3680 962 τὴν
3721 893 3780 944 ἐν

2188 981 2352 1035 πάθει
2391 979 2746 1035 κακοθέλειαν
2776 979 3086 1051 γεναμένην
3115 982 3195 1042 εἰς
3224 981 3392 1050 ήμᾶς,
3409 980 3567 1035 τοῦτο
3602 982 3781 1055 ἐποιήο

2201 1091 2375 1144 σαμεν
2412 1075 2511 1147 (ί).
2539 1093 2558 1127 ι

2258 1165 2360 1219 λα’.
2399 1164 2605 1234 Γράφει
2654 1163 2711 1216 δέ
2760 1163 2908 1234 αύτῷ
2949 1164 3043 1217 καὶ
3085 1162 3347 1230 Εὑδοξία·
3387 1183 3404 1215 ι
3436 1164 3613 1236 Πατρὶ
3659 1166 3780 1238 ἐμῷ

2189 1254 2545 1326 πνευματικῷ
2584 1257 2643 1308 ἐν
2691 1255 2883 1326 Κυρίῳ
2922 1255 3151 1326 χαίρειν·
3199 1255 3334 1308 Δίαν
3369 1255 3480 1324 ἐγὼ
3537 1255 3780 1325 πέσφαλ-

2193 1365 2311 1418 μαι,
2345 1348 2426 1401 ὅτι
2451 1346 2557 1400 τῶν
2582 1346 2900 1417 γεναμένων
2928 1348 3006 1409 εἰς
3038 1346 3137 1416 ἐμὲ
3173 1347 3408 1400 ἀνιάτων
3441 1348 3536 1401 καὶ
3566 1348 3778 1416 ἀλόγων

2189 1439 2401 1510 ὕϐρεων
2451 1436 2603 1510 παρὰ
2665 1438 2914 1492 Ἰωάννου
2963 1437 3064 1490 οὐκ
3118 1437 3399 1508 ἀνήγαγον
3439 1441 3504 1509 τῇ
3555 1440 3622 1508 σῇ
3679 1439 3777 1490 ἐπ-

2187 1529 2359 1599 εξόχῳ
2392 1527 2466 1599 (g)
2521 1527 2767 1598 κεφαλῇ·
2807 1526 3028 1590 πάντως
3074 1527 3186 1596 γάρ
3233 1527 3376 1598 ὑπὲρ
3399 1525 3533 1597 ἐμοῦ
3569 1527 3778 1595 ἀγανα-

2187 1621 2386 1691 κτῆσαι
2425 1616 2592 1691 εἶχες.
2629 1620 2818 1672 Πᾶσαν
2856 1617 2966 1689 γὰρ
3000 1616 3167 1688 αὐτῷ
3209 1616 3373 1688 τιμὴν
3415 1617 3781 1689 εἰσφερούσης

2190 1732 2316 1785 μου,
2347 1714 2490 1768 πάνυ
2523 1711 2750 1783 ἀτιμίαν
2800 1709 3184 1781 ἀντεισέφερέν
3217 1726 3340 1780 μοι·
3373 1710 3471 1763 καὶ
3519 1709 3782 1773 πολλάκις

2187 1804 2340 1876 παρὰ
2367 1804 2578 1857 πολλῶν
2607 1802 2962 1876 παραινεθεὶς
2995 1799 3310 1856 παύσασθαι
3341 1800 3449 1854 τῶν
3482 1800 3601 1854 κατ’
3633 1799 3776 1871 ἐμοῦ

2188 1896 2274 1949 ἐπ’
2303 1895 2598 1967 ἐκκλησίας
2644 1894 2857 1966 ὕϐρεων
2889 1893 2999 1948 τῶν
3035 1892 3295 1956 πολλάκις
3340 1894 3461 1946 κατ’
3491 1892 3632 1962 ἐμοῦ
3678 1909 3779 1964 κηο

2190 1988 2558 2059 ρυττομένων,
2587 1988 2689 2040 οὐκ
2733 1986 3032 2050 ἐπαύσατο,
3079 1986 3196 2040 ἀλλ’
3243 1985 3497 2057 ὀξύτερος
3537 1986 3634 2038 καὶ
3683 1985 3780 2055 ἐμ·-

2191 2079 2521 2150 μανέστερος
2551 2079 2680 2149 περὶ
2725 2079 2896 2142 αὐτάς
2943 2078 3154 2146 ἐγίνετο
3197 2077 3295 2148 (Ιι).
3333 2077 3429 2138 Τίς
3473 2076 3581 2147 γὰρ
3631 2075 3781 2146 αὑτῷ

2187 2170 2346 2224 τοῦτο
2386 2170 2792 2241 παραδέδωκεν,
2821 2170 2883 2223 τὸ
2919 2169 3060 2240 μετά
3096 2169 3192 2232 τὰς
3240 2169 3404 2237 άγίας
3450 2167 3560 2221 τῶν
3602 2167 3778 2234 Εὐαγ-

2189 2261 2383 2331 γελίων
2409 2260 2662 2332 γραφὰς,
2694 2261 2904 2331 ὕϐρεων
2936 2259 3248 2331 ἀκορέστων
3285 2258 3384 2321 τάς
3429 2257 3599 2321 ἀκοὰς
3640 2256 3779 2313 πάν-

2187 2369 2294 2407 των
2339 2354 2619 2423 πιμπλᾷν;
2658 2353 2868 2421 ἀγνοῶν
2899 2354 2982 2406 ὃτι
3008 2352 3110 2404 οὐκ
3143 2353 3201 2404 ἐν
3230 2353 3354 2422 ἐμοί
3387 2351 3560 2405 ταῦτα
3605 2367 3777 2423 προσο

2187 2443 2400 2514 έφερεν,
2429 2444 2565 2498 ἀλλὰ
2592 2446 2712 2506 ταῖς
2756 2443 2930 2507 θείαις
2959 2442 3331 2505 διδασκαλίαις
3357 2439 3446 2505 αἷς
3487 2441 3596 2494 ἔδει
3642 2443 3775 2512 παρ’

2188 2534 2352 2588 αὐτοῦ
2405 2533 2824 2605 ἑρμηνεύεσθαι.
2870 2533 3042 2587 Τοῦτο
3073 2534 3130 2588 δέ
3177 2533 3538 2602 γινώσκουσιν
3586 2533 3682 2587 καὶ
3729 2533 3777 2585 οἰ

2189 2626 2622 2690 ἐνδιαϐάλλοντες
2667 2628 2816 2696 ἡμᾶς
2860 2629 2926 2697 τῇ
2971 2629 3036 2696 σῇ
3090 2627 3391 2696 περιφήμῳ
3432 2623 3578 2696 ἀξίᾳ.
3623 2624 3687 2676 Εἰ
3721 2622 3779 2676 δέ

2191 2718 2423 2790 θελήσῃς
2457 2721 2606 2793 πάσῃ
2658 2719 2916 2791 ἀκριϐείᾳ
2958 2719 3021 2771 τὸ
3076 2718 3288 2772 τοιοῦτο
3336 2717 3590 2787 ζητῆσαι,
3624 2713 3778 2787 παρά

2193 2810 2400 2864 πολλῶν
2432 2811 2900 2884 πληροφορηθήσῃ
2936 2812 3017 2863 ὅτι
3045 2809 3144 2880 οὐχ
3174 2809 3377 2880 ἐτέρως
3408 2807 3643 2878 ἔγραψα.
3673 2805 3778 2861 Ἴδε

2191 2901 2444 2972 προφανῆ
2479 2901 2540 2969 (ί)
2576 2902 2871 2972 μαρτύρων
2916 2903 3052 2974 πρὸς
3085 2903 3302 2955 ἅπασαν
3356 2899 3453 2970 τήν
3498 2898 3778 2970 ἀλήθειαν,

2191 2993 2349 3045 ama
2375 2991 2694 3061 διηκόνησεν
2727 2993 3010 3064 ἑκατέροις
3038 2994 3106 3046 τὰ
3142 2994 3278 3065 πρὸς
3316 2994 3536 3064 εἰρήνην
3557 3010 3568 3022 ·
3599 2992 3667 3046 δι’
3703 2986 3780 3046 ὧν

2192 3085 2288 3136 καὶ
2320 3081 2468 3152 δῶρα
2508 3083 2682 3135 πολλὰ
2708 3083 3009 3138 ἀπέστειλα
3036 3085 3205 3154 αὐτῷ,
3238 3084 3396 3138 ama
3435 3084 3485 3135 εἰ
3515 3079 3661 3153 εἶχεν
3690 3082 3782 3136 πί-

2193 3191 2308 3228 στιν
2360 3173 2518 3237 Θεοῦ,
2569 3173 2804 3242 ῶφειλεν
2865 3175 3028 3229 αὑτὸν
3095 3174 3446 3244 ἐπιστομίσαι
3505 3173 3604 3243 τῆς
3657 3173 3780 3227 κατ’

2191 3262 2325 3333 ἐμοῦ
2365 3261 2560 3330 ἀλόγου
2595 3262 2887 3333 φλυαρίας.
2936 3263 3091 3316 Εἰσὶν
3132 3263 3190 3315 δὲ
3245 3255 3411 3326 οὗτοι,
3447 3259 3725 3333 Ἦρωδίων
3751 3260 3782 3315 ὁ

2193 3354 2501 3423 πατρίκιος,
2534 3353 2684 3417 ὅστις
2724 3355 2861 3424 πρὸς
2907 3354 3000 3407 τοῦ
3039 3355 3132 3407 σοῦ
3180 3353 3321 3418 υἱοῦ,
3352 3353 3507 3424 ήμῶν
3552 3352 3608 3405 δέ
3656 3368 3781 3405 συνο

2193 3443 2408 3514 θρόνου,
2445 3443 2728 3514 ἀπεστάλη
2766 3444 2882 3514 ἃμα
2922 3443 3182 3514 Ἰωϐιανῷ
3219 3443 3327 3497 ἀπὸ
3369 3440 3779 3514 στρατηλατῶν,

2193 3537 2286 3589 καὶ
2318 3535 2719 3606 Συγκλητικός·
2771 3528 2920 3588 οὗτοι
2962 3536 3012 3587 οἱ
3070 3537 3220 3604 τρεῖς
3269 3534 3424 3606 παρά
3479 3534 3562 3586 σοί
3603 3534 3775 3587 εἰσιν·

2193 3627 2427 3680 ἐνταῦθα
2476 3627 2534 3679 δὲ
2586 3627 2858 3699 Ἰσίδωρος
2918 3627 3167 3698 κυέστωρ
3216 3627 3311 3679 καὶ
3381 3623 3781 3696 σωματοφύλαξ

2192 3719 2300 3772 τῶν
2330 3719 2614 3791 ἡμετέρων
2655 3717 2950 3782 κοιτώνων,
2986 3719 3187 3782 Βύζας,
3219 3719 3315 3772 καὶ
3351 3717 3648 3789 Ῥώμιλλος
3685 3716 3780 3770 καὶ

2192 3807 2300 3860 ἀπὸ
2327 3807 2590 3878 ὑπάρχων
2635 3807 2745 3860 τῶν
2791 3809 3165 3878 πραιτωρίων,
3200 3808 3296 3860 καὶ
3337 3808 3440 3878 τῆς
3474 3806 3778 3878 συγκλήτου

2197 3899 2377 3963 ἱκανός
2407 3899 2493 3971 (j).
2542 3899 2682 3952 Ἀλλ’
2721 3899 2875 3953 οὐδὲν
2919 3900 3108 3971 ἔτερον
3158 3899 3443 3964 ἔσπευσεν,
3471 3899 3520 3952 εἰ
3565 3897 3639 3968 μὴ
3685 3896 3779 3950 τὸν

2193 3989 2458 4062 ήμέτερον
2492 3989 2786 4062 σύνθρονον
2827 3988 3203 4051 σκανδαλίσαι,
3233 3989 3319 4042 ἵνα
3359 3989 3460 4058 τῆς
3503 3985 3778 4058 βασιλείας

2203 4100 2272 4152 με
2307 4081 2506 4154 ἐξώσῃ.
2540 4083 2728 4154 Ὅμως
2765 4084 2794 4137 ό
2830 4081 2964 4146 Θεὸς
3005 4082 3335 4153 ἀμφοτέροις
3383 4081 3622 4134 δικάσοιι
3666 4078 3779 4150 Τὴν

2193 4173 2303 4243 γάρ
2335 4173 2609 4244 βασιλείαν
2645 4174 2679 4244 ἡ
2732 4172 3000 4245 ἱερωσύνη
3031 4176 3304 4244 τυραννεῖ.
3337 4169 3649 4242 Παρακαλῶ
3683 4165 3780 4224 οὖν

2193 4263 2363 4316 ταῦτα
2415 4263 2650 4334 ζητῆσαι
2702 4263 2871 4333 χωρὶς
2922 4262 3153 4334 θορύϐου
3208 4263 3304 4316 καὶ
3361 4262 3630 4328 διανοίας,
3683 4261 3780 4320 καὶ

2197 4355 2440 4426 κυρῶσαι
2469 4357 2548 4418 εἰς
2590 4356 2737 4424 ἡμᾶς
2783 4355 3028 4425 ἀγάπην,
3061 4353 3201 4408 κατά
3249 4354 3311 4407 τὸ
3358 4354 3776 4426 γεγραμμένον·

2196 4449 2289 4502 καὶ
2337 4447 2439 4517 τῆς
2473 4447 2636 4516 ἁγίας
2675 4447 3006 4518 Ἐκκλησίας
3053 4447 3263 4510 πάντας
3307 4446 3776 4518 προσδεχομένης,

2199 4537 2273 4608 μὴ
2304 4538 2466 4601 αὐτὸς
2497 4537 2607 4592 τῶν
2649 4536 2907 4606 ἀγκαλῶν
2948 4537 3122 4607 αὐτῆς
3155 4537 3426 4608 στερήσῃς
3467 4537 3634 4606 ἡμᾶς.
3669 4533 3782 4587 Καὶ

2195 4631 2254 4682 ἐν
2281 4630 2470 4700 Κυρίῳ
2497 4629 2728 4702 ἔῤῥωσο,
2754 4629 2904 4700 τίμιε
2934 4627 3118 4699 Πάτερ
3149 4627 3243 4697 (Ιι).
3283 4646 3302 4680 ι

2271 4721 2352 4790 (F.
2385 4721 2454 4775 76
2483 4720 2561 4792 a.)
2593 4721 2692 4791 λβ’.
2746 4720 3051 4790 Δεξάμενος
3078 4719 3136 4772 δέ
3173 4719 3242 4774 τὰ
3267 4719 3571 4791 γράμματα
3599 4715 3779 4770 αὐτῶν

2200 4853 2308 4897 σαι,
2337 4834 2422 4886 ἐπ’
2455 4833 2644 4896 αὐταῖς
2668 4834 2926 4903 ἐσχάταις
2954 4834 3272 4896 ἀναπνοαῖς,
3307 4831 3428 4886 καθ’
3449 4829 3779 4903 ἃςμμάλιστα

2194 4905 2256 4958 τὸ
2309 4903 2544 4966 συνειδὸς
2584 4900 2940 5025 σφοδρότερον
2988 4903 3129 4956 κατά
3175 4903 3284 4956 τῶν
3343 4900 3555 4970 πονηρά
3604 4916 3779 4951 συνει-

2195 4975 2366 5025 δότων
2423 4976 2634 5025 ἑαυτοῖς
2697 4975 2835 5025 ἐπαν
2863 4991 3073 5025 σταται.
3140 4973 3389 5025 μεγάλως
3440 4970 3637 5025 ἑαυτῆς
3685 4971 3778 5022 ἐπὶ

2195 4975 2366 5028 δότων
2423 4970 2640 5037 ἑαυτοῖς
2697 4970 3073 5037 ἐπανίσταται,
3139 4973 3389 5043 μεγάλως
3440 4970 3637 5043 ἑαυτῆς
3685 4971 3778 5022 ἐπὶ

2195 5048 2308 5109 τοῖς
2335 5046 2416 5106 εἰς
2462 5043 2553 5096 τὸν
2586 5045 2758 5113 μέγαν
2789 5041 3216 5114 τετολμημένοις
3261 5041 3773 5114 καταγινώ-σκουσα,

2196 5115 2544 5185 ἐλεειναῖςγτε
2573 5109 2747 5185 egeam
2782 5113 2876 5167 καὶ
2902 5109 3168 5185 οἰκτραῖς
3193 5114 3329 5185 ᾅγαν
3360 5109 3776 5185 ἀνακαλουμένη

2196 5174 2830 5252 φωναίςξάποδεδωκυῖα
2865 5183 2956 5236 τὸν
3003 5174 3323 5254 ἀμπελῶνα,
3359 5183 3452 5234 καὶ
3496 5181 3563 5254 τά
3594 5174 3775 5254 ἅρπαξ

2196 5250 2364 5322 γέντα
2409 5256 2537 5325 τοῖς.
2568 5254 2726 5325 ὴδικη
2737 5255 2944 5325 μένοις,
2981 5250 3096 5324 μετ’
3139 5253 3385 5325 οἰμωγῆς
3435 5252 3647 5325 άφάτου
3682 5250 3778 5303 καὶ

2195 5319 2386 5410 δδρνης
2423 5319 2668 5410 ἐξέψυξεν
2706 5319 2841 5410 μηδὲ
2884 5319 2991 5410 τῆς
3030 5319 3207 5410 σιροιῖ
3236 5319 3777 5410 Ἑάύῗη“ἐ.πὲθῗξῗὶί9ἷ

2200 5390 2392 5480 μένης,
2416 5390 2570 5480 μετὰ.
2604 5390 2718 5465 τῆν’
2750 5390 3025 5480 τελευτήν.
3075 5390 3298 5480 Eadem-
3331 5390 3464 5446 dieit
3512 5390 3774 5473 Georgius

2194 5463 2250 5535 ᾗ).
2291 5463 2418 5528 255,
2475 5463 2769 5533 caeterdqui
2813 5463 3134 5518 Theodorus
3178 5473 3364 5516 noster
3412 5463 3774 5530 supervixisse

2195 5533 2507 5611 aliquandiu
2564 5541 2715 5611 certe
2761 5536 2838 5611 ,τῇ
2905 5533 3202 5611 αίμοῤῥοία
3261 5531 3604 5611 existimabat
3663 5531 3777 5611 Eu-

2196 5601 2431 5669 doxiam,
2491 5604 2648 5672 cujus
2697 5601 2837 5657 infra
2889 5601 3536 5672 refert’cxpostulantem
3595 5601 3776 5670 potius

2199 5690 2356 5745 quam
2419 5671 2768 5745 excuSantem
2809 5672 3084 5745 epistolam
3121 5674 3192 5724 ad
3263 5671 3622 5745 Innocentium
3674 5687 3775 5745 pg-

2204 5739 2348 5814 imm,
2396 5744 2652 5814 scriptam
2701 5739 3038 5799 sine'dubio
3081 5752 3365 5811 postquam
3415 5741 3482 5795 ab
3540 5739 3777 5796 Arcadio
