4018 6438
238 448 382 505 ades
412 445 593 517 jussit
624 454 683 504 et
725 449 1019 521 impensas.
1063 453 1254 509 dicens
1286 473 1300 510 :
1346 475 1365 507 ι
1402 453 1593 512 Securi
1626 457 1682 512 in
1712 459 1849 514 urbe

240 540 564 606 versemini,
584 541 770 598 donec
796 558 897 615 ego
926 543 1130 616 reliqua
1158 546 1341 601 omnia
1368 562 1729 620 cognovero.»
1762 549 1852 605 Si-

241 633 462 704 mulque
487 633 687 704 jussit,
722 643 785 691 ut
820 634 1059 693 Joannes
1086 639 1380 710 caeteriqne
1426 641 1495 695 ab
1526 641 1716 697 exsilio
1740 641 1850 697 cito

243 734 703 797 reportarentur;
748 739 1127 786 verumtamen
1166 730 1436 787 Joannem
1468 733 1595 789 vita:
1624 749 1849 790 cursum

244 834 662 876 consummasse
684 820 969 878 intellexit.

307 907 398 963 29.
440 908 662 965 Deinde
720 910 1025 981 requisivit,
1051 931 1070 965 ς
1096 909 1326 968 Ubinam
1346 911 1508 984 legati
1531 912 1802 973 Romani?
1823 937 1843 970 ι

249 998 586 1070 Dictumque
620 1010 704 1057 est
749 1003 799 1057 ei
830 1004 899 1059 de
943 1004 1063 1059 loco
1111 1004 1205 1058 ubi
1253 1003 1328 1058 illi
1357 1006 1601 1062 conclusi
1634 1008 1850 1065 detine-

250 1092 466 1147 bantur.
500 1092 838 1164 Mittensque
883 1096 1172 1151 accersivit
1200 1111 1297 1151 eos
1319 1097 1433 1168 jam
1463 1099 1703 1155 animam
1735 1117 1849 1172 prae

251 1183 391 1240 fame
418 1194 676 1256 agentes.
707 1186 908 1258 Aitque
936 1188 1044 1245 illis
1066 1190 1365 1261 imperator
1396 1209 1409 1245 :
1450 1211 1467 1244 ι
1501 1190 1717 1259 Quanto
1733 1193 1848 1263 jam

252 1283 513 1345 tempore,
548 1286 611 1331 et
630 1277 788 1346 cujus
812 1293 979 1349 opera
1007 1279 1205 1336 reclusi
1238 1280 1448 1337 fuistis?
1481 1301 1501 1333 i
1537 1282 1800 1339 Dixerunt
1830 1302 1843 1340 :

262 1388 280 1418 ε
314 1369 359 1422 A
408 1367 665 1424 Mariano
708 1370 1002 1443 liberisque
1030 1374 1169 1444 ejus,
1221 1375 1416 1447 exiguo
1457 1391 1599 1446 pane
1627 1386 1683 1432 et
1708 1393 1848 1451 aqua

253 1458 531 1524 macerati,
566 1460 718 1515 omni
744 1462 1013 1532 colloquio
1044 1464 1328 1535 prohibiti,
1358 1466 1479 1521 sine
1503 1467 1686 1523 balnei
1719 1485 1844 1536 usu,

255 1547 365 1604 sine
392 1548 507 1605 ullo
546 1549 790 1607 lucernae
822 1553 1051 1620 lumine,
1094 1565 1291 1626 quarto
1329 1558 1531 1615 abhinc
1572 1575 1781 1616 mense.
1821 1578 1842 1613 ι

254 1639 376 1696 Hec
423 1641 559 1697 dum
622 1643 702 1698 illi
763 1645 1035 1712 dicerent,
1081 1648 1310 1719 Augusti
1354 1650 1564 1705 viscera
1620 1660 1849 1722 torque-

256 1732 474 1799 bantur;
503 1735 782 1806 jussitque
811 1752 909 1793 eos
935 1740 1082 1794 omni
1112 1739 1305 1796 solatio
1332 1742 1588 1797 recreari.
1620 1741 1847 1799 Statim-

255 1840 354 1894 que
372 1825 682 1883 Marianum
702 1828 1011 1901 liberosque
1034 1833 1156 1903 ejus
1176 1832 1232 1887 in
1259 1843 1562 1904 conspectu
1588 1836 1848 1891 Eudoxiaa

257 1917 455 1974 medios
496 1920 677 1975 secari
716 1921 1012 1989 mandavit,
1042 1924 1233 1980 volens
1259 1935 1316 1980 ut
1346 1925 1589 1996 ipsorum
1617 1942 1846 1998 corpora

260 2007 408 2079 lignis
436 2011 897 2070 extenderentur.
945 2014 1117 2070 Jussit
1155 2015 1382 2087 insuper
1419 2025 1481 2073 ut
1507 2019 1691 2075 cuncti
1734 2017 1848 2074 Au-

261 2109 422 2171 gusta:
467 2099 786 2171 familiares,
817 2104 909 2175 qui
939 2105 996 2160 in
1022 2121 1186 2162 causa
1216 2109 1471 2175 fuissent,
1499 2125 1655 2179 aeque
1695 2111 1848 2167 occi-

263 2190 543 2261 derentur;
579 2193 921 2251 Theodotem
952 2207 1134 2253 autem
1162 2213 1286 2254 cum
1317 2199 1436 2254 viro
1463 2214 1565 2256 suo
1592 2198 1848 2257 ﬂuctibus

264 2283 552 2357 submergi.
591 2285 750 2342 Tunc
776 2287 927 2345 cives
960 2291 1196 2345 tumultu
1225 2289 1369 2347 facto
1393 2292 1676 2348 Arsacium
1707 2292 1849 2363 lapi-

266 2372 448 2430 dantes
484 2375 795 2446 ejecerunt,
841 2388 897 2435 et
941 2379 1184 2437 Atticum
1229 2382 1531 2455 elegerunt.
1583 2381 1850 2439 Arcadius

264 2467 511 2536 posthinc
572 2470 896 2527 universum
964 2473 1224 2530 Eudoxtae
1289 2484 1544 2530 ornatum
1601 2475 1844 2542 abstulit,

271 2558 545 2632 ipsamque
589 2562 844 2620 cubiculo
890 2566 1175 2632 conclusit,
1208 2567 1445 2639 graviter
1476 2567 1845 2633 verberatam;

264 2651 388 2720 quin
412 2661 467 2708 et
493 2653 644 2710 fame
675 2671 908 2713 enecare
935 2658 1182 2726 volebat;
1208 2658 1303 2715 sed
1324 2667 1473 2714 certe
1503 2659 1622 2729 ejus
1655 2674 1847 2714 aurum

269 2759 420 2801 omne
444 2746 582 2804 ﬁsco
610 2748 847 2817 addixit;
874 2750 992 2821 ipsa
1020 2766 1152 2807 vero
1177 2766 1243 2807 ex
1272 2751 1597 2807 verberibus
1627 2751 1850 2823 sangui—

270 2835 349 2888 nis
370 2836 698 2907 proﬂuvium
722 2850 945 2912 experta
973 2850 1077 2897 est.

334 2929 420 2984 30.
457 2931 606 3003 Ergo
629 2931 907 3004 Augustus
952 2933 1238 2989 Arsacium
1261 2943 1425 3005 atque
1467 2933 1723 2990 Acacium
1751 2934 1853 2990 Be-

274 3034 420 3085 razae,
461 3031 518 3077 et
564 3038 658 3080 eos
698 3025 792 3095 qui
843 3025 988 3081 dicto
1023 3025 1313 3096 Theophili
1359 3024 1577 3081 fuerant
1604 3025 1848 3091 obnoxii,

273 3109 412 3164 misit
438 3111 673 3167 Romam
718 3114 784 3168 ad
817 3114 1200 3169 lnnocentium
1234 3129 1453 3184 papam,
1494 3129 1618 3168 cum
1656 3114 1853 3183 hujus-

274 3199 410 3254 modi
440 3202 711 3272 epistola:
751 3225 770 3256 ι
805 3204 1071 3260 Arcadius
1108 3204 1252 3260 ﬁlius
1299 3213 1504 3271 vester,
1534 3205 1853 3274 paternitati

276 3298 460 3348 vestrae
492 3293 553 3348 in
582 3292 803 3351 Christo
846 3296 1095 3351 salutem.
1127 3294 1320 3351 Sciunt
1356 3311 1548 3351 omnes
1576 3296 1849 3362 homines,

276 3395 333 3434 ea
358 3396 475 3451 qua:
514 3399 619 3454 per
661 3385 1017 3456 ignorantiam
1062 3386 1205 3441 facta
1252 3394 1401 3447 sunt.
1442 3401 1473 3440 a
1503 3386 1716 3457 legibus
1740 3402 1852 3440 non

277 3474 477 3541 puniri;
510 3476 612 3531 sed
637 3492 817 3546 neque
844 3478 982 3532 alter
1003 3494 1102 3549 pro
1129 3478 1302 3532 altero
1322 3492 1543 3547 pmnam
1573 3478 1705 3533 luet.
1739 3476 1855 3532 lloc

279 3566 374 3631 aio,
405 3578 464 3623 ut
490 3570 767 3625 sanctitati
796 3578 990 3626 vestrae
1018 3570 1177 3626 ﬁdem
1212 3568 1428 3635 faciam,
1461 3585 1559 3641 per
1597 3569 1693 3626 Dei
1722 3571 1852 3626 uni-

281 3661 536 3716 versalem
584 3662 884 3733 potentiam
928 3661 1141 3732 jurans,
1192 3677 1281 3717 me
1312 3662 1453 3716 nihil
1496 3674 1684 3723 eorum
1733 3677 1855 3732 quae

282 3751 362 3805 hic
409 3763 527 3808 acta
586 3763 715 3809 sunt
765 3754 1114 3825 cognovisse;
1162 3753 1390 3825 cognitis
1441 3764 1624 3809 autem
1655 3770 1852 3826 nuper,

282 3842 427 3911 plena
449 3844 661 3899 ultione
711 3843 766 3904 in
799 3859 922 3900 reos
960 3843 1432 3900 animadvertisse.
1477 3841 1690 3898 Etenim
1730 3860 1855 3899 cum

281 3935 771 4005 egosacerdotibus
807 3935 1067 4006 judicium
1118 3935 1387 3999 commisi,
1435 3935 1639 3989 nullam
1684 3934 1741 3990 in
1789 3951 1856 3997 eo

283 4027 404 4082 mihi
448 4037 666 4100 partem
714 4029 1007 4095 vindicavi,
1053 4028 1150 4084 sed
1195 4027 1301 4099 ipsi
1342 4035 1506 4098 prout
1537 4027 1639 4083 sibi
1678 4027 1857 4084 visum

283 4129 359 4174 est
385 4130 645 4194 egerunt;
670 4136 758 4176 me
783 4122 1113 4187 nullatenus,
1139 4131 1201 4177 ut
1224 4120 1356 4184 dixi,
1391 4120 1607 4175 illorum
1645 4119 1858 4175 machi-

284 4212 585 4271 nationibus
619 4215 1076 4271 communicante.
1110 4215 1252 4270 Ecce
1281 4222 1465 4269 autem
1496 4227 1618 4268 reos
1642 4228 1860 4283 quoque

283 4301 346 4357 ad
368 4312 419 4360 te
444 4306 590 4369 misi,
616 4320 647 4360 a
669 4306 866 4376 quibus
898 4320 1216 4378 cognosces,
1262 4320 1396 4360 num
1426 4320 1526 4376 ego
1554 4304 1851 4374 quidquam

285 4394 522 4452 sciverim
551 4413 738 4453 eorum
762 4413 884 4469 quae
926 4407 1033 4453 tam
1063 4397 1323 4454 seditiose
1354 4404 1474 4452 acta
1505 4405 1654 4451 sunt.
1694 4396 1857 4451 Post-

284 4494 435 4551 quam
485 4500 616 4556 ergo
663 4486 1018 4557 perpenderis
1060 4502 1182 4558 quae
1225 4486 1344 4541 sine
1397 4501 1486 4540 me
1534 4492 1654 4539 acta
1705 4494 1854 4550 sunt,

286 4569 461 4641 reique
524 4573 806 4630 veritatem
875 4575 1229 4647 compereris,
1296 4575 1513 4630 remitte
1570 4574 1860 4645 spirituale

290 4660 512 4734 ligamen
543 4666 676 4721 mihi
727 4676 941 4739 tuaeque
976 4668 1119 4735 ﬁliae,
1175 4669 1336 4740 cujus
1373 4684 1619 4724 errorem
1679 4668 1859 4740 pcenis

287 4756 606 4822 expiandum
637 4761 843 4815 curavi.
876 4760 1135 4817 Miserere
1183 4762 1365 4833 itaque
1390 4769 1452 4815 ut
1484 4761 1657 4826 soles,
1683 4777 1862 4832 neque

288 4888 646 4956 vapulaverat.
674 4891 778 4947 Sed
816 4900 997 4947 tamen
1025 4892 1266 4948 Eudoxia
1298 4893 1438 4948 intra
1473 4893 1727 4948 eumdem
1759 4910 1862 4948 an-

290 4972 571 5078 :Itpamésquo
599 4960 1020 5034 Chrysostomus
1066 4963 1330 5033 expulsus
1370 4968 1499 5032 (an.
1530 4964 1670 5034 404)
1713 4980 1862 5019 mor-

312 5041 373 5080 na
399 5039 500 5085 est.

352 5098 423 5168 (ά)
463 5097 599 5155 Cod.
627 5100 720 5173 hic
739 5117 957 5173 quoque
977 5101 1288 5158 Nectarium
1321 5104 1505 5159 habet.
1537 5102 1864 5161 Incredibile

292 5175 460 5244 tamen
487 5179 611 5244 _est,
665 5171 941 5244 Ars’qcinm
994 5174 1289 5244 decrepita
1342 5173 1519 5230 aetatis
1584 5174 1860 5230 hominem

291 5234 735 5314 itineri‘Romano
765 5241 932 5298 fuisse
963 5234 1259 5314 objectlim.

242 5318 247 5319 '
356 5307 421 5372 (ε)
463 5308 540 5370 Ita
568 5312 688 5366 cod.

357 5377 415 5451 (ι’)
457 5379 710 5435 Fortasse
761 5391 1053 5451 corruptus
1109 5385 1302 5448 locus;
1358 5395 1507 5442 certe
1553 5387 1859 5451 obscurior,

292 5446 561 5522 nisi'quod
587 5451 639 5505 in
684 5468 736 5521 p.
784 5468 900 5522 seq.
930 5446 1113 5510 lucem
1140 5446 1338 5522 accipit
1364 5470 1394 5508 a
1425 5455 1605 5511 verbis
1636 5456 1742 5510 illis
1770 5446 1863 5510 In;

291 5520 523 5597 nocentii
556 5540 570 5576 :
601 5520 877 5597 σςὴύῌκᾳτᾶ
903 5524 1060 5597 ΘεὸνΔ
1084 5520 1320 5595 σπουδὴν
1346 5526 1523 5596 ὑμῶν,
1569 5526 1746 5597 ἥνπερ
1775 5525 1864 5579 διὰ

293 5585 346 5639 τὸ
366 5586 535 5666 ﬁctio.
563 5585 737 5666 auio?)
766 5594 1121 5666 ἐποιήσασθε.

358 5655 427 5743 (9?
457 5655 599 5743 W-
633 5661 815 5743 ἐερκῇο

360 5729 428 5805 (Ιξ)
470 5729 639 5787 Locos
687 5729 801 5803 μὲὶῆ
857 5733 1195 5790 laudavimus
1238 5735 1374 5790 infra
1417 5735 1469 5788 in
1517 5733 1716 5805 quibus
1757 5736 1866 5790 Eu—

296 5794 440 5854 doxi'a
468 5816 568 5873 pro
597 5818 656 5858 se
687 5794 891 5876 'cgerat
938 5806 1080 5874 apud
1124 5794 1604 5877 Chrysostomuni,
1645 5807 1735 5874 qui
1778 5814 1861 5861 ta-

1011 339 1099 395 DE
1139 340 1300 397 VITA
1345 340 1432 397 ET
1475 341 1751 400 EXSlLlO
1789 345 1848 402 S.
1889 345 2178 408 JOANNIS
2215 355 2723 420 CHRYSOSTOMI.

1956 463 2042 520 bis
2085 483 2200 523 rem
2232 472 2481 530 eamdem
2516 475 2797 545 ulciscere,
2829 480 2926 536 sed
2953 483 3084 552 jube
3115 494 3176 541 ut
3201 502 3303 544 nos
3330 494 3536 552 sancti-

1954 563 2122 623 ﬁcans
2165 578 2223 626 et
2258 571 2667 631 immaculatum
2717 579 2929 635 Domini
2960 585 3134 640 nostri
3167 587 3297 644 Jesu
3333 591 3534 652 Christi

1951 682 2153 741 corpus
2207 673 2627 746 participemus;
2670 693 2848 750 neque
2893 682 2983 738 diu
3026 686 3188 742 nobis
3219 689 3533 751 interdicas.

1949 770 2089 827 Nam
2119 784 2343 846 propter
2390 776 2564 849 ipsius
2600 795 2821 849 nomen,
2864 793 2921 839 et
2948 800 3074 858 erga
3103 797 3157 843 te
3186 791 3532 865 obsequium.

1949 883 2007 928 et
2040 876 2110 932 ob
2141 878 2282 935 hanc
2330 882 2594 941 adversus
2629 901 2730 941 nos
2777 887 2834 942 in
2877 888 3187 946 animorum
3243 897 3537 964 perturba-

1950 977 2100 1034 tione
2149 992 2394 1039 coortam
2446 987 2923 1058 obtrectationem,
2990 991 3045 1047 id
3098 995 3309 1051 consilii
3363 998 3536 1070 coepio

1950 1098 2093 1141 mus.
2141 1103 2160 1136 ι

2021 1188 2109 1241 51.
2150 1187 2271 1243 Jam
2299 1205 2431 1246 vero
2459 1191 2701 1247 Eudoxia
2736 1210 2955 1265 quoque
2997 1196 3174 1252 eidem
3218 1196 3537 1255 Innocentio

1950 1277 2206 1349 scripsit:
2249 1298 2268 1332 ε
2305 1280 2452 1337 Patri
2488 1299 2610 1339 meo
2634 1285 2901 1356 spirituali
2942 1288 2995 1342 in
3025 1287 3257 1345 Domino
3283 1290 3532 1347 salutem.

1950 1369 2139 1426 Erravi
2162 1387 2512 1445 magnopere,
2537 1375 2665 1445 quia
2691 1376 3075 1434 insanabilium
3097 1388 3151 1436 et
3176 1382 3535 1437 absurdarum

1950 1460 2425 1527 contumeliarum,
2473 1464 2672 1533 quibus
2716 1480 2748 1519 a
2793 1465 3006 1523 Joanne
3065 1469 3250 1526 atlecta
3278 1470 3376 1533 fui,
3408 1470 3540 1528 sub-

1949 1549 2066 1605 limi
2113 1551 2298 1605 vert‘ci
2339 1559 2434 1608 tuo
2468 1555 2717 1610 notitiam
2759 1572 2871 1612 non
2903 1558 3093 1624 attuli;
3125 1560 3271 1628 quod
3318 1560 3366 1616 si
3394 1561 3540 1631 egis-

1949 1654 2088 1707 sem,
2124 1641 2373 1711 profecto
2404 1653 2487 1712 tu,
2522 1647 2629 1701 mei
2657 1662 2805 1718 ergo,
2830 1648 3145 1721 indignatus
3174 1650 3391 1707 fuisses.
3442 1650 3540 1707 Et-

1955 1733 2104 1787 enim
2128 1748 2254 1790 cum
2290 1750 2391 1807 ego
2416 1736 2613 1793 Joanni
2648 1739 2786 1795 nihil
2820 1740 3045 1796 honoris
3065 1757 3174 1797 non
3207 1744 3538 1807 tribuerem,

1949 1822 2039 1879 ille
2094 1834 2288 1882 contra
2340 1828 2479 1882 mihi
2536 1828 2891 1901 ignominiam
2958 1847 3186 1902 prorsus
3239 1835 3536 1890 retribuit:

1947 1916 2149 1987 quippe
2182 1932 2326 1988 sepe
2355 1928 2411 1974 et
2440 1934 2472 1974 a
2516 1920 2704 1977 multis
2751 1921 3084 1990 admonitus,
3114 1935 3178 1981 ut
3204 1926 3480 1984 desineret
3507 1945 3539 1984 a

1948 2009 2228 2074 conviciis,
2261 2024 2383 2080 qua:
2422 2026 2567 2081 saepe
2615 2011 2672 2067 in
2708 2012 2937 2069 ecclesia
2969 2023 3161 2072 contra
3208 2033 3296 2073 me
3340 2019 3543 2089 praedi-

1949 2101 2126 2167 cabat,
2159 2101 2384 2158 minime
2411 2102 2639 2170 destitit,
2672 2103 2783 2160 imo
2823 2106 3062 2162 amarius
3105 2122 3171 2163 ac
3198 2107 3457 2166 furiosius
3486 2111 3541 2166 in

1948 2189 2057 2246 illis
2077 2193 2472 2262 perseveravit.
2515 2193 2651 2261 Quis
2680 2211 2845 2266 porro
2872 2197 2924 2253 ei
2952 2200 3309 2266 concedebat,
3337 2211 3398 2257 ut
3418 2213 3544 2273 post

1950 2293 2172 2340 sanctas
2236 2286 2653 2359 Evangeliorum
2724 2291 3024 2362 scripturas
3070 2292 3295 2349 inﬁnitis
3345 2303 3541 2350 contu-

1950 2376 2126 2432 meliis
2146 2392 2307 2433 aures
2356 2378 2601 2435 omnium
2645 2381 2931 2453 impleret?
2961 2385 3218 2456 ignorans
3266 2386 3538 2453 videlicet,

1951 2466 2033 2522 sic
2058 2482 2205 2533 eum,
2239 2485 2350 2525 non
2376 2470 2532 2539 mihi,
2566 2472 2662 2528 sed
2684 2473 2888 2530 divinis
2924 2476 3061 2547 ipsis
3088 2477 3375 2539 doctrinis,
3405 2494 3541 2549 quas

1951 2559 2293 2629 explanabat,
2321 2576 2539 2617 nocere.
2570 2562 2750 2635 Atque
2778 2565 2883 2622 hoc
2910 2569 2995 2623 vel
3027 2569 3065 2624 ii
3097 2568 3199 2639 ipsi
3231 2569 3417 2624 sciunt
3447 2570 3541 2640 qui

1950 2666 2053 2705 nos
2081 2653 2224 2722 apud
2256 2653 2519 2710 illustrem
2564 2656 2885 2728 dignitatem
2925 2668 3075 2714 tuam
3124 2671 3541 2717 accusaverunt.

1951 2739 2106 2808 Quod
2134 2742 2178 2798 si
2214 2744 2453 2801 volneris
2480 2762 2597 2801 rem
2633 2747 2777 2804 hanc
2808 2759 3062 2805 accurate
3100 2751 3351 2817 scrutari,
3383 2752 3543 2809 multi

1865 2878 1894 2893 η,
1953 2835 2048 2890 tibi
2079 2837 2502 2906 persuadebunt,
2548 2855 2637 2895 me
2669 2841 2934 2896 veraciter
2974 2843 3092 2898 haec
3120 2842 3426 2915 scripsisse.
3458 2844 3542 2899 En

1953 2933 2120 2980 testes
2144 2928 2311 2983 totius
2336 2928 2584 2983 veritatis
2619 2944 2804 2984 coram
2836 2930 3025 2997 habes,
3076 2931 3169 3001 qui
3199 2940 3255 2986 et
3278 2931 3546 2987 ambobus

1953 3032 2144 3089 pacem
2184 3020 2477 3075 conciliare
2512 3020 2862 3086 studuerunt,
2898 3036 2996 3091 per
3023 3037 3161 3092 quos
3206 3022 3376 3077 multa
3405 3038 3546 3092 quo-

1953 3123 2061 3177 que
2086 3109 2227 3164 dona
2252 3111 2319 3165 ad
2351 3109 2498 3164 illum
2551 3111 2695 3175 misi,
2727 3128 2868 3181 qum.
2906 3113 2952 3167 si
2979 3112 3198 3182 quidem
3243 3112 3407 3169 ﬁdem
3447 3113 3544 3169 Dei

1955 3198 2255 3264 habuisset,
2320 3216 2445 3255 eum
2502 3202 2760 3256 cohibere
2816 3203 3121 3258 debuerant
3176 3220 3205 3258 a
3262 3205 3545 3276 petulante

1955 3289 2216 3344 adversus
2261 3306 2349 3345 me
2394 3290 2730 3361 garrulitate.
2783 3290 2924 3345 Sunt
2961 3299 3145 3346 autem
3177 3293 3233 3347 hi
3265 3293 3545 3349 Herodion

1956 3383 2238 3455 patricius,
2275 3385 2365 3455 qui
2396 3400 2426 3438 a
2472 3384 2581 3439 tilio
2613 3393 2707 3439 tuo
2736 3393 2792 3439 et
2823 3386 3004 3441 throni
3038 3404 3253 3443 mecum
3286 3389 3548 3458 participe

1957 3476 2156 3531 missus
2189 3475 2313 3541 fuit,
2344 3492 2468 3532 cum
2496 3475 2725 3531 Joviano
2745 3477 3008 3548 magistro
3055 3478 3323 3543 militum,
3356 3487 3413 3533 et
3447 3479 3548 3534 de-

1958 3568 2122 3638 nique
2154 3567 2509 3640 Syncleticus.
2551 3568 2618 3623 lli
2651 3576 2762 3624 tres
2788 3569 2935 3639 apud
2967 3578 3019 3625 te
3054 3579 3201 3625 sunt.
3233 3570 3335 3625 llic
3363 3580 3548 3626 autem

1959 3659 2198 3715 lsidorus
2223 3669 2459 3729 quaestor
2483 3670 2538 3715 et
2561 3661 2800 3716 cubiculi
2824 3662 2999 3718 nostri
3044 3671 3251 3727 custos,
3293 3662 3462 3735 Byzas
3494 3673 3550 3718 et

1959 3745 2225 3801 Romillus
2242 3748 2688 3817 praetorianorum
2718 3746 3031 3819 praefectus,
3052 3758 3107 3803 et
3132 3750 3276 3819 apud
3298 3759 3552 3805 senatum

1960 3839 2208 3895 idoneus.
2242 3838 2629 3895 Verumtamen
2649 3840 2738 3895 ille
2752 3840 2828 3894 nil
2845 3840 2990 3895 aliud
3018 3840 3232 3912 sategit,
3255 3841 3363 3897 nisi
3395 3851 3451 3897 ut
3470 3857 3551 3897 ro-

1959 3930 2105 4002 gium
2130 3941 2378 3986 nostrum
2407 3931 2693 4002 conjugcm
2716 3932 2971 3987 seandalo
2985 3931 3247 4003 adigeret,
3279 3941 3340 3987 ut
3361 3948 3449 3988 me
3470 3949 3553 3990 re-

1959 4038 2066 4093 gno
2080 4022 2358 4091 dejiceret.
2383 4021 2581 4093 Utique
2602 4020 2745 4077 Deus
2766 4023 3010 4093 utrisque
3030 4023 3189 4078 nobis
3209 4031 3326 4078 esto
3349 4024 3547 4094 jndex!

1959 4114 2094 4169 Nam
2121 4122 2269 4170 certe
2295 4129 2522 4186 regnum
2550 4115 2894 4186 tyrannidem
2925 4130 2956 4169 a
2987 4115 3293 4170 sacerdotio
3322 4116 3548 4187 patitur.

1961 4206 2114 4277 Rogo
2157 4204 2323 4276 igitur
2376 4213 2438 4258 ut
2488 4205 2607 4261 haec
2641 4205 2931 4275 tranquille
2976 4216 3031 4260 et
3065 4205 3183 4261 sine
3230 4204 3552 4275 praejndicio

1961 4298 2269 4359 examines,
2309 4297 2572 4368 nobisque
2618 4297 2940 4354 charitatem
2988 4305 3166 4357 tuam,
3212 4305 3376 4366 prout
3412 4296 3551 4351 scri-

1961 4402 2114 4464 ptum
2148 4396 2231 4445 est
2277 4388 2372 4462 (11
2395 4388 2514 4446 Cor.
2547 4389 2605 4455 2,
2635 4388 2727 4458 8),
2759 4386 3084 4454 conﬁrmes;
3131 4396 3335 4443 etcum
3364 4396 3550 4444 sancta

1961 4487 2207 4543 Ecclesia
2257 4499 2448 4543 omnes
2487 4481 2743 4553 excipiat,
2800 4495 2871 4536 ne
2924 4488 2981 4535 tu
3018 4495 3121 4535 nos
3167 4481 3235 4536 ab
3263 4481 3383 4551 ejus
3432 4496 3552 4536 am-

1962 4579 2212 4650 plexibus
2266 4577 2577 4651 prohibeas.
2635 4572 2769 4629 Vale
2826 4572 2881 4627 in
2937 4572 3193 4641 Domino,
3251 4574 3553 4631 reverende

1962 4674 2141 4728 Pater.
2185 4691 2203 4723 ι

2034 4765 2125 4821 52.
2160 4763 2414 4835 Acceptis
2464 4763 2835 4833 Augustorum
2870 4757 3117 4829 epistolis
3172 4757 3548 4825 Innocentius,

1966 4913 2093 4952 men
2126 4897 2381 4965 Augustae
2409 4893 2670 4965 scandala
2706 4890 3097 4965 dissimulanda
3126 4905 3238 4945 non
3262 4889 3550 4965 judicavit.

1964 4967 2077 5022 Nos
2119 4960 2317 5021 omissa
2369 4963 2612 5035 longiore
2656 4961 2713 5015 in
2763 4970 2996 5035 utroque
3032 4961 3154 5035 loco
3196 4960 3551 5035 responsione

1965 5031 2505 5108 Chrysostomi,‘h2ee
2530 5033 2722 5108 saltem
2757 5031 3367 5108 verbaAexscribcmus;
3397 5031 3551 5108 Ἐπιτ

1967 5098 2168 5171 σκονὶιος
2190 5106 2266 5159 ὢν
2298 5098 2392 5159 καὶ
2440 5103 2628 5183 ψυχῶν
2684 5100 3043 5223 ὲγχειςισθεὶς
3087 5100 3441 5223 πὲοστασίαν,
3487 5098 3548 5152 οὐ

1967 5178 2666 5223 δύναηαιπαοανοαουνταε
2710 5173 2781 5223 wh
2813 5173 2838 5223 ὲ
2875 5170 3078 5223 ἐγνεινο
3160 5172 3398 5223 pisconus
3429 5186 3548 5223 cum

1963 5170 2666 5250 diivapotrapavopoﬁvta;
2708 5170 2782 5242 μῆ
2813 5170 3078 5250 ἐλέγχειν⁸
3113 5170 3398 5250 Episcopus
3429 5186 3548 5223 cum

1963 5249 2083 5314 sim,
2101 5242 2199 5303 'cui
2224 5242 2531 5300 animarum
2567 5261 2693 5298 cura
2723 5242 3000 5296 commissa
3030 5250 3124 5306 est,
3150 5248 3419 5310 peccantes
3447 5254 3551 5293 non

1966 5318 2340 5387 reprehendere
2370 5331 2585 5386 nequeo.

2041 5388 2102 5461 (ἦ)
2142 5389 2223 5461 l_ta
2254 5387 2376 5442 cod.
2412 5456 2422 5461 _
2836 5454 2878 5461 η
2921 5456 2931 5461 _
3254 5448 3271 5461 .
3332 5448 3367 5461 ..

2041 5448 2104 5528 (1)
2148 5458 2223 5513 De
2274 5456 2477 5520 ἱκανός,
2511 5454 3092 5528 aliisqueolliciorum
3121 5448 3419 5517 vocabulis,
3475 5449 3555 5506 le-

1966 5520 2123 5602 gatur
2149 5529 2386 5602 Qangius
2414 5526 2619 5602 in_Le;t‘.
2647 5520 2796 5602 ξηρᾷ.
2827 5533 2875 5602 et
2899 5525 2998 5602 itif.
3025 5520 3200 5602 Gneo.
3283 5589 3294 5601 _

2038 5600 2113 5671 (Ir)
2153 5587 2593 5671 Germana_haaec
2640 5594 2896 5650 Eudoxiaa
2927 5587 3439 5671 Angu_st:e‘ep_is_slola

1968 5660 2494 5741 InnocentiumPP.
2541 5682 2660 5741 no_n_
2679 5671 2872 5741 exstat,
2923 5660 3189 5741 quantum
3230 5660 3367 5741 Avidi,
3408 5660 3554 5741 apud

1968 5741 2103 5813 alios
2130 5739 2462 5813 biographos
2486 5746 2580 5790 aut
2598 5732 2916 5813 historicos.
2954 5732 3200 5813 meminit
3225 5738 3404 5813 tamen
3410 5732 3553 5813 :jus

1972 5797 2255 5884 Georgius”
2278 5797 2426 5865 Alex.
2474 5805 2615 5875 apud
2643 5801 2961 5872 praedictum
3013 5802 3298 5872 Savilium,
3339 5809 3378 5855 t.
3410 5797 3551 5864 Vill,
