4018 6412
314 335 514 377 LXXXIX

314 440 500 495 videns
541 438 760 508 pariter
796 437 987 492 missas
1029 437 1097 492 ad
1142 455 1199 494 se
1234 454 1449 496 reorum
1495 458 1775 512 personas,
1809 461 1906 499 co-

309 531 453 605 gnita
486 530 664 585 simul
695 529 982 584 criminum
1011 530 1234 597 ultione,
1265 532 1541 604 mitigatus
1568 534 1680 590 Deo
1706 537 1906 608 gratias

309 622 444 692 egit;
481 621 813 690 rogavitque
843 619 1163 687 Honorium,
1215 632 1274 678 ut
1318 640 1484 695 super
1524 635 1638 681 toto
1671 627 1775 682 hoc
1813 643 1909 684 ne-

309 713 451 786 gotio
480 711 732 768 ofﬁciose
770 723 952 785 ageret
987 729 1110 768 cum
1137 715 1370 770 Arcadio
1395 725 1452 772 et
1481 717 1746 773 Eudoxia.
1781 719 1902 774 Jam

309 805 453 860 missi
488 806 561 860 ab
601 804 839 860 Arcadio
877 807 1125 862 homines
1156 823 1278 862 cum
1323 811 1660 881 trepidarent
1707 812 1900 868 incerti

309 899 372 955 de
402 898 478 954 rei
510 898 688 960 exitu,
716 899 920 953 vocatis
944 900 1009 954 ad
1041 915 1100 954 se
1130 901 1479 958 Innocentius
1509 903 1678 958 dixit:
1713 925 1732 956 ‹
1757 905 1900 960 Deus

311 988 478 1052 vobis,
529 1002 565 1041 ο
611 987 740 1054 ﬁlii,
785 989 1027 1060 ignoscat
1073 1001 1354 1060 peccatum
1401 992 1526 1047 hoc.
1596 993 1900 1065 Theophilo

307 1090 489 1136 autem
551 1083 766 1138 dicite:
825 1081 906 1136 Tu
965 1081 1185 1151 quidem
1252 1083 1526 1138 interdicti
1567 1101 1728 1155 paena
1793 1087 1899 1141 mi-

309 1172 449 1226 nime
485 1173 652 1238 liber,
693 1188 947 1242 compara
975 1182 1028 1227 te
1058 1173 1124 1227 ad
1159 1173 1420 1242 synodum
1450 1181 1707 1244 tanquam
1738 1191 1894 1244 reus;

307 1279 426 1318 nam
470 1273 700 1334 propter
729 1270 780 1316 te
819 1278 986 1316 unum
1019 1261 1147 1316 illuc
1175 1272 1440 1318 venturus
1490 1279 1631 1318 sum.
1658 1283 1676 1314 ι
1723 1264 1895 1318 Dimi-

308 1355 478 1426 sitque
519 1371 718 1411 omnes
748 1355 931 1409 multis
981 1370 1104 1409 cum
1136 1355 1470 1410 muneribus.
1505 1356 1748 1426 Denique
1793 1357 1896 1410 Ar-

305 1448 454 1502 cadio
493 1459 551 1502 et
601 1447 856 1502 Sudoxiaa
911 1447 983 1500 ita
1034 1447 1263 1502 scribit:
1303 1447 1706 1503 «Innocentius
1756 1465 1893 1520 papa

304 1540 424 1594 ﬁliis
471 1539 680 1594 nostris
714 1539 949 1594 Arcadio
983 1547 1038 1594 et
1072 1539 1328 1594 Eudoxia:
1359 1558 1371 1592 :
1406 1539 1587 1594 valere
1610 1556 1708 1594 vos
1739 1551 1887 1610 opto.

304 1631 540 1702 Cognovi
592 1639 835 1687 vestrum
884 1631 1186 1686 secundum
1238 1631 1411 1684 Deum
1460 1631 1716 1685 devotum
1771 1642 1892 1687 stu-

302 1722 480 1786 dium,
535 1722 689 1792 quod
738 1730 960 1792 propter
1023 1737 1224 1777 nomen
1279 1723 1398 1792 ejus
1452 1725 1883 1794 exprompsistis.

300 1813 671 1880 Quamobrem
703 1829 800 1870 vos
832 1813 1000 1869 sacris
1044 1814 1280 1869 vinculis
1335 1816 1621 1880 resolutos,
1664 1817 1732 1870 ad
1781 1816 1888 1870 Do-

300 1907 493 1962 minica
527 1907 799 1964 accedere
829 1905 1030 1962 ﬁdente
1076 1906 1261 1961 animo
1305 1907 1549 1978 symbola
1590 1908 1732 1962 sino.
1775 1907 1891 1962 Hoc

299 2007 473 2054 tamen
521 2014 629 2054 vos
669 2013 1010 2064 commoneo,
1052 2014 1086 2052 o
1127 1997 1252 2063 ﬁlii,
1311 2007 1370 2053 ut
1419 1997 1646 2053 Joannis
1688 2014 1890 2053 nomen

299 2089 460 2145 sacris
487 2090 767 2162 diptychis
803 2090 1152 2154 inscribatur,
1185 2089 1543 2160 ejusdemque
1577 2105 1778 2159 corpus
1819 2090 1889 2145 ad

299 2183 576 2253 propriam
625 2182 912 2239 ecclesiam
961 2182 1249 2238 referatur.
1303 2182 1420 2237 IIoc
1467 2183 1614 2238 enim
1676 2181 1886 2252 justum

295 2387 345 2424 se
390 2371 454 2424 ab
495 2371 720 2440 inﬂictis
771 2370 870 2440 sibi
919 2370 975 2423 in
1028 2369 1254 2424 ecclesiis
1295 2371 1650 2440 multifariam
1695 2379 1878 2425 contu-

295 2441 456 2495 meliis
484 2459 517 2495 a
552 2439 748 2511 magno
774 2439 997 2502 Joanne,
1030 2451 1184 2511 prout
1213 2442 1261 2495 ei
1285 2450 1421 2494 certe
1451 2439 1742 2495 uidebatur.
1781 2443 1879 2493 At-

296 2522 466 2565 tamen
494 2509 682 2565 beatus
730 2511 810 2564 vir
849 2509 1044 2563 nemini
1087 2512 1398 2564 nominatim
1441 2512 1760 2564 conviciatus
1797 2518 1878 2566 est

294 2598 545 2651 unquam,
580 2581 672 2635 sed
699 2581 883 2651 culpas
925 2589 1128 2634 tantum
1163 2580 1477 2650 coarguebat
1513 2582 1874 2651 peccantium,

293 2650 470 2722 quibus
498 2652 593 2720 qui
619 2661 770 2722 erant
799 2650 1026 2714 obnoxii,
1058 2652 1240 2704 statim
1263 2651 1415 2704 dictis
1441 2650 1876 2722 percellebantur,

293 2720 438 2790 quasi
465 2724 521 2776 in
563 2738 617 2776 se
636 2721 791 2791 jacta
822 2722 1060 2792 fuissent,
1089 2722 1449 2791 putabantque
1490 2737 1544 2774 se
1573 2721 1620 2773 ei
1651 2720 1882 2791 cognitos

323 2871 559 2886 0-

1121 319 1507 380 ιῡιοΜειυΜ
1560 321 1626 378 IN
1664 323 1722 380 S.
1763 326 1883 381 JOA

1993 327 2081 382 ΕΜ
2121 328 2577 387 CIIRYSOSTOM
2589 332 2711 389 Ulli.
3526 361 3592 400 xc

2007 460 2129 501 esse
2181 461 2489 502 censemus.
2545 449 2778 506 Scribite
2834 463 3013 508 autem
3067 456 3389 528 Theophila,
3425 471 3480 514 ut
3521 462 3590 517 sit

2005 540 2243 611 generali
2279 540 2485 610 synodo
2513 551 2752 610 paratus.
2781 560 2940 612 quam
2978 546 3140 600 indici
3173 548 3228 600 in
3258 549 3390 604 urbe
3414 549 3589 606 Thcs—

2005 631 2240 685 salonica
2290 629 2452 684 velim
2501 631 2756 700 jubeatis.
2786 651 2803 683 ι
2857 633 3066 700 Quibus
3136 638 3374 706 acceptis
3427 639 3590 696 Iuno-

2004 722 2170 777 centii
2223 722 2451 788 litteris,
2501 722 2658 776 valde
2711 723 2877 778 lzntati
2931 736 3060 780 sunt
3101 727 3366 784 Arcadius
3423 742 3588 801 atque

2004 813 2266 876 Eudoxia,
2311 813 2724 884 Theophiloque
2773 818 3110 886 scripserunt
3172 829 3230 875 ut
3291 837 3349 875 se
3386 834 3588 892 quant-

2002 905 2156 960 ocius
2186 904 2628 960 Thessalonicam
2662 907 2952 963 conferret.
2983 909 3223 966 Audiens
3255 929 3381 966 vero
3403 915 3583 969 Theo-

2000 996 2183 1066 philus
2218 996 2621 1066 impendentem
2667 997 2768 1053 sibi
2815 1001 3178 1067 sententiain,
3220 1003 3586 1061 sollicitudine

2000 1089 2169 1142 multa
2207 1099 2586 1158 compunctus,
2630 1091 2795 1146 mittit
2830 1108 3024 1163 preces
3052 1095 3121 1148 ad
3166 1098 3481 1160 monachos,
3527 1109 3587 1153 ut

1999 1195 2098 1249 pro
2133 1179 2252 1250 ipso
2295 1180 2437 1234 bona
2473 1183 2634 1236 verba
2665 1183 2868 1238 dicant.
2900 1183 2971 1240 At
3020 1186 3093 1239 illi
3137 1189 3533 1257 responderunt
3568 1209 3579 1242 :

2005 1290 2022 1321 ι
2052 1269 2162 1324 Nos
2198 1278 2389 1324 contra
2423 1279 2476 1325 te
2507 1272 2692 1340 locuti,
2723 1277 2999 1344 quomodo
3030 1295 3129 1347 pro
3160 1287 3213 1334 te
3250 1280 3392 1350 loqui
3426 1292 3583 1352 pote-

1998 1358 2205 1412 rimus?
2247 1359 2354 1414 Sed
2408 1362 2502 1415 Dei
2555 1364 2792 1419 vindicta
2846 1369 3169 1436 quantocius
3215 1379 3266 1424 te
3305 1372 3580 1442 corripiet.

1995 1450 2264 1506 Cuterum
2296 1454 2362 1507 de
2391 1453 2712 1511 Innocentio
2745 1475 2815 1514 ne
2861 1461 2935 1515 sis
2980 1461 3271 1527 sollicitus;
3302 1479 3426 1516 nam
3461 1463 3584 1517 vitae

1995 1545 2114 1613 ejus
2157 1554 2402 1615 tempora
2434 1549 2702 1617 completa
2738 1549 2975 1604 fuerunt.
3007 1571 3024 1602 ι
3069 1552 3195 1607 Παξο
3225 1554 3441 1622 quidem
3482 1569 3584 1607 an-

1993 1635 2148 1690 diens
2199 1635 2554 1706 Theophilus,
2595 1653 2786 1694 secura
2831 1650 3016 1696 mente
3051 1641 3160 1710 jam
3204 1651 3340 1697 erat.
3370 1643 3438 1696 At
3482 1643 3583 1695 Isi-

1996 1727 2163 1781 dorus
2207 1727 2527 1796 sodalesque
2576 1729 2695 1798 ejus
2740 1730 2794 1783 in
2837 1740 3021 1786 monte
3064 1733 3342 1802 degentes,
3385 1732 3581 1787 eximia

1996 1819 2285 1872 sanctitate
2322 1819 2500 1873 ornati
2530 1828 2839 1882 evaserunt.
2873 1830 2928 1875 et
2967 1821 3386 1876 charismatibus
3416 1822 3580 1876 etiam

1991 1909 2138 1980 digiti
2177 1907 2422 1964 fuerunt.
2477 1911 2722 1980 Denique
2768 1920 2823 1965 et
2859 1913 2964 1980 ipsi
3013 1913 3177 1966 vitam
3230 1926 3580 1967 consumma-

1991 2008 2138 2063 runt,
2167 1999 2454 2055 laudantes
2483 2000 2699 2056 Patrem
2740 2011 2796 2057 et
2824 2003 3022 2060 Filium
3067 2013 3122 2059 et
3163 2013 3412 2059 sanctum
3459 2003 3579 2072 Spi-

1991 2091 2179 2145 ritum.
2229 2091 2335 2162 Ipsi
2389 2093 2578 2162 gloria,
2640 2094 2818 2149 honor
2855 2104 2910 2150 et
2956 2095 3198 2151 adoratio
3238 2110 3334 2165 per
3382 2094 3580 2148 saecula

1991 2185 2336 2239 saeculorum.
2369 2183 2563 2239 Amen.

1979 2386 2104 2434 esse,
2135 2372 2342 2425 etiamsi
2369 2388 2553 2438 reapse
2581 2371 2836 2424 latebant.

2053 2440 2128 2510 (a)
2171 2441 2554 2510 Ἀνιστορησία
2605 2442 2723 2496 ᾕρεε
2776 2449 2860 2494 est
2906 2455 3067 2510 quam
3109 2439 3293 2510 sumit
3329 2454 3359 2492 a
3401 2439 3576 2494 Geor-

1981 2509 2070 2580 gio
2111 2509 2312 2580 p.552
2379 2509 2565 2564 uester
2595 2509 2936 2564 Theodorus.
2979 2510 3192 2580 Etenim
3238 2509 3576 2578 Theophilus

1979 2579 2127 2633 anno
2155 2579 2358 2634 Christi
2395 2581 2499 2634 412
2547 2589 2795 2633 mortuus
2841 2589 2943 2642 est,
2993 2579 3345 2633 Innocentius
3391 2586 3575 2633 autent

1983 2664 2130 2703 anno
2163 2651 2287 2714 417,
2323 2659 2384 2703 ιιι
2413 2649 2535 2703 fasti
2564 2649 2854 2734 certissimi
2881 2649 3103 2704 docent.

1721 3031 2192 3111 EPITOME

1338 3211 1519 3269 VszE
1562 3212 1620 3268 S.
1660 3211 1953 3270 JOANNIS
1991 3210 2500 3268 CHRYSOSTOMI.

354 3496 596 3553 Joannes
625 3496 846 3568 quidem
887 3504 1005 3551 erat
1037 3510 1236 3567 genere
1268 3495 1654 3552 Antiochensis
1686 3515 1699 3550 :
1729 3506 1884 3568 pater

287 3589 403 3659 ejus
431 3589 696 3661 magister
734 3587 966 3642 militum
997 3585 1182 3659 Syriae,
1215 3597 1270 3642 et
1298 3597 1471 3643 mater
1513 3588 1635 3659 ejus
1679 3604 1884 3658 cOgno-

287 3691 472 3736 mento
519 3679 790 3735 Anthusa.
821 3677 1134 3735 Octodecim
1175 3695 1350 3734 annos
1391 3688 1552 3734 natus
1593 3680 1820 3735 recessit
1851 3696 1882 3735 a

285 3774 509 3830 rhetore
530 3772 760 3828 Libanio
779 3789 793 3838 ;
812 3781 972 3842 atque
989 3788 1018 3826 a
1041 3772 1274 3836 Meletio,
1293 3771 1650 3828 Antiochensi
1669 3772 1884 3826 archie-

282 3865 534 3935 piscopo,
564 3865 889 3935 baptizatur,
925 3873 979 3918 et
1018 3865 1192 3918 lector
1237 3863 1541 3919 ordinatur.
1570 3863 1710 3918 Hinc
1756 3878 1880 3918 cum

285 3957 572 4013 incidisset
589 3957 644 4010 in
659 3972 846 4012 senem
863 3955 1154 4026 quemdam
1173 3957 1524 4022 monachum,
1538 3957 1682 4027 apud
1703 3956 1881 4027 ipsum

281 4064 463 4104 annos
492 4058 727 4118 quatuor
757 4047 1058 4118 permansit
1091 4065 1104 4100 :
1139 4048 1193 4101 in
1231 4049 1545 4118 speluncam
1584 4047 1875 4117 quamdam

281 4137 572 4203 secedens,
605 4138 752 4193 solus
781 4137 855 4191 ibi
879 4138 1080 4192 mansit
1107 4153 1282 4192 annos
1304 4139 1475 4193 duos:
1500 4146 1664 4208 atque
1689 4153 1880 4192 rursus

283 4229 434 4285 redit
462 4229 530 4284 ad
564 4230 882 4296 Ecclesium,
907 4239 963 4284 et
988 4230 1272 4286 ordinatur
1303 4230 1585 4296 diaconus,
1602 4238 1658 4284 et
1685 4229 1882 4285 claruit

280 4336 463 4376 annos
491 4321 752 4391 quinque.
769 4322 812 4375 A
839 4321 1097 4378 Flaviano
1125 4330 1308 4376 autem
1339 4321 1621 4376 ordinatur
1653 4321 1880 4392 presby-

281 4420 381 4474 ter,
397 4425 528 4466 cum
553 4412 979 4482 resplenduisset
995 4412 1050 4466 in
1067 4427 1133 4468 eo
1150 4411 1338 4466 habitu
1359 4427 1532 4467 annos
1553 4412 1875 4467 duodecim:

217 4509 222 4514 '
279 4505 371 4572 qui
403 4519 604 4579 omnes
617 4504 934 4560 simulﬁunt
962 4505 1088 4560 anni
1119 4505 1473 4577 quadraginta
1499 4513 1750 4575 quatuor.
1766 4504 1880 4558 Sub

280 4594 333 4649 id
360 4609 500 4650 vero
517 4603 754 4666 tempus,
776 4605 992 4652 mortuo
1010 4596 1288 4661 Nectario,
1303 4596 1716 4667 archiepiscopo
1738 4595 1880 4652 Con-

279 4687 791 4758 stantinopolitano,
823 4689 1117 4745 arcessitus
1133 4689 1440 4755 Antiochia,
1470 4690 1756 4745 ordinatur
1783 4691 1880 4757 jar-

279 4776 669 4850 ebiepiscopus
689 4777 1348 4852 Constantinopolitanus,
1363 4781 1598 4837 Arcadio
1615 4782 1885 4852 imperan-

1989 3506 2059 3563 te,
2093 3499 2350 3554 vicesimo
2399 3498 2592 3568 quinto
2636 3496 2841 3552 mensis
2891 3495 3237 3563 Decembris,
3282 3497 3577 3555 indictione

1985 3599 2195 3657 quarta.
2215 3588 2507 3658 Postquam
2532 3595 2714 3642 autem
2741 3587 3114 3658 episcopatum
3137 3604 3311 3644 annos
3338 3589 3576 3658 quinque

1985 3678 2441 3743 administrasset,
2464 3694 2563 3748 per
2591 3677 2850 3732 invidiam
2869 3678 2923 3732 in
2955 3678 3207 3733 exsilium
3234 3688 3389 3733 actus
3419 3687 3500 3732 est
3522 3675 3574 3729 in

1985 3770 2262 3824 civitatem
2295 3769 2556 3836 Comana,
2578 3769 2852 3825 Armeniae
2881 3769 3134 3825 vicinam.
3153 3769 3276 3841 Egit
3299 3769 3354 3824 in
3388 3767 3577 3824 exsilio

1984 3878 2158 3918 annos
2205 3871 2334 3927 tres,
2368 3877 2587 3918 menses
2635 3861 2794 3917 duos.
2827 3860 2998 3916 Simul
3037 3860 3162 3916 vitae
3209 3861 3328 3931 ejus
3363 3869 3576 3928 tempus

1985 3954 2123 4009 ﬁunt
2145 3954 2274 4009 anni
2298 3953 2687 4026 quinquaginta
2710 3954 2838 4019 duo,
2857 3961 2913 4009 et
2942 3967 3157 4008 menses
3185 3961 3330 4007 octo.
3350 3951 3578 4006 Moritur

1983 4047 2197 4104 decimo
2213 4059 2406 4118 quarto
2423 4049 2627 4104 mensis
2646 4047 2990 4113 Novembris,
3005 4056 3062 4103 et
3079 4047 3272 4102 eodem
3298 4046 3388 4100 die
3415 4058 3576 4115 sepe-

1983 4141 2112 4195 litur
2166 4141 2222 4194 in
2266 4142 2519 4209 sepulcro
2572 4156 2696 4195 cum
2733 4141 2893 4194 beato
2929 4139 3210 4195 Basilisco.
3240 4136 3574 4191 Reverendzn

1983 4233 2104 4303 ejus
2136 4232 2376 4300 reliquiae
2401 4231 2927 4302 Constantinopolim
2960 4232 3142 4288 relatae
3167 4237 3297 4287 sunt
3323 4236 3445 4300 post
3471 4243 3574 4281 an-

1981 4339 2083 4378 nos
2109 4323 2352 4393 quinque
2371 4331 2426 4376 et
2453 4321 2672 4392 triginta
2690 4363 2703 4386 ,
2724 4322 3024 4392 imperante
3045 4320 3353 4376 Theodosio
3378 4319 3572 4374 Junio-
3615 4379 3618 4382 ,

1982 4430 2075 4481 re,
2113 4422 2168 4468 et
2220 4411 2413 4468 Proclo
2472 4412 2888 4483 archiepiscopo
2944 4409 3568 4482 Constantinopolitano.

1982 4506 2234 4562 Relatum
2265 4521 2392 4560 eum
2425 4520 2617 4560 rursus
2642 4520 2768 4560 cum
2795 4505 3096 4576 psalmodia
3129 4505 3502 4574 deposuerunt
3517 4502 3568 4556 in

1981 4599 2213 4655 ecclesia
2264 4599 2549 4655 beatorum
2605 4598 2991 4670 Apostolorum
3042 4597 3303 4654 vicesimo
3338 4594 3572 4668 septimo

1981 4691 2187 4748 mensis
2213 4691 2480 4748 Januarii.

2297 4973 3554 4993 —_——-—_——‘——_——

720 5119 1146 5182 IDIOMELUM
1178 5123 1259 5183 IN
1303 5121 1364 5182 s.
1409 5119 1770 5183 JOANNEM
1809 5119 2425 5184 CHRYSOSTOMUM
2475 5119 2574 5202 (13
2614 5121 2982 5202 Novembr.)
3016 5120 3124 5202 (α).

278 5385 350 5441 iis
393 5402 530 5456 quas
583 5387 739 5443 lenes
786 5389 1188 5445 admonitiones
1238 5390 1496 5456 adhibes,
1546 5389 1874 5461 Christoque

278 5479 442 5532 unior
500 5479 774 5548 spirituali
821 5497 1043 5552 sponso,
1074 5498 1138 5537 ac
1168 5481 1218 5537 ei
1264 5495 1558 5552 conregno.
1593 5479 1873 5548 Quamob-

275 5583 397 5626 tem
429 5586 533 5625 nos
566 5586 790 5641 quoque
823 5573 879 5628 in
907 5581 998 5628 tua
1032 5574 1343 5647 congregati
1381 5572 1644 5628 memoria
1672 5573 1872 5629 clama-

356 5750 428 5824 ία)
462 5747 785 5804 Bibliotheca
813 5749 1035 5804 Patrum
1072 5750 1309 5822 Lugdun.
1344 5760 1383 5805 t.
1419 5749 1533 5814 XII,
1563 5766 1616 5820 ι).
1653 5752 1774 5806 792.

1982 5411 2105 5451 mus
2141 5394 2260 5450 :Ne
2287 5409 2390 5464 pro
2436 5393 2598 5450 nobis
2641 5391 2934 5449 Dominum
2979 5383 3259 5458 deprecari
3300 5373 3562 5457 graveris,

1981 5502 2092 5558 quo
2118 5485 2425 5541 animorum
2457 5483 2688 5540 salutem
2718 5490 3136 5549 consequamur.
