4018 6406
229 391 344 438 116111

234 492 378 564 pavit,
411 489 480 542 ita
509 495 569 541 ut
598 485 732 541 nihil
755 481 1130 554 mihiamplius
1159 483 1424 552 reliquum
1444 481 1603 539 foret.
1627 496 1790 551 quam

234 598 394 642 actum
417 595 574 651 agere
611 598 623 632 :
653 578 798 648 quod
822 593 850 632 a
881 576 1018 630 meis
1041 575 1284 630 moribus
1309 591 1524 645 semper
1544 574 1795 628 fuitalie-

238 689 372 730 num.
405 673 588 740 Itaque
612 670 930 724 mutandum
969 668 1102 722 mihi
1136 668 1423 722 consilium
1449 667 1569 732 fuit,
1605 676 1658 720 et
1687 665 1796 719 alio

237 763 582 821 convertenda
632 762 808 816 studia
843 781 853 814 :
886 775 1106 829 nempe,
1159 767 1218 812 ut
1255 759 1429 813 solum
1477 766 1790 813 contextum

233 859 462 914 Gnecum
493 871 617 910 cum
649 870 789 909 nova
815 853 1004 908 Latina
1033 852 1287 906 versione
1319 851 1519 922 publici
1546 851 1683 920 juris
1716 849 1797 903 fa-

237 963 417 1012 cerem,
443 962 605 1016 quem
635 961 665 998 a
695 944 828 999 viris
866 943 1039 998 doctis
1080 942 1234 996 avide
1261 941 1562 1011 exspectari
1599 940 1800 994 intelli-

243 1039 526 1113 gebam.Ad
563 1053 686 1092 eum
717 1051 816 1106 pro
841 1035 1184 1090 uberioribus
1215 1032 1796 1099 animadversionibus,

245 1147 360 1203 quas
382 1131 560 1184 animo
589 1129 1011 1192 destinaveram,
1053 1127 1315 1197 quasdam
1334 1125 1572 1189 criticas,
1606 1133 1665 1179 ut
1701 1140 1802 1179 vo-

245 1234 371 1288 cant,
393 1233 566 1284 notas,
589 1237 710 1291 quae
735 1220 975 1291 phrasim
1001 1219 1234 1274 subinde
1265 1219 1446 1273 minus
1465 1218 1716 1273 usitatam
1749 1226 1806 1272 et

245 1317 392 1385 specie
405 1315 642 1368 vitiosam
667 1313 1018 1383 explicarent,
1041 1311 1485 1381 elucidarentque
1500 1311 1649 1366 locos
1669 1326 1807 1370 non,-

248 1409 422 1472 nullos,
453 1408 544 1476 qui
576 1406 760 1461 varios
784 1421 978 1460 sensus
1007 1403 1293 1473 variasque
1321 1403 1804 1473 interpretationes

249 1497 506 1552 admittere
535 1495 882 1556 videbantur,
917 1494 1212 1564 adjungere
1264 1493 1451 1546 statui.
1497 1491 1809 1562 Suppuduit

251 1605 324 1644 me
354 1598 522 1643 tamen
550 1596 759 1658 postea,
794 1585 984 1650 fateor,
1018 1583 1286 1654 propositi
1317 1583 1454 1648 mei;
1495 1583 1808 1652 indignum-

251 1695 341 1750 que
362 1681 618 1750 reputavi,
645 1677 1022 1748 prmtermissis
1047 1675 1394 1731 uberioribus
1415 1674 1581 1739 notis,
1597 1674 1667 1728 ad
1692 1673 1810 1728 illas

252 1767 484 1822 minutias
543 1767 912 1830 descendere;
952 1764 1158 1820 veritus
1214 1763 1393 1819 locum
1437 1764 1564 1818 dare
1604 1763 1811 1834 vulgari

251 1861 437 1930 adagio,
468 1857 573 1913 Pro
596 1861 841 1913 thesauro
871 1857 1141 1911 carbones.
1166 1853 1237 1910 At
1267 1871 1396 1910 vero
1425 1855 1688 1925 quidquid
1709 1855 1814 1908 hoc

256 1953 398 2008 libelli
425 1960 530 2016 est,
560 1950 915 2022 quantumvis
953 1947 1367 2004 commentariis
1407 1945 1672 2010 destituti,
1715 1960 1815 2014 pro

257 2059 447 2115 magno,
475 2051 626 2098 certo
653 2042 784 2106 scio,
826 2040 1115 2094 habiturus
1141 2055 1202 2093 es
1236 2039 1515 2105 thesauro,
1541 2039 1587 2092 si
1620 2038 1815 2093 memi-

260 2136 402 2198 neris,
429 2143 633 2204 quanto
677 2132 877 2196 studio,
906 2140 1179 2202 quantave
1221 2132 1497 2202 diligentia
1530 2131 1817 2186 clarissimi

260 2225 469 2296 Operum
494 2226 550 2282 S.
586 2224 813 2281 Joannis
838 2223 1208 2294 Chrysostomi
1252 2223 1510 2290 editores,
1544 2223 1818 2278 Henricus

259 2318 468 2375 Savilius
494 2327 549 2375 et
585 2319 794 2373 Fronto
830 2316 1076 2383 Ducatus,
1125 2332 1264 2387 opus
1303 2317 1434 2371 illud
1475 2332 1819 2386 quaquaver-

261 2425 366 2465 sum
390 2410 787 2481 perquisierint.
813 2408 919 2463 Sed
941 2423 1064 2463 cum
1088 2408 1288 2463 frustra
1313 2424 1506 2463 omnes
1527 2409 1820 2463 bibliothe-

264 2519 426 2558 carum
470 2503 677 2558 forulos
714 2502 1102 2566 excussissent,
1131 2501 1302 2556 sancti
1332 2501 1569 2556 doctoris
1607 2500 1818 2555 studio-

267 2608 344 2649 sos
369 2595 576 2664 scriptis
619 2593 734 2648 suis
766 2593 830 2648 ad
859 2593 1106 2648 eamdem
1139 2607 1324 2647 curam
1350 2593 1670 2656 invitarunt,
1702 2606 1822 2644 mo-

263 2695 586 2755 nueruntque
648 2685 792 2739 hanc
814 2683 994 2738 Vitam
1025 2683 1093 2738 ad
1137 2683 1466 2753 paucissima
1494 2681 1825 2752 exemplaria

265 2778 509 2833 redactam
540 2792 686 2832 esse.
721 2776 878 2830 llunc
911 2790 1010 2846 ego
1038 2775 1392 2845 archetypum
1419 2773 1710 2828 Florentiae
1738 2788 1828 2826 re-

263 2870 363 2940 peri
405 2870 457 2924 in
498 2870 838 2925 Bibliotheca
883 2867 1124 2922 Medicea
1157 2886 1168 2920 :
1202 2868 1430 2938 ejusque
1482 2865 1828 2920 exscribendi

263 2961 400 3031 copia
429 2961 758 3032 perbenigne
801 2958 933 3013 mihi
973 2958 1113 3012 facta
1160 2967 1244 3012 est
1286 2974 1316 3012 a
1352 2973 1549 3028 magno
1595 2955 1830 3012 Etruriae

267 3053 388 3105 duce
406 3093 419 3116 ,
437 3049 782 3106 Ferdinando
807 3048 850 3102 ll
881 3067 892 3103 :
917 3049 1031 3118 qui,
1062 3063 1225 3102 verus
1244 3049 1421 3120 gentis
1443 3047 1698 3103 Mediceae
1727 3048 1834 3101 hce-

266 3155 361 3206 t'es,
379 3157 616 3197 amorem
646 3154 772 3210 erga
795 3139 1002 3193 litteras
1027 3146 1082 3192 et
1098 3137 1365 3192 litteratos
1385 3137 1548 3203 viros,
1581 3147 1642 3191 ut
1663 3137 1834 3207 patri-

265 3234 488 3288 monium
506 3249 536 3288 a
553 3232 877 3304 parentibus
895 3239 1197 3300 acceptum,
1217 3229 1284 3285 ad
1303 3229 1471 3283 filium
1487 3227 1745 3283 Cosmum
1763 3226 1832 3280 lll

270 3325 474 3381 feliciter
489 3324 821 3380 transmisit.
849 3323 949 3377 Hic
978 3323 1095 3392 ipse
1124 3331 1208 3377 est
1242 3321 1434 3382 codex,
1453 3335 1562 3390 quo
1589 3335 1722 3375 usus
1752 3328 1837 3372 est

268 3417 565 3472 Ambrosius
608 3413 1068 3478 Camaldulensis,
1129 3413 1222 3483 qui
1271 3413 1423 3484 prior
1463 3413 1608 3468 hanc
1656 3410 1836 3465 Vitam

270 3506 443 3564 Latine
466 3509 632 3565 vertit
662 3526 675 3562 :
711 3507 874 3562 vertit
903 3515 1084 3561 autem
1113 3505 1323 3569 Romae,
1357 3513 1416 3559 ut
1446 3505 1563 3575 ipse
1606 3511 1842 3557 testatur

271 3599 320 3653 in
349 3602 572 3671 epistola
612 3600 1004 3670 nuncupatoria
1047 3598 1114 3653 ad
1166 3597 1472 3669 Eugenium
1517 3609 1713 3666 papam
1746 3593 1837 3660 ιν,

273 3690 481 3762 ejusque
509 3691 695 3747 versio
728 3690 866 3762 typis
910 3705 1107 3744 excusa
1138 3689 1338 3759 prodiit
1380 3689 1613 3758 primum
1661 3687 1841 3742 Vene-

273 3783 354 3838 tiis
376 3784 428 3838 in
455 3785 633 3840 forma
653 3795 862 3847 octava,
878 3797 1014 3837 cura
1045 3789 1100 3836 et
1126 3781 1308 3834 studio
1324 3779 1532 3835 Nicolai
1554 3778 1840 3852 Erythrzei,

274 3873 485 3930 Lutetiae
501 3873 706 3944 saepius
731 3879 919 3943 postea
949 3885 1162 3924 recusa.
1183 3869 1358 3935 Hunc,
1393 3869 1634 3939 inquam,
1665 3869 1843 3939 ipsum

275 3979 383 4020 esse
412 3966 656 4022 codicem
685 3978 793 4034 quo
831 3977 961 4017 usus
996 3967 1082 4015 est
1104 3957 1448 4025 Ambrosius,
1481 3955 1842 4028 deprehendi,

275 4070 388 4111 cum
417 4073 484 4113 ex
505 4055 760 4129 pluribus
783 4053 938 4119 locis,
962 4052 1053 4122 qui
1077 4051 1240 4105 unius
1275 4058 1370 4105 aut
1396 4050 1623 4104 alterius
1653 4049 1849 4103 litterae

276 4149 563 4205 mutatione
596 4147 836 4217 corrupti
865 4155 1039 4210 erant,
1071 4154 1186 4198 tum
1224 4157 1290 4196 ex
1324 4141 1506 4196 verbis
1543 4140 1849 4209 litterisque

277 4256 551 4311 perperam
598 4239 905 4308 conjunctis
960 4245 1056 4291 aut
1107 4233 1318 4289 divisis.
1350 4231 1508 4297 Quod
1567 4239 1684 4286 tute
1753 4245 1851 4300 per

281 4333 499 4402 teipsum
559 4329 714 4386 facile
759 4328 1162 4384 animadvertes
1185 4367 1201 4393 ,
1249 4323 1494 4379 studiose
1535 4322 1763 4388 Lector,
1804 4321 1852 4375 si

280 4427 569 4482 attenderis
614 4425 684 4482 ad
733 4425 913 4481 varias
967 4422 1232 4478 lectiones
1290 4418 1627 4491 marginibus
1678 4432 1708 4471 a
1765 4431 1854 4471 me

280 4517 553 4588 ascriptas,
585 4533 720 4588 quas
744 4514 1018 4585 desumpsi
1050 4512 1247 4583 partim
1277 4527 1344 4565 ex
1379 4511 1584 4581 scripto
1614 4507 1851 4580 Georgii,

282 4605 623 4667 Alexandrini
645 4607 1059 4680 archiepiscOpi,
1101 4605 1299 4676 partim
1327 4619 1394 4659 ex
1419 4603 1661 4674 Epistola
1690 4601 1858 4672 Chry-

285 4703 496 4758 εοειοωί
527 4702 596 4758 ad
628 4700 1011 4757 Innocentium
1041 4713 1237 4769 papam
1260 4738 1275 4762 ,
1297 4712 1420 4767 qua:
1445 4695 1591 4750 inter
1618 4693 1857 4766 Chryso-

284 4795 434 4849 stomi
477 4794 660 4865 Opera
700 4803 893 4858 exstat,
925 4801 1079 4848 eruta
1105 4807 1172 4847 ex
1211 4790 1334 4845 aliis
1363 4789 1644 4844 codicibus
1684 4802 1855 4842 mss.:

285 4889 472 4956 partim
501 4888 740 4959 denique
777 4903 841 4943 ex
870 4886 1194 4957 fragmento,
1220 4881 1366 4952 quod
1395 4897 1463 4937 ex
1490 4880 1679 4936 codice
1703 4878 1872 4949 Cuiam

287 4982 427 5037 tiano
453 4981 658 5036 Fronto
684 4979 915 5034 Ducaeus
940 4976 1106 5032 edidit
1129 4975 1185 5029 in
1220 4973 1328 5028 fine
1364 4972 1566 5045 vulgati
1592 4989 1623 5027 a
1651 4987 1710 5028 se
1743 4973 1863 5028 dia-

287 5073 404 5149 logi.
437 5077 535 5133 Bis
559 5075 709 5132 vitiis
737 5085 791 5130 et
817 5071 1175 5129 incommodis
1193 5071 1252 5124 in
1284 5070 1557 5134 versione,
1581 5083 1746 5139 quam
1764 5080 1865 5138 pro

291 5169 503 5225 modulo
521 5183 648 5223 meo
674 5165 1014 5230 concinnavi,
1059 5173 1337 5232 utcunque
1367 5175 1658 5217 occurrere
1697 5174 1864 5214 cona-

291 5267 376 5313 tus
397 5275 542 5326 sum,
588 5273 773 5312 veram
822 5272 886 5310 ac
931 5254 1224 5327 genuinam
1275 5261 1497 5308 secutus
1544 5251 1860 5313 lectionem,

293 5361 449 5414 quam
486 5347 670 5403 notavi
704 5345 771 5400 ad
811 5345 1132 5415 marginem,
1152 5350 1364 5397 retenta
1394 5343 1452 5396 in
1482 5351 1634 5397 textu
1673 5340 1868 5412 dialogi

294 5435 544 5504 lectione,
566 5454 688 5509 qua:
717 5439 773 5493 in
797 5437 983 5492 codice
1009 5434 1381 5504 manuscripto
1421 5434 1744 5490 habebatur.

371 5635 389 5665 ι
424 5615 521 5670 llic
540 5629 818 5670 nonnemo
845 5614 1076 5668 fortasse
1105 5612 1343 5682 objiciat,
1372 5614 1619 5669 diversos
1648 5613 1754 5668 sibi
1787 5614 1872 5669 vi-

301 5702 414 5759 deri
430 5707 645 5761 codices
664 5705 1084 5759 Ambrosianum
1105 5719 1168 5757 ac
1191 5703 1566 5759 Florentinum
1587 5722 1599 5757 :
1620 5715 1874 5775 propter-

301 5809 363 5852 ea
398 5799 539 5870 quod
572 5797 894 5854 Ambrosius
933 5797 1193 5855 nonnulla
1222 5797 1473 5868 prooemii
1502 5797 1623 5853 loco
1648 5797 1872 5868 praemi-

1177 365 1296 422 EM.
1339 365 1594 422 BlGOTll
1636 361 2008 420 ΡιιιιΕΡΑτιι)
2043 361 2110 417 IN
2149 360 2563 417 PALLADlUll.

3353 371 3477 412 XCIV

1897 480 1967 535 sit
1994 482 2048 534 in
2072 496 2168 534 sua
2199 479 2467 542 versione,
2502 491 2622 546 qua:
2663 474 2719 528 in
2750 473 3066 527 Florentino
3107 487 3216 525 non
3252 486 3474 540 conma-

1898 582 2038 628 rcnt.
2076 573 2222 627 ldem
2253 570 2483 625 subinde
2513 569 2748 622 occurrit
2792 566 2847 619 in
2891 565 3127 620 decursu
3169 563 3386 636 dialogi,
3419 577 3478 618 ιιι

1898 665 2070 721 cuivis
2107 664 2306 735 legenti
2351 662 2642 717 observare
2680 657 2825 710 licet.
2852 655 3050 710 Verum
3091 654 3338 724 quisquis
3363 668 3480 707 rem

1899 768 2150 815 accurate
2181 753 2546 827 perpenderit,
2563 751 2718 805 facile
2748 764 2962 804 mecum
2981 747 3331 812 existimabit,
3352 743 3482 800 Am-

1899 851 2142 908 brosium
2173 850 2272 903 ista
2303 849 2369 902 de
2396 861 2496 901 suo
2525 844 2818 905 addidisse,
2845 849 2906 894 ut
2948 841 3016 894 ad
3057 840 3348 910 dialogum,
3390 836 3482 906 qui

1903 945 2066 999 nimis
2098 943 2330 1011 abrupto
2357 938 2580 994 exordio
2611 934 2961 1006 procedebat,
3003 931 3147 986 viam
3191 929 3432 1000 aperiret
3470 948 3481 981 :

1904 1036 2157 1103 idemque
2191 1030 2512 1102 praestitisse
2548 1027 2603 1080 in
2644 1025 2786 1080 serie
2828 1021 3052 1092 dialogi,
3097 1019 3270 1076 sicubi
3323 1017 3490 1072 nimis

1905 1127 2087 1182 hiulca
2130 1123 2418 1180 videbatur
2468 1119 2664 1174 oratio.
2700 1115 2836 1182 Quis
2859 1113 3004 1167 enim
3037 1112 3138 1166 sibi
3165 1110 3492 1181 persuadeat

1906 1218 2107 1274 Zosimi
2165 1215 2438 1287 pontificis
2479 1210 2701 1267 maximi
2739 1207 3079 1279 temporibus
3108 1204 3336 1258 Romam
3377 1201 3491 1272 pri-

1907 1329 2059 1368 mum
2085 1311 2304 1366 venisse
2351 1306 2526 1361 nostri
2561 1303 2886 1373 scriptorem
2916 1297 3135 1368 dialogi,
3165 1297 3260 1367 qui
3291 1295 3347 1349 in
3375 1295 3496 1364 ipso

1909 1400 2356 1460 animadverterit
2395 1396 2742 1451 Theodorum
2773 1392 3064 1447 diaconum
3115 1387 3184 1441 ab
3233 1385 3498 1455 episcopo

1910 1509 2172 1568 quaerere,
2207 1509 2277 1547 an
2307 1490 2547 1545 Joannes
2585 1494 2834 1540 mortuus
2860 1482 2960 1546 sit;
2998 1478 3327 1549 respondere
3366 1490 3500 1530 vero

1911 1589 2229 1660 episcopum
2259 1604 2274 1639 :
2305 1581 2472 1647 Vixit,
2499 1578 2626 1648 quia
2647 1585 2898 1631 mortuus
2928 1582 3031 1628 est.
3059 1569 3200 1624 Sane
3216 1568 3500 1636 haudqua-

1912 1657 2076 1748 quam
2120 1672 2416 1731 verisimile
2457 1677 2559 1732 est,
2586 1664 2930 1722 celeberrimi
2977 1660 3245 1734 pontificis
3291 1657 3500 1715 obitum

1914 1779 2022 1826 tam
2050 1769 2142 1823 diu
2177 1767 2346 1820 latere
2371 1761 2615 1832 potuisse
2644 1754 3293 1818 Theodorum,Romanae
3309 1750 3502 1804 Eccle-

1916 1864 2009 1918 sia:
2038 1860 2346 1921 diaconum,
2366 1853 2453 1908 cui
2472 1851 2576 1906 alia
2594 1848 2929 1921 pleraquede
2945 1846 3332 1916 Chrysostomo
3351 1855 3502 1894 com-

1916 1958 2068 2021 perta
2095 1954 2270 2001 erant.
2301 1942 2543 2005 Accedit,
2575 1938 2742 2009 quod,
2775 1953 2900 1992 cum
2944 1932 3183 2006 episcopi
3223 1932 3292 1986 ab
3337 1929 3504 1983 Inno-

1918 2039 2098 2096 centio
2127 2052 2266 2107 papa
2301 2029 2830 2100 Constantinopolim
2865 2026 3106 2089 missi,in
3144 2025 3340 2078 itinere
3365 2021 3506 2075 male

1920 2131 2125 2200 accepti
2144 2127 2392 2191 fuissent,
2424 2140 2550 2180 eum
2572 2122 2804 2177 maxime
2837 2119 3128 2174 sollicitum
3161 2117 3389 2172 reddere
3410 2114 3508 2168 de-

1919 2225 2123 2279 bebant
2149 2235 2235 2275 res
2251 2218 2577 2274 Orienlalcs.
2606 2215 2776 2269 Porro
2798 2229 2827 2268 a
2852 2222 3026 2267 morte
3039 2209 3265 2265 Joannis
3283 2207 3351 2262 ad
3370 2221 3509 2276 pon-

1923 2316 2184 2370 tificatum
2215 2311 2414 2366 Zosimi
2451 2308 2580 2363 anni
2614 2308 2807 2362 decem
2835 2303 3006 2374 elapsi
3051 2311 3224 2356 erant.
3253 2299 3308 2353 Si
3345 2315 3508 2368 argu-

1923 2415 2169 2462 mentum
2200 2401 2644 2471 chronologicum
2695 2397 2937 2468 pressius
2975 2410 3166 2464 urgere
3205 2406 3294 2446 me
3337 2390 3506 2451 sinas,

1927 2498 2127 2569 rogabo
2167 2505 2240 2560 te,
2274 2501 2335 2548 ut
2365 2493 2553 2547 oculos
2595 2490 2853 2559 coniicias
2885 2488 2938 2542 in
2975 2487 3088 2540 hanc
3119 2483 3282 2538 verba
3325 2481 3510 2534 Theo—

1926 2589 2066 2653 dori,
2102 2601 2222 2656 qua:
2245 2585 2347 2640 sub
2373 2584 2534 2637 finem
2564 2580 2760 2650 dialogi
2782 2578 2954 2633 nostri
2987 2577 3174 2632 Graece
3213 2575 3510 2644 leguntur:

1928 2681 2124 2750 Scopus
2159 2679 2256 2731 iste
2288 2676 2542 2731 Romanae
2572 2672 2818 2728 Ecclesia:
2841 2680 2937 2735 est,
2978 2683 3247 2738 nunquam
3275 2681 3515 2718 commn-

1931 2775 2108 2828 nicarc
2155 2768 2510 2826 Orientalibus
2565 2766 2839 2834 episcopis,
2886 2761 3181 2831 prresertim
3217 2757 3514 2825 Theophila.

1929 2868 2034 2935 Qui
2059 2868 2176 2922 haec
2210 2865 2374 2921 verba
2399 2862 2550 2932 legit,
2588 2875 2769 2915 nonne
2798 2859 2979 2914 statim
3023 2854 3392 2924 Theophilum
3434 2853 3520 2905 vi-

1931 2978 2061 3018 vum
2083 2961 2265 3015 adhuc
2293 2966 2348 3012 et
2377 2955 2680 3027 spirantem
2710 2952 2854 3006 videt
2885 2965 2950 3004 eo
2976 2959 3242 3018 tempore,
3268 2960 3376 3015 quo
3405 2944 3524 2998 haec

1932 3056 2098 3112 verba
2134 3051 2444 3125 proferebat
2489 3045 2850 3102 Theodorus?
2900 3041 3269 3111 TheOphilum
3311 3045 3520 3099 autem,

1933 3144 2363 3203 Alexandrinum
2411 3139 2748 3209 episcopum,
2773 3151 2918 3189 anno
2942 3134 3047 3187 “'2
3079 3140 3355 3186 mortuum
3382 3143 3525 3187 esse,

1935 3237 2079 3307 apud
2103 3249 2295 3290 omnes
2321 3237 2557 3287 constat.
2585 3227 2744 3294 Quod
2771 3225 2881 3280 dixi
2909 3225 2977 3278 de
3009 3221 3276 3291 prooemio
3309 3217 3524 3288 dialogi,

1937 3332 2164 3400 aliisque
2191 3342 2288 3398 per
2325 3321 2674 3378 Ambrosium
2714 3316 3057 3387 interpolatis
3085 3313 3241 3377 locis,
3274 3312 3327 3366 id
3362 3310 3527 3365 etiam

1939 3423 2207 3478 affirmare
2245 3417 2423 3472 ausim
2467 3413 2536 3468 de
2571 3410 2885 3467 nominibus
2930 3405 3168 3478 propriis
3201 3417 3412 3466 eorum,
3438 3400 3531 3470 qui

1941 3516 2082 3570 inter
2107 3528 2166 3568 se
2189 3512 2474 3579 loquentes
2502 3505 2640 3560 inibi
2669 3503 3029 3557 inducuntur.
3059 3497 3194 3552 Nam
3220 3495 3314 3564 qui
3332 3494 3386 3548 in
3416 3507 3536 3546 ver-

1942 3608 2094 3663 sione
2123 3601 2483 3660 Ambrosiana
2513 3599 2772 3654 dicuntur
2803 3593 3075 3648 Palladius
3105 3599 3160 3645 et
3189 3587 3532 3648 Theodorus,

1944 3701 1999 3754 in
2032 3699 2219 3754 Graeco
2255 3694 2445 3750 codice
2474 3691 2720 3747 Mediceo
2745 3683 3384 3757 episcopusetdiaconus
3399 3679 3536 3734 sim-

1943 3792 2153 3864 pliciter
2182 3789 2555 3860 appellantur:
2589 3784 2754 3853 idque
2796 3780 2865 3834 ab
2910 3776 3209 3847 interprete
3245 3770 3536 3864 Ambrosio

1945 3856 2134 3936 contra
2165 3856 2326 3932 fidem
2367 3869 2746 3940 manuscripti,
2779 3875 2838 3921 ut
2869 3863 3057 3920 lectori
3091 3861 3425 3922 consuleret,
3453 3856 3536 3910 fa-

1946 3980 2094 4027 ctum
2123 3967 2292 4022 fuisse
2314 3965 2497 4019 nullus
2523 3961 2732 4018 dubito.
2775 3956 2919 4012 Sane
2951 3951 3208 4009 omnibus
3238 3947 3537 4004 contestari

1946 4074 2059 4114 non
2108 4071 2297 4111 verear
2340 4051 2643 4106 Mcdiceum
2703 4046 2951 4101 codicem
2992 4043 3265 4110 integrum
3316 4050 3459 4100 esse,
3485 4043 3542 4088 et

1947 4151 2090 4205 bona
2125 4147 2252 4207 fide,
2275 4145 2356 4198 uti
2382 4143 2528 4211 jacet
2559 4140 2616 4192 in
2655 4139 2966 4205 archetypo,
2997 4149 3027 4186 a
3051 4147 3141 4186 me
3169 4134 3536 4198 repraesenta—

1952 4248 2090 4294 tum.
2121 4233 2177 4289 Si
2204 4232 2327 4302 quis
2357 4236 2605 4300 reponat,
2633 4227 2773 4279 hanc
2799 4223 3106 4278 versionem
3123 4219 3332 4282 Romae,
3361 4224 3420 4269 ut
3445 4230 3540 4268 su-

1952 4329 2138 4403 perius
2156 4323 2431 4387 notabam,
2451 4319 2768 4374 adornatam
2788 4329 2909 4369 esse
2935 4312 3004 4366 ab
3030 4307 3338 4372 Ambrosio,
3361 4320 3540 4375 neque

1954 4398 2148 4479 avero
2193 4415 2433 4472 alienum
2482 4409 2679 4472 videri,
2705 4423 2832 4463 eum
2884 4405 3120 4476 quodam
3168 4398 3542 4470 manuscripto

1956 4513 2175 4577 codice,
2207 4507 2302 4579 qui
2332 4506 2523 4560 Romae
2554 4511 2670 4556 tum
2701 4506 2960 4562 exstaret,
2993 4510 3156 4551 usum
3196 4491 3403 4548 fuisse:
3453 4505 3543 4546 re-

1959 4603 2261 4678 Spondebo,
2291 4595 2558 4670 probabili
2588 4607 2742 4664 atque
2771 4598 3092 4663 argumento
3109 4586 3212 4642 dici
3227 4601 3389 4657 posse
3415 4583 3545 4637 Am-

1957 4675 2199 4754 brosium
2229 4697 2324 4745 aut
2364 4685 2571 4743 codicis
2592 4681 2893 4738 Florentini
2921 4695 3018 4736 seu
3041 4677 3266 4733 Medicei
3291 4676 3444 4746 prius
3456 4675 3548 4729 ha-

1961 4789 2150 4845 buisse
2181 4783 2414 4854 copiam,
2455 4785 2552 4833 aut
2591 4775 2836 4830 codicem
2891 4772 3072 4842 ipsum
3120 4769 3311 4824 Rome
3351 4765 3549 4821 Cosmo

1961 4881 2156 4951 Magno
2189 4884 2558 4944 comparasse,
2592 4867 2648 4921 in
2678 4867 2838 4936 cujus
2875 4864 3262 4920 bibliothecam
3304 4858 3549 4914 codicem

1963 4949 2105 5028 facta
2135 4966 2386 5023 versione
2417 4958 2778 5017 transtulerit.
2805 4956 3089 5012 Ambrosii
3124 4953 3272 5009 enim
3309 4949 3458 5006 curis
3486 4961 3552 5003 ac

1965 5058 2258 5134 diligentiae
2292 5051 2697 5110 institutionem
2731 5047 2990 5104 Mediceaa
3017 5044 3368 5100 Bibliotheca:
3393 5054 3551 5096 acce—

1967 5129 2115 5224 plain
2149 5145 2341 5203 referri
2371 5143 2590 5206 debere,
2621 5154 2806 5205 nemo,
2860 5139 2956 5208 qui
2988 5137 3110 5208 ejus
3151 5135 3318 5191 vitam
3349 5140 3403 5186 et
3432 5129 3551 5199 epi—

1969 5245 2134 5301 stolas
2156 5239 2362 5312 legerit,
2398 5233 2735 5291 dillitebitur.
2763 5231 2891 5288 Haec
2917 5231 2986 5287 de
3020 5228 3208 5285 codice
3241 5226 3385 5282 dicta
3416 5236 3553 5276 sun-

1969 5343 2028 5390 to
2061 5352 2074 5389 :
2106 5346 2259 5388 nunc
2280 5329 2348 5386 de
2380 5334 2606 5382 auctore
2635 5321 2831 5392 dialogi
2867 5321 3169 5376 videamus.

2053 5534 2071 5567 ι
2112 5511 2367 5583 Dialogus
2393 5507 2462 5564 de
2487 5507 2610 5562 Vita
2624 5504 2852 5561 Joannis
2879 5494 3251 5569 Cbrysostomi
3276 5493 3420 5549 inter
3434 5491 3557 5564 epi-

1973 5620 2200 5677 scopum
2230 5611 2287 5657 et
2314 5599 2662 5656 Theodorum
2685 5595 2944 5650 Romanae
2976 5587 3238 5646 Ecclesia
3264 5586 3555 5642 diaconum

1974 5675 2194 5755 habitus
2219 5702 2305 5748 est
2328 5691 2535 5753 Romae,
2554 5701 2737 5742 coram
2771 5681 2958 5738 multis
2981 5689 3036 5735 et
3063 5695 3164 5750 per
3195 5679 3384 5750 plures
3409 5675 3552 5731 dies.

1977 5791 2137 5846 Hunc
2167 5785 2484 5857 episcopum
2509 5783 2764 5832 vocatum
2793 5772 2960 5828 fuisse
2979 5761 3298 5830 Palladium.
3329 5775 3386 5823 et
3414 5779 3557 5834 pm-
