4018 6446
510 365 614 408 χον

513 467 683 522 inisse
713 462 965 521 Ecclesiae
1001 461 1486 531 llelenopolitanze,
1529 461 1693 517 ﬁdem
1735 459 1939 515 faciunt
1970 460 2089 514 haec

512 553 653 612 tituli
668 554 850 619 verba,
874 552 1129 625 Dialogus
1143 552 1381 607 Palladii
1399 553 1626 621 episcopi
1643 550 2088 623 HelenOpolitani,

512 648 776 705 eademin
799 647 906 702 ﬁne
927 646 1093 701 libelli
1112 645 1363 717 repetita.
1388 644 1547 716 Apud
1571 643 1831 701 Savilium
1855 645 2088 700 habetur

511 740 771 796 elenchus
794 749 1107 803 auctorum,
1136 740 1226 809 qui
1258 738 1463 810 aliquid
1502 738 1570 794 de
1600 737 1812 794 Joanne
1848 737 2086 809 Chryso-

512 840 687 888 stomo
718 832 1074 903 scripserunt.
1109 831 1239 887 Fuit
1267 841 1448 886 autem
1478 839 1766 901 excerptus
1795 831 1995 886 Patavii
2019 846 2085 885 ex

511 925 699 980 codice
731 925 1103 981 vetustissimo
1136 925 1417 979 Michaelis
1461 923 1744 995 Sophiani,
1775 932 1831 979 et
1853 922 2086 995 praeﬁgi-

509 1026 601 1073 tur
626 1019 769 1088 apud
820 1019 1069 1074 eumdem
1113 1018 1371 1074 Savilium
1400 1017 1538 1073 Viue
1559 1017 1615 1072 S.
1648 1017 1874 1072 Joannis
1905 1017 2086 1089 Chry-

511 1108 756 1173 sostomi,
784 1109 999 1179 scriptae
1036 1109 1104 1163 ab
1135 1117 1357 1163 auctore
1390 1108 1626 1179 quodam
1663 1123 1957 1178 anonymo,
1993 1107 2087 1177 qui

511 1214 572 1254 se
612 1214 733 1255 eam
774 1199 1133 1255 concinnasse
1159 1199 1292 1254 dicit
1317 1215 1385 1255 ex
1426 1198 1681 1255 omnibus
1720 1198 1814 1269 qui
1854 1199 1910 1253 in
1941 1198 2087 1253 dicto

512 1288 742 1344 eleneho
774 1290 1125 1345 nominantur
1158 1291 1533 1362 scriptoribus.
1569 1291 1680 1346 llos
1712 1291 1856 1346 inter
1901 1289 2088 1346 Graece

510 1380 707 1452 legitur
729 1381 1023 1437 Palladius
1048 1384 1319 1453 episcopus
1359 1383 1751 1452 Helenopoleos.
1802 1382 2084 1454 Georgius,

510 1472 909 1530 Alexandrinus
951 1476 1276 1545 patriarcha,
1319 1476 1410 1546 qui
1439 1476 1607 1530 multa
1637 1493 1702 1531 ex
1733 1475 1839 1531 hoc
1878 1477 2088 1547 dialogo

511 1564 566 1619 in
591 1563 766 1620 Vitam
794 1566 1018 1623 Joannis
1046 1568 1412 1640 Chrysostomi
1443 1586 1475 1624 a
1508 1586 1566 1625 se
1596 1570 1853 1639 scriptam
1902 1579 2085 1625 trans-

512 1651 669 1716 tulit,
717 1668 779 1707 ea
818 1655 999 1710 omnia
1045 1666 1266 1727 accepta
1304 1656 1472 1712 refert
1510 1657 1745 1713 Palladio
1778 1658 2035 1727 episcopo
2073 1674 2086 1683 ·

508 1757 631 1813 qum
664 1744 853 1800 eadem
885 1747 1066 1800 omnia
1092 1747 1145 1800 in
1172 1749 1274 1802 hoc
1302 1748 1513 1819 dialogo
1548 1749 1747 1818 scripta
1772 1750 2027 1819 leguntur
2054 1768 2068 1803 :

508 1832 763 1898 Qua'dam
778 1852 952 1889 eorum
972 1853 1036 1891 ea:
1053 1837 1262 1909 dialogo
1281 1837 1517 1892 Palladii
1538 1840 1765 1908 episcopi
1784 1857 1902 1893 cum
1924 1840 2087 1894 Theo-

506 1925 657 1992 doro,
694 1925 941 1982 Romana:
969 1928 1212 1982 Ecclesia:
1242 1929 1486 1994 diacono,
1504 1930 1797 1985 hausimus.
1824 1930 1920 1985 Ille
1950 1941 2085 1986 tem-

507 2017 718 2084 poribus
750 2019 864 2073 istis
902 2020 1030 2074 uixit
1063 2018 1533 2090 Constantinopoli,
1567 2032 1614 2076 et
1654 2024 1891 2094 interfuit
1919 2027 2089 2079 omni-

507 2110 602 2161 bus
631 2123 747 2174 qua:
768 2116 888 2161 acta
909 2118 1032 2162 sunt
1056 2124 1076 2162 :
1100 2104 1281 2176 postea
1308 2125 1428 2163 vero
1455 2110 1581 2165 urbe
1599 2121 1758 2182 atque
1786 2113 2087 2182 episcopatu

505 2213 602 2251 suo
630 2198 865 2265 decessit,
898 2198 1235 2253 abominatus
1264 2201 1679 2256 communionem
1716 2220 1834 2257 cum
1885 2204 1971 2269 iis,
1996 2206 2086 2274 qui

506 2289 733 2344 insidias
769 2299 1075 2345 struxerant
1103 2292 1353 2347 adversus
1379 2293 1589 2347 beatum
1624 2293 1901 2361 Joannem,
1929 2306 2087 2367 atque

505 2391 689 2435 contra
730 2381 923 2452 ipsum,
950 2383 1057 2438 into
1080 2396 1261 2441 contra
1290 2404 1389 2441 sua
1429 2389 1606 2457 capita
1631 2390 1918 2444 sententias
1949 2390 2086 2445 tule-

504 2483 651 2539 rant,
703 2472 850 2527 nulla
904 2489 1167 2530 canonum
1219 2475 1401 2531 habita
1448 2479 1670 2532 ratione.
1718 2478 1964 2545 Photius,
1989 2481 2083 2550 qui

506 2563 651 2619 hanc
695 2565 869 2621 sancti
910 2564 1134 2622 Joannis
1161 2567 1449 2639 aGeorgio
1499 2570 1855 2640 compositam
1906 2570 2085 2626 Vitam

504 2654 653 2727 legit,
675 2664 731 2711 et
759 2671 823 2712 ex
856 2672 919 2713 ea
949 2659 1193 2728 quasdam
1222 2659 1277 2714 in
1306 2674 1405 2715 sua
1442 2658 1768 2716 Bibliotheca
1808 2662 1968 2717 nobis
1999 2678 2083 2718 re-

503 2745 684 2816 liquit,
709 2746 826 2804 luec
854 2748 1042 2804 Grteee
1065 2749 1230 2805 habet
1260 2767 1275 2805 :
1303 2749 1482 2821 Refert
1522 2751 1767 2822 qua-dam
1802 2769 1865 2806 ex
1892 2750 2082 2807 Palla-

503 2836 626 2891 dio:
652 2837 928 2893 Palladius
964 2839 1050 2894 ille
1100 2841 1370 2910 cpiscopus
1420 2841 1539 2913 fuit,
1588 2853 1635 2895 et
1678 2843 1876 2913 dialogi
1912 2845 2083 2914 forma

503 2928 720 2996 pulchre
740 2939 789 2983 et
814 2930 1045 2985 studiose
1072 2948 1153 2986 res
1174 2932 1528 3002 Chrysostomi
1551 2934 1879 3005 conscripsit.
1900 2933 2084 2990 Then-

503 3019 692 3086 dorus,
734 3020 1121 3078 Trimithuutis
1148 3023 1202 3078 in
1227 3022 1406 3095 Cypro
1438 3022 1614 3079 insula
1643 3025 1953 3096 cpiscopus,
1991 3027 2083 3096 qui

502 3108 691 3166 Grtcce
718 3112 933 3183 scripsit
960 3114 1232 3170 homiliam
1259 3114 1333 3170 De
1350 3116 1458 3171 vita
1483 3126 1530 3171 et
1557 3117 1760 3183 exsilio,
1796 3135 1998 3173 necnon
2018 3118 2083 3172 de

503 3202 930 3259 tribulationibus
956 3206 1248 3262 beatissimi
1274 3207 1497 3264 Joannis
1525 3206 1880 3280 Chrysostomi
1904 3213 2083 3266 archi-

502 3293 730 3363 episcopi
750 3294 1339 3367 Cmtstantinopolitani,
1366 3302 1434 3356 dc
1452 3303 1621 3357 nostri
1644 3313 1866 3359 auctore
1882 3303 2081 3374 dialogi

500 3383 619 3439 haec
638 3384 802 3441 habet
824 3403 838 3439 :
858 3386 1075 3441 Disscrit
1105 3390 1168 3443 de
1186 3389 1391 3445 Joanne
1418 3402 1467 3446 et
1485 3393 1550 3447 de
1571 3394 1811 3450 omnibus
1833 3412 1949 3465 qua:
1979 3396 2082 3467 ipsi

500 3471 830 3538 acciderunt,
846 3490 966 3528 cum
982 3474 1474 3549 Theodoropnagnte
1491 3481 1631 3535 urbis
1646 3482 1825 3539 Roma:
1837 3487 2078 3554 diacono,

501 3563 581 3616 uir
595 3563 811 3634 quidam
825 3568 1165 3632 uenerandus,
1192 3567 1467 3624 Palladius
1483 3574 1712 3628 nomine.
1734 3576 1833 3630 Ille
1849 3579 2078 3643 primunt

499 3653 694 3707 multos
718 3669 884 3709 annos
906 3672 1136 3711 eremum
1153 3658 1392 3726 incoluit,
1410 3662 1598 3716 deinde
1630 3667 1701 3718 ad
1717 3668 2081 3738 episcopatum

497 3745 557 3797 in
590 3743 837 3817 Bithynia
868 3760 1137 3816 promotus
1176 3753 1296 3823 fuit,
1330 3763 1379 3807 et
1403 3755 1613 3824 scripsit
1642 3757 1859 3813 virtutes
1894 3760 2083 3815 multo-

497 3850 619 3889 rum
649 3835 892 3892 Patrum.
917 3838 1065 3895 Idem
1099 3841 1210 3911 ipse
1254 3847 1659 3900 communicavit
1698 3863 1815 3903 cum
1850 3849 2074 3919 Joanne,

500 3935 552 3978 et
598 3928 654 3980 in
707 3929 927 3985 obscura
990 3934 1310 3990 domuncula
1355 3938 1598 3992 undecim
1653 3956 1853 3996 menses
1895 3942 2074 3997 latuit.

496 4014 579 4072 Ex
631 4018 716 4075 his
761 4021 1011 4095 colligere
1061 4025 1186 4081 licet
1214 4027 1550 4099 episcopum,
1585 4041 1864 4089 auctorem
1915 4034 2077 4104 hujus

497 4109 731 4182 dialogi,
783 4115 1120 4171 nominatum
1198 4117 1369 4175 fuisse
1428 4120 1721 4177 Palladium
1779 4140 1810 4179 a
1844 4123 2078 4198 Georgio

495 4200 863 4261 Alexandrino
891 4217 1056 4279 atque
1085 4224 1115 4263 a
1144 4208 1359 4266 Photio.
1386 4210 1547 4267 Addit
1583 4213 1923 4281 Theodorus,
1950 4217 2076 4271 Tri-

495 4293 787 4352 mithuntis
814 4298 1123 4369 episcopus,
1152 4316 1277 4358 cum
1309 4303 1362 4358 in
1385 4303 1632 4375 Bithynia
1652 4307 1912 4363 donatum
1954 4308 2076 4379 epi-

496 4394 746 4453 scopatu.
775 4384 934 4445 Solus
959 4391 1149 4445 titulus
1198 4392 1406 4447 codicis
1438 4392 1608 4449 Graeci
1661 4396 1877 4468 dialogi,
1908 4408 1963 4453 et
1999 4398 2077 4452 in-

497 4468 710 4527 diculns
731 4473 822 4543 qui
856 4486 1037 4532 exstat
1073 4479 1213 4548 apud
1254 4479 1538 4546 Savilium,
1578 4485 1727 4539 hunc
1758 4487 2073 4558 episcopum

498 4560 669 4618 fuisse
720 4563 1228 4636 llelenopolitanum
1271 4577 1560 4626 testantur.

569 4720 687 4777 Hoc
702 4737 867 4794 porro
887 4725 1424 4785 animadvertendum
1443 4740 1546 4797 est,
1572 4732 1626 4788 in
1644 4733 1831 4791 codice
1847 4736 2043 4793 Floren
2054 4770 2073 4780 -

497 4810 734 4884 tinotest
763 4823 946 4870 autem
962 4826 1343 4874 sescentorum
1365 4821 1654 4892 annorum)
1684 4822 1870 4881 Graece
1901 4828 2073 4881 ascri-

495 4910 653 4972 ptum
681 4903 871 4960 haberi
894 4905 949 4961 in
965 4908 1227 4979 margine,
1242 4910 1299 4964 in
1311 4910 1432 4967 aliis
1449 4913 1715 4981 scribitur,
1731 4915 2017 4984 Asponum,
2041 4933 2072 4975 c

493 4998 718 5066 regione
746 4997 894 5053 vocis
912 4997 1314 5069 Helenopoleos:
1343 5018 1464 5073 qua:
1484 5005 1691 5061 notatio
1708 5006 1912 5062 indicat
1927 5008 2074 5065 hunc

495 5085 674 5156 ipsum
696 5087 1118 5162 Palladium,qui
1137 5093 1335 5149 dicitur
1366 5095 1871 5167 Helenopolitanus,
1905 5101 2071 5157 etiam

492 5177 701 5234 dictum
747 5177 918 5237 fuisse
954 5183 1025 5239 ab
1056 5184 1177 5239 aliis
1202 5185 1516 5258 episcopum
1547 5188 1945 5260 Asponensem.
1973 5192 2072 5249 His

493 5269 781 5342 astipulari
815 5272 1032 5330 videtur
1066 5275 1335 5346 Socrates,
1366 5281 1457 5351 qui
1498 5282 1637 5339 libro
1665 5287 1916 5357 septimo,
1946 5303 2066 5358 cap.

428 5350 429 5353 “
491 5359 565 5413 26
593 5364 845 5421 Historia:
870 5367 1260 5436 ecclesiasticae,
1297 5370 1352 5425 in
1387 5374 1632 5446 catalogo
1666 5350 2065 5450 episcoporum,

408 5440 417 5459 "
492 5448 673 5541 quiab
687 5468 796 5510 uno
817 5457 1134 5530 episcopatu
1147 5462 1215 5517 ad
1240 5463 1404 5541 alium
1434 5440 1678 5522 translati
1699 5440 1943 5538 luerunt,
1960 5440 2064 5527 ait;

493 5536 775 5597 Palladius
798 5549 865 5601 ab
891 5548 1198 5621 Helenopoli
1219 5536 1486 5624 Asponam
1508 5556 1796 5611 translatus
1831 5536 1938 5615 est}
1957 5562 2072 5617 Ale-

710 5633 776 5686 ab
788 5634 1088 5706 Helenopoli
1104 5645 1267 5698 Adria
1275 5660 1365 5699 nos
1382 5648 1609 5700 transiit.
1631 5647 1975 5720 Helenopolis
1987 5664 2067 5709 est

496 5716 556 5770 in
586 5716 851 5792 Bithynia,
882 5724 1115 5796 Asponia
1146 5748 1278 5791 vero
1304 5735 1358 5789 in
1381 5734 1583 5792 Galatia
1614 5738 1810 5810 prima,
1830 5716 1931 5798 sub
1949 5742 2066 5798 An-

1364 343 1481 400 EM.
1522 341 1775 401 BlGOTll
1812 335 2185 397 PREFATIO
2224 339 2299 395 ΙΝ
2338 340 2751 403 PALLADIUM.
3218 374 3283 395 τι

3656 373 3783 416 Μῖνι

2191 472 2316 528 cyra
2346 460 2654 530 metropoli.
2690 461 2820 515 Mihi
2860 469 3040 517 autem
3064 461 3356 521 admodum
3394 470 3674 539 probabile
3695 476 3785 528 vi-

2191 547 2370 614 detur,
2395 559 2672 604 auctorem
2716 551 2879 622 hujus
2916 551 3111 627 dialogi
3142 574 3344 614 nomen
3391 576 3552 617 suum
3594 565 3784 623 dedita

2193 648 2357 703 opera
2385 637 2667 693 reticuisse
2686 679 2699 702 ,
2728 655 2905 710 neque
2934 644 3252 715 ascripsisse
3278 648 3441 706 fronti
3469 654 3785 723 operis,aut

2194 727 2519 783 narrationis
2535 732 2748 800 corpori
2771 732 3105 791 inseruisse:
3134 738 3239 794 hoc
3266 741 3441 797 solum
3470 744 3539 799 de
3564 762 3624 801 se
3646 748 3780 803 sciri

2195 818 2385 883 voluit,
2400 821 2545 889 quod
2561 822 2848 892 episcopus
2869 824 3033 880 fuerit
3052 843 3260 899 magna:
3288 832 3538 900 civitatis,
3552 847 3608 891 et
3631 839 3780 907 quod

2192 908 2338 963 lauta
2362 919 2525 980 atque
2544 912 2764 982 opipara
2789 916 3037 972 convivia
3052 919 3341 989 aliquando
3363 924 3702 995 instruxerit,
3717 939 3777 985 ut

2193 1000 2310 1069 ipse
2341 1001 2542 1057 fatetur
2564 1003 2618 1057 in
2650 1002 2929 1077 Apologia,
2956 1025 3118 1078 quam
3149 1014 3385 1083 scripsit,
3409 1033 3509 1071 cur
3534 1018 3780 1077 Joannes

2191 1100 2378 1148 noster
2407 1094 2556 1149 solus
2585 1098 2915 1154 comederet.
2940 1100 3252 1158 'Diaconum
3287 1116 3474 1162 contra
3516 1110 3600 1165 bis
3625 1119 3780 1168 terve

2193 1184 2373 1255 ipsum
2390 1185 2739 1242 Theodorum
2756 1190 3011 1246 vocitavit
3029 1210 3043 1259 ;
3066 1193 3287 1250 Palladii
3313 1213 3514 1253 nomen
3530 1201 3775 1257 additum

2192 1276 2389 1332 deinde
2420 1277 2516 1332 fuit
2542 1296 2556 1344 ;
2577 1294 2641 1334 ac
2672 1280 2892 1336 tandem
2902 1282 3171 1339 Palladius
3187 1287 3255 1341 ab
3276 1287 3547 1358 aliquibus
3567 1292 3774 1361 episeo-

2191 1381 2295 1436 pus
2326 1365 2829 1438 Helenopolitanus,
2865 1372 2933 1426 ab
2963 1373 3082 1428 aliis
3111 1376 3398 1446 episcopus
3433 1380 3774 1449 Asponensis

2192 1458 2528 1524 nominatur,
2561 1461 2630 1516 ab
2663 1462 2784 1516 aliis
2813 1473 2996 1518 autem
3030 1467 3269 1522 creditus
3296 1478 3380 1523 est
3405 1473 3695 1543 episcopus
3718 1474 3774 1529 in

2192 1545 2442 1620 Bithynia
2457 1589 2470 1613 ,
2498 1560 2555 1604 et
2582 1551 2726 1605 idem
2747 1562 2936 1607 auctor
2952 1554 3199 1611 Historite
3228 1562 3508 1615 eremitica:
3531 1565 3603 1617 ad
3624 1563 3774 1619 Lau-

2190 1656 2327 1703 sum,
2365 1656 2485 1710 quze
2514 1643 2672 1715 vulgo
2703 1644 2967 1700 Lausiaca
2995 1649 3215 1702 dicitur.
3249 1648 3365 1715 Qua
3410 1652 3465 1705 in
3499 1656 3774 1711 sententia

2190 1729 2358 1786 fuisse
2371 1731 2737 1800 Theodorum,
2759 1735 3242 1794 Trimithuntinum
3261 1742 3597 1814 episcopum,
3620 1759 3774 1805 certo

2190 1822 2476 1880 allirmabit
2503 1827 2594 1897 qui
2630 1828 2996 1886 observaverit
3022 1834 3211 1887 eadem
3238 1835 3306 1891 de
3349 1847 3571 1893 auctore
3609 1840 3775 1912 hujus

2190 1917 2383 1987 dialogi
2418 1918 2682 1983 scribere,
2713 1937 2834 1991 quae
2880 1922 2948 1977 de
2991 1939 3049 1979 se
3095 1926 3283 1981 scribit
3313 1937 3502 1984 auctor
3529 1931 3776 1989 Historitz

2192 2006 2466 2062 Lausiaca:
2484 2026 2502 2063 :
2525 2009 2725 2065 Relicta
2755 2012 3067 2081 Palazstina,
3099 2019 3283 2086 repetii
3309 2018 3616 2091 Bithyniam
3643 2035 3693 2078 et
3720 2027 3775 2080 in

2192 2115 2275 2163 ea,
2298 2116 2401 2154 non
2428 2118 2635 2170 possum
2653 2105 2823 2159 dicere
2852 2109 3108 2177 quomodo
3136 2110 3191 2163 id
3220 2112 3419 2182 factum
3438 2115 3524 2181 sit,
3545 2117 3653 2171 sive
3675 2119 3775 2173 ho-

2192 2188 2394 2242 minum
2427 2191 2633 2256 studiis,
2655 2193 2760 2246 sive
2788 2192 2882 2247 Dei
2905 2195 3167 2264 beneﬁcio,
3185 2198 3325 2252 solus
3354 2200 3408 2253 id
3440 2202 3580 2255 novit
3608 2202 3771 2267 Deus,

2189 2280 2377 2351 dignus
2408 2283 2617 2337 habitus
2639 2301 2756 2338 sum
2782 2287 3111 2342 ordinatione
3133 2306 3249 2360 qua:
3281 2293 3412 2346 uires
3445 2311 3589 2348 meas
3613 2312 3770 2365 supe-

2190 2382 2295 2435 rat,
2314 2382 2363 2426 et
2392 2376 2653 2445 particeps
2681 2378 2761 2447 fui
2785 2381 3156 2447 persecutionis
3185 2382 3323 2436 beati
3348 2382 3589 2449 Joannis,
3613 2398 3770 2459 atque

2191 2464 2427 2519 undecim
2450 2483 2648 2521 menses
2674 2469 2729 2521 in
2748 2468 2966 2523 obscura
2988 2470 3118 2524 cella
3140 2471 3291 2527 latui.
3305 2471 3568 2545 Agnoscis
3596 2477 3769 2532 Palla-

2188 2553 2358 2621 dium,
2398 2555 2908 2631 llelenopolitanum
2934 2564 3272 2635 episcopum,
3298 2569 3389 2637 qui
3441 2580 3567 2640 post
3609 2572 3769 2643 Euly-

2189 2645 2333 2702 sium
2357 2658 2413 2704 et
2438 2651 2771 2708 Demetrium
2795 2655 3103 2726 episcopos,
3122 2656 3347 2712 Romam
3361 2661 3565 2716 missus
3587 2661 3691 2717 fuit
3702 2663 3769 2719 ad

2188 2735 2566 2794 Innocentium
2619 2757 2847 2813 papam;
2874 2746 3075 2816 quique
3108 2756 3295 2816 postea
3349 2750 3612 2807 remissus
3644 2768 3772 2808 cum

2188 2828 2399 2885 Latinis
2427 2832 2701 2903 episcopis
2728 2834 2937 2891 litteras
2948 2836 3174 2893 Honorii
3203 2839 3549 2910 imperatoris
3574 2846 3643 2899 ad
3662 2846 3770 2899 Ar-

2186 2920 2402 2976 cadium
2445 2922 2816 2982 deferentibus
2834 2968 2848 2993 ,
2878 2928 2936 2982 in
2965 2944 3237 2985 carcerem
3268 2935 3550 3005 conjectus
3573 2946 3678 3004 est,
3711 2952 3770 2997 ut

2186 3011 2505 3080 perhibetur
2543 3015 2599 3068 in
2628 3016 2860 3089 dialogo.
2894 3018 2951 3075 Si
2994 3021 3067 3076 ita
3098 3038 3156 3078 se
3186 3041 3272 3082 res
3302 3027 3545 3097 haberet,
3575 3033 3770 3089 dicen-

2185 3099 2314 3154 dum
2337 3110 2503 3168 esset,
2532 3105 2784 3161 eumdem
2811 3122 2932 3164 esse
2961 3111 3572 3182 Palladium,auctorem
3605 3122 3772 3194 hujus

2185 3189 2402 3263 dialogi,
2416 3206 2481 3248 ac
2497 3192 2797 3251 Palladium
2813 3200 2903 3269 qui
2922 3200 3147 3258 Romam
3173 3221 3203 3260 a
3222 3207 3432 3264 Joanne
3450 3189 3770 3269 Constanti-

2186 3283 2503 3353 nopolitano
2540 3287 2740 3343 missus
2766 3289 2887 3356 fuit,
2919 3302 2975 3348 et
2997 3297 3091 3365 qui
3120 3298 3415 3355 Historiam
3440 3306 3768 3359 eremiticam

2185 3373 2257 3426 ad
2285 3372 2518 3430 Lausum
2549 3378 2801 3448 scripsit:
2834 3384 2978 3451 quod
3020 3385 3183 3441 simul
3217 3397 3361 3445 stare
3402 3392 3628 3449 omnino
3656 3411 3769 3451 non

2184 3471 2380 3534 potest.
2397 3466 2530 3522 Nam
2547 3480 2739 3527 auctor
2753 3473 2915 3544 hujus
2930 3476 3144 3550 dialogi,
3160 3482 3531 3553 cujuscunque
3546 3487 3768 3543 tandem

2183 3554 2418 3611 civitatis
2448 3560 2740 3632 episcopus
2769 3563 2953 3632 fuerit,
2968 3569 3244 3640 aliquanto
3271 3581 3396 3643 post
3434 3585 3683 3648 tempore
3707 3595 3767 3634 se

2183 3646 2423 3715 primum
2442 3649 2671 3706 Romam
2702 3656 2918 3712 venisse
2937 3660 3034 3724 ait,
3052 3677 3215 3731 quam
3233 3646 3760 3736 veneratPalladius,

2183 3736 2471 3808 episcopus
2488 3740 2997 3815 Helenopolitanus;
3014 3768 3175 3821 quem
3194 3762 3439 3826 tempore
3462 3759 3765 3817 lnnocentii

2181 3825 2408 3883 Romam
2428 3832 2663 3899 venisse,
2680 3834 2794 3905 ipse
2819 3839 3025 3907 scribit,
3051 3825 3340 3913 antequam
3355 3848 3651 3905 haberetur
3674 3852 3765 3908 hic

2181 3917 2441 3991 dialogus.
2460 3921 2730 3981 Praeterea
2759 3943 2884 3983 eum
2909 3932 3090 3990 adhuc
3116 3938 3259 4006 apud
3284 3938 3588 4014 Blemmyas
3618 3943 3762 4000 deti-

2179 4012 2297 4066 neri
2319 4013 2509 4069 scribit
2537 4032 2603 4071 eo
2625 4016 2741 4089 ipso
2765 4030 3028 4093 tempore,
3058 4043 3167 4096 quo
3195 4030 3339 4087 hanc
3353 4012 3585 4102 διάλεξιν
3611 4035 3762 4091 insti-

2183 4099 2370 4155 tuebat
2396 4116 2519 4157 cum
2548 4103 2836 4164 Theodoro
2872 4129 2884 4166 :
2915 4115 3202 4182 quaeinter
3224 4134 3283 4175 se
3312 4099 3586 4178 conciliari
3608 4127 3759 4181 nullo

2179 4192 2342 4248 modo
2380 4205 2630 4266 possunt.
2669 4197 2896 4257 Demum
2929 4204 3164 4262 Historia
3196 4208 3461 4267 Lausiaca
3508 4216 3641 4271 mihi
3674 4218 3761 4271 vi—

2180 4281 2339 4339 detur
2362 4286 2563 4357 scripta
2592 4288 2736 4346 circa
2760 4306 2965 4348 annum
2980 4297 3077 4351 421
3104 4313 3243 4369 :quo
3266 4315 3413 4359 anno
3439 4312 3630 4362 auctor
3650 4307 3760 4362 bu-

2174 4373 2264 4444 jus
2283 4376 2522 4434 historiae
2550 4390 2738 4436 natum
2765 4399 2824 4437 se
2852 4400 2974 4441 esse
3004 4403 3176 4446 annos
3203 4394 3591 4469 quinquaginta
3623 4408 3754 4464 tres.

2178 4474 2272 4520 eta
2287 4466 2471 4539 viginti
2489 4471 2649 4526 annis
2665 4472 2717 4527 in
2748 4474 2996 4548 Bithynia
3021 4482 3336 4552 episcopum
3362 4466 3482 4542 esse
3504 4497 3754 4545 testatur.

2175 4557 2294 4615 Jam
2330 4560 2375 4615 si
2408 4562 2664 4620 detrahas
2700 4581 2765 4621 ex
2811 4571 2968 4626 annis
2996 4572 3093 4628 421
3128 4589 3301 4632 annos
3325 4583 3751 4648 quatuordecim,

2177 4663 2321 4704 anno
2366 4652 2490 4719 407,
2524 4669 2634 4724 quo
2661 4667 2910 4715 mortuus
2956 4671 3040 4718 est
3067 4663 3508 4736 Chrysostomus,
3549 4688 3754 4729 annum

2177 4747 2308 4795 tunc
2334 4743 2525 4814 agebat
2553 4745 2822 4805 Palladius
2852 4751 3188 4824 trigesimum
3219 4773 3444 4815 nonum.
3463 4761 3630 4834 igitur
3654 4781 3751 4818 ve-

2174 4830 2398 4888 risimile
2432 4844 2517 4890 est
2557 4851 2624 4891 ex
2674 4843 2925 4911 superius
2965 4844 3168 4912 allatis,
3205 4849 3476 4923 dialogum
3492 4830 3750 4911 habitum

2174 4918 2342 4977 fuisse
2362 4925 2523 4992 paulo
2546 4938 2671 4996 post
2694 4940 2923 4986 mortem
2941 4933 3165 4991 Joannis
3189 4918 3575 5012 Chrysostomi,
3606 4948 3748 5003 circa

2173 5026 2376 5069 annum
2422 5017 2547 5082 408,
2593 5035 2702 5089 quo
2747 5038 2893 5078 anno
2940 5025 3228 5094 Palladius,
3265 5041 3455 5090 auctor
3502 5036 3749 5097 Historia:

2175 5105 2468 5175 Lausiacaa,
2484 5119 2645 5166 natus
2676 5124 2790 5169 erat
2820 5130 2993 5173 annos
3021 5121 3557 5196 quadraginta:quod
3581 5132 3750 5186 omni-

2171 5209 2246 5250 no
2289 5197 2754 5261 aniihadversione
2805 5205 3028 5277 dignum
3076 5219 3227 5279 puto,
3258 5211 3385 5282 quia
3433 5213 3752 5276 Theodorus

2172 5301 2315 5357 saepe
2343 5291 2632 5360 compellat
2660 5295 2956 5364 episcopum
2998 5309 3275 5357 auctorem
3306 5304 3502 5378 dialogi
3528 5348 3543 5373 ,
3580 5310 3749 5373 veluti

2172 5395 2380 5449 senem,
2400 5396 2633 5456 eumque
2656 5401 2754 5457 per
2768 5402 2934 5444 canos
2950 5390 3072 5460 ejus
3093 5393 3324 5463 adjurat,
3343 5405 3404 5451 ut
3429 5414 3618 5455 verum
3646 5400 3748 5473 ipsi

2171 5482 2354 5529 narret
2384 5492 2396 5527 :
2426 5491 2546 5546 quae
2576 5479 2919 5549 compellatio
2952 5483 3147 5538 cadere
3174 5484 3262 5539 vix
3288 5496 3468 5557 potest
3493 5490 3550 5544 in
3568 5491 3747 5546 virum

2169 5579 2436 5621 annorum
2469 5569 2841 5640 quadraginta.

2239 5654 2295 5709 Si
2359 5660 2685 5714 sententiam
2748 5662 2850 5716 hac
2911 5666 2981 5718 de
3036 5682 3096 5721 re
3162 5682 3337 5724 meam
3399 5668 3748 5740 interponere

2169 5746 2259 5803 hic
2293 5750 2497 5820 liceret,
2536 5751 2669 5809 illud
2718 5763 2929 5811 tantum
2967 5756 3035 5814 de
3060 5770 3282 5816 auctore
3322 5761 3484 5833 hujus
3528 5761 3744 5836 dialogi,
