4018 6400
282 325 414 365 ((21Ἷί

291 438 417 511 ιιιοὰ
474 436 594 505 ipse
665 434 731 491 de
794 448 856 489 se
909 435 1075 496 dixit.
1132 436 1591 504 pronuntiandum
1652 453 1856 494 cense-

285 547 387 587 rem
407 547 422 583 :
438 530 622 598 ipsum
639 526 842 583 scilicet
861 542 1072 598 magnae
1087 527 1318 582 civitatis
1336 528 1652 598 episcopum
1668 529 1853 598 fuisse,

281 623 430 681 sicuti
472 619 738 693 Georgius
764 620 1161 677 Alexandrinus
1177 626 1232 676 et
1248 619 1475 676 Photius
1499 623 1853 693 scripserunt.

278 716 329 774 Si
349 732 478 771 vero
506 713 778 768 Palladius
798 712 1060 768 dicendus
1084 721 1169 767 est
1196 714 1485 784 episeOpus
1505 714 1856 786 Helenopoli-

281 818 449 869 mnus.
477 805 771 860 dicendum
801 819 1015 874 quoque
1046 804 1180 859 mihi
1212 806 1510 873 videretur,
1526 822 1595 862 ex
1619 807 1859 864 Heleno-

282 895 378 964 poli
408 895 729 949 translatum
754 893 923 949 fuisse
949 894 1242 965 Asponam,
1262 905 1424 966 atque
1455 898 1508 952 in
1538 899 1657 967 ejus
1675 900 1854 954 locum

279 984 556 1041 suﬁ'ectum
584 1000 707 1039 esse
722 985 1017 1040 Palladium
1036 987 1286 1045 alterum.
1301 988 1394 1058 qui
1413 989 1642 1044 Romam
1658 991 1855 1045 missus

278 1076 429 1130 fuerit
452 1092 481 1128 a
503 1075 718 1132 Joanne
736 1078 805 1132 ad
836 1094 1026 1148 papam
1056 1079 1430 1135 Innocentium
1454 1081 1635 1149 :isque
1663 1091 1854 1136 auctor

279 1168 374 1223 erit
406 1167 660 1223 Historia:
696 1168 992 1234 Lausiacw,
1026 1179 1081 1225 et
1106 1170 1402 1240 discipulus
1434 1171 1664 1242 Evagrii.
1689 1170 1853 1225 Porro

278 1260 559 1314 Palladium
578 1275 651 1313 ex
672 1258 992 1330 Helenopoli
1021 1261 1342 1317 translatum
1372 1262 1669 1332 Asponam,
1690 1264 1855 1318 tradit

276 1346 542 1416 Socrates;
574 1358 861 1406 auctorem
887 1368 1018 1407 vero
1041 1352 1235 1423 dialogi
1261 1353 1576 1423 episcopatu
1596 1354 1846 1419 cessisse,

276 1456 333 1495 ex
359 1441 569 1515 Georgii
599 1443 787 1499 verbis
806 1444 1057 1514 superius
1085 1445 1269 1500 relatis
1294 1445 1598 1501 conﬁcitur.
1619 1447 1732 1503 llac
1762 1463 1849 1501 ra-

276 1533 411 1589 tione
437 1535 525 1590 via
554 1536 911 1606 praecluditur
937 1538 1124 1594 multis
1153 1537 1488 1609 ambagibus,
1521 1554 1656 1608 quas
1693 1536 1851 1593 aliter

274 1626 489 1681 evadere
517 1627 711 1684 nullus
756 1629 949 1700 possit.
984 1629 1040 1684 Si
1081 1630 1212 1700 quid
1240 1638 1422 1685 tamen
1452 1629 1647 1685 rationi
1685 1639 1848 1699 atque

275 1717 531 1773 historica:
557 1718 780 1774 veritati
804 1720 973 1792 magis
1000 1728 1432 1777 consentaneum
1463 1723 1586 1792 quis
1604 1723 1851 1779 attulerit

276 1807 325 1862 in
354 1808 608 1872 medium,
628 1809 943 1866 nullatenus
969 1812 1280 1883 repugnabo
1295 1829 1307 1865 :
1322 1811 1568 1881 quinimo
1586 1811 1853 1882 quidquid

276 1898 392 1954 illud
408 1899 527 1963 erit,
548 1900 824 1956 ambabus
850 1901 994 1958 ulnis
1014 1902 1157 1959 ultro
1179 1903 1463 1973 excipiam.
1498 1902 1605 1959 Sed
1627 1903 1756 1958 dum
1780 1903 1852 1959 de

276 1990 521 2061 scriptore
551 1992 725 2063 hujus
764 1993 958 2050 dialooi
1012 1996 1187 2053 fusius
1232 1996 1475 2052 edissere
1497 2037 1513 2061 ,
1542 2012 1687 2066 pene
1714 1996 1850 2051 mihi

559 5806 845 5866 ΡΑτιιοι..
888 5804 1005 5865 Gn.
1052 5805 1308 5867 XLVII.

1277 306 1385 359 ΕΜ.
1430 303 1679 359 1116οΤ11
1718 304 2090 363 PRKEFATIO
2109 305 2176 360 IN
2197 300 2617 366 PALLADIUM.

3375 339 3541 382 XCV”!

1960 427 2231 485 exciderat
2265 430 2408 500 loqui
2436 433 2503 487 de
2528 426 2845 501 Theodoro;
2877 451 3036 506 quem
3067 437 3231 509 aliqui
3260 422 3540 497 auctorem

1961 518 2255 589 perhibent
2282 520 2447 589 hujus
2468 521 2684 597 diaIOgi,
2706 525 2801 580 sed
2828 525 2929 580 levi
2958 541 3182 597 prorsus
3202 541 3544 601 argumento.

1961 607 2301 671 Theodorus.
2328 611 2603 685 inquiunt,
2627 616 2958 688 compellans
2987 619 3328 692 episcopum,
3357 639 3418 679 se
3439 624 3543 680 ali-

1958 701 2176 770 quando
2196 702 2332 759 l‘orte
2351 704 2419 759 de
2435 706 2600 761 rebus
2616 709 2789 763 sancti
2814 706 3184 781 Chrysostomi
3215 716 3546 786 scripturum

1954 794 2053 848 ait.
2068 793 2201 861 Quis
2215 794 2622 867 dialogistarum
2649 815 2856 855 morem
2879 817 2989 857 non
3008 806 3408 873 animadvertit,
3428 807 3542 878 qui,

1959 894 2019 941 ut
2045 888 2132 941 vel
2184 888 2410 944 minima
2438 907 2665 961 quasque
2705 894 2775 947 ab
2828 893 3215 952 interlocutore
3272 899 3544 970 expiscari

1955 980 2193 1049 possint,
2221 982 2399 1037 varias
2427 982 2739 1040 sciscitandi
2768 985 3009 1042 rationes
3031 989 3541 1057 comminiscuntur,

1956 1080 2118 1141 atque
2146 1073 2286 1129 hanc
2314 1073 2370 1128 in
2397 1076 2717 1145 primis,aut
2747 1078 2879 1134 alias
2900 1078 3248 1147 similes?Qui
3280 1082 3420 1138 hanc
3446 1098 3545 1138 su-

1959 1163 2260 1232 spicionem
2312 1165 2473 1235 primi
2510 1168 2878 1237 protulerunt,
2905 1184 3249 1241 nequaquam
3291 1175 3543 1230 attende-

1956 1267 2103 1322 runt,
2119 1257 2333 1328 opinor,
2354 1260 2535 1314 omnia
2570 1261 2978 1326 incohmrentia,
2998 1279 3119 1332 quae
3148 1265 3311 1321 modo
3334 1267 3540 1332 notavi,

1955 1366 1983 1404 a
2002 1350 2242 1408 Palladio
2271 1367 2381 1407 non
2413 1353 2704 1424 depellere,
2725 1355 2811 1410 cui
2841 1363 3019 1411 tamen
3049 1357 3128 1411 rei
3149 1359 3419 1429 praecipue
3448 1375 3542 1415 ca-

1954 1443 2190 1497 vendum
2221 1442 2342 1499 fuit.
2365 1444 2574 1499 Deinde
2603 1444 2805 1500 faciant
2824 1446 2958 1500 mihi
2989 1447 3138 1512 satis,
3162 1447 3206 1501 si
3235 1448 3462 1517 possint,
3489 1460 3543 1504 et

1951 1533 2220 1602 quaerenti
2278 1535 2673 1605 respondeant,
2705 1552 2875 1607 quare
2903 1536 3243 1605 Theodorus,
3280 1540 3544 1597 Romana:

1952 1619 2209 1681 Ecclesia:
2238 1624 2520 1692 diaconus,
2552 1625 2744 1681 Latine
2767 1643 2880 1682 non
2900 1628 3215 1698 scripserit:
3243 1637 3338 1684 aut
3360 1630 3405 1686 si
3435 1631 3545 1685 La-

1950 1716 2066 1771 tine
2103 1716 2340 1788 scripsit,
2375 1727 2436 1773 ut
2480 1734 2593 1774 non
2630 1720 2839 1774 nemini
2874 1721 3055 1776 visum
3085 1731 3190 1788 est,
3225 1739 3396 1793 quare
3437 1725 3544 1781 hoc

1949 1820 2087 1873 Opus
2108 1807 2392 1878 hucusque
2412 1807 2621 1864 Latinis
2643 1809 2868 1865 auribus
2898 1809 3202 1867 inauditum
3228 1812 3416 1868 fuerit.
3432 1812 3541 1869 Sed

1947 1898 2112 1954 missa
2141 1899 2245 1954 ista
2268 1899 2554 1966 faciamus,
2587 1916 2711 1971 qua:
2737 1901 2887 1957 omni
2914 1903 3125 1959 ratione
3150 1913 3313 1974 atque
3335 1904 3540 1975 proba-

1948 1988 2044 2045 bili
2079 1990 2396 2060 conjectura
2425 2001 2631 2047 carent.
2669 2011 2691 2045 ι
