4018 6426
475 406 495 414 ⁶
735 396 740 400 .
1685 389 1828 404 -.ι-ρ
1862 394 2221 406 W
2519 389 2530 395 “
2594 394 2789 403 -.ρ-...ι-
2807 394 3003 403 ’.η-κς.-
3030 394 3111 403 M'
3180 395 3301 405 ~—.-~—
3340 398 3422 406 *g
3516 402 3585 409 μή,
3642 408 3645 409 ν

432 412 445 419 “
496 432 501 435 Δ
637 412 670 418 —
839 412 863 416 ’-
888 412 901 417 ’
990 411 1043 417 m
1198 438 1201 439 ν
1236 434 1357 439 ῨῚὟᾼ-μ-
1376 434 1389 437 _
1414 432 1463 436 ,_,
1616 428 1681 434 _.__.
1856 424 1926 432 ..μ-
2004 425 2117 431 ﬂ.—
2148 424 2301 430 γν-ν--νγκκ
2320 424 2337 427 -—
2358 422 2419 429 ..ον
2442 424 2481 428 ν-
2541 427 2578 435 _
2598 422 3095 431 ν--γ--ιοσ-νἸ-ρυυκσνκὴ
3156 423 3313 432 ’κς-...νο-
3425 428 3434 433 .
3454 428 3497 436 η,
3550 430 3575 435 ,,

581 440 659 448 ~r
680 442 689 445 ν
706 440 721 445 -
758 440 825 445 -ο
860 440 867 444 <
916 440 1009 448 θ-νε-
1042 440 1075 444 -ι
1112 440 1115 441 ν
1138 438 1191 442 v'
1214 437 1229 441 -
1697 429 1760 439 ’.⁵³
2513 453 2515 460 ἲ
3577 437 3606 452 ,-

1001 634 1904 753 DIALOGUS
2007 631 3086 748 HISTOBICUS

1440 850 1779 918 PALLADII,
1824 849 2127 907 EPISCOPI
2169 846 2662 911 IIELENOPOLIS,

1077 1013 1241 1076 CUM
1284 1010 1740 1084 THEODORO,
1785 1009 2195 1072 ECCLESIE
2238 1009 2603 1072 ROMANJE
2647 1005 3044 1080 DIACONO,

535 1177 613 1218 DB
660 1175 808 1217 νιτι
854 1174 933 1216 ΒΤ
974 1171 1490 1215 CONVERBATIONB
1533 1171 1724 1214 ΒΕΔἸῚ
1768 1171 2031 1216 JOANNIS
2068 1170 2530 1227 CHRYSOSTOHI,
2579 1169 2859 1213 EPISCOPI
2903 1168 3544 1215 COXSTANTINOPOLIB-

1818 1372 2237 1421 610810⁸86οβ

473 1553 604 1607 CAP.
636 1569 674 1608 ι.
702 1582 772 1592 —-
796 1551 944 1606 Dona
966 1549 1082 1617 Dei,
1107 1553 1210 1606 alia
1233 1553 1451 1623 quidem
1478 1563 1630 1619 sunt,
1649 1561 1710 1609 ut
1737 1553 1978 1621 videtur,

407 1646 721 1702 communia
735 1652 792 1700 et
811 1644 1071 1710 indivisa,
1099 1645 1304 1715 optime
1321 1645 1494 1701 frater
1512 1645 1842 1703 Theodore:
1873 1648 1979 1702 alia

408 1755 532 1797 vero
565 1739 879 1794 communia
919 1746 976 1794 et
1003 1738 1199 1794 divisa.
1236 1738 1440 1794 Horum
1475 1740 1638 1795 tertia
1669 1749 1828 1802 sunt,
1860 1756 1982 1811 qua:

405 1847 581 1903 neque
601 1832 937 1896 communia,
960 1846 1136 1901 neque
1159 1829 1336 1886 divisa
1354 1846 1448 1886 seu
1469 1831 1722 1896 indivisa,
1741 1833 1835 1888 sed
1855 1848 1982 1902 pro-

405 1927 545 1997 pria,
570 1925 697 1980 data
730 1923 1034 1981 secundum
1061 1923 1387 1992 pracipuam
1423 1925 1657 1992 gratiam
1691 1924 1758 1979 iis
1779 1925 1981 1994 quibus

404 2020 527 2074 data
563 2027 710 2074 sunt.
750 2017 1040 2074 DMCONUS.
1082 2015 1217 2086 Age,
1242 2016 1332 2071 dic
1355 2017 1517 2073 nobis
1543 2017 1979 2088 uniuscujusque

401 2110 617 2183 generis
637 2109 918 2176 ordinem;
939 2109 1300 2179 probabiliter
1322 2110 1470 2165 enim
1493 2109 1756 2180 praefatus
1771 2125 1853 2165 es.
1879 2110 1974 2164 Ep.

405 2202 528 2270 Quae
562 2209 757 2256 natura
785 2201 930 2256 bona
969 2211 1129 2266 sunt,
1160 2202 1283 2256 sine
1308 2201 1515 2272 quibus
1546 2201 1657 2257 vita
1710 2200 1976 2272 (molesta)

404 2293 564 2363 impia
586 2300 692 2358 est,
717 2293 1032 2347 communia
1075 2304 1130 2348 et
1154 2293 1414 2349 indivisa.
1451 2291 1606 2348 Duc.
1657 2292 1970 2359 Quomodo,

405 2382 597 2440 Pater?
619 2384 710 2439 Ep.
736 2384 919 2440 Primo
941 2386 1160 2456 quidem
1195 2383 1336 2441 Deus
1367 2386 1757 2441 universicum
1791 2387 1980 2455 unige—

402 2478 514 2531 nito
531 2476 702 2546 ipsius
726 2475 865 2530 Filio
881 2484 932 2530 et
947 2475 1152 2546 Spiritu
1174 2483 1369 2531 sancto
1390 2476 1702 2531 communis
1720 2483 1876 2531 estet
1897 2476 1980 2529 in-

399 2567 604 2624 divisus
631 2587 644 2621 :
669 2567 966 2638 unicuique
981 2568 1124 2623 enim
1148 2567 1296 2631 licet,
1316 2567 1409 2637 qui
1440 2567 1696 2632 voluerit,
1725 2567 1844 2622 sine
1867 2566 1978 2621 ullo

400 2658 612 2727 negotio
629 2657 810 2727 ipsum
827 2666 998 2712 totum
1012 2658 1476 2728 contemplatione
1489 2657 1801 2728 complecti.
1817 2657 1986 2714 Dein--

401 2746 466 2802 de
495 2757 617 2817 post
649 2748 821 2802 Deum
861 2747 1062 2804 divinae
1095 2748 1413 2820 Scriptura,
1440 2755 1496 2802 et
1522 2747 1981 2818 supermundanae

401 2840 648 2894 virtutes.
677 2839 944 2896 Praeterea
971 2841 1194 2906 celum,
1221 2841 1327 2908 sol,
1355 2841 1484 2896 luna
1513 2849 1569 2896 et
1593 2843 1773 2898 omnis
1800 2851 1980 2898 astro-

400 2947 517 2986 rum
543 2931 767 2995 chorus,
792 2940 847 2988 et
867 2933 986 3003 ipse
1007 2948 1120 2999 aer,
1148 2933 1464 2988 communia
1486 2942 1618 2990 sunt
1641 2942 1696 2988 et
1719 2935 1974 2996 indivisa,

401 3033 585 3096 utpote
601 3027 789 3080 omnia
801 3027 1068 3082 omnium.
1087 3026 1235 3082 Intra
1255 3027 1369 3083 haec
1385 3028 1543 3084 nobis
1555 3029 1823 3085 consistat
1838 3029 1979 3083 indi-

405 3118 642 3174 visorum
656 3134 850 3190 genus.
865 3118 995 3173 Erat
1011 3120 1176 3175 etiam
1189 3121 1482 3191 aliquando
1495 3129 1642 3177 terra
1668 3118 1978 3175 communis

401 3217 451 3265 et
469 3209 698 3264 indivisa
719 3209 883 3264 simul
908 3225 1031 3264 cum
1055 3225 1322 3281 aquarum
1345 3209 1600 3266 ﬂuentis:
1627 3226 1691 3266 ex
1717 3225 1830 3282 quo
1851 3227 1978 3267 vero

401 3297 642 3353 avaritiae
662 3298 829 3354 ardor
844 3299 1274 3369 voluptariorum
1301 3309 1510 3356 mentes
1521 3302 1832 3371 occupavit,
1855 3316 1975 3370 gra-

399 3387 546 3444 viora
564 3397 724 3445 terra:
737 3397 791 3445 et
811 3405 966 3463 aqua:
983 3391 1446 3446 elementadivisa
1471 3401 1620 3448 sunt.
1637 3392 1790 3450 Duc.
1816 3393 1976 3450 Clara

397 3477 683 3536 admodum
710 3489 860 3545 sunt,
883 3495 1004 3551 quae
1018 3480 1233 3536 dixisti:
1256 3481 1522 3536 rationem
1545 3488 1728 3537 autem
1748 3482 1974 3538 secundi

391 3569 596 3640 generis
623 3569 914 3624 divisorum
955 3568 1210 3638 adimple.
1242 3568 1339 3623 Ep.
1369 3564 1602 3623 Necesse
1627 3575 1712 3622 est
1746 3581 1854 3622 non
1881 3580 1971 3622 re-

395 3660 556 3730 linqui
601 3661 971 3731 imperl'ectum
1021 3661 1320 3730 argumenti
1370 3665 1700 3714 contextum.
1768 3660 1970 3714 Aurum

392 3752 544 3822 igitur
565 3761 621 3808 et
638 3764 917 3816 argentum
939 3761 993 3808 et
1007 3752 1182 3806 omnis
1201 3751 1464 3807 metallica
1484 3759 1698 3819 natura,
1714 3759 1968 3819 praeterea

391 3842 602 3912 liguaria
618 3843 892 3906 materies,
915 3851 1048 3910 etut
1077 3858 1186 3898 uno
1211 3843 1376 3899 verbo
1399 3842 1595 3908 dicam,
1618 3857 1970 3914 qumcumque

391 3932 560 3988 media
589 3942 732 3999 sunt,
764 3935 1068 3989 communia
1115 3933 1332 4004 quidem
1355 3944 1500 4000 sunt,
1540 3933 1636 3988 sed
1667 3943 1844 3990 tamen
1889 3933 1970 3989 di-

391 4025 494 4079 visa
523 4042 537 4078 :
566 4040 740 4096 neque
763 4026 905 4080 enim
931 4025 1120 4093 cuivis,
1147 4036 1205 4080 ut
1235 4025 1336 4096 ipsi
1367 4025 1516 4092 libet,
1541 4033 1650 4080 tota
1678 4024 1889 4094 penitus
1915 4025 1967 4080 iu

390 4123 646 4186 potestate
671 4125 816 4171 sunt.
845 4116 997 4172 Duc.
1039 4115 1272 4171 Evidens
1309 4115 1486 4171 adhuc
1530 4124 1587 4171 et
1637 4114 1724 4170 hic
1764 4129 1964 4171 sermo.

387 4203 487 4261 Sed
513 4205 698 4262 dubito
727 4222 794 4262 ne
811 4206 955 4262 circa
982 4208 1122 4263 tertii
1153 4207 1416 4262 donorum
1455 4207 1849 4280 praecipuorum
1875 4224 1967 4280 ge-

385 4298 529 4351 neris
547 4297 1060 4353 demonstrationem
1105 4297 1344 4364 delicias,
1393 4299 1480 4369 qui
1513 4299 1826 4368 promiseris
1881 4313 1968 4352 os-

383 4388 627 4453 tendere,
655 4389 796 4460 quod
822 4390 1001 4460 aliqua
1028 4392 1135 4446 siut
1163 4407 1281 4462 qua:
1311 4406 1482 4461 neque
1514 4393 1818 4446 communia
1842 4402 1966 4446 sunt

380 4495 553 4549 neque
573 4479 762 4546 tll\lS£|,
787 4481 886 4536 sed
920 4483 1130 4552 propria
1155 4483 1448 4538 secundum
1493 4483 1823 4553 privilegium
1873 4499 1966 4537 eo-

379 4586 496 4626 rum
519 4573 606 4642 qui
631 4572 776 4642 digni
795 4572 1072 4630 fueriuteo
1101 4589 1342 4630 munere.
1371 4574 1624 4646 Imposito
1653 4583 1828 4630 autem
1860 4575 1965 4630 line

377 4663 614 4719 sermoni
634 4662 777 4729 huic,
805 4664 1043 4720 edissere
1070 4664 1225 4721 nobis
1253 4665 1397 4722 unde
1421 4665 1632 4733 venisti,
1659 4675 1713 4722 et
1741 4681 1804 4722 ea
1828 4681 1963 4737 quo-

376 4770 493 4809 rum
515 4754 789 4810 veritatem
807 4757 944 4810 scire
965 4755 1350 4812 desideramus.
1377 4756 1472 4812 Ep.
1496 4757 1550 4813 Si
1572 4755 1626 4811 in
1643 4772 1728 4812 me
1748 4757 1962 4828 quidem

377 4845 430 4900 id
453 4846 618 4901 situm
645 4854 746 4914 est,
777 4855 832 4901 et
856 4846 902 4900 si
931 4862 1118 4902 eorum
1166 4863 1286 4919 quae
1335 4849 1474 4904 scire
1517 4863 1665 4916 aves,
1718 4849 1961 4905 notitiam

377 4937 571 5004 habeo,
619 4953 724 4994 non
749 4939 1079 5007 detrectabo,
1122 4954 1222 4996 nec
1263 4940 1551 5011 quidquam
1593 4940 1958 4996 abscondam:

373 5029 612 5087 debitum
640 5034 886 5104 promissi
926 5034 1212 5100 sermonis,
1257 5043 1314 5089 ut
1351 5036 1564 5104 opinor,
1614 5047 1712 5104 pro
1760 5034 1963 5089 viribus

373 5125 666 5179 exsolvam.
702 5124 1069 5197 Virginitatem
1124 5126 1282 5197 igitur
1310 5135 1366 5182 et
1417 5136 1667 5182 cmteram
1706 5128 1961 5182 castimo-

374 5215 514 5270 aiam
533 5215 757 5271 indivisa
775 5219 1012 5288 reperies
1045 5236 1057 5272 :
1092 5233 1197 5273 non
1225 5218 1366 5273 enim
1390 5227 1514 5274 sunt
1540 5234 1570 5275 e
1591 5234 1786 5290 genere
1813 5233 1961 5276 com-

371 5307 611 5362 munium
637 5317 728 5364 aut
757 5308 1122 5378 dividuorum,
1175 5309 1426 5382 quoniam
1477 5327 1586 5367 nun
1637 5312 1961 5382 quicumque

376 5397 502 5462 vult,
531 5399 691 5454 etiam
715 5400 1069 5472 virginitatem
1093 5411 1292 5467 servat,
1339 5403 1434 5460 Sed
1459 5404 1548 5475 qui
1577 5412 1752 5474 potest
1778 5423 1790 5459 :
1834 5421 1958 5460 nam

371 5489 588 5560 plurimi
613 5506 802 5548 eorum
831 5495 923 5566 qui
959 5495 1301 5552 matrimonio
1330 5496 1503 5568 juncti
1548 5507 1692 5563 sunt,
1736 5499 1961 5568 cupiunt

372 5579 469 5652 ipsi
497 5582 735 5653 quidem,
760 5585 856 5642 sed
884 5601 991 5643 non
1013 5598 1390 5659 assequuntur,
1409 5589 1530 5660 quia
1551 5590 1798 5660 conjugio
1823 5605 1958 5662 prte-

368 5677 618 5747 occupati
646 5686 791 5734 sunt.
823 5679 1286 5746 Quemadmodum
1315 5681 1368 5737 in
1397 5681 1690 5754 Olympicis
1709 5682 1957 5738 certami-

365 5764 524 5822 nibus
553 5783 729 5838 przeco
753 5779 907 5825 vocat
948 5773 1037 5842 qui
1074 5783 1281 5828 certare
1325 5773 1470 5837 velit,
1512 5783 1732 5828 coronat
1779 5781 1956 5830 autem

363 5872 486 5913 eum
509 5861 599 5932 qui
632 5861 839 5928 vicerit,
869 5880 880 5915 ε
911 5862 986 5916 sic
1010 5873 1059 5916 et
1086 5865 1135 5917 in
1174 5865 1440 5930 castitate,
1467 5876 1524 5918 ut
1559 5864 1685 5919 dicit
1721 5866 1954 5936 Evange—

2105 1557 2255 1611 lium.
2287 1557 2420 1611 Cum
2439 1557 2581 1611 enini
2599 1555 2788 1611 Petrus
2809 1555 3081 1611 Servatori
3111 1555 3474 1626 respondisset
3505 1574 3518 1610 :
3545 1557 3605 1612 Si
3631 1575 3687 1610 ραι

2095 1657 2168 1700 rst
2189 1663 2345 1700 causa
2370 1647 2465 1700 viri
2479 1662 2594 1700 cum
2616 1662 2794 1712 uxore,
2819 1663 2922 1700 non
2974 1645 3176 1716 expedit
3225 1661 3436 1701 uxorem
3500 1639 3689 1694 ducere

2098 1739 2309 1810 (Matth.
2343 1740 2430 1795 l9.
2460 1740 2547 1794 10.
2599 1739 2657 1793 ll
2689 1738 2707 1808 )
2745 1738 2851 1793 :ad
2883 1753 3002 1808 quae
3048 1737 3187 1792 dixit
3222 1736 3476 1794 Servatur
3507 1757 3522 1795 :
3565 1738 3685 1793 Νοη

2092 1833 2319 1886 omnium
2345 1843 2418 1886 est
2445 1848 2625 1902 capere
2650 1831 2853 1885 verbum
2897 1830 3010 1897 hoc,
3040 1831 3128 1884 sed
3157 1831 3337 1901 quibus
3363 1832 3542 1885 datum
3591 1847 3681 1886 (εί.

2093 1924 2255 1979 \‘itles
2279 1924 2418 1994 quod
2437 1939 2542 1978 nou
2573 1923 2842 1986 omnibus,
2871 1921 2966 1977 sed
2987 1922 3178 1992 quibus
3194 1921 3376 1977 datum
3399 1925 3512 1977 est?
3533 1923 3681 1978 “uc.

2094 2015 2349 2071 Putabam
2401 2031 2542 2085 τρενο
2583 2014 2964 2084 expediturum
3011 2023 3063 2068 te
3111 2029 3232 2083 quae
3272 2014 3380 2069 sint
3419 2023 3682 2084 prazctpua

2089 2107 2253 2172 duua,
2286 2106 2380 2162 sed
2403 2105 2642 2177 profecto
2662 2117 2713 2161 et
2746 2105 2954 2160 fortiter
2979 2114 3032 2159 et
3058 2105 3349 2175 Scriptura:
3377 2108 3683 2161 testimonio

2090 2201 2246 2254 nobis
2276 2200 2610 2270 persuasisti.
2640 2200 2732 2254 Er.
2763 2197 2818 2252 Si
2839 2199 2951 2252 ha3c
2981 2199 3262 2268 perspicua
3292 2199 3384 2254 tibi
3416 2209 3572 2264 sunt,
3597 2217 3682 2253 re-

2089 2292 2246 2362 liquis
2265 2291 2586 2348 testimoniis
2612 2291 2884 2346 exornabo
2908 2304 3239 2355 sermonem,
3270 2299 3330 2345 ut
3365 2291 3451 2362 qui
3504 2303 3682 2349 mente

2088 2383 2238 2452 pravi
2263 2391 2410 2449 sunt,
2437 2383 2520 2438 his
2541 2382 2804 2453 persuasi,
2832 2381 3078 2436 desinant
3101 2397 3310 2452 rapere,
3342 2397 3460 2453 qua:
3489 2398 3680 2452 capere

2086 2489 2192 2529 non
2226 2483 2541 2545 potuerunt.
2564 2474 2698 2528 Nam
2732 2473 3034 2528 invenimus
3076 2471 3435 2528 sacerdotium
3463 2489 3675 2544 quoque.

2085 2566 2140 2622 in
2160 2566 2355 2623 divinis
2378 2566 2669 2635 Seripturis
2700 2581 2872 2636 neque
2897 2581 3184 2620 commune
3211 2581 3332 2621 esse
3357 2581 3529 2635 neque
3545 2566 3679 2620 divi-

2083 2658 2272 2726 duum,
2317 2658 2411 2714 scd
2441 2659 2654 2713 illorum
2687 2657 2964 2728 proprium
2988 2656 3074 2726 qui
3107 2671 3173 2711 eo
3198 2655 3346 2726 digni
3373 2666 3516 2724 sunt,
3541 2657 3679 2712 sicut

2083 2752 2337 2807 admonet
2387 2750 2642 2806 Hebraeos
2670 2749 2894 2804 excelsae
2934 2747 3026 2804 ille
3079 2748 3274 2804 mentis
3314 2749 3532 2816 Paulus,
3589 2747 3674 2802 di-

2081 2857 2210 2899 cens
2235 2859 2249 2895 :
2274 2841 2395 2896 Non
2416 2843 2558 2897 enim
2581 2839 2668 2912 qui
2693 2840 2788 2894 sibi
2812 2838 2995 2908 accipit
3016 2839 3277 2903 honorem,
3310 2839 3400 2894 sed
3417 2839 3505 2910 qui
3529 2853 3679 2892 voca-

2081 2943 2217 2988 εντα
2240 2931 2552 3004 Deo(Hebr.
2581 2932 2634 2987 5.
2667 2932 2747 3001 4).
2782 2933 2868 2990 Sic
2915 2939 2961 2985 et
2989 2928 3182 2996 Aaron,
3215 2930 3308 2996 ait,
3337 2947 3437 2985 non
3455 2932 3678 3001 seipsttm

2077 3027 2328 3097 gloriatus
2356 3035 2557 3080 estesse
2579 3023 2890 3097 pontiﬁcem.
2915 3021 3047 3076 Nam
3075 3037 3196 3076 cum
3216 3031 3468 3077 sexcenta
3496 3033 3678 3078 essent

2080 3114 2245 3175 millia
2267 3115 2570 3182 hominum,
2603 3123 2657 3169 et
2679 3113 2831 3169 multi
2857 3129 2923 3168 ex
2945 3113 3050 3167 illis
3070 3113 3244 3167 zelum
3276 3113 3366 3168 Dei
3390 3112 3672 3174 haberent.

2077 3222 2218 3264 unus
2237 3207 2545 3263 declaratus
2584 3213 2667 3260 est
2707 3205 2908 3268 Aaron,
2939 3219 3097 3274 quem
3129 3219 3158 3258 a
3204 3205 3313 3259 Deo
3341 3215 3673 3276 assumptum

2077 3297 2242 3354 fuisse
2265 3294 2599 3368 pontiﬁcem,
2632 3293 2947 3349 miraculum
2981 3294 3162 3364 virgae,
3195 3310 3312 3364 quae
3349 3311 3512 3350 nuces
3549 3311 3674 3366 pro-

2077 3387 2248 3455 duxit,
2271 3384 2596 3442 multitudini
2648 3383 2914 3454 persuasit
2946 3381 3132 3453 (Num.
3166 3385 3254 3438 17.
3283 3383 3378 3453 8).
3425 3384 3673 3453 Plerique

2076 3496 2206 3535 vero
2233 3479 2501 3535 bonorum
2529 3477 2770 3532 omnium
2796 3475 2987 3546 ignari,
3042 3490 3192 3529 vanae
3230 3476 3414 3546 gloriae
3456 3477 3673 3531 stimqu

2078 3569 2567 3638 ieti,sacerdotium
2591 3569 2732 3623 inter
2770 3567 3074 3622 communia
3096 3577 3148 3621 et
3190 3567 3359 3622 divisa
3391 3583 3510 3625 esse
3555 3571 3672 3638 opi-

2077 3661 2209 3728 nati,
2239 3677 2269 3716 a
2296 3661 2602 3730 semetipsis
2628 3659 2808 3724 electi,
2843 3673 2958 3714 rem
2986 3659 3131 3712 illam
3165 3660 3422 3724 involant,
3451 3659 3669 3732 dignum

2075 3770 2187 3808 sute
2214 3753 2448 3808 vesaniae
2477 3753 2640 3807 linem
2662 3751 2826 3815 nacti,
2857 3749 2986 3804 dum
3021 3750 3190 3819 ipsam
3222 3765 3508 3823 synagoga:
3558 3767 3670 3806 sua:

2076 3857 2274 3903 terram
2307 3846 2626 3902 temeritatis
2664 3853 2857 3900 testem
2910 3843 3127 3899 faciunt.
3172 3843 3377 3899 Dathan
3427 3846 3568 3902 enim
3617 3856 3672 3901 et

2077 3941 2278 3996 Abiron
2330 3939 2519 4011 (Num.
2576 3938 2661 3994 l6.
2716 3937 2810 4008 52)
2855 3952 2977 3992 cum
3029 3937 3310 3993 sacerdotii
3355 3939 3667 4009 dignitatem

2076 4032 2393 4088 meretriciis
2439 4029 2754 4102 quibusdam
2794 4029 2963 4085 oculis
3025 4030 3479 4099 concupivisscnt,
3539 4045 3660 4087 eum

2073 4126 2325 4181 omnibus
2352 4123 2707 4180 sectatoribus
2733 4124 2845 4178 suis
2902 4133 3040 4176 terra
3089 4122 3325 4191 absorpti
3377 4123 3665 4193 perierunt,

2072 4231 2394 4288 synagogam
2449 4229 2599 4268 suam
2663 4213 2840 4268 sortiti
2911 4213 3278 4282 externporale
3335 4214 3663 4284 sepulcrum.

2076 4309 2200 4362 Post
2231 4307 2330 4361 hos
2350 4304 2480 4373 Oza,
2514 4304 2853 4374 superiorum
2884 4304 3191 4368 immemor,
3224 4304 3413 4360 eadem
3461 4307 3662 4379 cupidi-

2074 4407 2180 4452 tate
2209 4396 2484 4468 abreptus,
2509 4411 2621 4450 rem
2645 4410 2762 4449 eam
2793 4394 3070 4466 expetivit.
3099 4394 3233 4450 Cum
3258 4396 3401 4452 enim
3431 4398 3660 4468 quadam

2070 4492 2156 4548 die
2195 4506 2318 4546 arca
2366 4491 2419 4546 in
2451 4490 2691 4562 plaustro
2719 4488 3005 4543 veheretur
3033 4487 3111 4558 (2.
3138 4487 3266 4560 Reg.
3301 4489 3352 4544 6.
3402 4490 3492 4562 6),
3526 4490 3665 4548 furto

2072 4585 2267 4642 accidit
2295 4593 2351 4638 ut
2379 4584 2469 4654 qui
2497 4598 2614 4638 eam
2644 4580 2888 4637 trahebat
2936 4581 3156 4648 vitulus,
3198 4597 3504 4638 suceussam
3558 4585 3669 4637 dis-

2072 4676 2329 4732 turbaret.
2360 4673 2466 4730 Oza
2495 4673 2654 4744 igitur
2683 4673 2775 4742 qui
2795 4671 3139 4743 sequebatur,
3164 4688 3325 4728 manu
3353 4674 3662 4744 apprehen-

2069 4768 2168 4833 dit,
2201 4782 2304 4822 non
2331 4781 2519 4838 passus
2550 4779 2670 4820 eam
2732 4762 2993 4819 subverti.
3023 4762 3092 4819 Ut
3120 4773 3298 4820 autem
3324 4765 3457 4819 vidit
3501 4766 3664 4830 Deus,

2072 4858 2228 4928 idque
2269 4856 2368 4925 ipsi
2412 4870 2519 4910 non
2564 4854 2781 4924 placuit,
2833 4853 3086 4924 quoniam
3143 4869 3210 4911 ex
3263 4869 3330 4909 eo
3362 4857 3660 4910 temerariis

2069 4946 2400 5004 consuetudo
2433 4947 2663 5000 oriretur
2715 4949 2867 5000 Area:
2920 4945 3316 5002 attrectandaa:
3362 4946 3653 5016 prohibuit,

2069 5041 2176 5098 Oza
2197 5041 2259 5095 ad
2287 5049 2514 5095 mortem
2543 5053 2711 5110 usque
2739 5053 3018 5109 percusso,
3047 5040 3248 5095 docens
3275 5050 3522 5110 posteros
3541 5043 3659 5097 asi-

2070 5134 2184 5188 mili
2207 5132 2512 5188 temeritate
2539 5131 2822 5186 desistere.
2853 5131 2933 5186 Ac
2957 5131 3170 5187 tandem
3196 5131 3354 5204 longo
3380 5131 3662 5202 iuterjeeto
3712 5160 3721 5179 -.

2071 5237 2330 5296 tempore,
2361 5234 2483 5294 post
2523 5222 2720 5280 Christi
2771 5223 3082 5292 adventum,
3139 5225 3323 5281 Simon
3371 5222 3550 5294 Magus
3593 5227 3662 5280 de

2067 5331 2205 5388 pago
2227 5314 2484 5383 Getthon,
2513 5314 2861 5370 adversorum
2877 5316 3085 5370 veritati
3115 5314 3420 5384 dogmatum
3443 5315 3660 5382 artifex,

2067 5407 2214 5464 val‘er
2240 5405 2330 5463 ille
2359 5406 2411 5462 in
2435 5406 2796 5478 improbitate,
2825 5408 3159 5477 superiorum
3190 5418 3376 5471 paruas
3429 5407 3660 5476 veritus,

2067 5509 2182 5556 arte
2213 5507 2409 5555 tractat
2433 5499 2610 5555 scelus
2635 5516 2648 5552 :
2679 5514 2747 5554 ne
2775 5496 2969 5554 similia
3005 5495 3050 5552 si
3079 5494 3324 5560 sevisset,
3367 5498 3517 5568 paria
3549 5512 3659 5552 ra»,-

2069 5599 2227 5648 teret.
2277 5587 2440 5662 Igitur
2461 5588 2617 5644 ovina
2669 5589 2808 5660 pelle
2855 5587 3037 5656 lupum
3095 5593 3298 5657 tegens,
3351 5587 3696 5667 blande‘atl

2066 5681 2340 5754 apostolos
2364 5681 2572 5737 accedit
2601 5679 2734 5751 (Act.
2767 5678 2871 5750 8),
2915 5691 3037 5732 cum
3066 5678 3245 5735 aureis
3293 5683 3548 5746 nummis,
3606 5696 3661 5734 ιιι

2069 5788 2135 5830 ne
2160 5787 2352 5844 rapere
2369 5771 2640 5828 videretur
2664 5768 2808 5842 quod
2831 5768 3064 5842 pessime
3076 5770 3326 5827 studebat
3349 5787 3532 5828 emere
3557 5789 3570 5825 :
3595 5787 3657 5827 ea

2070 5865 2255 5921 dicens
2302 5879 2421 5935 quae
2451 5872 2506 5919 et
2532 5864 2706 5932 ipsum
2737 5871 2791 5919 et
2820 5860 3008 5919 omnes
3036 5863 3127 5936 qui
3176 5879 3299 5918 eum
3360 5863 3658 5936 imitantur,
