4018 6412
336 375 363 418 τ
393 380 402 393 .

334 480 474 548 loqui
503 477 678 530 ducet.
712 469 965 538 Accipite,
997 461 1186 531 inquit,
1214 455 1495 530 pecuniuttt
1528 453 1704 548 istam,
1736 457 1790 501 ct
1820 448 1916 499 da-

337 584 385 624 te
410 543 542 622 inihi
574 572 888 637 potestatem
930 564 1124 610 vostra:
1155 548 1445 621 dignitatis,
1502 555 1555 597 ut
1608 543 1691 595 eui
1731 552 1920 593 manus

337 667 655 733 imposuero,
703 653 927 723 accipiat
966 646 1223 717 Spiritum
1264 650 1537 699 sanetum.
1586 637 1710 691 Erat
1759 647 1920 702 porro

340 755 634 823 baptizatus
658 751 709 803 in
741 745 958 802 nomine
986 742 1131 797 Jesu.
1164 735 1263 793 Cui
1286 733 1559 823 respondit
1588 738 1758 823 cretus
1784 740 1918 823 apo-

334 816 592 898 stolorum
623 858 636 893 :
675 841 853 910 Apage
904 835 998 896 sis,
1033 846 1066 886 ο
1089 830 1268 893 homo,
1300 824 1467 896 gratia
1519 818 1613 876 Dei
1665 816 1823 872 vendi
1860 828 1920 868 se

336 952 439 988 non
470 933 615 986 sinit.
642 930 709 984 Et
734 944 855 983 cum
888 926 1027 980 fores
1051 922 1133 979 itis
1162 916 1500 976 sermonibus
1544 912 1763 984 pulsare
1793 922 1919 979 per-

336 1034 503 1096 geret,
533 1024 708 1077 denuo
730 1020 980 1075 dixerunt
1010 1014 1029 1069 ι
1050 1013 1186 1081 Quid
1215 1012 1370 1075 emis,
1397 1007 1537 1078 quod
1589 1004 1753 1074 gratis
1774 999 1924 1056 inve-

340 1120 474 1182 nics,
507 1118 551 1171 si
579 1116 739 1185 digne
763 1110 996 1167 vixeris?
1014 1108 1089 1166 Ut
1108 1118 1288 1161 autem
1312 1104 1439 1158 vita:
1462 1100 1673 1155 labores
1698 1105 1751 1151 et
1773 1110 1921 1150 men-

342 1211 411 1263 tis
437 1225 547 1263 sua:
575 1206 856 1275 segnitiem
888 1214 1049 1272 atque
1078 1206 1333 1253 incertum
1367 1194 1443 1248 rei
1470 1201 1718 1247 eventum
1746 1188 1922 1242 consi-

338 1299 563 1364 deravit,
596 1311 808 1351 rursum
840 1309 867 1350 θ
889 1290 1097 1347 sacculo
1125 1303 1310 1343 aurum
1334 1284 1574 1356 protulit.
1621 1283 1720 1335 hac
1746 1280 1925 1333 illece-

334 1392 432 1457 hra
457 1390 760 1444 Serratorls
785 1382 1075 1457 discipulos
1107 1381 1465 1433 inescaturum
1490 1389 1547 1427 se
1576 1383 1788 1442 putans.
1845 1368 1920 1420 Αιι

338 1484 448 1535 ltrcc
469 1479 771 1548 indignatus
822 1475 911 1530 ille
950 1474 1038 1542 qui
1093 1466 1501 1538 comprehendit
1556 1462 1827 1531 sapientes
1872 1459 1921 1510 in

336 1572 531 1626 astutia
582 1571 838 1639 ipsorum,
871 1581 966 1636 per
1004 1579 1065 1617 os
1113 1560 1252 1615 Petri
1297 1560 1549 1628 loquutus
1581 1566 1661 1608 est
1692 1552 1881 1607 dicens
1910 1569 1921 1603 :

344 1664 568 1717 Pecunia
624 1671 709 1715 tua
742 1674 902 1712 tecum
930 1657 993 1709 sit
1048 1657 1098 1707 in
1142 1651 1494 1722 perditionem,
1544 1647 1783 1716 quoniam
1828 1643 1919 1694 do-

342 1772 458 1808 mon
490 1754 582 1807 Dei
621 1747 918 1806 existimasti
969 1743 1179 1816 pecunia
1221 1738 1465 1812 possideri
1512 1738 1649 1809 (Act.
1693 1735 1744 1790 8.
1791 1731 1922 1799 20).

335 1845 428 1899 Cui
463 1844 713 1912 imposuit
738 1835 1060 1909 paenitentia:
1088 1832 1409 1896 remedium,
1451 1841 1760 1898 praeparans
1802 1840 1923 1879 eum

342 1947 393 1981 ιιι
430 1929 708 1994 μιιιίυιιιιιι.
748 1940 874 1990 age,
919 1922 1093 1988 inquit
1124 1936 1140 1988 ι
1169 1920 1303 1969 ibid.
1331 1916 1403 1968 (ἐξ).
1424 1926 1471 1969 et
1495 1917 1623 1984 9.3),
1665 1914 1907 1982 paeniten-

343 2023 510 2084 tiam,
539 2019 585 2070 si
614 2014 707 2070 tibi
738 2015 1045 2068 dimittatur
1076 2010 1326 2078 cogitatio
1362 2010 1536 2061 cordis
1577 2004 1673 2058 tui.
1712 2004 1773 2056 In
1804 2002 1924 2071 {cllo

342 2117 482 2168 enim
506 2110 885 2168 amaritudinis
912 2118 960 2161 et
991 2104 1197 2160 vinculo
1223 2102 1518 2172 iniquimtis
1542 2099 1691 2155 video
1721 2112 1834 2151 esse
1856 2109 1919 2149 te.

352 2207 471 2263 Non
500 2206 644 2262 enim
686 2204 800 2258 vult
830 2199 1115 2255 interitum
1143 2197 1449 2267 peccatoris
1476 2201 1688 2246 amator
1713 2191 1925 2243 anima-

355 2316 476 2355 rum
506 2297 650 2352 Deus
675 2295 888 2362 (l-Tzrch.
914 2292 996 2347 i8.
1021 2290 1130 2352 δεῖ.
1163 2287 1555 2344 Demonstratis
1578 2299 1676 2345 pro
1698 2282 1840 2336 virili
1864 2280 1929 2335 iis

340 2380 587 2432 omnibus
618 2393 735 2449 qum
780 2376 1043 2441 dixeram,
1094 2389 1128 2428 ο
1158 2372 1333 2443 magni
1368 2370 1597 2425 nominis
1623 2366 1926 2432 Theodore,

341 2484 395 2526 et
428 2473 799 2544 inysnriorttm
830 2468 1064 2524 veritatis
1109 2467 1368 2529 minister,
1416 2462 1538 2517 audi
1581 2464 1691 2531 jam
1737 2477 1855 2531 quae
1897 2475 1926 2515 a

346 2564 495 2617 nobis
523 2562 659 2617 scire
692 2558 1048 2635 prerptabas.
1078 2561 1233 2615 Duc.
1268 2553 1417 2613 Unde
1444 2548 1522 2607 ad
1555 2567 1652 2607 nos
1678 2565 1817 2606 nunc
1834 2552 1929 2604 ad-

338 2659 524 2711 venis?
552 2656 720 2711 lirzso.
749 2656 828 2709 Ab
849 2655 1064 2709 Oriente
1092 2653 1293 2707 scilicet
1323 2668 1335 2703 :
1369 2662 1510 2702 nunc
1537 2646 1678 2700 enim
1698 2645 1924 2715 primum

339 2750 558 2804 Ruinam
617 2750 786 2803 video.
853 2746 1007 2801 Duc.
1063 2744 1315 2813 Qomnnm
1377 2753 1425 2796 to
1483 2738 1714 2794 maxime
1766 2751 1925 2791 causa

335 2842 587 2896 adduxit?
656 2836 830 2895 Ertsc.
868 2838 1067 2895 Unicus
1098 2837 1243 2908 pacis
1302 2844 1489 2889 vestra:
1542 2847 1714 2887 amor.
1772 2830 1922 2886 DIAC.

335 2937 521 2989 Alaane
555 2935 712 3004 igitur
743 2952 768 2984 a
797 2944 973 2986 vestra
1008 2928 1125 2984 est?
1148 2930 1242 2984 Er.
1277 2927 1389 2981 Non
1437 2926 1533 2979 alia
1563 2925 1794 2995 quidem,
1829 2922 1923 2977 sed

338 3032 493 3093 plane
524 3025 731 3089 eadem,
761 3039 915 3093 quam
938 3038 965 3074 c
988 3019 1118 3075 Casio
1141 3020 1391 3074 Servatur
1408 3017 1571 3080 dedit,
1596 3016 1781 3069 dicens
1797 3028 1926 3082 apo-

342 3116 493 3170 stolis
540 3134 551 3168 :
589 3110 774 3168 Pacem
823 3131 982 3166 meam
1037 3112 1101 3165 do
1145 3111 1280 3163 vobis
1317 3108 1495 3181 (Joan.
1555 3109 1635 3162 Η.
1681 3108 1793 3178 9.7).
1844 3106 1923 3159 Ad

336 3209 582 3262 tirmioris
612 3218 786 3260 autem
816 3204 998 3275 gratia:
1025 3202 1488 3258 coiilit'tnatinitem
1522 3203 1714 3255 iterum
1749 3198 1875 3253 dixit
1906 3217 1918 3250 :

340 3301 521 3354 Pin-em
548 3318 706 3354 mcum
734 3297 963 3366 relinquo
993 3297 1163 3350 vobis:
1198 3299 1296 3349 hoc
1327 3295 1538 3363 quidem
1590 3294 1809 3347 verbum
1857 3293 1921 3344 do

333 3389 397 3443 ad
429 3405 486 3444 se
510 3391 774 3450 referens;
800 3384 924 3440 illud
956 3396 1131 3439 autem
1154 3386 1377 3454 relinquo
1399 3384 1463 3438 ad
1484 3383 1738 3451 Spiritum
1767 3398 1922 3439 sanc-

336 3491 464 3544 tum,
496 3492 549 3533 ιιι
577 3481 626 3531 in
673 3479 869 3547 Spiritu
905 3493 999 3546 per
1028 3475 1297 3531 Christum
1346 3475 1706 3544 cognitionem
1748 3473 1921 3527 Patris

330 3573 576 3636 gentibus
606 3568 921 3624 revelari-nt.
956 3563 1156 3623 Verum
1189 3566 1340 3621 sicuti
1374 3568 1424 3619 in
1459 3566 1705 3620 resolutis
1749 3580 1919 3618 mem-

335 3665 440 3713 ln'is
519 3656 710 3714 animm
749 3660 1089 3728 operationcs
1135 3657 1199 3710 ad
1269 3656 1509 3709 saniores
1557 3656 1917 3710 membrorum

336 3765 510 3821 partes
529 3764 840 3807 recurrunt:
876 3753 944 3804 ita
977 3751 1176 3821 patitur
1197 3748 1377 3803 infelix
1395 3748 1626 3803 Orientis
1661 3749 1914 3802 Ecclesia.

335 3844 600 3900 liesolutis
623 3847 761 3900 enim
801 3840 917 3914 eius
945 3843 1220 3907 membris,
1256 3857 1429 3910 neque
1458 3843 1526 3896 ob
1556 3843 1756 3910 pulsam
1789 3856 1918 3896 eon-

329 3936 561 3989 cordiam
588 3936 762 3988 munia
790 3950 884 3987 sua
935 3934 1152 4003 exsequi
1199 3931 1521 3997 valentibus,
1572 3931 1810 4000 plerique
1848 3931 1916 3984 de

329 4024 587 4097 expeditis
618 4036 670 4080 ct
698 4025 811 4096 ejus
841 4025 1110 4080 desiderio
1136 4026 1401 4088 accensis,
1434 4024 1646 4079 exsules
1689 4040 1716 4077 a
1748 4023 1913 4092 patria

329 4137 589 4184 crrannts,
631 4121 717 4191 qui
763 4121 877 4174 sine
926 4117 1161 4188 periculo
1204 4128 1258 4173 et
1312 4118 1596 4187 tranquille
1640 4118 1912 4170 alumnam

331 4221 564 4266 nostram
593 4211 826 4265 incolere
859 4225 962 4265 non
997 4211 1261 4279 possimus
1281 4209 1350 4263 ob
1380 4222 1620 4263 amorem
1651 4208 1910 4268 veritatis,

327 4290 370 4355 Si
391 4318 495 4368 quo
523 4302 680 4355 modo
709 4317 926 4370 paucos,
957 4303 1044 4370 qui
1076 4287 1250 4355 adhuc
1296 4309 1602 4370 saperSnnt,
1632 4301 1754 4354 vitm
1798 4298 1913 4352 dies

328 4394 617 4450 secundum
660 4393 1002 4463 Evangelium
1047 4393 1186 4460 apud
1207 4406 1316 4458 ,vos
1363 4393 1621 4445 vivamus.
1653 4390 1803 4445 Duc.
1835 4388 1911 4443 Ad

329 4505 457 4555 nos,
488 4486 807 4543 venerabilis
840 4486 1017 4552 Pater,
1069 4500 1097 4538 a
1127 4483 1304 4538 divina
1336 4484 1685 4554 providentia,
1731 4494 1786 4536 ut
1834 4482 1916 4537 vi-

329 4584 449 4641 deo,
483 4580 676 4633 missus
701 4594 758 4632 es
786 4597 797 4631 :
829 4578 1068 4630 dolorem
1093 4576 1232 4630 enim
1267 4585 1413 4629 ttnun
1441 4576 1639 4629 nostris
1674 4575 1912 4628 anxieta-

331 4676 467 4726 tibus
490 4681 905 4725 consentaneum
936 4669 1167 4724 invenio.
1193 4667 1367 4721 Credo
1398 4678 1573 4721 antem
1608 4677 1657 4721 te
1681 4683 1800 4720 esse
1846 4683 1909 4720 ex

327 4758 542 4817 Joannis
564 4760 1136 4831 Constantinopolitaui
1165 4761 1455 4813 consortio.
1489 4758 1663 4813 Ertsc.
1698 4759 1782 4813 Sic
1806 4769 1905 4819 est,

326 4868 380 4907 ιιι
411 4852 779 4911 αἰχίδιί.1)ι.ιε.
804 4848 957 4924 Rogo
989 4865 1044 4905 ιιι
1077 4855 1183 4906 Deo
1207 4858 1341 4905 teste
1364 4867 1550 4907 narres
1584 4853 1744 4907 nobis
1785 4868 1909 4906 vere

322 4946 381 4999 ea
412 4962 531 5017 qua:
569 4946 873 5017 singillatim
947 4946 1086 4999 seire
1119 4944 1272 4998 avide
1325 4946 1614 5013 cupimus;
1684 4944 1751 4998 de
1808 4945 1908 4999 isto

321 5050 529 5105 certus,
575 5038 715 5108 quod
747 5039 788 5091 si
819 5036 942 5109 quid
974 5046 1164 5107 printer
1190 5036 1470 5089 veritatem
1515 5037 1670 5091 nobis
1702 5037 1911 5090 nuntia-

321 5134 479 5199 veris,
515 5132 677 5188 Deum
710 5131 926 5186 habebis
949 5130 1290 5200 qtncsitorem
1315 5139 1366 5183 et
1382 5130 1635 5197 judicem;
1668 5131 1910 5198 argueris

321 5242 531 5295 quoque
547 5242 575 5278 ιι
599 5225 753 5280 nobis
770 5224 859 5296 qui
884 5222 1040 5279 aliter
1061 5222 1423 5292 acceperimus
1445 5239 1457 5275 :
1487 5240 1591 5277 non
1610 5225 1750 5277 enim
1772 5239 1909 5277 unus

325 5327 415 5370 aut
442 5317 596 5381 alter,
631 5327 722 5372 aut
746 5330 876 5386 tres,
900 5329 989 5371 aut
1014 5317 1220 5381 decem,
1276 5324 1369 5369 aut
1402 5316 1784 5388 cujuscumque
1812 5333 1907 5387 ge-

330 5413 469 5483 neris
486 5407 726 5464 homines
737 5428 799 5466 ea
822 5428 940 5481 qua:
962 5408 1424 5478 Constantinopoli
1447 5410 1737 5478 contigero,
1753 5410 1909 5463 nobis

327 5506 695 5563 denari-urunt,
724 5502 813 5555 sed
842 5504 1041 5572 plures,
1076 5500 1129 5555 et
1152 5517 1216 5553 ex
1246 5500 1352 5555 illis
1380 5500 1469 5554 alii
1501 5501 1760 5569 episcopi,
1820 5501 1908 5554 alii

325 5589 621 5658 presbyteri
646 5582 799 5653 atque
823 5606 885 5643 ex
905 5590 1091 5645 ordine
1105 5590 1510 5644 monachorum.
1542 5591 1691 5658 Quod
1725 5593 1765 5643 si
1793 5602 1912 5643 nos-

326 5694 383 5732 se
401 5681 479 5732 vis
512 5692 630 5741 qua:
649 5682 710 5730 ad
742 5677 1028 5733 Ecclesium
1060 5680 1352 5733 lidmanam
1387 5687 1759 5749 pervenerunt.
1793 5683 1908 5734 bre-

333 5770 460 5822 ritcr
496 5780 778 5834 exponam.
802 5761 1015 5823 'l’rimus
1030 5769 1264 5824 omnium
1293 5771 1356 5824 ad
1381 5788 1477 5830 nos
1506 5772 1643 5829 venit
1674 5772 1904 5828 Mevan-

1600 329 1918 390 i'ALLAUli
1959 329 2297 386 DIALOGUS
3592 328 3623 375 ιι

2031 444 2217 498 drinus
2239 444 2407 498 lector
2430 458 2549 497 cum
2575 440 2855 512 Theophili
2881 439 3039 511 Papae
3095 444 3284 507 literis,
3332 450 3384 498 tn
3434 452 3623 515 potius

2028 534 2298 591 referebat
2326 549 2384 589 se
2403 534 2717 603 deposuisse
2735 534 3015 588 Joannem.
3037 533 3241 601 Quibus
3264 534 3440 603 lectis,
3487 538 3611 591 ben.

2028 639 2114 684 tus
2144 642 2273 697 papa
2308 625 2649 681 Innocentius
2682 638 2867 696 parum
2890 626 3083 688 abfuit.
3114 627 3242 695 quin
3266 630 3621 685 temeritatem

2029 710 2309 789 Theophili
2337 728 2498 788 atque
2527 718 2828 788 superbiam
2860 719 3228 774 condemnans
3270 720 3614 777 exhorresce-

2030 820 2136 873 ret,
2162 810 2306 879 quod
2329 821 2385 865 et
2412 812 2558 864 solus
2579 811 2903 879 scripsisset,
2930 826 3027 865 nec
3052 812 3251 866 claram
3279 813 3395 882 ejus
3425 815 3503 868 rei
3529 831 3624 868 n0~

2039 904 2204 957 titiam
2235 905 2485 965 misisset,
2515 911 2607 955 aut
2632 917 2747 967 cur,
2779 913 2871 956 aut
2899 904 3092 973 quibus
3139 906 3429 974 assumptis
3456 908 3619 960 sociis

2033 994 2293 1051 Joannem
2317 994 2672 1063 deposuisset.
2704 997 2784 1050 Ad
2813 995 2929 1051 haec
2949 996 3143 1051 dubius
3160 997 3322 1050 animi
3351 999 3620 1063 manebat,

2032 1088 2328 1141 rescribere
2357 1088 2544 1141 nolens
2566 1087 2634 1141 ob
2667 1086 2739 1141 rei
2767 1097 2930 1155 gestu:
2958 1088 3251 1141 levitatem.
3283 1088 3487 1142 interea
3516 1090 3624 1143 Eu-

2031 1178 2441 1249 sebiusquidam
2463 1180 3072 1250 Constantinopolitantc
3131 1182 3386 1237 Ecclesiae
3438 1182 3621 1240 diaco~
3676 1209 3680 1214 η

2032 1289 2152 1338 nus,
2184 1272 2273 1343 qni
2328 1283 2452 1326 tunc
2496 1272 2682 1326 Romae
2730 1282 2848 1327 erat
2898 1271 3384 1328 ecclesiasticarum
3443 1290 3623 1328 rerum

2031 1381 2210 1428 causa,
2239 1364 2367 1417 adiit
2400 1379 2585 1432 papam
2619 1362 3013 1429 Innocentium,
3044 1373 3098 1417 et
3120 1365 3389 1433 supplices
3416 1364 3628 1421 libellos

2032 1455 2195 1514 dedit.
2225 1454 2476 1523 adjnrans
2502 1470 2623 1508 enin
2655 1464 2711 1508 ut
2743 1454 3009 1509 modicum
3042 1457 3298 1523 temporis
3348 1467 3624 1525 exspecta-

2033 1556 2145 1599 rut:
2179 1544 2293 1599 fore
2313 1545 2454 1599 enim
2483 1554 2537 1597 nt
2559 1543 2707 1598 brevi
2732 1544 3018 1599 lactioaem
3050 1548 3364 1614 patefactam
3395 1549 3621 1602 videret.

2034 1638 2246 1695 Interim
2281 1645 2401 1706 post
2428 1636 2662 1691 triduum
2688 1637 3025 1692 advenerunt
3052 1648 3282 1709 quatuor
3307 1639 3542 1708 episcopi
3590 1656 3628 1696 e

2033 1729 2270 1798 partibus
2300 1728 2541 1795 Joannis,
2571 1728 2668 1781 viri
2699 1729 2957 1798 religiosi,
3004 1727 3340 1800 Pansophins
3378 1731 3631 1795 Pisidiae,

2036 1821 2243 1889 Pappns
2260 1819 2454 1892 Syriae,
2480 1820 2782 1874 Demetrius
2798 1820 3020 1874 Galatiae
3049 1820 3319 1885 secundas,
3351 1822 3626 1892 Eugenins

2033 1910 2297 1982 Phrygiae,
2327 1911 2416 1980 qui
2447 1921 2556 1964 tres
2587 1911 2841 1979 epistolas
2880 1910 3257 1975 reddiderunt,
3298 1927 3458 1966 uuam
3507 1916 3629 1982 qui-

2034 2002 2152 2055 dem
2177 2002 2399 2057 Joannis
2423 2002 2681 2071 episcopi,
2713 2000 2934 2056 alteram
2958 2002 3305 2072 quadraginta
3344 2004 3628 2072 episcopo-

2034 2093 2237 2147 rmndc
2262 2092 2638 2146 comnmnione
2676 2091 2922 2157 Joannis,
2956 2093 3168 2148 tertiam
3197 2108 3327 2149 vero
3354 2094 3490 2148 cler.
3524 2096 3627 2148 Jo-

2033 2186 2226 2238 annis:
2261 2197 2450 2239 omnes
2478 2185 2618 2239 inter
2634 2198 2692 2239 se
2718 2187 3137 2246 consentientes.
3169 2196 3224 2240 et
3252 2187 3623 2254 imperitorum

2032 2277 2381 2345 quorumdam
2407 2276 2688 2330 tumultum
2716 2277 3100 2345 signiﬁcantes.
3137 2278 3267 2332 Erat
3307 2289 3484 2334 autem
3527 2279 3624 2333 Jo-

2031 2370 2186 2423 annis
2211 2368 2451 2437 epistola:
2478 2368 2599 2423 talis
2627 2376 2946 2424 contextus:

2033 2509 2155 2564 CAP.
2188 2522 2352 2561 ιι.--‹
2382 2509 2595 2564 Domino
2626 2527 2731 2563 meo
2760 2510 3029 2564 venerabili
3058 2522 3105 2564 et
3128 2512 3442 2565 sanctissima
3488 2509 3615 2578 Epi-

2164 2619 2315 2672 scopa
2342 2603 2656 2659 iNNOCENTlO
2678 2602 2915 2659 JOANNES
2942 2604 2993 2658 in
3018 2602 3239 2658 Domino
3260 2606 3492 2659 salutem.

2082 2733 2288 2789 «Etiam
2302 2733 2627 2789 anteliteras
2663 2732 3095 2804 nostrasOpinor
3116 2734 3367 2803 pietatem
3391 2745 3625 2789 vestram

2031 2824 2316 2882 audivisse.
2345 2823 2471 2895 quid
2503 2823 2589 2879 hic
2612 2838 2741 2879 ausa
2770 2824 2841 2878 sit
2875 2823 3145 2894 iniquitas.
3189 2824 3446 2880 Malorum
3480 2826 3626 2880 enim

2031 2914 2338 2985 magnittnlo
2386 2915 2583 2969 nullam
2626 2915 2738 2970 fere
2776 2915 2923 2971 orbis
2961 2925 3168 2985 partem
3211 2912 3457 2985 reliquit,
3505 2933 3629 2985 (μιλ-

2032 3007 2168 3061 hanc
2193 3007 2440 3061 acerbam
2468 3007 2778 3076 tragtediam
2802 3023 2908 3061 non
2936 3009 3195 3073 audierit;
3227 3007 3320 3063 sed
3352 3020 3624 3078 gestorum

2032 3100 2166 3152 fama
2199 3112 2363 3167 usque
2389 3098 2454 3151 ad
2488 3101 2620 3152 lines
2644 3108 2799 3153 terra:
2823 3100 3045 3166 perlata,
3074 3099 3298 3169 plurima
3326 3100 3522 3168 ubique
3547 3101 3623 3154 la-

2030 3202 2204 3245 menta
2232 3200 2287 3244 et
2312 3190 2540 3258 ejulatus
2566 3190 2876 3244 commovit.
2901 3189 3098 3245 Verum
3122 3190 3372 3260 quoniam
3403 3206 3508 3245 non
3536 3205 3624 3245 so-

2030 3283 2136 3335 lum
2160 3283 2415 3352 plangere
2443 3283 2616 3345 decet,
2646 3282 2742 3336 sed
2769 3292 2823 3337 et
2852 3284 3163 3348 emendare,
3202 3296 3256 3338 et
3291 3284 3472 3338 videre
3513 3301 3625 3352 quo

2028 3385 2182 3444 paeto
2208 3376 2517 3445 gravissima
2550 3377 2636 3429 illa
2672 3376 2925 3431 Ecclesia:
2948 3387 3240 3444 tempestas
3264 3377 3498 3438 sedetur,
3522 3394 3623 3432 ne~

2027 3470 2316 3522 cessarium
2364 3482 2483 3522 esse
2528 3469 2809 3535 duximus,
2856 3470 3103 3523 dominos
3142 3485 3293 3524 meos
3334 3471 3623 3526 admodum

2028 3560 2357 3614 venerabiles
2382 3570 2434 3614 et
2462 3561 2893 3630 religiosissimos
2930 3561 3210 3632 episcopos
3256 3563 3581 3617 Deiuctrimn
3602 3605 3620 3629 ,

2025 3653 2407 3722 Pansopliium,
2436 3653 2668 3721 l’appnm
2700 3665 2751 3707 et
2777 3656 3067 3725 Eugenium
3099 3656 3318 3716 hortari,
3351 3667 3410 3708 ut
3436 3657 3623 3713 Eccle-

2024 3743 2131 3797 sias
2164 3758 2288 3797 snas
2329 3744 2710 3814 relinquerent,
2743 3754 2798 3798 et
2824 3754 2972 3799 tanto
3000 3761 3059 3799 se
3101 3745 3288 3814 pelago
3310 3750 3617 3802 committe-

2025 3842 2164 3895 rent.
2195 3842 2250 3889 ct
2288 3834 2500 3905 longam
2540 3835 2752 3891 obirent
2796 3837 3300 3905 peregrinationem,
3340 3848 3396 3891 et
3432 3839 3498 3891 ad
3531 3855 3624 3892 ve-

2023 3936 2188 3981 stram
2245 3927 2521 3984 caritatem
2572 3939 2932 3993 recurrerent,
2983 3939 3142 3997 atque
3183 3929 3432 3983 omnibus
3470 3931 3623 3984 clare

2022 4021 2278 4091 capositis
2338 4021 2793 4090 promptissimum
2861 4021 3158 4077 remedium
3220 4036 3616 4094 compararent.

2021 4114 2152 4167 Cmn
2181 4113 2372 4183 quibus
2395 4113 2837 4169 lionorat'issimos
2864 4114 3091 4169 dilectos
3111 4113 3365 4170 diaconos
3393 4115 3614 4170 Paulum

2021 4217 2074 4261 ct
2104 4206 2387 4277 (Iyriacum
2414 4206 2675 4260 misimus.
2705 4205 2771 4261 Et
2793 4204 2865 4260 illi
2889 4207 3125 4278 quidem,
3155 4216 3212 4263 ut
3239 4210 3290 4262 in
3315 4209 3482 4263 forma
3506 4214 3619 4278 opi-

2020 4299 2191 4362 stola},
2212 4314 2329 4368 qua:
2348 4297 2431 4353 hic
2450 4306 2597 4370 gesta
2620 4306 2745 4353 sunt
2771 4310 2998 4354 vestram
3022 4302 3297 4356 caritatem
3321 4302 3623 4357 docebunt.~

2020 4390 2345 4458 'l‘lumphilus
2370 4391 2510 4445 enim
2534 4389 2909 4446 Alexandrinae
2935 4392 3188 4446 Ecclesim
3214 4394 3464 4458 antistes,
3494 4408 3613 4447 cum

2018 4497 2047 4534 a
2078 4482 2394 4550 quibusdam
2422 4482 2561 4550 apud
2595 4482 2889 4551 piissimum
2924 4482 3304 4552 Imperatorem
3334 4485 3625 4538 insimul..-‘

2021 4584 2182 4629 retur.
2218 4574 2399 4639 jussus
2420 4575 2568 4628 solus
2604 4575 2809 4638 venire,
2838 4577 3058 4630 collecta
3086 4577 3427 4632 multitudine
3448 4577 3623 4648 Aigyv

2020 4667 2250 4733 ptiornm
2297 4680 2400 4718 non
2449 4682 2735 4735 paucorum
2772 4667 2983 4721 advenit
3017 4687 3029 4721 :
3063 4682 3128 4721 eo
3170 4668 3318 4723 velut
3359 4670 3617 4738 pra-ludio

2018 4759 2289 4811 declarare
2319 4757 2522 4821 volens,
2568 4774 2627 4815 se
2673 4760 2737 4814 ad
2786 4760 2983 4815 bellum
3036 4770 3091 4815 et
3136 4762 3375 4831 prrelium
3406 4765 3608 4817 venire.

2020 4852 2220 4906 licinde
2258 4867 2504 4921 magnam
2544 4863 2595 4906 et
2639 4854 2728 4907 Dei
2758 4866 3022 4908 amantem
3061 4855 3396 4910 Constantini
3425 4856 3611 4909 urbem

2019 4945 2308 5013 ingressus,
2341 4947 2617 4998 ecclesiam
2648 4962 2750 4999 non
2776 4946 2904 5000 adiit
2925 4947 3073 5014 juxta
3105 4962 3309 5001 morem
3353 4947 3610 5001 hactenus

2017 5038 2385 5101 observatum,
2434 5053 2607 5107 neque
2658 5038 2931 5093 nobiscum
2984 5055 3302 5110 congressus
3353 5051 3464 5103 est,
3514 5056 3613 5095 nec

2018 5132 2303 5201 participes
2335 5147 2432 5183 nos
2457 5134 2719 5186 sermonis
2747 5132 2887 5193 fecit.
2923 5150 3025 5187 non
3060 5150 3296 5201 precum,
3328 5151 3431 5187 non
3463 5150 3610 5188 com-

2019 5223 2319 5287 tnunionis;
2352 5223 2444 5277 sed
2475 5238 2722 5294 egressos
2752 5238 2782 5279 e
2814 5226 2963 5292 navi,
2990 5237 3042 5281 et
3075 5225 3395 5280 vestibulum
3433 5228 3603 5281 eccle-

2017 5312 2111 5371 siae
2159 5326 2587 5387 prmtergressus,
2630 5318 2825 5373 alicubi
2872 5330 3021 5374 extra
3073 5320 3258 5375 urbem
3309 5320 3612 5375 diversatns

2017 5418 2099 5462 est
2130 5425 2142 5459 :
2173 5417 2226 5463 et
2264 5423 2385 5462 cum
2426 5409 2649 5463 multum
2696 5409 3055 5477 hortaremnr,
3089 5419 3146 5464 ut
3186 5411 3300 5479 ipse
3344 5420 3398 5466 et
3444 5410 3477 5464 ii
3523 5410 3614 5479 qui

2017 5515 2136 5553 cum
2169 5516 2233 5555 eo
2262 5511 2537 5565 venerant,
2561 5501 2698 5570 apud
2727 5516 2824 5556 nos
2853 5500 3249 5558 diversarcntor
3273 5502 3445 5575 (erant
3469 5502 3612 5556 enim

2020 5593 2196 5645 omnia
2221 5601 2422 5660 parata,
2453 5603 2506 5647 et
2534 5590 2827 5647 diversoria
2851 5602 2903 5648 et
2923 5603 3115 5648 caetera
3140 5593 3489 5659 necessaria),
3524 5610 3617 5647 ne-

2019 5700 2119 5751 que.
2168 5685 2238 5738 illi
2289 5700 2459 5754 neque
2498 5680 2615 5754 ipse
2660 5684 2944 5756 acquievit.
2990 5685 3119 5741 "me
3169 5697 3223 5740 ut
3266 5686 3529 5746 vidimus,
3566 5689 3617 5741 iu

2027 5777 2251 5830 maxima
2281 5792 2492 5831 eramus
2521 5778 2810 5846 anxietate,
2834 5778 2923 5851 qui
2951 5793 3018 5835 ne
3044 5775 3258 5833 causam
3291 5777 3505 5849 quidem
3537 5776 3619 5835 ir.-T
