4018 6422
383 373 414 427 θ
1342 427 1348 433 ,
1609 371 1974 431 PALLLADII
2012 374 2354 432 DIALOGUS
3593 389 3660 444 ιο

375 490 495 544 τίαν
526 485 815 560 δυνάμενοι
842 478 940 556 τῆς
963 483 1150 539 ἀδίκου
1181 486 1386 558 ταύτης
1427 487 1728 559 ἀπεχθείας
1753 490 1954 561 εὐρεῖνο

375 572 492 626 ἀλλ’
524 573 676 643 ὅμως
717 571 785 625 τά
826 571 955 639 παρ’
986 568 1199 623 ἑαυτῶν
1246 570 1620 641 ἐπληροῦμεν,
1661 573 1722 626 τὸ
1753 573 1965 642 πρέπον

379 657 511 726 ήμῖν
541 654 722 718 αὐτοῖς
749 651 1046 720 ποιοῦντες,
1081 653 1177 707 καὶ⁸
1217 655 1460 724 συνεχῶς
1492 655 1657 708 αὐτὸν
1706 671 1963 726 παρακομ-

377 739 598 802 λοῦντες
644 737 1003 807 συγγενέσθαι
1037 739 1192 808 ἡμῖν,
1225 740 1318 792 καὶ
1370 741 1544 792 είπεῖν
1586 739 1730 801 τίνος
1775 739 1962 792 ἐνεκεν

379 819 628 875 τοσοῦτον
658 822 721 875 ἐκ
751 821 1054 892 προοιμίων
1100 823 1421 894 ἀνερρίπισε
1457 823 1712 894 πόλεμον,
1745 824 1839 875 καὶ
1867 839 1962 894 τη-

379 903 638 974 λικαύτην
669 905 1020 958 ἐσκανδάλισε
1047 905 1221 960 πόλιν.
1268 906 1353 970 Ὡς
1378 907 1434 960 δέ
1471 907 1590 961 οὐδὲ
1611 906 1785 970 οὕτως
1810 906 1964 959 ἐϐού-

379 987 499 1040 λετο
532 987 714 1055 λέγειν
751 989 851 1059 τὴν
883 988 1082 1051 αἰτίαν,
1133 989 1187 1042 οἰ
1213 1007 1271 1041 τε
1321 989 1756 1062 κατηγοροῦντες
1798 989 1963 1043 αὐτοῦ

379 1072 682 1137 ἐπέκειντο,
718 1071 955 1134 καλέσας
985 1072 1132 1142 ἡμᾶς
1177 1074 1206 1126 ό
1253 1074 1641 1137 εὐσεϐέστατος
1687 1073 1963 1144 βασιλεὺς,

379 1153 632 1206 ἐκέλευσε
686 1153 880 1225 πέραν,
935 1153 1066 1208 ἔνθα
1120 1154 1406 1226 διέτριϐεν,
1462 1157 1703 1222 ἀπιέναι,
1743 1156 1966 1227 καὶτῆς

381 1236 500 1290 κατ’
531 1234 697 1290 αὐτὸν
730 1236 950 1290 ἀκούειν
998 1237 1328 1302 ὑποθέσεως.
1371 1240 1481 1293 Καὶ
1510 1239 1620 1310 γάρ
1641 1239 1828 1309 ἔφοδον
1871 1241 1967 1293 καὶ

381 1319 594 1389 σφαγὰς
629 1321 723 1373 καὶ
755 1319 918 1390 ἔτερα
945 1319 1234 1374 ἐνεκάλουν
1269 1321 1454 1393 μυρία.
1497 1323 1636 1375 Ἀλλ’
1662 1324 1824 1393 ἡμεῖς
1871 1323 1966 1376 καὶ

380 1404 505 1468 τούς
543 1402 740 1474 νόμους
769 1404 877 1457 τῶν
915 1403 1185 1473 πατέρων,
1213 1405 1308 1458 καὶ
1337 1405 1428 1459 τὸν
1451 1405 1623 1478 ἄνδρα
1656 1403 1965 1476 αἰδούμενοι

382 1487 475 1540 καὶ
504 1484 794 1556 τιμῶντες,
833 1489 927 1540 καὶ
981 1486 1148 1540 αὐτοῦ
1168 1503 1229 1540 τε
1267 1486 1335 1541 τὰ
1382 1487 1688 1559 γράμματα
1729 1487 1964 1559 ἔχοντες,

385 1571 460 1640 μὴ
487 1567 596 1623 δεῖν
625 1569 921 1640 ὑπερορίας
953 1568 1206 1623 ἕλκεσθαι
1232 1570 1332 1634 τὰς
1375 1571 1551 1638 δίκας,
1603 1571 1720 1625 ἀλλ’
1751 1574 1808 1624 ἐν
1843 1574 1965 1635 ταῖς

386 1653 543 1716 ἰδίαις
575 1652 864 1723 ἐπαρχίαις
915 1651 982 1705 τά
1032 1653 1140 1705 τῶν
1171 1655 1450 1725 ἐπαρχιῶν
1481 1655 1876 1725 γυμνάζεσθαι,
1903 1657 1964 1710 οὐ

383 1734 788 1806 κατεδεξάμεθα
815 1733 1051 1798 δικάσαι,
1085 1735 1220 1788 ἀλλά
1252 1737 1390 1805 μετὰ
1412 1737 1614 1808 πολλῆς
1640 1738 1965 1811 παρῃτησά-

387 1820 526 1889 μεθα
550 1819 650 1889 τῆς
685 1817 1064 1890 σφοδρότητος.
1106 1819 1167 1872 '0
1207 1819 1284 1882 δέ,
1311 1819 1504 1892 ὥσπερ
1531 1824 1644 1884 τοῖς
1681 1822 1966 1894 προτέροις

384 1902 878 1972 ἐπαγωνιζόμενος,
911 1902 1001 1954 τὸν
1032 1903 1408 1972 ἀρχιδιάκονον
1439 1904 1674 1968 καλέσας
1702 1905 1793 1958 τὸν
1837 1905 1969 1975 ἐμὸν

385 1985 446 2050 ἐξ
487 1983 773 2047 αὐθεντίας
825 1982 1046 2054 πολλῆς,
1104 1984 1296 2057 ῶσπερ
1338 1987 1689 2059 χηρευσάσης
1724 1989 1826 2059 ήδη
1867 1989 1969 2059 τῆς

398 2066 727 2138 Ἐκκλησίας
756 2068 852 2121 καὶ
897 2066 998 2120 οὐκ
1040 2066 1276 2138 ἐχούσης
1308 2067 1628 2134 ἐπίσκοπον,
1659 2072 1724 2124 δι’
1757 2072 1967 2124 ἐκείνου

383 2151 475 2204 τὸν
514 2151 715 2222 κλῆρον
739 2150 916 2205 πάντα
941 2150 1079 2224 πρὸς
1103 2152 1296 2206 ἑαυτὸν
1325 2154 1677 2226 μετέστησεν.
1708 2157 1819 2209 Καὶ
1835 2155 1967 2209 ἀνά-

388 2251 570 2288 στατοι
630 2236 686 2287 αι
728 2233 1048 2304 Ἐκκλησίαι
1080 2235 1341 2303 ἐγίνοντο,
1373 2237 1740 2308 ἀπαγομένων
1777 2237 1883 2292 τῶν
1912 2240 1969 2291 ἐν

384 2317 592 2390 ἑκάστῃ
615 2315 918 2388 κληρικῶν,
965 2318 1059 2371 καὶ
1089 2319 1664 2391 παρασκευαζομένων
1694 2319 1972 2384 λιϐέλλους

383 2400 585 2454 διδόναι
615 2401 737 2454 καθ’
793 2401 972 2472 ἡμῶν,
1011 2402 1108 2456 καὶ
1149 2403 1286 2474 πρὸς
1320 2405 1658 2475 κατηγορίαν
1686 2404 1970 2477 ἀλειφομέ-

383 2502 509 2538 νων.
532 2487 642 2539 Καὶ
675 2486 849 2539 ταῦτα
885 2487 1142 2556 ποιήσας,
1191 2487 1410 2558 ἔπεμπε
1458 2489 1552 2541 καὶ
1576 2489 1760 2542 ἐκάλει
1785 2492 1865 2554 είς
1893 2491 1971 2544 δι-

385 2568 682 2639 καστήριον
705 2569 874 2638 ἡμᾶς,
898 2569 1108 2623 οὐδέπω
1130 2571 1229 2634 τὰς
1253 2569 1373 2623 καθ’
1409 2571 1598 2624 ἐαυτὸν
1627 2573 1972 2644 ἀποδυσάμε-

384 2669 473 2714 νος
508 2652 706 2716 αἰτίας·
742 2652 771 2706 ὅ
817 2653 1054 2724 μάλιστα
1091 2655 1190 2708 καὶ
1223 2653 1378 2726 παρά
1407 2654 1643 2718 κανόνας
1674 2657 1767 2708 καὶ
1818 2657 1972 2728 παρά

386 2733 596 2795 πάντας
647 2733 848 2804 νόμους
881 2732 972 2806 ἦν.
1041 2735 1180 2789 Ἀλλ’
1231 2739 1393 2806 ἡμεῖς
1444 2737 1764 2800 συνειδότες,
1799 2740 1881 2791 ὅτι
1909 2739 1970 2792 ού

393 2817 528 2886 πρὸς
556 2817 816 2889 δικαστὴν
841 2819 1222 2890 ἀφικνούμεθα
1247 2815 1304 2888 (ἦ
1327 2820 1439 2892 γάρ
1459 2821 1720 2890 μυριάκις
1742 2821 1807 2875 ἂν
1833 2839 1974 2894 παρ-

386 2900 742 2970 εγενόμεθα),
789 2901 926 2954 ἀλλά
968 2902 1106 2974 πρὸς
1157 2902 1352 2974 ἐχθρὸν
1397 2905 1492 2957 καὶ
1524 2904 1799 2975 πολέμιον,
1839 2905 1973 2960 καθ-

386 2986 530 3053 άπερ
575 2983 646 3036 τά
694 2982 1008 3055 ἐμπροσθεν
1033 2987 1127 3040 καὶ
1163 2986 1233 3040 τά
1280 2986 1420 3058 μετά
1473 2987 1646 3043 ταῦτα
1684 2989 1969 3060 ἐδήλωσεν,

387 3065 807 3139 ἀπεστάλκαμεν
834 3067 970 3140 πρὸς
988 3069 1153 3122 αὐτὸν
1178 3071 1530 3136 ἐπισκόπους,
1563 3071 1656 3126 τὸν
1694 3073 1974 3126 Πισινοῦν-

387 3169 475 3214 τος
512 3150 848 3224 Δημήτριον,
894 3152 987 3205 τὸν
1028 3155 1332 3226 Ἀπαμείας
1370 3155 1664 3220 Εὐλύσιον,
1715 3158 1807 3211 τὸν
1839 3159 1972 3212 Ἀπ-

389 3235 610 3306 πιαρίας
647 3236 1073 3291 Λουππικιανόν·
1131 3239 1540 3313 πρεσϐυτέρους
1584 3241 1642 3295 δέ
1694 3242 1973 3313 Γερμανὺν

389 3317 480 3370 καὶ
503 3317 760 3390 Σευῆρον,
795 3319 932 3388 μετά
964 3321 1064 3390 τῆς
1088 3323 1471 3394 προσηκούσης
1497 3327 1632 3395 ἡμῖν
1670 3326 1974 3392 ἐπιεικείας

389 3401 834 3472 ἀποκρινόμενοι,
871 3404 967 3456 καὶ
999 3402 1271 3471 λέγοντες,
1310 3406 1384 3477 μὴ
1419 3409 1800 3476 παραιτεῖσθαι
1854 3411 1974 3482 κρίο

388 3502 492 3546 σιν,
530 3482 644 3537 ἀλλ’
681 3483 876 3554 ἐχθρὸν
928 3486 1022 3538 καὶ
1056 3486 1315 3557 πολέμιον
1343 3490 1595 3558 φανερόν.
1648 3491 1709 3541 ’0
1746 3491 1856 3563 γάρ
1893 3492 1974 3546 λι-

386 3565 610 3629 ϐέλλους
651 3567 880 3637 μηδέπω
933 3567 1250 3638 δεξάμενος,
1286 3573 1382 3623 καὶ
1426 3571 1651 3624 τοιαῦτα
1677 3573 1741 3625 ἐκ
1783 3590 1973 3645 προοι-

391 3649 528 3717 μίων
551 3650 806 3720 ποιήσας,
840 3651 934 3705 καὶ
957 3652 1273 3725 ἀπορρήξας
1289 3654 1481 3708 ἐαυτὸν
1524 3655 1852 3728 Ἐκκλησίας
1880 3660 1974 3712 καὶ

389 3733 674 3796 κοινωνίας
706 3735 799 3788 καὶ
827 3734 1014 3806 εὐχῆς,
1055 3737 1152 3790 καὶ
1195 3738 1535 3810 κατηγόρους
1563 3739 1823 3809 ἀλείφων,
1877 3745 1974 3796 καὶ

389 3818 588 3888 κλῆρον
641 3815 922 3888 μεθιστὰς,
959 3818 1054 3873 καὶ
1095 3819 1428 3890 Ἐκκλησίας
1463 3822 1708 3892 ἐρημῶν,
1749 3824 1868 3888 πῶς
1905 3825 1972 3880 ἂν

388 3900 473 3970 εἴη
503 3901 710 3964 δίκαιος
747 3901 945 3954 ἐπὶτδν
988 3902 1084 3955 τοῦ
1140 3901 1399 3958 δικαστοῦ
1445 3905 1634 3976 θρόνον
1676 3907 1969 3978 ἀναϐῆναι,

385 3984 684 4054 οὐδαμόθεν
723 3983 873 4054 αὐτῷ
912 3987 1292 4058 προσήκοντας
1341 3987 1481 4042 Οὔτε
1537 3991 1646 4062 γάρ
1677 3991 1973 4048 ἀκόλουθον

384 4063 452 4137 ἦν
480 4067 572 4120 τὸν
607 4065 670 4133 ἐξ
715 4067 996 4137 Αἰγύπτου
1046 4072 1127 4134 εἰς
1177 4071 1401 4144 Θρᾴκην
1437 4073 1701 4140 δικάζειν,
1746 4077 1842 4129 καί.
1880 4078 1971 4130 τὸν

387 4150 688 4204 ὑπεύθυνον
742 4149 871 4206 ὄντα
919 4151 1127 4220 αἰτιῶν,
1180 4154 1274 4208 καὶ
1321 4155 1514 4228 ἐχθρὸν
1563 4157 1656 4211 καὶ
1687 4157 1967 4229 πολέμιον.

399 4233 534 4287 Ἀλλ’
572 4235 722 4304 ὅμως
759 4235 910 4289 οὐδὲν
935 4235 1140 4291 τούτων
1179 4237 1466 4304 αἰδεσθεὶς,
1498 4240 1613 4294 ἀλλ’
1645 4241 1782 4312 ὅπερ
1813 4241 1970 4296 ἐϐού-

387 4318 527 4381 λετο,
559 4317 1240 4392 πληρῶσαιέπειγόμενος,
1271 4323 1429 4394 ἡμῶν
1463 4324 1844 4394 δηλωσάντων,
1885 4327 1967 4380 ὅτι

387 4402 612 4470 ῗτοιμοι,
645 4400 740 4454 καὶ
765 4402 960 4455 ἑκατόν
996 4404 1090 4456 καὶ
1109 4404 1295 4475 χιλίων
1317 4405 1632 4460 ἐπισκόπων
1663 4410 1965 4480 παρόντων,

387 4482 758 4537 ἀποδύσασθαι
779 4483 852 4536 τά
892 4484 1240 4556 ἐγκλήματα,
1279 4488 1375 4540 καὶ
1405 4486 1575 4552 δεῖξαι
1605 4489 1766 4554 ὄντας
1795 4493 1968 4547 καθα-

390 4569 516 4632 ροὺς
548 4566 798 4630 ἑαυτοὺς,
839 4563 1029 4637 ῶσπερ
1070 4563 1162 4621 οὖν
1195 4569 1287 4620 καὶ
1317 4569 1505 4640 ἐσμὲν,
1554 4572 1655 4626 οὐκ
1691 4575 1972 4646 ἠνέσχετοε

389 4651 501 4704 ἀλλ’
535 4650 783 4704 ἀπόντων
815 4649 996 4722 ἡμῶν,
1029 4652 1121 4705 καὶ
1143 4650 1359 4706 σύνοδον
1390 4654 1851 4726 ἐπικαλουμένων,
1877 4661 1973 4714 καὶ

389 4735 568 4805 κρίσιν
605 4734 1023 4805 ἐπιζητούντων,
1067 4734 1162 4788 καὶ
1203 4734 1468 4806 ἀκρόασιν
1521 4736 1582 4790 ού
1641 4740 1968 4809 φευγόντων,

387 4817 504 4872 ἀλλ’
545 4815 846 4888 ἀπέχθειαν
908 4815 1169 4888 φανερὰν,
1203 4819 1298 4872 καὶ
1347 4820 1689 4892 κατηγόρους
1735 4823 1968 4895 ἐδέχετο,

387 4902 638 4964 καὶτοὺς
674 4901 807 4973 παρ’
841 4900 980 4972 ἐμοῦ
1033 4899 1351 4972 δεδεμένους
1404 4903 1584 4968 ἔλυσε,
1639 4904 1734 4960 καὶ
1790 4909 1970 4963 αὐτῶν

390 4986 609 5039 ἐκείνων
629 4977 848 5039 οὐδέπώ
875 4985 942 5040 τά
972 4986 1297 5058 ἐγκλήματα
1317 4988 1760 5062 ἀποδυσαμένων,
1787 4992 1971 5047 λιϐέλ-

385 5064 510 5134 λους
553 5068 847 5138 ἐλάμϐανε,
899 5070 991 5124 καὶ
1041 5070 1413 5144 ὑπομνήματα
1474 5073 1762 5145 ἔπραττεν,
1825 5075 1971 5152 άπερ

389 5152 603 5237 ᾶπαντα
635 5153 795 5237 παρὰ,
823 5152 1024 5237 θεσμόν
1061 5153 1156 5237 καὶ
1186 5157 1388 5212 κανόνα
1424 5159 1518 5211 καὶ
1542 5159 1859 5214 ἀκολουθίαν
1879 5157 1967 5237 ἦν.

393 5240 496 5289 ικαὶ
519 5235 593 5307 (τί
623 5236 733 5308 γὰρ
779 5235 861 5290 δεῖ
913 5235 1086 5290 πολλά
1133 5237 1373 5309 λέγεινς)
1420 5240 1522 5295 οὐκ
1551 5242 1765 5312 ἀπέστη
1795 5235 1971 5300 πάντα

391 5317 555 5369 ποιῶν
588 5319 682 5373 καὶ
712 5319 1255 5391 πραγματευόμενος,
1292 5322 1396 5387 ἐως
1435 5324 1583 5394 ἡμᾶς
1636 5326 1775 5396 μετὰ
1813 5327 1972 5382 δυνα-

393 5398 572 5483 στείας
598 5401 691 5483 καὶ
714 5403 1001 5467 αὐθεντίας
1024 5403 1242 5473 ἀπάσης
1274 5406 1369 5457 καὶ
1392 5406 1494 5475 τῆς
1515 5406 1723 5471 πόλεως
1750 5411 1844 5463 καὶ
1872 5412 1971 5483 τῆς

423 5480 725 5549 Εκκλησίας
753 5487 1024 5551 ἐξέϐαλεν
1057 5488 1152 5542 καὶ
1173 5488 1310 5558 πρὸς
1346 5489 1587 5559 ἑσπέραν
1619 5491 1856 5561 βαθεῖαν,
1872 5480 1968 5550 τοῦ

395 5564 454 5630 δή
464 5578 565 5631 μου
600 5564 800 5628 παντὸς
827 5569 956 5638 ἡμῖν
979 5568 1409 5640 συσσυ-ρομένου,
1425 5573 1715 5642 ἑλκόμενος
1746 5575 1851 5629 ὗπδ
1875 5579 1968 5632 τοῦ

397 5643 731 5732 κρυριωσσρῦ
760 5648 860 5717 τῆς
893 5651 1102 5714 πόλεως
1134 5653 1193 5705 ἐν
1227 5652 1369 5728 μέσῃ
1404 5657 1470 5725 τῇ
1501 5654 1673 5717 πόλει,
1709 5659 1803 5711 καὶ
1833 5660 1970 5732 πρὸς

397 5725 518 5794 βίαν
546 5725 841 5810 συρόμενος
873 5735 1209 5810 κατηγόμην,
1241 5725 1350 5790 καὶν
1368 5739 1450 5802 εἰς
1482 5737 1664 5793 πλοῖον
1685 5725 1969 5797 ἐνεϐαλλό-

403 5824 526 5875 μην,
565 5809 774 5863 καὶδιά
811 5812 1001 5877 νυκτὸς
1056 5809 1345 5882 ἀπέπλεον,
1393 5820 1514 5874 ἐπεὶ
1571 5820 1787 5877 σύνοδον
1829 5825 1965 5897 «ph;

2054 489 2276 563 ,δικαίαν
2303 490 2487 560 κρίσιν
2523 487 2770 544 ἐκάλουν.
2802 489 2897 552 Τίς
2929 487 2994 542 ἀν
3029 489 3199 543 ταῦτα
3230 489 3526 564 ἀδακρυτὶ,
3553 497 3659 552 κᾶν

2060 569 2268 641 λιθίνην
2299 571 2397 643 ἔχη
2430 571 2678 644 καρδίαν,
2708 572 2948 643 ἀκούσω
2987 570 3127 625 Ἀλλ’
3155 572 3364 644 ἐπειδὴ,
3403 577 3659 646 καθάπερ

2062 654 2233 737 ἔφθην
2259 653 2450 720 εἰπὼν,
2501 655 2562 708 ού
2602 655 2820 727 θρηνεῖν
2851 657 2932 709 δεῖ
2967 656 3147 728 μόνον,
3203 659 3340 711 ἀλλά
3379 663 3474 715 καὶ
3511 661 3659 737 διορ-

2063 736 2210 802 θοῦν,
2248 738 2347 809 τὴν
2386 739 2658 811 ὑμετέραν
2707 739 2931 810 ἀγάπην
2964 741 3272 810 παρακαλῶ
3297 736 3658 815 διαναστῆναι

2064 823 2160 876 καὶ
2189 823 2545 894 συναλγῆσαι,
2595 826 2688 878 καὶ
2726 825 2908 878 πάντα
2961 825 3210 895 ποιῆσαι,
3269 825 3412 881 ῶστε
3463 828 3652 898 στῆναι

2063 909 2222 960 ταυτὶ⁵
2252 908 2320 962 τά
2342 909 2506 963 κακά.
2546 909 2682 962 Οὐδέ
2711 911 2820 981 γάρ
2842 909 3078 963 ἐνταῦθα
3096 909 3163 963 τὰ
3178 911 3278 981 τῆς
3307 912 3658 983 παρανομίαι⁹

2066 990 2245 1044 αὐτῶν
2285 993 2600 1058 κατέλυσεν,
2638 992 2775 1046 ἀλλά
2821 993 2916 1044 καὶ
2953 991 3093 1062 μετά
3118 993 3292 1046 ταῦτα
3312 997 3427 1058 τοῖς
3457 994 3656 1066 προτέ-

2068 1091 2181 1143 ροις
2208 1075 2562 1129 ἐπαπεδύετο.
2602 1074 2823 1145 Ἐπειδὴ
2855 1077 2966 1146 γὰρ
3010 1079 3040 1130 ό
3079 1075 3470 1141 εὐσεϐέστατος
3502 1077 3658 1149 βασι⁶

2067 1156 2189 1220 λεὺς
2227 1158 2678 1228 ἐπιπηδήσαντας
2711 1160 2777 1230 τῇ
2826 1157 3124 1230 Ἐκκλησία
3157 1159 3527 1230 ἀναισχύντως
3562 1164 3658 1215 καὶ

2067 1238 2268 1303 ἀδίκως
2319 1239 2594 1305 ἐξέϐαλεν,
2634 1241 2730 1293 καί⁵
2761 1240 2947 1294 πολλοὶ
2979 1241 3088 1294 τῶν
3116 1243 3432 1296 ἐπισκόπων
3456 1242 3657 1308 ἰδόντες

2069 1321 2248 1375 αὐτῶν
2273 1323 2373 1393 τὴν
2424 1323 2770 1394 παρανομίαν
2824 1325 2905 1386 είς
2927 1323 2996 1376 τά
3026 1323 3236 1377 ἑαυτῶν
3275 1325 3656 1398 ἀνεχώρησαν⁹

2068 1406 2166 1475 τὴν
2191 1405 2377 1474 ἔφοδον
2405 1405 2583 1460 αὐτῶν
2619 1405 2809 1477 ῶσπερ
2837 1406 3014 1476 πυράν
3040 1406 3219 1460 πάντα
3252 1409 3658 1480 ἐπινεμομένην

2071 1488 2384 1558 φεύγοντες·
2412 1491 2576 1560 ἡμεῖς
2617 1489 2715 1560 μέν
2746 1489 2908 1543 πάλιν
2935 1491 3015 1554 εἰς
3039 1490 3139 1561 τὴν
3175 1492 3329 1544 πόλιν
3358 1493 3658 1546 ἀνεκαλοῦ-

2072 1573 2212 1644 μεθα
2245 1573 2340 1626 καὶ
2385 1576 2466 1637 είς
2489 1575 2588 1644 τὴν
2637 1574 2983 1643 Ἐκκλησίαν,
3024 1571 3094 1646 ἦς
3121 1575 3326 1639 ἀδίκως
3355 1575 3655 1648 ἐξεϐλήθη-

2071 1674 2193 1728 μεν,
2232 1657 2548 1712 ἐπισκόπων
2597 1673 2656 1710 τε
2696 1659 2845 1729 ἡμᾶς
2880 1658 3177 1731 τριάκοντα
3217 1661 3655 1730 εἰσαγαγόντων,

2068 1740 2278 1794 καὶτοῦ
2317 1739 2741 1794 θεοσεϐεστάτου
2783 1740 3046 1812 βασιλέως
3100 1743 3347 1814 νοτάριον
3394 1745 3474 1808 εἰς
3497 1743 3660 1798 τοῦτο

2069 1823 2510 1888 ἀποστείλαντος·
2539 1827 2746 1890 ἐκεῖνος
2789 1826 2847 1880 δέ
2897 1826 3295 1898 ἐδραπέτευσεν
3324 1827 3546 1893 εὐθέως,
3571 1827 3656 1882 τι-

2070 1925 2159 1970 νος
2200 1908 2388 1962 ἕνεκεν
2419 1910 2514 1961 καί⁵
2544 1908 2636 1964 διὰ
2663 1905 2740 1973 τί,
2789 1909 2864 1981 μὴ
2897 1910 3659 1978 γινώσκοντες..Εἰσελθόκηες

2069 1992 2162 2049 οὖν
2202 1995 2621 2068 παρεκαλοῦμεν
2649 1997 2742 2050 τόν
2789 1997 3206 2052 θεοσεϐέστατον
3241 1999 3484 2070 βασιλέα,
3531 1999 3662 2054 σύνο

2070 2079 2189 2132 οδον
2213 2083 2538 2148 συναγαγεῖν
2557 2082 2637 2144 εἰς
2660 2079 2904 2135 ἐκδικίαν
2921 2081 3030 2134 τῶν
3051 2085 3454 2154 γεγενημένων.
3476 2083 3651 2137 Συνεισ

2069 2161 2174 2225 δὼς
2205 2162 2383 2216 τοίνυν
2402 2163 2676 2235 ἀπέδρασε
2695 2167 2734 2221 '.
2760 2165 2856 2218 καὶ
2881 2165 2974 2218 τὸν
3003 2163 3224 2235 ἔλεγχον
3247 2163 3520 2229 δεδοικὼς,
3552 2165 3661 2220 τῶν

2071 2246 2416 2317 γραμμάτων
2440 2246 2548 2300 τῶν
2572 2245 2865 2317 βασιλικῶν
2890 2249 3162 2318 πανταχοῦ
3185 2248 3660 2320 διαπεμφθέντων,

2071 2330 2168 2383 καί
2202 2329 2541 2402 πανταχόθεν
2577 2330 2786 2394 πάντας
2830 2332 3267 2399 συναγαγόντων,
3290 2330 3469 2404 λάθρα
3498 2333 3664 2404 μέσον

2070 2414 2282 2467 νυκτῶν
2315 2416 2397 2479 είς
2428 2414 2654 2469 ἀκάτιον
2701 2415 2894 2468 ἑαυτὸν
2915 2415 3190 2486 ἐμϐαλὼν,
3225 2415 3399 2480 οὕτως
3423 2417 3658 2486 ἀπέδρα,

2075 2498 2194 2569 μεθ’
2240 2499 2437 2552 ἐαυτοῦ
2490 2499 2698 2564 πάντας
2739 2500 3104 2571 ἐπαγόμενος.
3157 2499 3297 2554 Ἀλλ’
3341 2503 3500 2572 ἡμεῖς
3541 2501 3662 2556 οὐδὲ

2070 2583 2246 2648 οὕτως
2267 2584 2610 2655 ἀπέστημεν,
2650 2583 2739 2637 διὰ
2783 2583 2843 2637 τὺ
2879 2583 2958 2654 τῷ
2988 2583 3253 2637 συνειδότι
3295 2584 3370 2655 τῷ
3407 2585 3664 2656 ἡμετέρῳ

2072 2668 2318 2740 θαρῤεῖν,
2354 2668 2424 2721 τά
2457 2667 2599 2721 αὐτά
2646 2667 2808 2722 πάλιν
2854 2666 3298 2738 παρακαλοῦντες
3316 2669 3406 2722 τὸν
3443 2669 3664 2722 εὐσεϐέ-

2075 2769 2268 2806 στατον
2305 2750 2550 2822 βασιλέα⁸
2585 2751 2646 2815 δς
2700 2753 2795 2827 καὶ
2847 2751 3128 2822 πρέποντα
3165 2751 3337 2804 ποιῶν
3379 2752 3545 2806 αὐτοῦ
3593 2756 3662 2824 τῇ

2074 2835 2345 2906 εὐσεϐείᾳ,
2381 2833 2596 2906 ἔπεμψε
2625 2834 2787 2889 πάλιν
2835 2833 2974 2905 πρὸς
3004 2834 3167 2888 αὑτὸν
3201 2837 3258 2888 ἐν
3285 2835 3438 2906 τάχει
3460 2833 3521 2900 ἐξ
3564 2837 3660 2889 Ai-

2074 2919 2284 2987 γύπτου
2329 2918 2557 2981 ἀνιέναι,
2597 2917 2844 2981 καὶτοὺς
2880 2920 2997 2988 μετ’
3052 2917 3218 2970 αὐτοῦ
3241 2919 3472 2983 πάντας,
3519 2917 3660 2971 ὥστε

2073 2999 2256 3054 δοῦναι
2283 3000 2441 3070 λόγον
2465 3001 2576 3054 τῶν
2599 3000 3004 3070 γεγενημένων,
3031 3002 3127 3053 καὶ
3155 2999 3228 3071 μὴ
3256 3000 3326 3054 τά
3353 3000 3551 3064 ἀδίκως
3574 3000 3663 3054 οὖ-

2074 3100 2181 3146 τως
2221 3085 2286 3136 ἐκ
2311 3084 2440 3154 μιᾶς
2476 3083 2672 3154 μοίρας
2705 3084 2799 3136 καὶ
2825 3082 3075 3138 ἀπόντων
3108 3082 3268 3153 ἡμῶν
3297 3082 3660 3154 τολμηθέντα,

2074 3169 2168 3222 καὶ
2221 3169 2372 3238 παρὰ
2409 3166 2701 3230 τοσούτους
2756 3168 3022 3232 κανόνας,
3068 3167 3308 3238 νομίζειν
3347 3168 3539 3238 ἀρκεῖν
3581 3170 3664 3232 είς

2073 3251 2370 3319 ἀπολογίαν
2421 3249 2608 3303 αὐτοῦ.
2656 3251 2712 3303 '0
2762 3249 2818 3302 δὲ
2871 3249 2992 3303 οὐδέ
3044 3249 3338 3319 βασιλικῶν
3402 3251 3664 3320 ἠνέσχετο

2072 3337 2436 3408 γραμμάτων,
2457 3334 2573 3388 ἀλλ’
2599 3335 2791 3405 ἔμενεν
2818 3335 2978 3398 οἶκοι,
3008 3334 3445 3404 προϐαλλόμενος
3471 3336 3662 3389 στάσιν

2071 3419 2165 3472 τοῦ
2194 3419 2390 3487 δήμου,
2428 3420 2522 3472 καὶ
2563 3416 2800 3488 σπουδὴν
2849 3413 3075 3489 ἄκαιρόν
3122 3434 3283 3471 τινων
3315 3417 3478 3487 δῆθεν
3529 3418 3662 3471 ἀντ-

2075 3502 2348 3572 εχομένων
2382 3500 2570 3556 αὐτοῦ·
2603 3500 2844 3571 καίτοιγε
2883 3502 2989 3575 πρὸ
3027 3501 3135 3555 τῶν
3165 3502 3509 3573 γραμμάτων
3551 3503 3661 3556 τῶν

2077 3583 2371 3656 βασιλικῶν
2420 3584 2580 3647 αὐτὸς
2620 3581 2775 3648 οὗτος
2811 3587 2840 3638 ό
2889 3584 3063 3655 δῆμος
3110 3585 3335 3654 μυρίαις
3383 3584 3546 3637 αὐτὸν
3591 3581 3662 3656 ἦν

2074 3668 2279 3732 πλύνας
2307 3667 2620 3741 λοιδορίαις.
2688 3666 2827 3721 Ἀλλ’
2874 3669 2934 3721 οὐ
2978 3668 3150 3722 ταῦτα
3181 3668 3662 3740 περιεργαζόμεθα

2072 3753 2186 3818 νῦν,
2223 3753 2337 3806 ἀλλ’
2388 3755 2564 3808 ἐκεῖνο
2614 3752 2785 3817 δεῖξαι
2832 3753 3165 3823 βουλόμενοι,
3213 3753 3294 3805 ὅτι
3336 3754 3664 3821 κακουργῶν

2071 3837 2358 3910 ἀπελήφθη
2383 3850 2434 3901 ι,
2466 3837 2618 3890 ταῦτ’
2643 3839 2966 3908 εἰρήκαμεν.
2998 3837 3143 3907 Πλὴν
3163 3835 3285 3890 οὐδὲ
3320 3835 3459 3907 μετὰ
3486 3837 3660 3890 ταῦτα

2072 3923 2231 3992 ἡμεῖς
2260 3921 2642 3991 ἡσυχάσαμεν,
2669 3921 2784 3973 ἀλλ’
2819 3919 3172 3990 ἐπεκείμεθα,
3214 3920 3492 3986 ἀξιοῦντες
3515 3920 3664 3974 δικα-

2074 4006 2292 4075 στήριον
2315 4004 2687 4073 γενέσθαικαὶ
2719 4004 2900 4074 κρίσιν
2934 4005 2962 4044 δ
2993 4004 3085 4058 καὶ
3112 4004 3422 4075 ἀπόκρισιν·
3453 4003 3663 4074 ἕτοιμοι

2053 4089 2179 4159 -γὰρ
2202 4084 2344 4159 ἦμεν
2360 4087 2529 4151 δεῖξαι
2546 4086 2773 4150 ἑαυτούς
2793 4104 2852 4140 τε
2872 4087 3196 4151 ἀνευθύνους
3210 4087 3386 4153 ὄντας,
3419 4088 3666 4153 ἐκείνους

2070 4172 2128 4223 δέ
2158 4171 2226 4223 τὰ
2283 4171 2486 4240 ἔσχατα
2524 4171 3044 4241 παρανομήσαντας.
3079 4168 3258 4224 Ἦσαν
3297 4171 3355 4224 δέ
3400 4172 3492 4225 καί
3517 4188 3660 4235 τινες

2074 4253 2234 4325 Σύροι
2261 4255 2370 4308 τῶν
2408 4254 2530 4308 τότε
2579 4253 2696 4324 μετ’
2722 4254 2885 4307 αὐτοῦ
2922 4255 3206 4326 παρόντων
3256 4254 3491 4309 ἐνταῦθα
3522 4257 3661 4308 ἀπο-

2073 4337 2404 4406 λειφθέντες,
2427 4337 2476 4392 οἳ
2506 4339 2659 4408 κοινῇ
2711 4339 2827 4408 μετ’
2855 4337 3019 4392 αὐτοῦ
3053 4337 3113 4391 τὸ
3147 4339 3254 4392 πᾶν
3285 4337 3661 4410 ἐδραματούρς-

2073 4439 2267 4492 γησαν.
2297 4422 2406 4476 Καὶ
2441 4421 2578 4493 πρὸς
2626 4420 2852 4485 τούτους
2895 4421 3107 4492 ἐτοιμοι
3153 4416 3294 4492 ἦμεν
3323 4421 3659 4486 δικάζεσθαι,

2073 4506 2166 4559 καί¹
2186 4504 2501 4568 πλειστάκις
2524 4503 2909 4574 ἐνωχλήσαμεν
2927 4505 3066 4574 ὑπὲρ
3087 4504 3301 4569 τούτου,
3327 4503 3602 4570 ἀξιοῦντες
3623 4505 3658 4576 ἢ

2071 4589 2441 4660 ὑπομνήματα
2469 4589 2600 4658 ἡμῖν
2620 4587 2864 4660 δοθῆναι,
2890 4587 2922 4657 ἢ
2946 4587 3222 4650 λιϐέλλους
3255 4587 3598 4658 κατηγόρων,
3621 4589 3656 4658 ἡ

2071 4673 2263 4742 φύσεις
2288 4673 2650 4743 ἐγκλημάτων
2668 4672 3056 4743 γνωρισθῆναι,
3081 4672 3114 4743 ἢ
3147 4673 3344 4735 αὐτοὺς
3369 4673 3493 4735 τοὺς
3521 4689 3658 4725 κατ⁶

2072 4759 2323 4828 ηγόρους’
2354 4759 2450 4810 καὶ
2477 4757 2691 4821 οὐδενὸς
2737 4757 2942 4811 τούτων
2987 4755 3271 4826 ἐτύχομεν,
3312 4755 3445 4809 ἀλλά
3498 4756 3661 4811 πάλιν

2071 4839 2389 4912 ἐξώσθημεν
2439 4839 2538 4910 τῆς
2593 4839 2911 4910 ἐκκλησίας.
2983 4839 3111 4904 Πῶς
3158 4840 3224 4894 ἂν
3286 4839 3354 4893 τά
3405 4838 3658 4893 ἐντεῦθεν

2069 4923 2391 4996 διηγήσαιμι
2417 4934 2438 4962 ε
2465 4923 2650 4977 λοιπὸν
2682 4925 2860 4976 πᾶσαν
2896 4922 3294 4992 ὑπερϐαίνοντα
3317 4921 3655 4994 τραγῳδίανς

2070 5007 2154 5071 τίς
2180 5006 2356 5060 ταῦτα
2382 5010 2726 5078 παραστήσει
2750 5006 2938 5075 λόγος;
2971 5005 3101 5059 ποία
3133 5005 3304 5076 χωρὶς
3342 5004 3544 5075 φρίκης
3571 5003 3658 5058 δέ·

2073 5089 2410 5160 ξεταιάκοὴ;
2459 5088 2648 5160 Ἣμῶν
2691 5088 2800 5160 γάρ
2849 5088 2990 5142 αὐτά
3035 5087 3228 5150 ταῦτα,
3265 5089 3406 5158 ᾶπερ
3449 5086 3656 5158 ἔμπρο-

2072 5173 2196 5226 σθεν
2229 5171 2401 5237 εἷπον,
2433 5173 2845 5244 προτεινόντων,
2879 5171 3077 5242 ἁθρόον
3119 5169 3466 5242 στρατιωτῶν
3517 5170 3656 5240 πλῆ-

2071 5255 2160 5320 θος
2186 5255 2334 5324 αὐτῷ
2365 5255 2441 5326 τῷ
2476 5256 2696 5328 μεγάλῳ
2725 5254 3006 5322 Σαϐϐάτῳ,
3037 5255 3173 5325 πρὸς
3208 5254 3444 5323 ἐσπέραν
3470 5253 3657 5308 λοιπὸν

2068 5338 2170 5409 τῆς
2191 5339 2404 5410 ἡμέρας
2425 5340 2812 5409 ἐπειγομένης,
2829 5341 2949 5402 ταῖς
2969 5337 3288 5408 ἐκκλησίαις
3312 5336 3654 5404 ἐπεισῆλθον,

2069 5424 2159 5476 τόν
2197 5440 2256 5476 τε
2287 5423 2484 5494 κλῆρον
2521 5423 2740 5478 ἅπαντα
2795 5423 2886 5475 τὸν
2919 5422 3016 5476 σὺν
3059 5423 3189 5493 ἡμῖν
3238 5421 3373 5492 πρὸς
3403 5419 3521 5490 βίαν
3566 5420 3656 5487 ἐξ⁸

2068 5504 2281 5572 έϐαλον,
2307 5507 2400 5560 καὶ
2432 5505 2618 5570 ὅπλοις
2647 5505 2709 5559 τὺ
2737 5505 2890 5576 βῆμα
2927 5504 3402 5575 περιεστοιχίζετο·
3431 5502 3527 5558 καὶ
3559 5519 3652 5573 γυ-

2131 5657 2152 5720 ξ
2174 5657 2262 5720 12d,
2289 5659 2408 5720 ᾇπερ
2427 5658 2602 5720 έδραισι
2618 5659 2821 5706 rectius.

2132 5718 2160 5780 f
2185 5717 2318 5780 de..a‘z
2334 5717 2564 5780 πέλὴῴθῃ,
2584 5731 2696 5780 qua:
2722 5723 2802 5768 est.
2825 5730 2938 5768 νει-ο
2958 5717 3125 5768 lectio.

2130 5777 2159 5820 δ
2187 5777 2277 5828 Ed.
2302 5779 2427 5827 κατὰ
2444 5777 2628 5827 πεῦσιν.

2133 5841 2154 5870 ⁸
2178 5839 2263 5888 Ed.
2290 5837 2619 5900 Emmqafpm,
2643 5838 2789 5888 bene.
