4018 6436
294 367 328 420 9
1295 354 1382 413 DE
1427 357 1579 415 VITA
1617 357 1676 416 s.
1714 359 1993 420 JOANNIS
2027 363 2516 426 cunvsosrom.
3519 389 3580 437 Hi

300 479 448 546 iustae
469 474 617 529 illius
643 467 960 526 on'ensionis
983 467 1552 538 invenire-possemus;
1574 481 1805 528 attamen
1820 473 1893 528 fa-

303 571 500 625 cientes
525 564 580 620 id
607 562 753 635 quod
773 562 1127 630 nosmetipsos
1153 561 1396 627 decebat,
1420 572 1475 619 et
1491 564 1702 620 assidue
1719 567 1892 636 ipsum

301 659 655 716 adhortantes
694 663 754 711 ut
789 652 1204 724 congrederetur
1243 653 1568 719 nobiscum,
1593 664 1657 710 et'
1692 657 1895 713 diceret

307 769 406 824 qua
426 752 495 808 de
514 765 675 808 causa
702 749 880 804 statim
905 746 973 802 ab
997 747 1146 802 initio
1168 755 1371 803 tantum
1395 747 1594 804 bellum
1617 748 1896 805 accendis-

306 854 406 909 set,
438 852 709 912 tantaeque
731 839 930 896 civitati
952 839 1238 895 excitasset
1261 839 1590 896 scandalum.
1612 840 1743 896 Cum
1765 857 1892 897 vero

308 951 478 1006 neque
495 935 610 1005 ipse
631 945 848 989 causam
871 929 1054 986 dicere
1073 930 1273 997 voluit,
1306 939 1360 986 et
1391 943 1637 1003 urgerent
1657 932 1773 1003 ejus
1802 948 1892 989 ac-

307 1037 600 1093 cusatores,
632 1040 730 1081 nos
759 1025 812 1081 in
843 1023 1149 1080 ulteriorem
1188 1023 1334 1080 urbis
1383 1025 1654 1096 regionem
1681 1027 1772 1082 ubi
1801 1025 1894 1082 de-

307 1121 484 1190 gebat,
517 1117 786 1188 piissimus
831 1115 1125 1186 Imperator
1160 1115 1434 1181 evocavit,
1476 1125 1636 1187 atque
1677 1132 1892 1173 causam

309 1210 424 1276 ejus
444 1207 605 1278 jussit
621 1205 824 1262 audire.
849 1205 984 1261 Nam
1009 1214 1066 1261 et
1085 1206 1429 1278 irruptionem
1445 1217 1500 1262 et
1517 1207 1695 1264 caedes
1711 1219 1765 1264 et
1783 1208 1884 1264 alia

311 1302 587 1354 innumera
615 1297 956 1368 objiciebant.
988 1297 1093 1354 Sed
1123 1311 1221 1352 nos
1253 1299 1345 1368 qui
1374 1307 1430 1356 et
1462 1299 1610 1370 leges
1643 1308 1849 1371 patrum
1873 1340 1890 1366 ,

309 1404 362 1445 et
382 1391 552 1445 virum
580 1388 783 1444 honore
805 1403 868 1443 ac
890 1388 1186 1444 reverentia
1210 1403 1678 1459 prosequeremur,
1698 1391 1897 1448 haben-

312 1493 390 1537 tes
427 1480 590 1537 etiam
628 1494 790 1549 super
815 1478 914 1534 hac
940 1493 1000 1534 re
1027 1479 1144 1548 ejus
1169 1479 1371 1547 literas,
1395 1481 1509 1537 Non
1531 1492 1781 1553 oportere
1803 1484 1893 1554 ju-

313 1572 447 1627 «licia
474 1579 624 1626 extra
649 1570 845 1625 limites
877 1569 1036 1634 trahi,
1066 1569 1158 1625 sed
1205 1571 1260 1625 in
1304 1571 1433 1640 ipsis
1473 1573 1764 1641 provinciis
1807 1589 1895 1629 res

314 1663 662 1733 provinciales
710 1661 1014 1718 tractandas
1060 1676 1212 1729 esse;
1259 1677 1364 1719 non
1404 1664 1574 1718 solum
1635 1664 1892 1734 judicium

314 1771 417 1811 non
485 1755 714 1811 obiimus
750 1796 766 1822 ,
822 1753 918 1809 sed
977 1752 1441 1810 vehementissime
1510 1755 1890 1811 recusavimus.

315 1846 478 1900 Porro
517 1845 639 1910 ille,
685 1843 835 1915 quasi
873 1858 994 1899 cum
1034 1843 1300 1913 prioribus
1343 1853 1586 1910 certans,
1617 1854 1771 1901 vocat
1803 1861 1892 1899 ar-

313 1936 678 1991 chidiaconum
728 1950 905 1991 meum
953 1949 1142 2006 magna
1187 1949 1309 1993 eum
1354 1936 1704 2003 auctoritate,
1743 1939 1891 2007 quasi

311 2032 417 2099 jam
468 2028 625 2086 vidua
664 2037 809 2084 esset
848 2027 1088 2084 Ecclesia
1129 2043 1228 2084 nec
1272 2028 1580 2098 episcopum
1628 2027 1889 2084 haberet:

316 2138 408 2190 per
438 2121 608 2187 illum,
641 2121 845 2177 clerum
872 2134 1088 2175 omnem
1111 2119 1164 2175 in
1189 2133 1249 2175 se
1274 2120 1568 2175 transtulit.
1608 2120 1894 2177 Subverte-

315 2215 503 2269 bantur
543 2212 816 2279 Ecclesiae,
843 2226 962 2266 cum
997 2210 1389 2268 abducerentur
1413 2213 1741 2282 singularum
1778 2213 1891 2269 cle-

316 2305 426 2371 rici,
457 2313 514 2360 et
548 2305 966 2361 subornarentur
988 2310 1045 2358 ut
1067 2302 1322 2358 adversus
1350 2317 1449 2358 nos
1472 2303 1681 2358 libellos
1703 2302 1894 2359 darent

313 2409 365 2452 et
387 2397 455 2452 ad
483 2397 875 2453 accusationem
901 2396 1321 2467 accingerentur.
1355 2396 1448 2450 llis
1473 2396 1635 2460 actis,
1667 2395 1811 2449 misit
1838 2404 1893 2450 et

315 2491 520 2546 vocavit
547 2504 645 2546 nos
666 2490 718 2544 in
737 2489 1016 2559 judicium,
1043 2487 1274 2543 nondum
1299 2487 1536 2558 purgatis
1563 2502 1680 2557 quzc
1700 2486 1891 2542 adver-

312 2596 404 2636 sus
430 2595 490 2637 se
516 2590 668 2636 erant
695 2579 1004 2636 criminibus
1034 2597 1047 2632 :
1075 2578 1218 2649 quod
1248 2578 1478 2633 maxime
1517 2586 1699 2632 contra
1725 2591 1894 2634 cano-

315 2689 406 2728 nes
430 2683 486 2728 et
506 2682 690 2727 contra
719 2671 864 2742 leges
885 2685 1072 2726 onmes
1089 2680 1223 2726 erat.
1256 2669 1361 2727 Sed
1387 2687 1484 2725 nos
1506 2669 1727 2734 conscii,
1749 2670 1890 2740 quod

315 2780 416 2818 non
443 2762 509 2819 ad
539 2763 774 2833 judicem
798 2761 1006 2817 venturi
1033 2775 1245 2816 eramus
1277 2759 1549 2831 (alioquin
1577 2760 1777 2816 millies
1793 2761 1890 2816 ad-

314 2855 639 2925 fuissemus),
671 2853 766 2910 sed
793 2852 860 2908 ad
885 2852 1155 2907 inimicum
1177 2861 1230 2907 et
1255 2853 1495 2906 hostem:
1525 2851 1577 2906 id
1601 2849 1741 2921 quod
1764 2851 1892 2906 satis

312 2946 582 3002 declarant
627 2960 745 3015 quae
790 2952 846 3000 et
885 2943 1030 3014 prius
1077 2951 1131 2998 et
1179 2942 1516 3012 postmodum
1560 2951 1678 2996 acta
1723 2950 1889 2997 sunt:

315 3037 554 3092 misimus
599 3035 667 3092 ad
705 3050 827 3091 eum
871 3035 1173 3104 episcopos,
1216 3033 1541 3088 Demetrium
1584 3033 1890 3102 episcopum

314 3129 629 3193 l'isinuntis,
665 3127 936 3199 Eulysium
963 3126 1572 3197 episcopum-Apama,
1613 3124 1892 3193 Luppicia—

312 3236 435 3275 num
463 3219 726 3292 Appiariae
758 3236 772 3273 :
801 3217 1140 3288 presbyteros
1173 3226 1350 3270 autem
1371 3214 1696 3270 Germanum
1724 3223 1774 3270 et
1796 3214 1890 3270 Se-

312 3327 518 3377 verum,
544 3309 880 3366 convenienti
909 3308 1064 3364 nobis
1089 3308 1347 3363 modestia
1378 3306 1793 3378 reSpondentes,
1827 3320 1890 3361 ac

310 3404 582 3468 dicentes,
624 3416 723 3458 nos
765 3416 868 3457 non
910 3400 1162 3471 defugere
1184 3399 1461 3470 judicium,
1489 3398 1583 3454 sed
1618 3397 1888 3454 inimicum

313 3506 556 3566 apertum
580 3504 738 3565 atque
765 3493 973 3548 hostem
998 3493 1356 3548 manifestum.
1385 3490 1516 3545 Nam
1537 3490 1626 3560 qui
1655 3488 1888 3546 nondum

309 3588 538 3657 acceptis
567 3585 759 3642 libellis
786 3586 963 3642 statim
999 3585 1067 3639 ab
1111 3584 1264 3640 initio
1306 3583 1424 3638 talia
1471 3583 1708 3650 fecisset,
1737 3591 1791 3636 et
1824 3582 1890 3637 ab

311 3679 548 3734 Ecclesia
571 3679 807 3748 seipsum
830 3677 1152 3747 abrupisset,
1183 3691 1212 3729 a
1239 3674 1634 3743 communione,
1668 3690 1696 3728 a
1727 3673 1890 3744 preci.-

308 3768 436 3834 bns;
482 3777 817 3824 accusatores
858 3767 1158 3832 instruens,
1204 3766 1404 3820 clerum
1446 3765 1511 3820 ad
1549 3779 1608 3820 se
1651 3764 1885 3829 trahens,

307 3861 571 3918 Ecclesias
590 3861 836 3917 desolans
867 3879 880 3914 :
907 3858 1173 3930 quomodo
1196 3857 1386 3928 dignus
1414 3865 1578 3923 esset,
1607 3856 1700 3927 qui
1729 3857 1780 3910 in
1805 3856 1896 3926 ju-

306 3955 441 4010 dicis
463 3953 710 4010 thronum
751 3952 880 4008 nihil
925 3951 993 4007 ad
1031 3966 1090 4007 se
1125 3951 1479 4021 pertinentem
1505 3949 1890 4004 adscenderet?

307 4044 421 4100 Non
451 4044 594 4100 enim
627 4052 1046 4100 consentaneum
1081 4056 1220 4107 esse,
1256 4050 1313 4096 ut
1336 4041 1427 4096 ille
1451 4041 1540 4111 qui
1565 4056 1631 4096 ex
1658 4039 1897 4111 Egypto

306 4144 471 4202 esset,
501 4136 556 4190 in
574 4135 798 4190 Thracia
815 4133 1099 4203 judicaret,
1130 4132 1242 4202 ipse
1263 4130 1574 4186 criminibus
1599 4130 1886 4196 obnoxius,

307 4229 552 4285 inimicus
583 4237 742 4298 atque
783 4227 972 4282 hostis.
1001 4225 1390 4281 Verumtamen.
1422 4223 1554 4278 nihil
1581 4223 1671 4278 ille
1697 4221 1893 4278 horum

305 4320 586 4382 reveritus,
619 4319 711 4373 sed
756 4332 948 4387 urgens
986 4315 1126 4386 quod
1167 4313 1388 4383 implere
1434 4323 1725 4377 statuerat,
1766 4329 1897 4368 cum

304 4411 726 4466 declarassemus
761 4418 971 4478 paratos
1014 4421 1113 4461 nos
1154 4421 1274 4461 esse
1307 4405 1515 4460 diluere
1539 4405 1761 4460 crimina
1794 4421 1888 4459 co-

303 4517 419 4558 ram
443 4510 657 4557 centum
681 4509 735 4554 et
752 4500 898 4554 mille
917 4497 1201 4568 episcopis,
1225 4506 1278 4552 et
1299 4509 1467 4566 puros
1481 4495 1555 4550 ab.
1568 4495 1713 4549 omni
1735 4494 1888 4566 culpa

309 4608 410 4648 nos
436 4591 740 4658 ostendere,
773 4601 830 4645 ut
855 4604 1040 4645 revera
1080 4603 1264 4644 sumus
1302 4605 1314 4641 :
1352 4601 1467 4642 non-
1505 4587 1624 4641 tulit
1657 4586 1765 4651 ille,
1794 4584 1887 4640 sed

302 4683 459 4738 nobis
485 4681 792 4737 absentibus
814 4691 869 4736 et
891 4679 957 4734 ad
983 4679 1246 4750 synodum
1273 4677 1668 4748 appellantibus
1703 4691 1765 4730 ac
1797 4674 1888 4744 ju-

301 4773 497 4828 dicium
516 4771 868 4842 ﬂagitantibus
887 4810 904 4837 ,
934 4785 1035 4825 nec
1059 4769 1384 4824 auditionem
1420 4767 1762 4840 fugientibus,
1795 4763 1888 4822 sed

301 4866 643 4922 manifestum
667 4865 847 4920 odium
869 4905 884 4929 ,
916 4865 1029 4935 ipse
1053 4871 1390 4917 accusatores
1415 4860 1650 4924 admisit,
1674 4869 1728 4915 et
1753 4873 1886 4928 quos

302 4964 589 5032 ligaveram
630 4960 820 5026 solvit,
851 4967 1010 5028 atque
1030 4957 1097 5011 ab
1119 4955 1242 5019 illis,
1275 4955 1361 5024 qui
1391 4953 1610 5007 crimina
1639 4967 1734 5006 sua
1757 4967 1888 5004 ιιυιι-

299 5053 425 5106 dum
476 5052 770 5115 exuissent,
819 5048 1027 5103 libellos
1075 5045 1298 5114 accepit,
1345 5052 1406 5098 et-
1441 5052 1555 5096 acta
1609 5040 1883 5096 confecit:

299 5161 420 5214 qua:
446 5144 623 5198 omnia
644 5151 696 5198 et
724 5151 906 5198 contra
933 5140 1022 5209 jus
1051 5149 1104 5192 et
1129 5145 1315 5192 contra
1341 5150 1574 5190 canones
1601 5143 1656 5187 et
1680 5147 1887 5187 morem

297 5247 474 5292 erant.
538 5236 604 5291 Et
651 5235 777 5305 quid
823 5235 1011 5289 attinet
1057 5231 1208 5304 plura
1255 5229 1481 5284 dicere?
1530 5244 1636 5283 non
1685 5225 1888 5281 destitit

300 5332 478 5384 omnia
509 5330 682 5384 facere
701 5343 764 5382 ac
792 5328 985 5392 moliri,
1013 5325 1185 5382 donec
1209 5337 1307 5378 nos
1326 5337 1423 5392 per
1438 5323 1544 5376 vim
1565 5336 1628 5376 ac
1649 5322 1885 5393 tyranni-

300 5439 419 5477 eam
448 5421 866 5477 dominationem
910 5436 941 5476 e
977 5419 1191 5473 civitate
1231 5424 1389 5485 atque
1433 5413 1669 5468 Ecclesia
1709 5412 1900 5481 ejeeit..

305 5515 468 5583 Igitur
493 5511 818 5583 procedente
839 5510 949 5580 jam
973 5522 1196 5578 vespere
1216 5546 1230 5570 ,
1252 5519 1374 5560 cum
1401 5519 1500 5558 nos
1527 5502 1700 5557 omnis
1722 5516 1891 5570 popu-

303 5606 385 5657 lus
415 5603 786 5667 comitaretur,
819 5609 1017 5657 tractus
1053 5614 1081 5653 a
1115 5597 1340 5654 Curioso
1366 5595 1512 5650 urbis
1541 5609 1633 5662 per
1660 5591 1888 5647 mediam

303 5696 572 5750 civitatem
604 5694 652 5748 vi
676 5693 931 5759 abdueor,
959 5699 1016 5746 et
1049 5690 1098 5744 in
1140 5687 1313 5744 navim
1354 5683 1627 5754 conjicior,
1657 5691 1711 5736 et
1732 5689 1888 5735 noctu

306 5789 605 5856 abnavigo,
643 5787 763 5854 quia
805 5783 1064 5854 synodum
1099 5780 1168 5836 ad.
1191 5779 1388 5859 justum
1419 5774 1673 5848 judicium
1709 5773 1887 5842 appel-

1998 477 2194 534 labam.
2224 481 2353 547 Quis
2374 482 2488 538 haee
2514 485 2628 540 sine
2655 486 2921 558 laerymis,
2949 491 3110 546 etiam
3135 493 3177 546 si
3199 509 3290 548 cor
3310 496 3575 564 lapideum

1999 573 2210 642 habeat,
2243 575 2503 632 audierit?
2528 578 2724 634 Verum
2753 583 2893 652 quia,
2924 585 3058 640 sicut
3099 589 3243 656 prius
3287 590 3392 644 dixi
3415 634 3428 656 ,
3473 607 3575 645 non

1997 666 2172 722 solum
2217 668 2494 725 lamentari
2528 682 2756 741 oportet,
2791 675 2885 730 sed
2921 686 2973 731 et
2997 655 3317 745 emendare;
3350 684 3577 739 obsecro
3614 655 3622 668 I

1997 763 2271 818 caritatem
2302 773 2534 821 vestram
2560 807 2576 831 ,
2621 775 2678 820 ut
2719 780 2966 838 exsurgat
3002 780 3054 825 et
3089 774 3389 840 condoleat,
3420 787 3574 844 atque
3617 797 3627 811 -

1998 852 2175 907 omnia
2205 853 2393 921 faciat,
2427 865 2483 910 ut
2521 857 2655 911 mala
2698 857 2812 913 h:r.c
2852 861 3058 914 sistant.
3109 863 3289 934 Neque
3317 867 3458 920 enim
3493 867 3576 918 hic
3617 891 3620 894 -

1998 942 2248 1012 iniquitas
2285 958 2467 1000 eorum
2510 950 2674 1012 stetit,
2719 949 2811 1004 sed
2857 950 2922 1004 ad
2971 952 3144 1022 priora
3181 955 3488 1024 adjecerunt
3526 970 3574 1010 et

1996 1033 2117 1089 alia.
2171 1034 2456 1107 Postquam
2500 1039 2642 1094 enim
2691 1040 2957 1109 piissimus
3004 1042 3297 1114 Imperator
3329 1062 3442 1111 eos,
3486 1052 3574 1117 qui

2000 1124 2288 1181 Ecclesiam
2324 1128 2657 1198 impudenter
2682 1140 2839 1201 atque
2875 1132 3069 1202 injuste
3106 1135 3438 1204 invaserant,
3461 1139 3573 1206 eje-

1997 1217 2090 1282 cit,
2117 1229 2169 1274 et
2192 1219 2339 1274 multi
2367 1220 2602 1292 episcOpi
2647 1224 2756 1278 visa
2799 1239 2984 1279 eorum
3027 1227 3363 1296 improbitate
3387 1230 3450 1282 ad
3479 1246 3572 1285 sua

1998 1307 2290 1378 rediertmt,
2309 1309 2561 1380 impetum
2587 1327 2771 1368 eorum
2791 1314 2948 1369 veluti
2968 1316 3266 1372 incendium
3285 1321 3460 1373 omnia
3475 1320 3543 1374 de
3559 1354 3572 1362 -

1999 1413 2220 1468 pascens
2241 1398 2500 1471 fugientes
2522 1420 2535 1457 :
2559 1418 2658 1459 nos
2675 1403 2886 1474 quidem
2910 1407 3099 1462 iterum
3131 1407 3181 1462 in
3213 1408 3400 1464 urbem
3420 1419 3577 1478 atque

1998 1491 2050 1545 in
2077 1492 2388 1560 Ecclesiam,
2428 1510 2460 1551 e
2501 1511 2602 1565 qua
2650 1498 2842 1568 injuste
2884 1514 3097 1556 eramus
3129 1501 3306 1572 ejecti,
3345 1506 3575 1559 revocati

1997 1597 2199 1648 sumus,
2227 1584 2595 1642 inducentibus
2615 1603 2712 1643 nos
2731 1589 2994 1660 episcopis
3018 1593 3250 1663 triginta,
3267 1602 3323 1651 et
3341 1595 3579 1665 piissimo

1999 1669 2321 1740 lmperatore
2347 1676 2438 1746 qui
2477 1676 2750 1735 Notarium
2779 1681 2846 1736 ad
2873 1681 2924 1737 id
2952 1683 3172 1738 miserat
3199 1701 3213 1738 :
3251 1683 3578 1757 TheOpbilus

1997 1777 2124 1818 vero
2163 1765 2340 1821 statim
2382 1767 2602 1839 aufugit,
2647 1786 2742 1826 cur
2778 1781 2830 1826 et
2867 1788 2969 1843 qua
2994 1773 3060 1829 de
3086 1791 3144 1830 re
3171 1778 3454 1834 nescimus.
3496 1778 3578 1833 ln-

1997 1856 2161 1926 gressi
2204 1856 2362 1926 igitur
2401 1858 2810 1917 obsecrabamus
2845 1863 3141 1932 piissimum
3178 1867 3574 1937 Imperatorem,

1998 1954 2055 1999 ut
2079 1946 2339 2014 synodum
2369 1957 2582 2019 cogeret
2603 1950 2668 2004 ad
2689 1951 2973 2008 vindictam
3000 1969 3182 2010 eorum
3217 1973 3336 2027 quae
3375 1966 3585 2027 patrata-

1995 2044 2166 2089 erant.
2194 2035 2451 2093 Conscius
2474 2054 2601 2110 ergo
2629 2039 2885 2097 factorum
2912 2057 3130 2100 suorum
3161 2045 3502 2116 Theophilus,
3527 2060 3576 2103 et

1997 2127 2464 2196 reprehensionem
2508 2132 2701 2188 veritus
2726 2172 2741 2198 ,
2783 2148 2902 2189 cum
2943 2135 3279 2204 imperatoris
3319 2138 3482 2194 litem
3521 2140 3587 2194 ite

1996 2231 2208 2272 omnem
2237 2228 2441 2288 partem
2473 2221 2647 2277 missa:
2680 2223 3050 2296 undecumque
3083 2243 3272 2284 omnes
3305 2243 3580 2299 cogerent,

1995 2309 2203 2364 occulte
2222 2310 2396 2365 media
2415 2321 2567 2368 nocte
2593 2314 2645 2368 in
2668 2315 2849 2370 navim
2868 2330 2926 2372 se
2946 2319 3234 2388 conjiciens
3258 2321 3327 2375 ita
3353 2322 3574 2392 aufugit,

1997 2413 2186 2454 omnes
2209 2413 2336 2456 suos
2371 2417 2553 2458 secum
2593 2404 2879 2462 abducens.
2927 2407 3096 2464 Porro
3127 2425 3223 2464 nos
3255 2412 3576 2467 conscientia

1997 2497 2176 2544 nostra
2197 2489 2338 2554 freti,
2360 2506 2534 2562 neque
2561 2495 2638 2549 sic
2656 2494 2956 2553 destitimus
2976 2499 3161 2554 eadem
3183 2499 3370 2555 iterum
3390 2518 3577 2571 rogare

1996 2581 2447 2651 religiosissimum
2475 2584 2852 2654 Imperatorem
2883 2608 2895 2643 :
2927 2591 3016 2660 qui
3045 2606 3145 2661 pro
3168 2606 3262 2647 sua
3289 2593 3483 2662 pietate
3510 2595 3574 2648 ad

1994 2688 2116 2728 eum
2144 2673 2321 2730 denuo
2347 2675 2511 2744 misit,
2537 2686 2597 2732 ut
2633 2680 2810 2734 statim
2855 2695 2919 2737 ex
2950 2680 3182 2753 Egypto
3219 2685 3424 2740 veniret
3456 2701 3577 2740 cum

1993 2763 2240 2821 omnibus
2268 2765 2378 2821 suis
2406 2769 2761 2837 consortibus,
2791 2779 2846 2826 et
2870 2773 3128 2828 rationem
3167 2774 3425 2830 factorum
3456 2779 3577 2830 red~

1993 2855 2176 2924 deret,
2207 2871 2380 2928 neque
2420 2856 2666 2916 sufficere
2707 2872 2916 2932 putaret
2942 2863 3007 2919 ad
3038 2865 3396 2922 defensionem
3428 2883 3575 2923 suam

1995 2962 2056 3004 ea
2079 2963 2197 3018 qua:
2226 2959 2330 3004 tam
2361 2950 2555 3021 injuste
2579 2951 2646 3007 ab
2677 2969 2779 3009 una
2805 2964 2953 3024 parte
2976 2957 3129 3013 nobis
3154 2959 3460 3014 absentibus
3487 2975 3576 3028 pa-

1996 3047 2128 3094 trata
2158 3039 2387 3108 fuerant,
2414 3043 2572 3098 etiam
2599 3053 2784 3099 contra
2821 3055 2898 3100 tot
2931 3061 3184 3103 canones.
3235 3048 3326 3104 Ille
3355 3065 3481 3104 vero
3509 3066 3576 3104 ne

1994 3129 2355 3199 lmperatoriis
2403 3131 2616 3201 quidem
2661 3134 2827 3189 literis
2865 3135 3278 3206 obtemperavit,
3308 3138 3404 3193 sed
3431 3137 3589 3193 domi.

1993 3221 2206 3284 mansit,
2247 3229 2542 3288 praetexens
2580 3221 2898 3278 seditionem
2940 3226 3117 3294 populi
3155 3234 3209 3280 et
3249 3227 3576 3296 intempesti—

1993 3325 2115 3364 vum
2136 3310 2366 3365 studium
2391 3312 2742 3381 quorumdam
2769 3314 2970 3369 scilicet
2993 3315 3082 3385 qui
3105 3317 3152 3370 ei
3180 3316 3447 3381 faverent;
3473 3319 3592 3374 etsi

1993 3411 2120 3456 ante
2149 3402 2242 3457 has
2266 3402 2637 3472 imperatorias
2663 3403 2842 3460 literas
2868 3405 2982 3461 haec
3008 3407 3119 3476 ipsa
3147 3407 3296 3477 plebs
3331 3409 3573 3464 innume-

1992 3493 2066 3546 ris
2091 3508 2211 3547 eum
2240 3492 2491 3548 conviciis
2520 3492 2876 3564 adsperserat.
2909 3494 3106 3551 Verum
3134 3497 3232 3552 ista
3265 3515 3367 3552 nun
3399 3499 3572 3568 inqui-

1993 3583 2178 3649 rimus,
2209 3583 2301 3638 sed
2340 3583 2623 3640 ostendere
2651 3585 2886 3640 volentes
2913 3587 3052 3657 quod
3087 3588 3138 3641 in
3164 3588 3422 3644 maleficio
3450 3605 3568 3658 pcr-

1993 3678 2266 3741 manserit,
2311 3671 2425 3732 haec
2453 3677 2710 3732 diximus.
2749 3677 3012 3735 Cancrum
3039 3695 3106 3736 ne
3130 3682 3213 3736 sio
3231 3681 3441 3751 quidem
3475 3697 3592 3736 nos.

1993 3768 2308 3838 quievimus,
2327 3766 2418 3824 sed
2446 3768 2732 3823 institimus
2752 3769 3097 3839 postulantes,
3123 3771 3450 3840 ntjudicium
3481 3772 3586 3826 hae»

1995 3861 2209 3917 beretur
2251 3860 2540 3916 secundum
2572 3861 2892 3931 interrogata
2936 3871 2989 3916 et
3025 3877 3279 3932 responsa
3314 3881 3326 3916 :
3359 3873 3584 3932 paratos-

1993 3954 2135 4008 enim
2169 3969 2288 4008 esse
2315 3953 2622 4009 dicebamus
2641 3953 2926 4010 ostendere
2946 3969 3042 4010 nos
3059 3955 3211 4025 culpa
3225 3969 3434 4020 vacare,
3454 3955 3572 4010 illos

1992 4054 2167 4100 autem
2199 4053 2434 4100 extrema
2469 4059 2692 4115 quaeque
2715 4059 2875 4100 ausos
2897 4060 3035 4101 esse.
3067 4045 3164 4102 llic
3188 4047 3329 4100 enim
3359 4060 3574 4100 reman-

1993 4145 2173 4190 serant
2216 4135 2470 4205 Syrorum
2515 4135 2727 4205 quidam
2755 4134 2862 4205 qui‘
2883 4145 3007 4190 tunc
3034 4135 3329 4202 adfuerant,
3375 4144 3429 4191 et
3468 4151 3570 4190 una

1993 4241 2111 4282 eum
2135 4226 2248 4294 ipso
2273 4225 2448 4279 omnia
2471 4234 2757 4294 patrarant.
2789 4225 2960 4280 Etiam
2977 4226 3229 4282 adversus
3253 4226 3381 4280 istos
3405 4228 3568 4292 parati

1991 4332 2202 4374 eramus
2239 4314 2492 4386 judicium
2533 4315 2733 4381 subire,
2778 4325 2832 4370 et
2871 4316 3063 4386 saepius
3106 4329 3264 4384 super
3289 4315 3379 4370 illo
3409 4315 3572 4371 inter-

1993 4408 2330 4479 pellavimus,
2362 4417 2610 4478 rogantes
2639 4415 2698 4462 nt
2723 4415 2814 4462 aut
2848 4415 2962 4461 acta
2995 4407 3146 4462 nobis
3183 4406 3453 4472 darentur,
3482 4417 3580 4461 aut-

1993 4499 2152 4554 libelli
2182 4508 2568 4575 accusatorum,
2603 4505 2694 4552 aut
2731 4497 3012 4552 criminum
3041 4511 3206 4568 genus
3232 4497 3568 4552 examinare-

1994 4598 2098 4656 tur,
2131 4597 2222 4644 aut
2263 4588 2360 4658 ipsi
2407 4597 2775 4651 accusatores;
2823 4597 2875 4642 et
2916 4586 3043 4641 nihil
3093 4588 3277 4640 horum
3324 4589 3571 4655 impetra-

1994 4680 2187 4745 vimus,
2217 4679 2310 4734 sed
2340 4693 2521 4733 rursus
2547 4677 2783 4733 Ecclesia
2821 4677 3024 4747 expulsi
3068 4692 3272 4730 sunms.
3322 4677 3437 4745 Quo
3481 4694 3571 4745 pa-

1991 4781 2078 4828 eto
2101 4786 2219 4841 quae
2243 4768 2365 4826 inde
2389 4779 2504 4824 acta
2536 4779 2660 4824 sunt
2689 4769 2939 4838 deinceps
2967 4784 3184 4823 narrare
3213 4784 3426 4837 queam,
3453 4784 3572 4837 qum

1991 4877 2204 4918 omnem
2251 4868 2503 4930 superant
2551 4859 2895 4929 tragoediam?
2937 4860 3055 4928 quis
3099 4874 3160 4913 ea
3203 4872 3380 4912 sermo
3417 4857 3571 4912 exhi-

1995 4951 2174 5006 bebit?
2218 4965 2334 5020 qua:
2373 4949 2515 5003 auris
2562 4949 2675 5003 sine
2714 4948 2932 5004 horrore
2960 4947 3216 5018 accipiet?
3253 4946 3386 5003 Cum
3430 4947 3570 5000 enim

1991 5060 2053 5098 ea
2111 5044 2219 5112 ipsa
2245 5085 2258 5104 ,
2315 5041 2452 5095 sicut
2498 5048 2620 5095 ante
2664 5039 2808 5104 dixi,
2857 5039 3268 5095 obtenderemus
3307 5056 3319 5092 :
3358 5046 3574 5107 repente

1993 5133 2271 5190 multitudo
2321 5133 2544 5187 militum
2591 5133 2705 5202 ipso
2749 5147 2938 5203 magno
2982 5132 3236 5196 sabbato,
3280 5129 3345 5185 ad
3385 5143 3574 5197 vespe-

1993 5241 2104 5281 ram
2134 5225 2241 5293 jam
2272 5223 2556 5278 inclinante
2585 5222 2705 5290 die,
2737 5223 2787 5276 in
2815 5222 3070 5278 ecclesias
3097 5222 3305 5276 irruens
3324 5261 3339 5286 ,
3370 5220 3571 5273 clerum

1993 5331 2204 5370 omnem
2255 5315 2341 5387 qui
2395 5314 2667 5368 nobiscum
2708 5322 2842 5379 erat,
2879 5313 2930 5366 vi
2978 5313 3269 5382 ejecerunt,
3311 5317 3364 5362 et
3413 5309 3574 5362 armis

1995 5408 2159 5461 altare
2194 5404 2422 5474 undique
2453 5405 2858 5459 circumsessum
2905 5412 2986 5457 est
3013 5420 3042 5455 :.
3073 5410 3126 5454 et
3165 5397 3418 5452 mulieres
3456 5413 3574 5466 quae

1995 5500 2046 5552 in
2101 5495 2268 5552 sacris
2332 5496 2536 5550 :rdibus
2594 5495 2646 5548 id
2707 5493 2960 5563 temporis
3016 5492 3081 5545 ad
3138 5490 3456 5558 baptismum
3518 5505 3576 5542 se

1995 5594 2291 5650 extiterant,
2358 5598 2497 5641 metu
2563 5585 2771 5640 acerba:
2840 5583 2979 5636 illius
3041 5580 3348 5650 irruptionis
3417 5578 3574 5634 nuda.-

1995 5680 2346 5750 aufugerunt;
2380 5694 2499 5733 CUIII
2529 5692 2595 5731 ne
2619 5690 2733 5728 eam
2759 5673 2975 5741 quidem
3007 5689 3126 5744 qua:
3147 5672 3398 5726 mulieres
3425 5671 3577 5726 .iccet

1997 5782 2198 5826 vestem
2230 5770 2448 5825 induere
2473 5770 2926 5836 permitterentur.
2960 5764 3134 5820 Multis
3158 5765 3317 5819 etiam
3336 5767 3579 5835 acceptis
