4018 6414
426 338 485 392 η
1697 326 2019 384 cuman
2056 324 2398 387 DIALOGUS
2556 382 2561 385 .
3649 350 3716 408 η

428 452 742 509 vulneribus
783 447 1227 510 exturbabantur,
1258 453 1314 501 et
1357 444 1621 516 sanguine
1660 446 2018 516 implebantur

426 544 671 614 piscinae,
701 552 758 599 et
782 541 919 595 sacri
963 537 1150 593 latices
1180 552 1375 593 cruore
1418 537 1796 593 rubescebant.
1835 536 2019 609 Neque

425 633 515 689 hic
534 633 735 689 malum
774 629 1033 690 substitit,
1067 627 1162 685 sed
1205 628 1294 685 ubi
1322 642 1477 684 sacra
1504 636 1656 684 erant
1680 628 1916 700 reposita
1942 630 2019 683 ir-

424 733 734 795 rumpentes
755 764 775 792 ,
804 737 1033 794 quorum
1063 721 1227 791 aliqui
1253 762 1270 786 ,
1302 728 1363 774 ut
1402 719 1765 789 comperimus
1787 760 1805 787 ,
1837 735 1906 775 ne
1933 719 2018 773 in-

423 815 561 872 itiati
599 814 814 887 quidem
851 824 1045 881 erant,
1092 821 1149 868 et
1176 811 1425 868 viderunt
1469 810 1648 867 omnia
1702 825 1824 881 qua:
1876 812 2019 866 intus

423 915 580 962 erant
609 924 626 963 :
670 915 726 963 et
753 906 1126 963 sanctissimus
1150 903 1349 959 Christi
1389 904 1642 973 sanguis,
1690 912 1749 958 ut
1782 903 1837 958 in
1870 911 2019 958 tanto

424 1000 690 1067 tumultu,
732 1000 788 1054 in
833 998 1211 1069 pra'dictorum
1254 1004 1435 1053 vestes
1476 994 1868 1059 ell'uudobatur,
1920 994 2018 1049 lie-

423 1090 660 1161 bantque
684 1091 897 1153 omnia,
923 1098 979 1143 ut
1027 1104 1083 1143 in
1128 1086 1407 1142 barbarica
1451 1085 1785 1157 captivitate.
1814 1083 2019 1154 Vulgus

423 1181 480 1237 in
529 1181 877 1239 solitudinem
921 1179 1323 1251 expellebatur,
1356 1187 1414 1234 et.
1459 1179 1744 1234 universus
1792 1177 2019 1247 populus

423 1282 577 1329 extra
629 1275 905 1329 civitatem
954 1272 1230 1343 fugiebat,
1277 1279 1538 1341 erantque
1590 1269 1643 1325 in
1687 1276 1838 1325 tanto
1881 1268 2019 1324 festo

424 1381 608 1422 vacua:
647 1363 1160 1436 populisecclcsiaa,
1189 1372 1244 1418 et
1273 1362 1457 1433 plures
1482 1376 1640 1432 quam
1668 1358 2017 1432 quadraginta

423 1455 662 1527 episcOpi
684 1497 699 1523 ,
729 1459 820 1526 qui
847 1455 1127 1510 nobiscum
1162 1450 1629 1509 eomtnunicabant
1650 1490 1668 1517 ,
1698 1465 1818 1506 cum
1864 1450 2019 1520 plebe

423 1553 627 1603 temere
652 1554 708 1601 et
737 1546 876 1600 nulla
904 1545 973 1601 de
1000 1558 1160 1603 causa
1183 1543 1537 1614 pellebantur.
1562 1541 1768 1611 Ubique
1786 1540 2018 1595 ululatus

424 1646 481 1693 et
508 1638 740 1704 lamenta
763 1645 818 1691 et
853 1634 1012 1691 ﬂetus
1040 1644 1095 1690 et
1135 1635 1308 1690 fontes
1352 1633 1712 1705 lacrymarum
1746 1646 1840 1701 per
1877 1630 2013 1697 fora,

424 1748 523 1804 per
548 1733 739 1791 domos
763 1771 779 1798 ,
830 1744 928 1801 per
949 1728 1273 1786 solitudines
1303 1743 1318 1780 :
1364 1735 1418 1781 et
1451 1740 1641 1781 omnes
1667 1724 1897 1780 civitatis
1926 1740 2014 1779 re-

422 1825 610 1895 giones
630 1823 715 1877 his
739 1819 1133 1878 calamitatibus
1163 1818 1542 1889 implebantur.
1573 1815 1705 1872 Nam
1727 1816 1797 1870 ob
1824 1815 2018 1885 iniqui-

424 1915 549 1983 tatis
571 1912 993 1984 magnitudinem
1033 1925 1141 1965 non
1185 1909 1362 1964 solum
1388 1908 1479 1978 qui
1533 1908 1889 1977 patiebantur,
1920 1905 2017 1961 sed

424 2017 480 2062 et
515 2006 604 2075 qui
635 2006 769 2060 nihil
798 2006 905 2061 tale
932 2003 1295 2075 patiebantur,
1315 2001 1472 2056 nobis
1496 2000 1885 2063 eondolebant;
1910 2014 2017 2053 non

427 2097 594 2153 modo
632 2095 893 2152 Catholici
925 2135 941 2161 ,
972 2093 1066 2150 sed
1096 2102 1150 2149 et
1176 2091 1440 2157 haeretici,
1468 2099 1523 2146 et
1553 2089 1724 2147 Judaei
1763 2099 1817 2145 et
1843 2088 2020 2161 genti-

424 2190 546 2246 les:
580 2197 635 2243 ct
659 2188 810 2258 quasi
856 2202 954 2258 per
980 2186 1088 2241 vim
1134 2194 1292 2256 capta
1336 2185 1574 2252 civitate,
1601 2184 1674 2238 ita
1703 2182 1757 2238 in
1787 2182 2015 2238 tumultu

422 2296 488 2337 ac
515 2281 915 2352 perturbatione
964 2290 1020 2336 et
1058 2278 1345 2349 ejulatibus
1391 2277 1570 2332 omnia
1612 2286 1785 2333 erant.
1841 2278 2016 2347 Atque

425 2373 540 2428 lucc
555 2371 751 2427 flebant
769 2379 961 2440 praeter
985 2369 1306 2426 sententiam
1325 2367 1711 2439 religiosissimi
1736 2367 2012 2437 principis,

421 2480 546 2523 cum
578 2479 686 2519 nox
713 2465 1025 2533 ingrueret,
1069 2462 1337 2533 episcopis
1386 2461 1502 2517 haec
1543 2462 2017 2532 comparantibus.

424 2573 563 2628 quos
587 2573 691 2613 non
717 2557 948 2626 pudebat
977 2554 1420 2625 Campiductores
1448 2565 1752 2624 praeeuntes
1775 2569 1872 2624 pro
1895 2554 2013 2609 dia-

420 2650 572 2705 conis
595 2649 928 2706 habere.Ubi
953 2662 1087 2704 vero
1111 2648 1287 2703 illuxit
1301 2647 1437 2714 dies,
1467 2647 1643 2702 omnis
1657 2648 1846 2702 civitas
1862 2656 2013 2703 extra

422 2760 604 2799 muros
628 2743 965 2814 demigravit,
995 2742 1148 2813 quasi
1176 2755 1306 2796 oves
1343 2739 1625 2810 dispersae,
1651 2738 1843 2795 festum
1871 2739 2013 2794 diem

422 2835 708 2891 celebrans
742 2835 845 2888 sub
889 2832 1173 2889 arboribus
1199 2842 1255 2887 et
1295 2832 1348 2886 in
1389 2830 1632 2886 saltibus.
1660 2831 1740 2886 Ex
1784 2831 1867 2885 bis
1891 2831 2017 2886 licet

423 2927 576 2980 vobis
605 2940 666 2981 ea
696 2939 816 2996 quae
846 2933 1133 2979 consecuta
1162 2930 1309 2987 sunt,
1337 2921 1596 2991 deinceps
1618 2930 1871 2992 reputare
1897 2936 2015 2976 om-

424 3019 511 3073 nia
543 3036 557 3073 ε
595 3032 739 3083 nam,
771 3025 829 3071 ut
873 3023 997 3069 ante
1049 3013 1198 3080 dixi,
1230 3028 1351 3084 quas
1396 3022 1514 3068 acta
1546 3022 1670 3069 sunt
1705 3013 2012 3085 singillatim

421 3108 647 3178 exsequi
674 3106 1007 3177 impossibile
1032 3115 1132 3161 est.
1181 3105 1247 3159 Et
1274 3104 1417 3175 quod
1463 3119 1593 3160 sane
1635 3105 2012 3173 permolestum

423 3208 543 3267 est,
601 3206 678 3253 tot
739 3207 794 3253 et
848 3197 973 3252 talia
1037 3211 1106 3252 ne
1149 3210 1291 3250 nunc
1328 3194 1542 3266 quidem
1591 3194 1753 3251 linem
1792 3211 2014 3267 accepe-

419 3298 567 3357 runt,
595 3303 659 3343 ac
693 3303 764 3343 ne
798 3302 924 3360 spes
968 3286 1185 3358 quidem
1214 3286 1320 3342 ulla
1352 3286 1474 3341 linis
1503 3286 1761 3353 faciendi;
1793 3287 1887 3342 sed
1913 3303 2013 3342 au-

421 3388 577 3451 getur
618 3380 670 3435 in
711 3379 828 3434 dies
856 3377 1056 3433 malum
1076 3417 1091 3442 ,
1120 3390 1327 3447 nosque
1358 3377 1624 3446 plerisque
1651 3378 1860 3433 ridiculi
1889 3378 2013 3433 facti

421 3485 608 3527 sumus
635 3489 650 3526 :
672 3472 835 3525 immo
860 3483 990 3523 vero
1012 3468 1155 3524 ridet
1179 3468 1394 3539 quidem
1418 3483 1597 3535 nemo,
1629 3470 1840 3525 etiamsi
1868 3484 2014 3524 sum-

422 3576 525 3616 ma:
549 3562 620 3617 sit
660 3557 1055 3628 improbitatis;
1097 3559 1281 3627 lugent
1317 3566 1495 3613 autem
1518 3596 1534 3623 ,
1564 3566 1623 3613 ut
1646 3558 1793 3624 dixi,
1825 3575 2013 3617 omnes

414 3653 627 3724 apicem
679 3651 940 3707 malorum
966 3691 982 3719 ,
1011 3649 1303 3705 inauditam
1335 3649 1475 3705 hanc
1512 3650 1864 3721 iniquitatem.
1893 3651 2011 3706 Jatn

422 3760 550 3802 vero
566 3745 892 3816 reliquarum
919 3742 1282 3799 Ecclesiarum
1311 3743 1744 3814 perturbationes
1768 3744 1886 3814 quis
1902 3744 2015 3800 elo-

422 3840 661 3910 quatur?
702 3838 818 3893 Non
871 3838 1017 3894 enim
1068 3836 1156 3892 hic
1185 3834 1344 3891 desiit
1390 3835 1492 3890 hoc
1549 3836 1785 3897 malum,
1815 3835 1912 3891 sed
1959 3846 2015 3891 et

421 3948 591 4004 usque
619 3934 671 3986 in
717 3931 991 3987 Orientem
1025 3928 1286 4001 pervenit.
1319 3926 1454 3982 Nam
1497 3935 1556 3982 ut
1598 3943 1629 3981 a
1674 3928 1846 3997 capite
1872 3928 2014 3983 malo

423 4026 647 4079 humore
669 4021 839 4078 effuso
883 4021 1087 4091 reliqua
1140 4019 1382 4074 membra
1426 4027 1841 4088 corrumpuntur
1882 4037 1897 4073 :
1942 4020 2012 4075 ita

418 4118 623 4174 exortis
662 4116 819 4186 hujus
865 4129 1076 4185 magna:
1106 4113 1338 4168 civitatis
1375 4112 1554 4179 malis,
1583 4112 1728 4168 velut
1754 4128 1820 4167 ex
1844 4111 2009 4178 fonte,

424 4208 690 4264 tumultus
729 4221 1066 4278 quocumque
1105 4205 1189 4259 via
1237 4204 1507 4275 progressi
1547 4213 1706 4269 sunt,
1739 4214 1794 4258 et
1833 4205 2012 4260 clerici

422 4299 617 4370 ubique
671 4300 723 4354 iu
767 4300 1051 4370 episcopos
1091 4297 1541 4361 insurrexerunt,
1597 4304 1653 4350 et
1702 4297 1882 4366 populi
1925 4297 2011 4351 alii

421 4391 635 4460 quidem
663 4390 872 4445 discissi
920 4397 1049 4444 sunt
1073 4430 1088 4451 ,
1119 4389 1206 4443 alii
1236 4387 1550 4457 propediem
1593 4386 1924 4454 scindentur,
1958 4398 2015 4445 et

424 4482 622 4551 ubique
652 4481 916 4535 malorum
956 4480 1288 4549 exspectatio
1313 4478 1567 4546 orbisque
1596 4478 1759 4533 totius
1784 4480 2012 4537 subver-

421 4576 525 4630 sio.
569 4573 752 4644 Igitur,
785 4572 988 4628 domini
1038 4570 1145 4625 mei
1186 4570 1418 4624 maxime
1452 4570 1744 4624 venerandi
1783 4581 1839 4626 et
1881 4574 2012 4628 reli-

422 4665 734 4739 giosissimi,
767 4679 887 4720 cum
930 4662 1047 4718 haec
1090 4662 1162 4716 ita
1201 4677 1260 4716 se
1296 4660 1495 4716 habere
1537 4659 1861 4729 didiceritis,
1894 4678 2011 4718 eam

419 4776 540 4833 qua:
560 4773 656 4815 vos
680 4757 869 4822 decet,
895 4753 1258 4810 fortitudinem
1281 4761 1334 4807 ct
1358 4752 1591 4807 studium
1615 4767 1798 4823 qumso
1833 4764 2014 4809 osten-

420 4852 554 4916 dite,
583 4859 639 4904 ut
670 4856 813 4905 tanta
851 4846 1105 4918 iniquitas
1131 4858 1249 4915 quae
1295 4842 1566 4899 Ecclesias
1614 4843 1807 4899 invasit
1843 4845 2016 4914 repri-

422 4956 619 5003 ntatur.
651 4944 708 4999 Si
737 4942 882 4999 enim
912 4941 1000 4997 hic
1027 4954 1146 4993 mos
1175 4935 1477 5005 invalucrit,
1510 4946 1564 4991 et
1603 4937 1646 4991 si
1677 4937 1860 4992 licebit
1895 4937 2013 4992 cui-

418 5040 500 5094 vis
527 5038 580 5092 in
629 5036 832 5091 alienas
881 5029 1140 5087 invadere
1192 5028 1494 5098 provincias
1516 5069 1531 5093 ,
1567 5027 1727 5098 idque
1755 5044 1821 5083 ex
1850 5029 2013 5084 tantis

417 5128 734 5192 intervallis,
753 5136 808 5183 et
823 5126 1019 5196 ejicere
1044 5136 1178 5193 quos
1193 5119 1311 5191 quis
1329 5121 1586 5187 voluerit,
1609 5136 1674 5175 ex
1696 5122 2012 5177 auctoritate

418 5240 512 5279 sua
538 5220 815 5294 quodlibet
840 5216 1085 5288 agendo;
1109 5214 1256 5268 scitis
1297 5212 1476 5268 omnia
1523 5227 1739 5283 pessum
1768 5213 1926 5279 itura,
1955 5222 2016 5270 et

422 5315 742 5385 inexpiabile
784 5310 987 5367 bellum
1026 5307 1297 5378 quoddam
1327 5307 1513 5362 orbem
1539 5313 1799 5361 terrarum
1829 5307 2009 5362 incur-

419 5421 636 5468 Surum,
676 5405 925 5460 onmibus
948 5415 1139 5457 omnes
1188 5399 1527 5471 ejicientibus
1553 5411 1607 5454 et
1634 5400 1868 5455 vicissim
1895 5404 2007 5469 eje-

420 5498 543 5552 ctis.
572 5494 647 5549 Nc
676 5493 835 5563 igitur
861 5503 1008 5549 tanta
1038 5491 1282 5548 confusio
1307 5505 1521 5545 omnem
1571 5505 1691 5558 qua:
1737 5490 1837 5545 sub
1880 5491 2014 5548 (telo

417 5596 500 5639 est
548 5593 743 5639 terram
810 5583 1062 5649 invadat,
1091 5597 1222 5654 rogo
1273 5590 1330 5634 ut
1369 5596 1463 5651 per
1505 5578 1758 5648 epistolas
1798 5579 2009 5634 denun-

422 5672 564 5728 tiotis
597 5713 610 5735 ,
642 5687 706 5726 ea
733 5686 851 5741 quae
879 5680 984 5728 tam
1028 5673 1206 5745 inique
1261 5679 1377 5726 acta
1423 5681 1547 5725 sunt
1588 5674 1655 5725 ab
1687 5686 1790 5724 una
1819 5682 2008 5740 parte,

421 5764 732 5822 absentibus
799 5761 952 5816 nobis
1013 5771 1065 5816 et
1111 5780 1213 5819 non
1268 5764 1658 5821 declinantibus
1700 5763 1953 5833 judicium
1990 5810 2005 5834 ,

2130 448 2335 504 nullum
2379 449 2582 506 habere
2628 449 2812 517 robur,
2846 452 2985 508 sicut
3016 469 3079 510 ex
3132 471 3227 511 sua
3270 471 3457 520 natura
3509 472 3711 531 nullum

2125 535 2319 603 habet;
2347 547 2403 594 et
2424 548 2482 594 ut
2505 541 2596 610 qui
2629 542 2751 597 talia
2778 545 2895 599 ausi
2924 556 3090 615 sunt,
3123 553 3610 618 ecclesiasticarum
3642 567 3714 619 le—

2122 641 2249 696 gum
2277 628 2452 721 poenis
2475 631 2849 701 subiiciantur.
2878 634 2990 692 Nos
3016 638 3194 709 igitur,
3223 644 3315 714 qui
3342 661 3442 703 nec
3460 655 3708 721 convicti,

2124 733 2227 773 nec
2251 720 2562 789 reprehensi
2583 738 2788 790 sumus,
2812 741 2914 782 nec
2928 729 3013 784 rei
3039 730 3414 803 demonstrati.
3431 740 3600 799 literis
3614 720 3708 800 vc?

2124 809 2251 864 stris
2275 809 2381 864 l‘rui
2410 810 2554 875 date,
2582 822 2639 869 et
2664 816 2889 873 caritate
2914 830 3093 876 vestra
3117 828 3436 898 ueterisque
3464 838 3683 891 omnibu

2125 908 2187 955 ut
2207 912 2383 958 antea.
2416 903 2472 960 Si
2497 920 2626 961 vero
2650 908 2739 977 qui
2767 908 2889 965 talia
2911 920 3212 982 patrarunt,
3225 920 3389 976 velint
3409 938 3551 982 nunc
3572 943 3710 998 quo-

2124 1010 2230 1089 que
2253 998 2480 1052 crimina
2508 999 2747 1069 objicere
2771 1002 2843 1058 ob
2870 1019 2992 1074 quas
3038 1022 3141 1064 nos
3186 1010 3380 1082 injuste
3405 1016 3707 1089 ejeeerunt,

2123 1087 2264 1182 datis
2281 1089 2444 1182 nobis
2464 1093 2619 1159 actis,
2636 1102 2692 1147 et
2719 1109 2841 1149 cum
2868 1096 3028 1153 libelli
3050 1109 3106 1155 et
3120 1113 3458 1165 accusatores
3489 1087 3709 1182 compa;

2126 1181 2355 1246 ruerint,
2395 1181 2718 1255 incorruptis
2740 1184 3009 1256 iudicibus
3050 1191 3359 1251 sedentibus
3385 1213 3598 1257 causam
3615 1181 3711 1260 di-

2123 1287 2329 1340 cemus,
2360 1282 2418 1330 et
2445 1275 2793 1332 ostendemus
2825 1289 2975 1335 extra
2990 1280 3209 1353 culpam
3238 1300 3336 1342 nos
3362 1303 3483 1345 esse
3521 1308 3708 1351 eorum

2123 1382 2244 1436 qua:
2273 1367 2430 1423 nobis
2454 1367 2798 1439 objiciuntur,
2829 1371 2969 1427 sicut
2996 1375 3155 1442 plane
3181 1390 3385 1439 sumus.
3416 1381 3547 1438 Nam
3589 1401 3710 1456 quia

2123 1458 2192 1512 ab
2221 1458 2326 1513 illis
2365 1457 2526 1526 facta,
2556 1470 2741 1515 contra
2783 1476 3000 1519 onmem
3042 1475 3167 1521 sunt
3209 1469 3449 1527 ordinem
3477 1512 3493 1538 ,
3522 1486 3710 1532 contra

2122 1565 2312 1605 omnes
2341 1551 2488 1621 leges
2513 1560 2570 1607 et
2596 1567 2830 1609 canones
2854 1555 3247 1615 ecclesiasticos
3270 1579 3284 1615 :
3304 1577 3477 1633 neque
3503 1566 3555 1619 iu
3582 1582 3711 1637 gen-

2125 1642 2296 1695 tilium
2322 1642 2559 1712 judiciis,
2597 1658 2774 1715 neque
2810 1645 2863 1700 in
2911 1647 3191 1705 barbarico
3217 1653 3432 1722 quidem
3460 1656 3709 1714 tribunali

2114 1732 2248 1786 .talia
2297 1747 2550 1803 umquam
2586 1743 2702 1789 acta
2732 1745 2892 1802 sunt;
2941 1737 3106 1793 immo
3129 1756 3261 1797 vero
3287 1758 3461 1814 neque
3494 1746 3712 1820 Scytha:

2124 1839 2301 1896 neque
2342 1824 2604 1880 Sarmata:
2632 1826 2703 1881 ita
2732 1842 2982 1898 umquam
3008 1830 3330 1899 iudicarunt,
3356 1835 3614 1905 judicium
3641 1841 3711 1896 ab

2124 1932 2230 1971 una
2280 1925 2431 1986 parte
2478 1916 2752 1985 ferentes,
2780 1920 3005 1975 absente
3046 1937 3112 1977 eo
3149 1925 3238 1995 qui
3283 1939 3583 1998 accusatur,
3611 1947 3712 1991 nec

2126 2016 2412 2065 recusante
2436 2008 2716 2078 judicium,
2749 2011 2844 2066 sed
2870 2010 3238 2083 hostilitatem,
3260 2031 3485 2077 vocante
3501 2023 3712 2092 judices

2124 2098 2437 2154 innumeros
2462 2141 2477 2167 ,
2507 2110 2661 2155 extra
2687 2101 2899 2172 culpam
2932 2118 2991 2159 se
3027 2121 3148 2163 esse
3193 2108 3424 2180 dicente,
3446 2122 3501 2169 et
3527 2130 3710 2173 coram

2124 2188 2388 2247 terrarum
2415 2192 2547 2248 orbe
2576 2194 2800 2249 crimina
2827 2195 3174 2265 depulsurum
3198 2242 3213 2265 ,
3244 2211 3407 2273 atque
3452 2206 3507 2261 in
3532 2221 3712 2265 omm-

2124 2284 2222 2339 bus
2250 2285 2519 2341 insontem
2566 2286 2802 2356 seipsum
2842 2301 2964 2343 esse
3006 2302 3366 2349 ostensurum.
3392 2296 3517 2353 Hzee
3554 2299 3714 2370 igitur

2121 2378 2302 2433 omnia
2329 2385 2671 2448 reputantes,
2705 2394 2735 2432 a
2764 2379 2997 2437 dominis
3029 2385 3164 2439 meis
3188 2387 3437 2456 piissimis
3459 2390 3712 2451 fratribus

2120 2469 2388 2541 episcopis
2423 2485 2544 2525 cum
2574 2468 2776 2539 liquido
2802 2475 3193 2543 eompereritis,
3219 2479 3452 2535 studium
3474 2494 3711 2542 vestrum

2120 2574 2307 2628 quaeso
2333 2560 2628 2631 adjnngite.
2657 2559 2731 2613 Ita
2780 2575 2885 2615 non
2915 2570 3118 2617 tantum
3159 2566 3227 2621 de
3260 2569 3415 2625 nobis
3438 2571 3576 2629 bene
3600 2590 3713 2632 me-

2122 2650 2391 2716 rebimini,
2428 2652 2525 2709 sed
2574 2660 2630 2709 et
2656 2651 2724 2707 de
2751 2654 3022 2708 communi
3054 2656 3411 2715 Ecclesiarum
3456 2673 3629 2733 statu,
3657 2678 3714 2723 et

2122 2741 2430 2798 mercedem
2461 2760 2491 2800 a
2520 2746 2632 2802 Deo
2660 2745 2935 2814 accipietis
2957 2788 2972 2812 ,
3002 2748 3093 2816 qui
3119 2750 3188 2804 ob
3220 2750 3582 2812 Ecclesiarum
3615 2775 3712 2829 pa-

2119 2848 2237 2889 cem
2265 2837 2445 2891 omnia
2480 2838 2680 2909 jugiter
2712 2840 2857 2897 facit.
2890 2837 3016 2893 Haec
3047 2839 3159 2908 ipsa
3203 2843 3362 2898 etiam
3393 2849 3587 2918 scripta
3627 2862 3715 2908 est

2120 2925 2187 2979 ad
2207 2925 2492 2982 Venerium
2517 2930 2827 3002 episcopum
2857 2928 3229 2999 Mediolani,et
3256 2935 3322 2988 ad
3344 2934 3710 2999 Chromatium

2120 3019 2378 3088 Aquileiae
2400 3022 2733 3092 episcopum.
2767 3024 2898 3082 Vale
2921 3020 2974 3077 in
3004 3021 3246 3078 Domino.
3277 3043 3299 3079 ο

2186 3106 2317 3160 Cn.
2344 3120 2426 3160 tit.
2441 3136 2511 3146 —
2527 3107 2611 3163 Ad
2626 3108 2741 3164 hac
2754 3108 2947 3167 beatus
2969 3112 3319 3170 Innocentius
3335 3129 3472 3186 papa
3485 3116 3710 3187 utrique

2113 3198 2253 3266 parti
2292 3214 2458 3269 pares
2498 3201 2687 3256 literas
2717 3206 3125 3263 communionis
3170 3208 3343 3271 misit,
3384 3209 3708 3280 improbans

2109 3287 2376 3356 judicium
2408 3294 2553 3362 quod
2585 3309 2614 3348 a
2664 3293 2967 3367 Theophila
3016 3299 3222 3355 factum
3262 3302 3582 3356 videbatur:
3617 3303 3708 3357 di~

2108 3390 2243 3433 cens
2269 3379 2470 3436 debere
2499 3384 2662 3438 aliam
2699 3387 2819 3457 cogi
2859 3386 3138 3459 Synodum
3165 3391 3703 3462 irreprebensibilem

2110 3467 2550 3530 Occidentalium
2574 3488 2628 3531 et
2649 3475 3036 3548 Orientalium,
3056 3483 3289 3553 primum
3306 3483 3525 3553 quidem
3552 3499 3708 3541 sece—

2108 3561 2371 3621 dentibus
2398 3568 2578 3623 abillo
2595 3585 2863 3628 consessu
2888 3576 3103 3641 amicis,
3127 3576 3325 3631 deinde
3343 3584 3398 3632 et
3422 3576 3661 3632 inimicis
3685 3593 3705 3631 :

2108 3669 2138 3708 a
2155 3659 2367 3715 neutris
2386 3662 2556 3727 enim,
2581 3671 2639 3716 ut
2654 3665 2971 3734 plurimum,
2994 3676 3203 3723 rectum
3224 3669 3709 3738 proficisciturju-

2102 3748 2335 3802 dicium.
2365 3747 2569 3808 Paucis
2596 3762 2718 3819 post
2741 3755 2935 3811 diebus
2958 3773 3150 3815 rursus
3179 3759 3401 3815 advenit
3424 3760 3710 3830 presbyter

2118 3839 2335 3910 quidam
2387 3838 2671 3909 Theophili
2717 3840 2949 3911 Petrus,
2982 3859 3103 3899 cum
3151 3846 3403 3920 Martyrio
3451 3850 3707 3909 Ecclesia:

2118 3931 2725 4001 Constantinopolitanm
2750 3934 2997 4000 diacono,
3043 3936 3133 4005 qui
3177 3938 3518 3995 reddiderunt
3557 3943 3707 4012 ejus-

2118 4023 2242 4078 dem
2269 4023 2472 4088 literas,
2502 4032 2559 4078 et
2587 4024 2845 4094 quosdam
2873 4035 3112 4081 actorum
3135 4033 3599 4088 commentariolos
3627 4034 3709 4089 vi-

2118 4117 2315 4172 delicet
2339 4158 2355 4183 ,
2404 4117 2457 4171 in
2490 4117 2683 4188 quibus
2710 4117 2996 4173 videbatur
3022 4118 3253 4176 Joannes
3279 4137 3309 4177 a
3356 4124 3563 4195 triginta
3608 4142 3704 4182 sex

2119 4209 2387 4279 episcopis
2437 4208 2858 4275 condemnatus;
2888 4226 3112 4281 quorum
3164 4214 3517 4285 undetriginta
3547 4229 3705 4273 erant

2119 4300 2393 4373 Egyptii,
2446 4310 2651 4371 septem
2711 4318 2842 4357 vero
2889 4303 3112 4358 aliarum
3152 4307 3451 4375 regionum.
3501 4308 3707 4376 Quibus

2120 4394 2252 4447 actis
2303 4392 2551 4461 perlectis
2574 4434 2588 4457 ,
2622 4406 2755 4463 papa
2808 4392 3166 4463 Innocentius,
3195 4411 3317 4451 cum
3347 4400 3703 4469 comperisset

2120 4485 2296 4541 nullas
2322 4501 2513 4555 graves
2544 4501 2665 4541 esse
2688 4487 3087 4553 accusationes,
3126 4504 3297 4560 neque
3321 4489 3577 4546 Joannem
3602 4492 3706 4547 ad-

2121 4579 2313 4645 fuisse,
2343 4593 2517 4648 neque
2554 4594 2737 4633 coram
2793 4579 3176 4649 reprehensum
3218 4596 3338 4636 esse
3362 4623 3378 4647 ,
3422 4583 3705 4653 Theophili

2118 4669 2354 4724 furorem
2383 4670 2670 4725 exsibilare
2701 4671 2970 4740 perstitit,
3004 4672 3145 4741 quod
3185 4683 3371 4728 contra
3421 4674 3702 4731 absentem

2120 4770 2228 4815 tam
2262 4761 2585 4831 prtceipitem
2615 4770 2669 4815 et
2715 4761 2992 4830 abruptam
3030 4765 3349 4818 sententiam
3393 4762 3694 4820 effudisset.

2121 4851 2364 4906 Dimissis
2394 4853 2554 4922 igitur
2584 4852 2687 4906 illis
2711 4868 2832 4906 eum
2867 4853 3233 4921 increpatoriis
3279 4855 3447 4911 literis
3467 4898 3481 4919 ,
3516 4872 3709 4927 prcca-

2120 4942 2275 4998 batur
2306 4943 2471 4997 Deum
2512 4943 2817 5013 supplicans
2870 4960 2989 4997 cum
3038 4944 3244 5014 jejunio
3275 4989 3289 5013 ,
3324 4957 3380 5002 ttt
3425 4949 3707 5005 sedaretur

2119 5035 2334 5104 quidem
2354 5034 2606 5090 Ecclesia;
2630 5035 2917 5101 discordia,
2942 5035 3202 5089 fraternus
3225 5053 3352 5091 vero
3381 5054 3531 5093 amor
3551 5053 3705 5094 com-

2120 5132 2446 5200 pingerctnr.
2475 5128 2600 5181 Erat
2624 5135 2803 5182 autem
2840 5128 3080 5197 epistola:
3109 5137 3263 5183 tenor
3289 5128 3376 5182 hic
3404 5146 3417 5181 :

2195 5237 2217 5273 σ
2274 5218 2462 5272 Frater
2510 5217 2845 5287 Theophile,
2900 5233 2999 5272 nos
3056 5218 3270 5287 quidem
3337 5218 3591 5275 habemus
3648 5234 3705 5276 et

2121 5320 2171 5363 te
2198 5318 2252 5364 et
2278 5308 2498 5363 fratrem
2526 5309 2787 5363 Joannem
2819 5307 2975 5363 nobis
3017 5310 3471 5364 communicantes
3499 5352 3515 5375 ,
3545 5322 3603 5364 ut
3656 5312 3706 5365 in

2121 5401 2385 5472 prioribus
2428 5402 2596 5455 literis
2639 5410 2871 5454 mentem
2905 5408 3142 5454 nostram
3188 5401 3524 5456 manifestam
3576 5403 3708 5457 feei-

2120 5510 2259 5559 mus,
2288 5508 2349 5548 ac
2367 5508 2433 5547 ne
2457 5507 2601 5548 nunc
2624 5491 2838 5561 quidem
2867 5491 2938 5545 ab
2964 5504 3031 5546 eo
3054 5493 3328 5561 proposito
3354 5493 3697 5558 desis-tentes,

2119 5599 2305 5639 rursus
2334 5584 2525 5639 eadem
2578 5582 2670 5637 tibi
2714 5582 2999 5637 scribimus
3025 5620 3043 5649 ,
3072 5590 3129 5636 et
3172 5583 3613 5652 quotiescumque
3643 5588 3707 5637 ad

2120 5690 2219 5729 nos
2262 5675 2516 5729 miseris:
2551 5673 2692 5743 quod
2737 5673 2836 5727 nisi
2888 5687 3185 5743 congruum
3232 5672 3487 5741 judicium
3514 5675 3703 5728 subse-

2121 5777 2311 5838 quatur
2340 5766 2502 5821 in’bis
2528 5781 2646 5835 qum
2674 5782 2769 5835 per
2800 5765 3082 5821 ludibrium
3106 5774 3250 5837 gesta
3283 5775 3421 5831 sunt,
3456 5768 3568 5820 licri
3603 5783 3710 5822 non
