  <div class='ocr_page' id='page_1' title='image "/cluster/home/n/w/nwhite01/storage/ocr_20150623/47:no.1:pt.1/coo.31924054869460/070.png"; bbox 0 0 4018 6408; ppageno 0'>
   <div class='ocr_carea' id='block_1_1' title="bbox 134 350 3422 425">
    <p class='ocr_par' dir='ltr' id='par_1_1' title="bbox 134 350 3422 425">
     <span class='ocr_line' id='line_1_1' title="bbox 134 350 3422 425; baseline -0.005 -7"><span class='ocrx_word' id='word_1_1' title='bbox 134 369 192 425; x_wconf 77' lang='lat' dir='ltr'><strong>l3</strong></span> <span class='ocrx_word' id='word_1_2' title='bbox 1197 356 1284 412; x_wconf 88' lang='lat' dir='ltr'><strong>DE</strong></span> <span class='ocrx_word' id='word_1_3' title='bbox 1329 354 1485 410; x_wconf 63' lang='lat' dir='ltr'><strong>VITA</strong></span> <span class='ocrx_word' id='word_1_4' title='bbox 1525 353 1579 408; x_wconf 90' lang='lat' dir='ltr'><strong>S.</strong></span> <span class='ocrx_word' id='word_1_5' title='bbox 1620 350 1898 408; x_wconf 73' lang='lat' dir='ltr'><strong>JOA‘NNIS</strong></span> <span class='ocrx_word' id='word_1_6' title='bbox 1934 351 2428 409; x_wconf 76' lang='lat' dir='ltr'><strong>CIIRYSOSTOMI.</strong></span> <span class='ocrx_word' id='word_1_7' title='bbox 3357 358 3422 414; x_wconf 74' lang='lat' dir='ltr'><strong>{.I,</strong></span> 
     </span>
    </p>
   </div>
   <div class='ocr_carea' id='block_1_2' title="bbox 134 469 1718 558">
    <p class='ocr_par' dir='ltr' id='par_1_2' title="bbox 134 469 1718 558">
     <span class='ocr_line' id='line_1_2' title="bbox 134 469 1718 558; baseline -0.014 -15"><span class='ocrx_word' id='word_1_8' title='bbox 134 495 300 558; x_wconf 88' lang='lat' dir='ltr'><strong>potest</strong></span> <span class='ocrx_word' id='word_1_9' title='bbox 327 489 386 538; x_wconf 84' lang='lat' dir='ltr'><strong>ut</strong></span> <span class='ocrx_word' id='word_1_10' title='bbox 415 482 535 538; x_wconf 85' lang='lat' dir='ltr'><strong>sine</strong></span> <span class='ocrx_word' id='word_1_11' title='bbox 578 469 795 535; x_wconf 82' lang='lat' dir='ltr'><strong>ratione</strong></span> <span class='ocrx_word' id='word_1_12' title='bbox 820 491 849 531; x_wconf 84' lang='lat' dir='ltr'><strong>a</strong></span> <span class='ocrx_word' id='word_1_13' title='bbox 879 473 1096 531; x_wconf 84' lang='lat' dir='ltr'><strong>Joannis</strong></span> <span class='ocrx_word' id='word_1_14' title='bbox 1121 472 1499 529; x_wconf 85' lang='lat' dir='ltr'><strong>communione</strong></span> <span class='ocrx_word' id='word_1_15' title='bbox 1536 469 1718 525; x_wconf 86' lang='lat' dir='ltr'><strong>disce-</strong></span> 
     </span>
    </p>
   </div>
   <div class='ocr_carea' id='block_1_3' title="bbox 130 563 1722 644">
    <p class='ocr_par' dir='ltr' id='par_1_3' title="bbox 130 563 1722 644">
     <span class='ocr_line' id='line_1_3' title="bbox 130 563 1722 644; baseline -0.012 -10"><span class='ocrx_word' id='word_1_16' title='bbox 130 581 339 635; x_wconf 86' lang='lat' dir='ltr'><strong>damus.</strong></span> <span class='ocrx_word' id='word_1_17' title='bbox 369 576 452 631; x_wconf 84' lang='lat' dir='ltr'><strong>Tu</strong></span> <span class='ocrx_word' id='word_1_18' title='bbox 509 574 672 644; x_wconf 86' lang='lat' dir='ltr'><strong>igitur</strong></span> <span class='ocrx_word' id='word_1_19' title='bbox 698 615 713 639; x_wconf 99' lang='lat'><strong>,</strong></span> <span class='ocrx_word' id='word_1_20' title='bbox 759 572 803 625; x_wconf 85' lang='lat' dir='ltr'><strong>si</strong></span> <span class='ocrx_word' id='word_1_21' title='bbox 839 569 1040 640; x_wconf 89' lang='lat' dir='ltr'><strong>judicio</strong></span> <span class='ocrx_word' id='word_1_22' title='bbox 1091 565 1319 622; x_wconf 82' lang='lat' dir='ltr'><strong>confidis</strong></span> <span class='ocrx_word' id='word_1_23' title='bbox 1347 605 1365 632; x_wconf 90' lang='lat'><strong>,</strong></span> <span class='ocrx_word' id='word_1_24' title='bbox 1391 565 1521 620; x_wconf 89' lang='lat' dir='ltr'><strong>siste</strong></span> <span class='ocrx_word' id='word_1_25' title='bbox 1571 573 1624 617; x_wconf 91' lang='lat' dir='ltr'><strong>te</strong></span> <span class='ocrx_word' id='word_1_26' title='bbox 1654 563 1722 616; x_wconf 91' lang='lat' dir='ltr'><strong>ad</strong></span> 
     </span>
    </p>
   </div>
   <div class='ocr_carea' id='block_1_4' title="bbox 130 657 1724 742">
    <p class='ocr_par' dir='ltr' id='par_1_4' title="bbox 130 657 1724 742">
     <span class='ocr_line' id='line_1_4' title="bbox 130 657 1724 742; baseline -0.008 -19"><span class='ocrx_word' id='word_1_27' title='bbox 130 670 403 742; x_wconf 73' lang='lat' dir='ltr'><strong>Synodum</strong></span> <span class='ocrx_word' id='word_1_28' title='bbox 424 708 439 731; x_wconf 87' lang='lat'><strong>,</strong></span> <span class='ocrx_word' id='word_1_29' title='bbox 469 681 594 737; x_wconf 72' lang='lat' dir='ltr'><strong>qua:</strong></span> <span class='ocrx_word' id='word_1_30' title='bbox 636 662 928 719; x_wconf 91' lang='lat' dir='ltr'><strong>secundum</strong></span> <span class='ocrx_word' id='word_1_31' title='bbox 978 659 1248 714; x_wconf 77' lang='lat' dir='ltr'><strong>Christum</strong></span> <span class='ocrx_word' id='word_1_32' title='bbox 1289 659 1497 726; x_wconf 82' lang='lat' dir='ltr'><strong>cogitur</strong></span> <span class='ocrx_word' id='word_1_33' title='bbox 1521 675 1541 735; x_wconf 88' lang='lat'><strong>;_</strong></span> <span class='ocrx_word' id='word_1_34' title='bbox 1567 667 1622 712; x_wconf 90' lang='lat' dir='ltr'><strong>et</strong></span> <span class='ocrx_word' id='word_1_35' title='bbox 1652 657 1724 711; x_wconf 92' lang='lat' dir='ltr'><strong>ibi</strong></span> 
     </span>
    </p>
   </div>
   <div class='ocr_carea' id='block_1_5' title="bbox 129 747 1725 830">
    <p class='ocr_par' dir='ltr' id='par_1_5' title="bbox 129 747 1725 830">
     <span class='ocr_line' id='line_1_5' title="bbox 129 747 1725 830; baseline -0.008 -14"><span class='ocrx_word' id='word_1_36' title='bbox 129 759 388 830; x_wconf 78' lang='lat' dir='ltr'><strong>expositis</strong></span> <span class='ocrx_word' id='word_1_37' title='bbox 412 754 875 812; x_wconf 81' lang='lat' dir='ltr'><strong>criminationibus</strong></span> <span class='ocrx_word' id='word_1_38' title='bbox 903 750 1003 806; x_wconf 88' lang='lat' dir='ltr'><strong>sub</strong></span> <span class='ocrx_word' id='word_1_39' title='bbox 1030 750 1252 806; x_wconf 87' lang='lat' dir='ltr'><strong>testibus</strong></span> <span class='ocrx_word' id='word_1_40' title='bbox 1279 749 1478 804; x_wconf 68' lang='grc' dir='ltr'><strong>Νίσιῡηί</strong></span> <span class='ocrx_word' id='word_1_41' title='bbox 1500 747 1725 804; x_wconf 90' lang='lat' dir='ltr'><strong>Concilii</strong></span> 
     </span>
    </p>
   </div>
   <div class='ocr_carea' id='block_1_6' title="bbox 135 840 1728 921">
    <p class='ocr_par' dir='ltr' id='par_1_6' title="bbox 135 840 1728 921">
     <span class='ocr_line' id='line_1_6' title="bbox 135 840 1728 921; baseline -0.006 -15"><span class='ocrx_word' id='word_1_42' title='bbox 135 851 436 906; x_wconf 86' lang='lat' dir='ltr'><strong>canonibus</strong></span> <span class='ocrx_word' id='word_1_43' title='bbox 467 849 486 921; x_wconf 95' lang='lat'>(</span> <span class='ocrx_word' id='word_1_44' title='bbox 515 847 675 901; x_wconf 90' lang='lat' dir='ltr'><strong>alium</strong></span> <span class='ocrx_word' id='word_1_45' title='bbox 721 845 866 899; x_wconf 91' lang='lat' dir='ltr'><strong>enim</strong></span> <span class='ocrx_word' id='word_1_46' title='bbox 915 857 1176 898; x_wconf 91' lang='lat' dir='ltr'><strong>canonem</strong></span> <span class='ocrx_word' id='word_1_47' title='bbox 1207 841 1446 896; x_wconf 80' lang='lat' dir='ltr'><strong>Romana</strong></span> <span class='ocrx_word' id='word_1_48' title='bbox 1491 857 1597 896; x_wconf 92' lang='lat' dir='ltr'><strong>non</strong></span> <span class='ocrx_word' id='word_1_49' title='bbox 1631 840 1728 896; x_wconf 86' lang='lat' dir='ltr'><strong>ad-</strong></span> 
     </span>
    </p>
   </div>
   <div class='ocr_carea' id='block_1_7' title="bbox 134 935 1720 1008">
    <p class='ocr_par' dir='ltr' id='par_1_7' title="bbox 134 935 1720 1008">
     <span class='ocr_line' id='line_1_7' title="bbox 134 935 1720 1008; baseline -0.006 -11"><span class='ocrx_word' id='word_1_50' title='bbox 134 944 297 997; x_wconf 85' lang='lat' dir='ltr'><strong>mittit</strong></span> <span class='ocrx_word' id='word_1_51' title='bbox 317 939 610 1008; x_wconf 77' lang='lat' dir='ltr'><strong>Ecclesia),</strong></span> <span class='ocrx_word' id='word_1_52' title='bbox 631 936 1054 1008; x_wconf 87' lang='lat' dir='ltr'><strong>irrefragabilem</strong></span> <span class='ocrx_word' id='word_1_53' title='bbox 1083 936 1426 992; x_wconf 79' lang='lat' dir='ltr'><strong>securitatem</strong></span> <span class='ocrx_word' id='word_1_54' title='bbox 1446 935 1686 992; x_wconf 83' lang='lat' dir='ltr'><strong>habebis.</strong></span> <span class='ocrx_word' id='word_1_55' title='bbox 1702 955 1720 988; x_wconf 73' lang='grc' dir='ltr'><strong><em>ι</em></strong></span> 
     </span>
    </p>
   </div>
   <div class='ocr_carea' id='block_1_8' title="bbox 203 1026 1729 1102">
    <p class='ocr_par' dir='ltr' id='par_1_8' title="bbox 203 1026 1729 1102">
     <span class='ocr_line' id='line_1_8' title="bbox 203 1026 1729 1102; baseline -0.005 -15"><span class='ocrx_word' id='word_1_56' title='bbox 203 1033 419 1088; x_wconf 79' lang='lat' dir='ltr'><strong>Modico</strong></span> <span class='ocrx_word' id='word_1_57' title='bbox 449 1037 569 1102; x_wconf 90' lang='lat' dir='ltr'><strong>post</strong></span> <span class='ocrx_word' id='word_1_58' title='bbox 604 1041 844 1098; x_wconf 82' lang='lat' dir='ltr'><strong>tempore</strong></span> <span class='ocrx_word' id='word_1_59' title='bbox 871 1027 1088 1082; x_wconf 87' lang='lat' dir='ltr'><strong>advenit</strong></span> <span class='ocrx_word' id='word_1_60' title='bbox 1138 1027 1421 1098; x_wconf 88' lang='lat' dir='ltr'><strong>presbyter</strong></span> <span class='ocrx_word' id='word_1_61' title='bbox 1465 1026 1729 1082; x_wconf 89' lang='lat' dir='ltr'><strong>Constan-</strong></span> 
     </span>
    </p>
   </div>
   <div class='ocr_carea' id='block_1_9' title="bbox 136 1119 1727 1194">
    <p class='ocr_par' dir='ltr' id='par_1_9' title="bbox 136 1119 1727 1194">
     <span class='ocr_line' id='line_1_9' title="bbox 136 1119 1727 1194; baseline -0.003 -16"><span class='ocrx_word' id='word_1_62' title='bbox 136 1124 504 1194; x_wconf 67' lang='lat' dir='ltr'><strong>tinOpolilattte</strong></span> <span class='ocrx_word' id='word_1_63' title='bbox 547 1121 833 1185; x_wconf 71' lang='lat' dir='ltr'><strong>Ecclesim,</strong></span> <span class='ocrx_word' id='word_1_64' title='bbox 859 1119 1196 1174; x_wconf 83' lang='lat' dir='ltr'><strong>&#39;l‘heotecnus</strong></span> <span class='ocrx_word' id='word_1_65' title='bbox 1223 1120 1468 1186; x_wconf 86' lang='lat' dir='ltr'><strong>nomine,</strong></span> <span class='ocrx_word' id='word_1_66' title='bbox 1497 1119 1727 1174; x_wconf 83' lang='lat' dir='ltr'><strong>reddens</strong></span> 
     </span>
    </p>
   </div>
   <div class='ocr_carea' id='block_1_10' title="bbox 137 1212 1727 1288">
    <p class='ocr_par' dir='ltr' id='par_1_10' title="bbox 137 1212 1727 1288">
     <span class='ocr_line' id='line_1_10' title="bbox 137 1212 1727 1288; baseline -0.006 -14"><span class='ocrx_word' id='word_1_67' title='bbox 137 1219 401 1288; x_wconf 88' lang='lat' dir='ltr'><strong>epistolas</strong></span> <span class='ocrx_word' id='word_1_68' title='bbox 429 1215 630 1288; x_wconf 81' lang='lat' dir='ltr'><strong>Synodi</strong></span> <span class='ocrx_word' id='word_1_69' title='bbox 670 1213 888 1268; x_wconf 87' lang='lat' dir='ltr'><strong>Joannis</strong></span> <span class='ocrx_word' id='word_1_70' title='bbox 911 1253 926 1275; x_wconf 95' lang='lat'><strong>,</strong></span> <span class='ocrx_word' id='word_1_71' title='bbox 958 1212 1144 1282; x_wconf 76' lang='lat' dir='ltr'><strong>viginti</strong></span> <span class='ocrx_word' id='word_1_72' title='bbox 1183 1212 1417 1283; x_wconf 91' lang='lat' dir='ltr'><strong>quinque</strong></span> <span class='ocrx_word' id='word_1_73' title='bbox 1441 1212 1727 1282; x_wconf 85' lang='lat' dir='ltr'><strong>episcOpo-</strong></span> 
     </span>
    </p>
   </div>
   <div class='ocr_carea' id='block_1_11' title="bbox 144 1303 1726 1378">
    <p class='ocr_par' dir='ltr' id='par_1_11' title="bbox 144 1303 1726 1378">
     <span class='ocr_line' id='line_1_11' title="bbox 144 1303 1726 1378; baseline -0.003 -15"><span class='ocrx_word' id='word_1_74' title='bbox 144 1325 260 1363; x_wconf 89' lang='lat' dir='ltr'><strong>rum</strong></span> <span class='ocrx_word' id='word_1_75' title='bbox 291 1317 387 1362; x_wconf 87' lang='lat' dir='ltr'><strong>aut</strong></span> <span class='ocrx_word' id='word_1_76' title='bbox 413 1307 577 1378; x_wconf 87' lang='lat' dir='ltr'><strong>paulo</strong></span> <span class='ocrx_word' id='word_1_77' title='bbox 627 1305 743 1374; x_wconf 91' lang='lat' dir='ltr'><strong>plus</strong></span> <span class='ocrx_word' id='word_1_78' title='bbox 777 1323 789 1358; x_wconf 95' lang='lat'><strong>:</strong></span> <span class='ocrx_word' id='word_1_79' title='bbox 821 1305 1016 1374; x_wconf 84' lang='lat' dir='ltr'><strong>quibus</strong></span> <span class='ocrx_word' id='word_1_80' title='bbox 1062 1303 1347 1368; x_wconf 85' lang='lat' dir='ltr'><strong>docebant,</strong></span> <span class='ocrx_word' id='word_1_81' title='bbox 1380 1313 1434 1358; x_wconf 90' lang='lat' dir='ltr'><strong>et</strong></span> <span class='ocrx_word' id='word_1_82' title='bbox 1465 1303 1726 1359; x_wconf 85' lang='lat' dir='ltr'><strong>Joannem</strong></span> 
     </span>
    </p>
   </div>
   <div class='ocr_carea' id='block_1_12' title="bbox 141 1395 1726 1463">
    <p class='ocr_par' dir='ltr' id='par_1_12' title="bbox 141 1395 1726 1463">
     <span class='ocr_line' id='line_1_12' title="bbox 141 1395 1726 1463; baseline -0.002 -10"><span class='ocrx_word' id='word_1_83' title='bbox 141 1399 361 1454; x_wconf 74' lang='lat' dir='ltr'><strong>militari</strong></span> <span class='ocrx_word' id='word_1_84' title='bbox 388 1413 551 1452; x_wconf 87' lang='lat' dir='ltr'><strong>manu</strong></span> <span class='ocrx_word' id='word_1_85' title='bbox 593 1397 724 1450; x_wconf 89' lang='lat' dir='ltr'><strong>urbe</strong></span> <span class='ocrx_word' id='word_1_86' title='bbox 769 1395 1048 1463; x_wconf 76' lang='lat' dir='ltr'><strong>expulsum</strong></span> <span class='ocrx_word' id='word_1_87' title='bbox 1070 1436 1085 1458; x_wconf 93' lang='lat'><strong>,</strong></span> <span class='ocrx_word' id='word_1_88' title='bbox 1113 1405 1167 1449; x_wconf 92' lang='lat' dir='ltr'><strong>et</strong></span> <span class='ocrx_word' id='word_1_89' title='bbox 1192 1395 1456 1449; x_wconf 83' lang='lat' dir='ltr'><strong>Cucusum</strong></span> <span class='ocrx_word' id='word_1_90' title='bbox 1489 1396 1540 1449; x_wconf 91' lang='lat' dir='ltr'><strong>in</strong></span> <span class='ocrx_word' id='word_1_91' title='bbox 1581 1396 1726 1451; x_wconf 79' lang='lat' dir='ltr'><strong>exsi-</strong></span> 
     </span>
    </p>
   </div>
   <div class='ocr_carea' id='block_1_13' title="bbox 140 1488 1727 1557">
    <p class='ocr_par' dir='ltr' id='par_1_13' title="bbox 140 1488 1727 1557">
     <span class='ocr_line' id='line_1_13' title="bbox 140 1488 1727 1557; baseline 0.001 -13"><span class='ocrx_word' id='word_1_92' title='bbox 140 1493 264 1545; x_wconf 81' lang='lat' dir='ltr'><strong>lium</strong></span> <span class='ocrx_word' id='word_1_93' title='bbox 292 1505 417 1546; x_wconf 87' lang='lat' dir='ltr'><strong>esse</strong></span> <span class='ocrx_word' id='word_1_94' title='bbox 464 1489 683 1544; x_wconf 92' lang='lat' dir='ltr'><strong>missum</strong></span> <span class='ocrx_word' id='word_1_95' title='bbox 707 1530 722 1552; x_wconf 91' lang='lat'><strong>,</strong></span> <span class='ocrx_word' id='word_1_96' title='bbox 753 1498 911 1557; x_wconf 87' lang='lat' dir='ltr'><strong>atque</strong></span> <span class='ocrx_word' id='word_1_97' title='bbox 939 1502 1250 1542; x_wconf 89' lang='lat' dir='ltr'><strong>succensam</strong></span> <span class='ocrx_word' id='word_1_98' title='bbox 1279 1503 1399 1543; x_wconf 87' lang='lat' dir='ltr'><strong>esse</strong></span> <span class='ocrx_word' id='word_1_99' title='bbox 1421 1488 1727 1546; x_wconf 84' lang='lat' dir='ltr'><strong>ecclesiam.</strong></span> 
     </span>
    </p>
   </div>
   <div class='ocr_carea' id='block_1_14' title="bbox 140 1578 1730 1636">
    <p class='ocr_par' dir='ltr' id='par_1_14' title="bbox 140 1578 1730 1636">
     <span class='ocr_line' id='line_1_14' title="bbox 140 1578 1730 1636; baseline -0.001 -1"><span class='ocrx_word' id='word_1_100' title='bbox 140 1582 232 1636; x_wconf 88' lang='lat' dir='ltr'><strong>Cui</strong></span> <span class='ocrx_word' id='word_1_101' title='bbox 258 1582 423 1635; x_wconf 86' lang='lat' dir='ltr'><strong>etiam</strong></span> <span class='ocrx_word' id='word_1_102' title='bbox 455 1579 605 1635; x_wconf 86' lang='lat' dir='ltr'><strong>dedit</strong></span> <span class='ocrx_word' id='word_1_103' title='bbox 648 1578 987 1633; x_wconf 91' lang='lat' dir='ltr'><strong>Innocentius</strong></span> <span class='ocrx_word' id='word_1_104' title='bbox 1014 1578 1515 1634; x_wconf 86' lang='lat' dir='ltr'><strong>communicatorias</strong></span> <span class='ocrx_word' id='word_1_105' title='bbox 1546 1578 1730 1634; x_wconf 86' lang='lat' dir='ltr'><strong>literas</strong></span> 
     </span>
    </p>
   </div>
   <div class='ocr_carea' id='block_1_15' title="bbox 144 1673 1726 1743">
    <p class='ocr_par' dir='ltr' id='par_1_15' title="bbox 144 1673 1726 1743">
     <span class='ocr_line' id='line_1_15' title="bbox 144 1673 1726 1743; baseline 0 -15"><span class='ocrx_word' id='word_1_106' title='bbox 144 1684 194 1728; x_wconf 85' lang='lat' dir='ltr'><strong>et</strong></span> <span class='ocrx_word' id='word_1_107' title='bbox 217 1673 285 1728; x_wconf 89' lang='lat' dir='ltr'><strong>ad</strong></span> <span class='ocrx_word' id='word_1_108' title='bbox 314 1674 578 1728; x_wconf 78' lang='lat' dir='ltr'><strong>Joannem</strong></span> <span class='ocrx_word' id='word_1_109' title='bbox 609 1673 917 1743; x_wconf 83' lang='lat' dir='ltr'><strong>episcopum</strong></span> <span class='ocrx_word' id='word_1_110' title='bbox 939 1681 992 1727; x_wconf 92' lang='lat' dir='ltr'><strong>et</strong></span> <span class='ocrx_word' id='word_1_111' title='bbox 1029 1673 1094 1726; x_wconf 91' lang='lat' dir='ltr'><strong>ad</strong></span> <span class='ocrx_word' id='word_1_112' title='bbox 1119 1687 1310 1728; x_wconf 92' lang='lat' dir='ltr'><strong>omnes</strong></span> <span class='ocrx_word' id='word_1_113' title='bbox 1337 1674 1387 1728; x_wconf 90' lang='lat' dir='ltr'><strong>ei</strong></span> <span class='ocrx_word' id='word_1_114' title='bbox 1423 1673 1726 1728; x_wconf 89' lang='lat' dir='ltr'><strong>communi-</strong></span> 
     </span>
    </p>
   </div>
   <div class='ocr_carea' id='block_1_16' title="bbox 141 1761 1729 1836">
    <p class='ocr_par' dir='ltr' id='par_1_16' title="bbox 141 1761 1729 1836">
     <span class='ocr_line' id='line_1_16' title="bbox 141 1761 1729 1836; baseline -0.001 -17"><span class='ocrx_word' id='word_1_115' title='bbox 141 1775 325 1819; x_wconf 81' lang='lat' dir='ltr'><strong>cantes</strong></span> <span class='ocrx_word' id='word_1_116' title='bbox 353 1763 664 1836; x_wconf 86' lang='lat' dir='ltr'><strong>episcopos,</strong></span> <span class='ocrx_word' id='word_1_117' title='bbox 698 1761 918 1817; x_wconf 88' lang='lat' dir='ltr'><strong>hortans</strong></span> <span class='ocrx_word' id='word_1_118' title='bbox 941 1777 1062 1817; x_wconf 90' lang='lat' dir='ltr'><strong>cum</strong></span> <span class='ocrx_word' id='word_1_119' title='bbox 1099 1762 1351 1834; x_wconf 87' lang='lat' dir='ltr'><strong>lacrymis</strong></span> <span class='ocrx_word' id='word_1_120' title='bbox 1376 1772 1435 1818; x_wconf 92' lang='lat' dir='ltr'><strong>ut</strong></span> <span class='ocrx_word' id='word_1_121' title='bbox 1466 1763 1729 1833; x_wconf 87' lang='lat' dir='ltr'><strong>patienter</strong></span> 
     </span>
    </p>
   </div>
   <div class='ocr_carea' id='block_1_17' title="bbox 145 1855 1728 1927">
    <p class='ocr_par' dir='ltr' id='par_1_17' title="bbox 145 1855 1728 1927">
     <span class='ocr_line' id='line_1_17' title="bbox 145 1855 1728 1927; baseline -0.001 -15"><span class='ocrx_word' id='word_1_122' title='bbox 145 1860 346 1924; x_wconf 82' lang='lat' dir='ltr'><strong>ferant,</strong></span> <span class='ocrx_word' id='word_1_123' title='bbox 371 1873 493 1912; x_wconf 86' lang='lat' dir='ltr'><strong>cum</strong></span> <span class='ocrx_word' id='word_1_124' title='bbox 521 1872 675 1927; x_wconf 87' lang='lat' dir='ltr'><strong>opem</strong></span> <span class='ocrx_word' id='word_1_125' title='bbox 717 1855 857 1912; x_wconf 91' lang='lat' dir='ltr'><strong>ferre</strong></span> <span class='ocrx_word' id='word_1_126' title='bbox 882 1872 988 1910; x_wconf 92' lang='lat' dir='ltr'><strong>non</strong></span> <span class='ocrx_word' id='word_1_127' title='bbox 1017 1866 1216 1926; x_wconf 87' lang='lat' dir='ltr'><strong>posset,</strong></span> <span class='ocrx_word' id='word_1_128' title='bbox 1241 1871 1306 1912; x_wconf 88' lang='lat' dir='ltr'><strong>eo</strong></span> <span class='ocrx_word' id='word_1_129' title='bbox 1345 1855 1486 1926; x_wconf 90' lang='lat' dir='ltr'><strong>quod</strong></span> <span class='ocrx_word' id='word_1_130' title='bbox 1516 1856 1583 1910; x_wconf 91' lang='lat' dir='ltr'><strong>ad</strong></span> <span class='ocrx_word' id='word_1_131' title='bbox 1610 1871 1728 1910; x_wconf 89' lang='lat' dir='ltr'><strong>ma-</strong></span> 
     </span>
    </p>
   </div>
   <div class='ocr_carea' id='block_1_18' title="bbox 143 1947 1731 2018">
    <p class='ocr_par' dir='ltr' id='par_1_18' title="bbox 143 1947 1731 2018">
     <span class='ocr_line' id='line_1_18' title="bbox 143 1947 1731 2018; baseline 0 -16"><span class='ocrx_word' id='word_1_132' title='bbox 143 1947 250 2002; x_wconf 86' lang='lat' dir='ltr'><strong>lum</strong></span> <span class='ocrx_word' id='word_1_133' title='bbox 284 1955 530 2018; x_wconf 87' lang='lat' dir='ltr'><strong>potentes</strong></span> <span class='ocrx_word' id='word_1_134' title='bbox 581 1947 798 2018; x_wconf 84' lang='lat' dir='ltr'><strong>quidam</strong></span> <span class='ocrx_word' id='word_1_135' title='bbox 856 1947 1154 2003; x_wconf 87' lang='lat' dir='ltr'><strong>obstarent.</strong></span> <span class='ocrx_word' id='word_1_136' title='bbox 1205 1947 1371 2002; x_wconf 87' lang='lat' dir='ltr'><strong>Paulo</strong></span> <span class='ocrx_word' id='word_1_137' title='bbox 1423 1957 1543 2018; x_wconf 89' lang='lat' dir='ltr'><strong>post</strong></span> <span class='ocrx_word' id='word_1_138' title='bbox 1585 1949 1731 2004; x_wconf 91' lang='lat' dir='ltr'><strong>venit</strong></span> 
     </span>
    </p>
   </div>
   <div class='ocr_carea' id='block_1_19' title="bbox 146 2038 1732 2109">
    <p class='ocr_par' dir='ltr' id='par_1_19' title="bbox 146 2038 1732 2109">
     <span class='ocr_line' id='line_1_19' title="bbox 146 2038 1732 2109; baseline 0.001 -15"><span class='ocrx_word' id='word_1_139' title='bbox 146 2039 435 2094; x_wconf 85' lang='lat' dir='ltr'><strong>homuncio</strong></span> <span class='ocrx_word' id='word_1_140' title='bbox 473 2038 688 2108; x_wconf 87' lang='lat' dir='ltr'><strong>quidam</strong></span> <span class='ocrx_word' id='word_1_141' title='bbox 712 2082 728 2106; x_wconf 90' lang='lat'><strong>,</strong></span> <span class='ocrx_word' id='word_1_142' title='bbox 757 2039 875 2095; x_wconf 91' lang='lat' dir='ltr'><strong>visu</strong></span> <span class='ocrx_word' id='word_1_143' title='bbox 900 2038 1176 2104; x_wconf 82' lang='lat' dir='ltr'><strong>deformis,</strong></span> <span class='ocrx_word' id='word_1_144' title='bbox 1205 2048 1260 2095; x_wconf 90' lang='lat' dir='ltr'><strong>et</strong></span> <span class='ocrx_word' id='word_1_145' title='bbox 1288 2039 1378 2109; x_wconf 89' lang='lat' dir='ltr'><strong>qui</strong></span> <span class='ocrx_word' id='word_1_146' title='bbox 1417 2039 1633 2095; x_wconf 87' lang='lat' dir='ltr'><strong>difficile</strong></span> <span class='ocrx_word' id='word_1_147' title='bbox 1659 2041 1732 2095; x_wconf 81' lang='lat' dir='ltr'><strong>in-</strong></span> 
     </span>
    </p>
   </div>
   <div class='ocr_carea' id='block_1_20' title="bbox 147 2132 1732 2204">
    <p class='ocr_par' dir='ltr' id='par_1_20' title="bbox 147 2132 1732 2204">
     <span class='ocr_line' id='line_1_20' title="bbox 147 2132 1732 2204; baseline 0.001 -18"><span class='ocrx_word' id='word_1_148' title='bbox 147 2133 308 2204; x_wconf 75' lang='lat' dir='ltr'><strong>tt-lligi</strong></span> <span class='ocrx_word' id='word_1_149' title='bbox 341 2143 540 2202; x_wconf 83' lang='lat' dir='ltr'><strong>posset,</strong></span> <span class='ocrx_word' id='word_1_150' title='bbox 568 2132 826 2188; x_wconf 89' lang='lat' dir='ltr'><strong>Paternus</strong></span> <span class='ocrx_word' id='word_1_151' title='bbox 855 2132 1091 2196; x_wconf 89' lang='lat' dir='ltr'><strong>nomine,</strong></span> <span class='ocrx_word' id='word_1_152' title='bbox 1116 2133 1481 2204; x_wconf 85' lang='lat' dir='ltr'><strong>presbyterum</strong></span> <span class='ocrx_word' id='word_1_153' title='bbox 1508 2148 1567 2187; x_wconf 90' lang='lat' dir='ltr'><strong>se</strong></span> <span class='ocrx_word' id='word_1_154' title='bbox 1593 2133 1732 2188; x_wconf 87' lang='lat' dir='ltr'><strong>Con-</strong></span> 
     </span>
    </p>
   </div>
   <div class='ocr_carea' id='block_1_21' title="bbox 145 2225 1732 2298">
    <p class='ocr_par' dir='ltr' id='par_1_21' title="bbox 145 2225 1732 2298">
     <span class='ocr_line' id='line_1_21' title="bbox 145 2225 1732 2298; baseline 0.003 -20"><span class='ocrx_word' id='word_1_155' title='bbox 145 2225 628 2294; x_wconf 75' lang='lat' dir='ltr'><strong>stantinopolitana:</strong></span> <span class='ocrx_word' id='word_1_156' title='bbox 673 2225 926 2281; x_wconf 71' lang='lat' dir='ltr'><strong>Ecclesia:</strong></span> <span class='ocrx_word' id='word_1_157' title='bbox 961 2225 1190 2280; x_wconf 84' lang='lat' dir='ltr'><strong>dicens:</strong></span> <span class='ocrx_word' id='word_1_158' title='bbox 1235 2227 1326 2295; x_wconf 89' lang='lat' dir='ltr'><strong>qui</strong></span> <span class='ocrx_word' id='word_1_159' title='bbox 1369 2236 1424 2282; x_wconf 87' lang='lat' dir='ltr'><strong>et</strong></span> <span class='ocrx_word' id='word_1_160' title='bbox 1449 2227 1561 2298; x_wconf 87' lang='lat' dir='ltr'><strong>ipse</strong></span> <span class='ocrx_word' id='word_1_161' title='bbox 1589 2236 1732 2284; x_wconf 87' lang='lat' dir='ltr'><strong>totus</strong></span> 
     </span>
    </p>
   </div>
   <div class='ocr_carea' id='block_1_22' title="bbox 145 2317 1732 2391">
    <p class='ocr_par' dir='ltr' id='par_1_22' title="bbox 145 2317 1732 2391">
     <span class='ocr_line' id='line_1_22' title="bbox 145 2317 1732 2391; baseline 0.003 -20"><span class='ocrx_word' id='word_1_162' title='bbox 145 2317 396 2371; x_wconf 81' lang='lat' dir='ltr'><strong>efferatus</strong></span> <span class='ocrx_word' id='word_1_163' title='bbox 422 2359 438 2383; x_wconf 91' lang='lat'><strong>,</strong></span> <span class='ocrx_word' id='word_1_164' title='bbox 482 2317 784 2372; x_wconf 89' lang='lat' dir='ltr'><strong>inimicitias</strong></span> <span class='ocrx_word' id='word_1_165' title='bbox 823 2317 1080 2374; x_wconf 90' lang='lat' dir='ltr'><strong>adversus</strong></span> <span class='ocrx_word' id='word_1_166' title='bbox 1124 2317 1386 2373; x_wconf 89' lang='lat' dir='ltr'><strong>Joannem</strong></span> <span class='ocrx_word' id='word_1_167' title='bbox 1431 2320 1580 2375; x_wconf 84' lang='lat' dir='ltr'><strong>vultu</strong></span> <span class='ocrx_word' id='word_1_168' title='bbox 1616 2321 1732 2391; x_wconf 90' lang='lat' dir='ltr'><strong>ipso</strong></span> 
     </span>
    </p>
   </div>
   <div class='ocr_carea' id='block_1_23' title="bbox 146 2408 1732 2480">
    <p class='ocr_par' dir='ltr' id='par_1_23' title="bbox 146 2408 1732 2480">
     <span class='ocr_line' id='line_1_23' title="bbox 146 2408 1732 2480; baseline 0.003 -16"><span class='ocrx_word' id='word_1_169' title='bbox 146 2408 376 2478; x_wconf 79' lang='lat' dir='ltr'><strong>pmdens</strong></span> <span class='ocrx_word' id='word_1_170' title='bbox 403 2449 418 2471; x_wconf 88' lang='lat'><em>.</em></span> <span class='ocrx_word' id='word_1_171' title='bbox 463 2409 747 2480; x_wconf 80' lang='lat' dir='ltr'><strong>multisque</strong></span> <span class='ocrx_word' id='word_1_172' title='bbox 812 2427 934 2465; x_wconf 90' lang='lat' dir='ltr'><strong>eum</strong></span> <span class='ocrx_word' id='word_1_173' title='bbox 988 2411 1197 2480; x_wconf 89' lang='lat' dir='ltr'><strong>probris</strong></span> <span class='ocrx_word' id='word_1_174' title='bbox 1244 2411 1518 2477; x_wconf 88' lang='lat' dir='ltr'><strong>lacerans,</strong></span> <span class='ocrx_word' id='word_1_175' title='bbox 1549 2413 1732 2468; x_wconf 87' lang='lat' dir='ltr'><strong>literas</strong></span> 
     </span>
    </p>
   </div>
   <div class='ocr_carea' id='block_1_24' title="bbox 149 2501 1732 2570">
    <p class='ocr_par' dir='ltr' id='par_1_24' title="bbox 149 2501 1732 2570">
     <span class='ocr_line' id='line_1_24' title="bbox 149 2501 1732 2570; baseline 0.003 -17"><span class='ocrx_word' id='word_1_176' title='bbox 149 2515 438 2569; x_wconf 80' lang='lat' dir='ltr'><strong>paucorum</strong></span> <span class='ocrx_word' id='word_1_177' title='bbox 470 2501 843 2570; x_wconf 88' lang='lat' dir='ltr'><strong>episcoporum</strong></span> <span class='ocrx_word' id='word_1_178' title='bbox 875 2501 1144 2565; x_wconf 92' lang='lat' dir='ltr'><strong>reddidit,</strong></span> <span class='ocrx_word' id='word_1_179' title='bbox 1183 2502 1383 2569; x_wconf 86' lang='lat' dir='ltr'><strong>Acacii,</strong></span> <span class='ocrx_word' id='word_1_180' title='bbox 1413 2503 1584 2568; x_wconf 86' lang='lat' dir='ltr'><strong>Pauli,</strong></span> <span class='ocrx_word' id='word_1_181' title='bbox 1617 2506 1732 2558; x_wconf 82' lang='lat' dir='ltr'><strong>An-</strong></span> 
     </span>
    </p>
   </div>
   <div class='ocr_carea' id='block_1_25' title="bbox 147 2591 1728 2664">
    <p class='ocr_par' dir='ltr' id='par_1_25' title="bbox 147 2591 1728 2664">
     <span class='ocr_line' id='line_1_25' title="bbox 147 2591 1728 2664; baseline 0.003 -19"><span class='ocrx_word' id='word_1_182' title='bbox 147 2592 304 2646; x_wconf 89' lang='lat' dir='ltr'><strong>tiochi</strong></span> <span class='ocrx_word' id='word_1_183' title='bbox 336 2632 351 2651; x_wconf 86' lang='lat'><strong>,</strong></span> <span class='ocrx_word' id='word_1_184' title='bbox 391 2591 572 2662; x_wconf 84' lang='lat' dir='ltr'><strong>Cyrini</strong></span> <span class='ocrx_word' id='word_1_185' title='bbox 600 2633 616 2658; x_wconf 94' lang='lat'><strong>,</strong></span> <span class='ocrx_word' id='word_1_186' title='bbox 663 2591 934 2647; x_wconf 87' lang='lat' dir='ltr'><strong>Severiaui</strong></span> <span class='ocrx_word' id='word_1_187' title='bbox 973 2601 1030 2648; x_wconf 90' lang='lat' dir='ltr'><strong>et</strong></span> <span class='ocrx_word' id='word_1_188' title='bbox 1072 2594 1294 2649; x_wconf 90' lang='lat' dir='ltr'><strong>aliorum</strong></span> <span class='ocrx_word' id='word_1_189' title='bbox 1331 2597 1682 2664; x_wconf 88' lang='lat' dir='ltr'><strong>quorumdam</strong></span> <span class='ocrx_word' id='word_1_190' title='bbox 1714 2614 1728 2649; x_wconf 93' lang='lat'><strong>:</strong></span> 
     </span>
    </p>
   </div>
   <div class='ocr_carea' id='block_1_26' title="bbox 148 2683 1729 2758">
    <p class='ocr_par' dir='ltr' id='par_1_26' title="bbox 148 2683 1729 2758">
     <span class='ocr_line' id='line_1_26' title="bbox 148 2683 1729 2758; baseline 0.004 -23"><span class='ocrx_word' id='word_1_191' title='bbox 148 2685 196 2736; x_wconf 85' lang='lat' dir='ltr'><strong>In</strong></span> <span class='ocrx_word' id='word_1_192' title='bbox 223 2683 420 2754; x_wconf 83' lang='lat' dir='ltr'><strong>quibus</strong></span> <span class='ocrx_word' id='word_1_193' title='bbox 455 2684 913 2740; x_wconf 83' lang='lat' dir='ltr'><strong>calumniabantur</strong></span> <span class='ocrx_word' id='word_1_194' title='bbox 940 2685 1200 2741; x_wconf 83' lang='lat' dir='ltr'><strong>Joannem</strong></span> <span class='ocrx_word' id='word_1_195' title='bbox 1219 2729 1234 2752; x_wconf 88' lang='lat'><strong>,</strong></span> <span class='ocrx_word' id='word_1_196' title='bbox 1266 2688 1418 2758; x_wconf 89' lang='lat' dir='ltr'><strong>quasi</strong></span> <span class='ocrx_word' id='word_1_197' title='bbox 1448 2690 1729 2744; x_wconf 85' lang='lat' dir='ltr'><strong>ecclesiam</strong></span> 
     </span>
    </p>
   </div>
   <div class='ocr_carea' id='block_1_27' title="bbox 149 2774 1731 2851">
    <p class='ocr_par' dir='ltr' id='par_1_27' title="bbox 149 2774 1731 2851">
     <span class='ocr_line' id='line_1_27' title="bbox 149 2774 1731 2851; baseline 0.006 -23"><span class='ocrx_word' id='word_1_198' title='bbox 149 2774 494 2830; x_wconf 83' lang='lat' dir='ltr'><strong>incendisset.</strong></span> <span class='ocrx_word' id='word_1_199' title='bbox 534 2775 665 2830; x_wconf 87' lang='lat' dir='ltr'><strong>Tam</strong></span> <span class='ocrx_word' id='word_1_200' title='bbox 719 2776 845 2830; x_wconf 90' lang='lat' dir='ltr'><strong>falsa</strong></span> <span class='ocrx_word' id='word_1_201' title='bbox 879 2777 1032 2832; x_wconf 91' lang='lat' dir='ltr'><strong>nobis</strong></span> <span class='ocrx_word' id='word_1_202' title='bbox 1061 2779 1234 2833; x_wconf 86' lang='lat' dir='ltr'><strong>oratio</strong></span> <span class='ocrx_word' id='word_1_203' title='bbox 1274 2781 1554 2851; x_wconf 87' lang='lat' dir='ltr'><strong>apparuit,</strong></span> <span class='ocrx_word' id='word_1_204' title='bbox 1583 2793 1639 2836; x_wconf 91' lang='lat' dir='ltr'><strong>ut</strong></span> <span class='ocrx_word' id='word_1_205' title='bbox 1667 2799 1731 2837; x_wconf 90' lang='lat' dir='ltr'><strong>ne</strong></span> 
     </span>
    </p>
   </div>
   <div class='ocr_carea' id='block_1_28' title="bbox 149 2865 1728 2944">
    <p class='ocr_par' dir='ltr' id='par_1_28' title="bbox 149 2865 1728 2944">
     <span class='ocr_line' id='line_1_28' title="bbox 149 2865 1728 2944; baseline 0.007 -22"><span class='ocrx_word' id='word_1_206' title='bbox 149 2865 384 2923; x_wconf 85' lang='lat' dir='ltr'><strong>Joannes</strong></span> <span class='ocrx_word' id='word_1_207' title='bbox 431 2869 645 2938; x_wconf 88' lang='lat' dir='ltr'><strong>quidem</strong></span> <span class='ocrx_word' id='word_1_208' title='bbox 692 2870 744 2923; x_wconf 94' lang='lat' dir='ltr'><strong>in</strong></span> <span class='ocrx_word' id='word_1_209' title='bbox 769 2870 968 2924; x_wconf 87' lang='lat' dir='ltr'><strong>celebri</strong></span> <span class='ocrx_word' id='word_1_210' title='bbox 998 2871 1216 2943; x_wconf 87' lang='lat' dir='ltr'><strong>Synodo</strong></span> <span class='ocrx_word' id='word_1_211' title='bbox 1239 2871 1394 2944; x_wconf 83' lang='lat' dir='ltr'><strong>hujus</strong></span> <span class='ocrx_word' id='word_1_212' title='bbox 1436 2873 1516 2929; x_wconf 89' lang='lat' dir='ltr'><strong>rei</strong></span> <span class='ocrx_word' id='word_1_213' title='bbox 1545 2874 1728 2933; x_wconf 87' lang='lat' dir='ltr'><strong>defen-</strong></span> 
     </span>
    </p>
   </div>
   <div class='ocr_carea' id='block_1_29' title="bbox 150 2959 1734 3040">
    <p class='ocr_par' dir='ltr' id='par_1_29' title="bbox 150 2959 1734 3040">
     <span class='ocr_line' id='line_1_29' title="bbox 150 2959 1734 3040; baseline 0.006 -27"><span class='ocrx_word' id='word_1_214' title='bbox 150 2959 352 3014; x_wconf 83' lang='lat' dir='ltr'><strong>sionem</strong></span> <span class='ocrx_word' id='word_1_215' title='bbox 385 2959 665 3014; x_wconf 89' lang='lat' dir='ltr'><strong>attulerit:</strong></span> <span class='ocrx_word' id='word_1_216' title='bbox 699 2975 858 3030; x_wconf 90' lang='lat' dir='ltr'><strong>quem</strong></span> <span class='ocrx_word' id='word_1_217' title='bbox 893 2976 1067 3032; x_wconf 90' lang='lat' dir='ltr'><strong>usque</strong></span> <span class='ocrx_word' id='word_1_218' title='bbox 1092 2976 1160 3016; x_wconf 92' lang='lat' dir='ltr'><strong>eo</strong></span> <span class='ocrx_word' id='word_1_219' title='bbox 1180 2962 1429 3032; x_wconf 80' lang='lat' dir='ltr'><strong>despexit</strong></span> <span class='ocrx_word' id='word_1_220' title='bbox 1477 2985 1612 3040; x_wconf 88' lang='lat' dir='ltr'><strong>papa</strong></span> <span class='ocrx_word' id='word_1_221' title='bbox 1645 2971 1734 3024; x_wconf 88' lang='lat' dir='ltr'><strong>In-</strong></span> 
     </span>
    </p>
   </div>
   <div class='ocr_carea' id='block_1_30' title="bbox 153 3049 1730 3121">
    <p class='ocr_par' dir='ltr' id='par_1_30' title="bbox 153 3049 1730 3121">
     <span class='ocr_line' id='line_1_30' title="bbox 153 3049 1730 3121; baseline 0.004 -19"><span class='ocrx_word' id='word_1_222' title='bbox 153 3049 470 3113; x_wconf 81' lang='lat' dir='ltr'><strong>nocentius,</strong></span> <span class='ocrx_word' id='word_1_223' title='bbox 515 3058 573 3103; x_wconf 91' lang='lat' dir='ltr'><strong>ut</strong></span> <span class='ocrx_word' id='word_1_224' title='bbox 623 3050 951 3120; x_wconf 86' lang='lat' dir='ltr'><strong>respondere</strong></span> <span class='ocrx_word' id='word_1_225' title='bbox 996 3051 1241 3121; x_wconf 83' lang='lat' dir='ltr'><strong>dignatus</strong></span> <span class='ocrx_word' id='word_1_226' title='bbox 1282 3069 1388 3107; x_wconf 85' lang='lat' dir='ltr'><strong>non</strong></span> <span class='ocrx_word' id='word_1_227' title='bbox 1438 3059 1527 3114; x_wconf 80' lang='lat' dir='ltr'><strong>sit.</strong></span> <span class='ocrx_word' id='word_1_228' title='bbox 1553 3060 1730 3114; x_wconf 75' lang='lat' dir='ltr'><strong>Episc.</strong></span> 
     </span>
    </p>
   </div>
   <div class='ocr_carea' id='block_1_31' title="bbox 155 3139 1732 3223">
    <p class='ocr_par' dir='ltr' id='par_1_31' title="bbox 155 3139 1732 3223">
     <span class='ocr_line' id='line_1_31' title="bbox 155 3139 1732 3223; baseline 0.007 -31"><span class='ocrx_word' id='word_1_229' title='bbox 155 3139 377 3210; x_wconf 72' lang='lat' dir='ltr'><strong>Digtaare</strong></span> <span class='ocrx_word' id='word_1_230' title='bbox 414 3141 577 3209; x_wconf 83' lang='lat' dir='ltr'><strong>igitur</strong></span> <span class='ocrx_word' id='word_1_231' title='bbox 625 3156 782 3196; x_wconf 88' lang='lat' dir='ltr'><strong>aures</strong></span> <span class='ocrx_word' id='word_1_232' title='bbox 819 3142 947 3196; x_wconf 88' lang='lat' dir='ltr'><strong>mihi</strong></span> <span class='ocrx_word' id='word_1_233' title='bbox 985 3143 1222 3210; x_wconf 76' lang='lat' dir='ltr'><strong>prmbere</strong></span> <span class='ocrx_word' id='word_1_234' title='bbox 1249 3190 1268 3218; x_wconf 81' lang='grc'><em>,</em></span> <span class='ocrx_word' id='word_1_235' title='bbox 1313 3160 1372 3206; x_wconf 80' lang='grc' dir='ltr'><strong>ιιι</strong></span> <span class='ocrx_word' id='word_1_236' title='bbox 1399 3150 1498 3206; x_wconf 88' lang='lat' dir='ltr'><strong>tibi</strong></span> <span class='ocrx_word' id='word_1_237' title='bbox 1528 3152 1732 3223; x_wconf 79' lang='lat' dir='ltr'><strong>singula</strong></span> 
     </span>
    </p>
   </div>
   <div class='ocr_carea' id='block_1_32' title="bbox 151 3232 1737 3311">
    <p class='ocr_par' dir='ltr' id='par_1_32' title="bbox 151 3232 1737 3311">
     <span class='ocr_line' id='line_1_32' title="bbox 151 3232 1737 3311; baseline 0.001 -26"><span class='ocrx_word' id='word_1_238' title='bbox 151 3248 415 3300; x_wconf 79' lang='lat' dir='ltr'><strong>exponam</strong></span> <span class='ocrx_word' id='word_1_239' title='bbox 447 3250 462 3285; x_wconf 92' lang='lat'><strong>:</strong></span> <span class='ocrx_word' id='word_1_240' title='bbox 490 3232 641 3286; x_wconf 88' lang='lat' dir='ltr'><strong>valde</strong></span> <span class='ocrx_word' id='word_1_241' title='bbox 671 3234 834 3298; x_wconf 88' lang='lat' dir='ltr'><strong>enim,</strong></span> <span class='ocrx_word' id='word_1_242' title='bbox 869 3241 926 3287; x_wconf 88' lang='lat' dir='ltr'><strong>ut</strong></span> <span class='ocrx_word' id='word_1_243' title='bbox 951 3233 1026 3287; x_wconf 85' lang='lat' dir='ltr'><strong>ait</strong></span> <span class='ocrx_word' id='word_1_244' title='bbox 1050 3235 1200 3292; x_wconf 79' lang='lat' dir='ltr'><strong>Elius</strong></span> <span class='ocrx_word' id='word_1_245' title='bbox 1223 3242 1292 3298; x_wconf 79' lang='lat' dir='ltr'><strong>ad</strong></span> <span class='ocrx_word' id='word_1_246' title='bbox 1313 3241 1416 3299; x_wconf 79' lang='lat' dir='ltr'><strong>Job</strong></span> <span class='ocrx_word' id='word_1_247' title='bbox 1439 3284 1455 3311; x_wconf 79' lang='grc'><em>,</em></span> <span class='ocrx_word' id='word_1_248' title='bbox 1483 3242 1737 3299; x_wconf 67' lang='lat' dir='ltr'><strong>Camn-in-</strong></span> 
     </span>
    </p>
   </div>
   <div class='ocr_carea' id='block_1_33' title="bbox 159 3335 1744 3414">
    <p class='ocr_par' dir='ltr' id='par_1_33' title="bbox 159 3335 1744 3414">
     <span class='ocr_line' id='line_1_33' title="bbox 159 3335 1744 3414; baseline 0 -25"><span class='ocrx_word' id='word_1_249' title='bbox 159 3338 230 3408; x_wconf 66' lang='lat' dir='ltr'><strong>git</strong></span> <span class='ocrx_word' id='word_1_250' title='bbox 274 3357 354 3393; x_wconf 85' lang='lat' dir='ltr'><strong>me</strong></span> <span class='ocrx_word' id='word_1_251' title='bbox 398 3343 606 3408; x_wconf 74' lang='lat' dir='ltr'><strong>spiritus</strong></span> <span class='ocrx_word' id='word_1_252' title='bbox 651 3343 834 3396; x_wconf 73' lang='lat' dir='ltr'><strong>ventris</strong></span> <span class='ocrx_word' id='word_1_253' title='bbox 880 3341 996 3414; x_wconf 82' lang='lat' dir='ltr'><strong>(Job</strong></span> <span class='ocrx_word' id='word_1_254' title='bbox 1043 3340 1130 3394; x_wconf 72' lang='grc'><strong>59..</strong></span> <span class='ocrx_word' id='word_1_255' title='bbox 1186 3337 1320 3410; x_wconf 75' lang='lat'><strong>18):</strong></span> <span class='ocrx_word' id='word_1_256' title='bbox 1375 3344 1612 3390; x_wconf 78' lang='lat' dir='ltr'><strong>ventrem</strong></span> <span class='ocrx_word' id='word_1_257' title='bbox 1663 3335 1744 3389; x_wconf 84' lang='lat' dir='ltr'><strong>in-</strong></span> 
     </span>
    </p>
   </div>
   <div class='ocr_carea' id='block_1_34' title="bbox 158 3426 1743 3499">
    <p class='ocr_par' dir='ltr' id='par_1_34' title="bbox 158 3426 1743 3499">
     <span class='ocr_line' id='line_1_34' title="bbox 158 3426 1743 3499; baseline 0 -19"><span class='ocrx_word' id='word_1_258' title='bbox 158 3443 324 3484; x_wconf 77' lang='lat' dir='ltr'><strong>nitens</strong></span> <span class='ocrx_word' id='word_1_259' title='bbox 387 3443 622 3488; x_wconf 85' lang='lat' dir='ltr'><strong>mentem</strong></span> <span class='ocrx_word' id='word_1_260' title='bbox 669 3433 1002 3488; x_wconf 88' lang='lat' dir='ltr'><strong>sermonibus</strong></span> <span class='ocrx_word' id='word_1_261' title='bbox 1062 3431 1288 3499; x_wconf 83' lang='lat' dir='ltr'><strong>plenam.</strong></span> <span class='ocrx_word' id='word_1_262' title='bbox 1334 3429 1480 3482; x_wconf 73' lang='lat' dir='ltr'><strong>Duc.</strong></span> <span class='ocrx_word' id='word_1_263' title='bbox 1515 3426 1743 3481; x_wconf 84' lang='lat' dir='ltr'><strong>Necesse</strong></span> 
     </span>
    </p>
   </div>
   <div class='ocr_carea' id='block_1_35' title="bbox 156 3521 1736 3591">
    <p class='ocr_par' dir='ltr' id='par_1_35' title="bbox 156 3521 1736 3591">
     <span class='ocr_line' id='line_1_35' title="bbox 156 3521 1736 3591; baseline -0.001 -15"><span class='ocrx_word' id='word_1_264' title='bbox 156 3533 235 3576; x_wconf 71' lang='lat' dir='ltr'><strong>cat</strong></span> <span class='ocrx_word' id='word_1_265' title='bbox 261 3538 380 3584; x_wconf 90' lang='lat' dir='ltr'><strong>me,</strong></span> <span class='ocrx_word' id='word_1_266' title='bbox 410 3522 610 3591; x_wconf 90' lang='lat' dir='ltr'><strong>optime</strong></span> <span class='ocrx_word' id='word_1_267' title='bbox 649 3529 804 3585; x_wconf 86' lang='lat' dir='ltr'><strong>Pater</strong></span> <span class='ocrx_word' id='word_1_268' title='bbox 829 3564 845 3587; x_wconf 94' lang='lat'><strong>,</strong></span> <span class='ocrx_word' id='word_1_269' title='bbox 891 3531 1080 3577; x_wconf 79' lang='lat' dir='ltr'><strong>exacte</strong></span> <span class='ocrx_word' id='word_1_270' title='bbox 1119 3521 1338 3591; x_wconf 79' lang='lat' dir='ltr'><strong>explere</strong></span> <span class='ocrx_word' id='word_1_271' title='bbox 1376 3523 1736 3576; x_wconf 86' lang='lat' dir='ltr'><strong>narrationem</strong></span> 
     </span>
    </p>
   </div>
   <div class='ocr_carea' id='block_1_36' title="bbox 158 3613 1741 3683">
    <p class='ocr_par' dir='ltr' id='par_1_36' title="bbox 158 3613 1741 3683">
     <span class='ocr_line' id='line_1_36' title="bbox 158 3613 1741 3683; baseline 0.001 -17"><span class='ocrx_word' id='word_1_272' title='bbox 158 3628 344 3666; x_wconf 87' lang='lat' dir='ltr'><strong>eorum</strong></span> <span class='ocrx_word' id='word_1_273' title='bbox 373 3653 390 3678; x_wconf 91' lang='lat'><strong>,</strong></span> <span class='ocrx_word' id='word_1_274' title='bbox 419 3628 538 3682; x_wconf 79' lang='lat' dir='ltr'><strong>qua:</strong></span> <span class='ocrx_word' id='word_1_275' title='bbox 588 3613 655 3668; x_wconf 87' lang='lat' dir='ltr'><strong>ad</strong></span> <span class='ocrx_word' id='word_1_276' title='bbox 701 3614 942 3667; x_wconf 89' lang='lat' dir='ltr'><strong>notitiam</strong></span> <span class='ocrx_word' id='word_1_277' title='bbox 993 3623 1229 3668; x_wconf 85' lang='lat' dir='ltr'><strong>nostram</strong></span> <span class='ocrx_word' id='word_1_278' title='bbox 1262 3622 1653 3683; x_wconf 85' lang='lat' dir='ltr'><strong>pervenerunt,</strong></span> <span class='ocrx_word' id='word_1_279' title='bbox 1684 3623 1741 3668; x_wconf 91' lang='lat' dir='ltr'><strong>ut</strong></span> 
     </span>
    </p>
   </div>
   <div class='ocr_carea' id='block_1_37' title="bbox 155 3704 1740 3776">
    <p class='ocr_par' dir='ltr' id='par_1_37' title="bbox 155 3704 1740 3776">
     <span class='ocr_line' id='line_1_37' title="bbox 155 3704 1740 3776; baseline 0.003 -20"><span class='ocrx_word' id='word_1_280' title='bbox 155 3704 234 3757; x_wconf 82' lang='lat' dir='ltr'><strong>sic</strong></span> <span class='ocrx_word' id='word_1_281' title='bbox 262 3704 545 3772; x_wconf 82' lang='lat' dir='ltr'><strong>aggrediar</strong></span> <span class='ocrx_word' id='word_1_282' title='bbox 586 3704 920 3776; x_wconf 86' lang='lat' dir='ltr'><strong>interrogare</strong></span> <span class='ocrx_word' id='word_1_283' title='bbox 950 3716 1018 3760; x_wconf 91' lang='lat' dir='ltr'><strong>te.</strong></span> <span class='ocrx_word' id='word_1_284' title='bbox 1053 3705 1260 3760; x_wconf 81' lang='lat' dir='ltr'><strong>Rursus</strong></span> <span class='ocrx_word' id='word_1_285' title='bbox 1305 3706 1464 3776; x_wconf 79' lang='lat' dir='ltr'><strong>igitur</strong></span> <span class='ocrx_word' id='word_1_286' title='bbox 1492 3713 1614 3776; x_wconf 92' lang='lat' dir='ltr'><strong>post</strong></span> <span class='ocrx_word' id='word_1_287' title='bbox 1637 3707 1740 3760; x_wconf 90' lang='lat' dir='ltr'><strong>ali-</strong></span> 
     </span>
    </p>
   </div>
   <div class='ocr_carea' id='block_1_38' title="bbox 155 3795 1741 3869">
    <p class='ocr_par' dir='ltr' id='par_1_38' title="bbox 155 3795 1741 3869">
     <span class='ocr_line' id='line_1_38' title="bbox 155 3795 1741 3869; baseline 0.005 -25"><span class='ocrx_word' id='word_1_288' title='bbox 155 3803 287 3862; x_wconf 88' lang='lat' dir='ltr'><strong>quot</strong></span> <span class='ocrx_word' id='word_1_289' title='bbox 312 3795 427 3848; x_wconf 87' lang='lat' dir='ltr'><strong>dies</strong></span> <span class='ocrx_word' id='word_1_290' title='bbox 451 3795 618 3849; x_wconf 82' lang='lat' dir='ltr'><strong>adfuit</strong></span> <span class='ocrx_word' id='word_1_291' title='bbox 653 3796 1023 3868; x_wconf 87' lang='lat' dir='ltr'><strong>Synnadorum</strong></span> <span class='ocrx_word' id='word_1_292' title='bbox 1065 3798 1348 3868; x_wconf 88' lang='lat' dir='ltr'><strong>episc0pns</strong></span> <span class='ocrx_word' id='word_1_293' title='bbox 1371 3799 1645 3869; x_wconf 88' lang='lat' dir='ltr'><strong>Cyriacns,</strong></span> <span class='ocrx_word' id='word_1_294' title='bbox 1673 3798 1741 3852; x_wconf 81' lang='lat' dir='ltr'><strong>li-</strong></span> 
     </span>
    </p>
   </div>
   <div class='ocr_carea' id='block_1_39' title="bbox 161 3887 1742 3960">
    <p class='ocr_par' dir='ltr' id='par_1_39' title="bbox 161 3887 1742 3960">
     <span class='ocr_line' id='line_1_39' title="bbox 161 3887 1742 3960; baseline 0.004 -22"><span class='ocrx_word' id='word_1_295' title='bbox 161 3895 303 3940; x_wconf 81' lang='lat' dir='ltr'><strong>teras</strong></span> <span class='ocrx_word' id='word_1_296' title='bbox 333 3887 546 3956; x_wconf 77' lang='lat' dir='ltr'><strong>quidem</strong></span> <span class='ocrx_word' id='word_1_297' title='bbox 593 3888 762 3942; x_wconf 88' lang='lat' dir='ltr'><strong>nullas</strong></span> <span class='ocrx_word' id='word_1_298' title='bbox 804 3889 1007 3944; x_wconf 87' lang='lat' dir='ltr'><strong>habens</strong></span> <span class='ocrx_word' id='word_1_299' title='bbox 1040 3931 1052 3953; x_wconf 93' lang='lat'><strong>,</strong></span> <span class='ocrx_word' id='word_1_300' title='bbox 1085 3890 1309 3945; x_wconf 90' lang='lat' dir='ltr'><strong>idoneus</strong></span> <span class='ocrx_word' id='word_1_301' title='bbox 1347 3905 1475 3945; x_wconf 89' lang='lat' dir='ltr'><strong>vero</strong></span> <span class='ocrx_word' id='word_1_302' title='bbox 1515 3890 1581 3945; x_wconf 92' lang='lat' dir='ltr'><strong>ad</strong></span> <span class='ocrx_word' id='word_1_303' title='bbox 1621 3901 1742 3960; x_wconf 84' lang='lat' dir='ltr'><strong>apte</strong></span> 
     </span>
    </p>
   </div>
   <div class='ocr_carea' id='block_1_40' title="bbox 160 3980 1744 4055">
    <p class='ocr_par' dir='ltr' id='par_1_40' title="bbox 160 3980 1744 4055">
     <span class='ocr_line' id='line_1_40' title="bbox 160 3980 1744 4055; baseline 0.004 -23"><span class='ocrx_word' id='word_1_304' title='bbox 160 3990 212 4032; x_wconf 89' lang='lat' dir='ltr'><strong>et</strong></span> <span class='ocrx_word' id='word_1_305' title='bbox 237 3980 500 4035; x_wconf 89' lang='lat' dir='ltr'><strong>concinne</strong></span> <span class='ocrx_word' id='word_1_306' title='bbox 544 3983 866 4038; x_wconf 88' lang='lat' dir='ltr'><strong>narrandum</strong></span> <span class='ocrx_word' id='word_1_307' title='bbox 902 4002 915 4036; x_wconf 90' lang='lat'><strong>:</strong></span> <span class='ocrx_word' id='word_1_308' title='bbox 954 3985 1043 4054; x_wconf 90' lang='lat' dir='ltr'><strong>qui</strong></span> <span class='ocrx_word' id='word_1_309' title='bbox 1090 3984 1300 4040; x_wconf 87' lang='lat' dir='ltr'><strong>dicebat</strong></span> <span class='ocrx_word' id='word_1_310' title='bbox 1341 3983 1539 4055; x_wconf 78' lang='lat' dir='ltr'><strong>fugisse</strong></span> <span class='ocrx_word' id='word_1_311' title='bbox 1579 4001 1638 4040; x_wconf 89' lang='lat' dir='ltr'><strong>se</strong></span> <span class='ocrx_word' id='word_1_312' title='bbox 1674 3985 1744 4038; x_wconf 86' lang='lat' dir='ltr'><strong>ob</strong></span> 
     </span>
    </p>
   </div>
   <div class='ocr_carea' id='block_1_41' title="bbox 161 4069 1747 4146">
    <p class='ocr_par' dir='ltr' id='par_1_41' title="bbox 161 4069 1747 4146">
     <span class='ocr_line' id='line_1_41' title="bbox 161 4069 1747 4146; baseline 0.004 -25"><span class='ocrx_word' id='word_1_313' title='bbox 161 4069 456 4139; x_wconf 87' lang='lat' dir='ltr'><strong>Imperialis</strong></span> <span class='ocrx_word' id='word_1_314' title='bbox 487 4073 644 4126; x_wconf 86' lang='lat' dir='ltr'><strong>edicti</strong></span> <span class='ocrx_word' id='word_1_315' title='bbox 671 4075 1156 4140; x_wconf 89' lang='lat' dir='ltr'><strong>comminationem,</strong></span> <span class='ocrx_word' id='word_1_316' title='bbox 1188 4076 1328 4146; x_wconf 83' lang='lat' dir='ltr'><strong>quod</strong></span> <span class='ocrx_word' id='word_1_317' title='bbox 1352 4077 1430 4131; x_wconf 87' lang='lat' dir='ltr'><strong>sic</strong></span> <span class='ocrx_word' id='word_1_318' title='bbox 1457 4075 1650 4131; x_wconf 89' lang='lat' dir='ltr'><strong>habet:</strong></span> <span class='ocrx_word' id='word_1_319' title='bbox 1683 4075 1747 4130; x_wconf 90' lang='lat' dir='ltr'><strong>Si</strong></span> 
     </span>
    </p>
   </div>
   <div class='ocr_carea' id='block_1_42' title="bbox 159 4161 1744 4236">
    <p class='ocr_par' dir='ltr' id='par_1_42' title="bbox 159 4161 1744 4236">
     <span class='ocr_line' id='line_1_42' title="bbox 159 4161 1744 4236; baseline 0.005 -26"><span class='ocrx_word' id='word_1_320' title='bbox 159 4161 395 4227; x_wconf 71' lang='lat' dir='ltr'><strong>quianon</strong></span> <span class='ocrx_word' id='word_1_321' title='bbox 428 4165 754 4218; x_wconf 77' lang='lat' dir='ltr'><strong>communicat</strong></span> <span class='ocrx_word' id='word_1_322' title='bbox 779 4164 1062 4236; x_wconf 81' lang='lat' dir='ltr'><strong>Theophila</strong></span> <span class='ocrx_word' id='word_1_323' title='bbox 1086 4207 1101 4230; x_wconf 87' lang='lat'><strong>,</strong></span> <span class='ocrx_word' id='word_1_324' title='bbox 1124 4166 1332 4220; x_wconf 78' lang='lat' dir='ltr'><strong>Arsacia</strong></span> <span class='ocrx_word' id='word_1_325' title='bbox 1357 4175 1403 4220; x_wconf 89' lang='lat' dir='ltr'><strong>et</strong></span> <span class='ocrx_word' id='word_1_326' title='bbox 1428 4165 1744 4236; x_wconf 82' lang='lat' dir='ltr'><strong>Porpltyrio,</strong></span> 
     </span>
    </p>
   </div>
   <div class='ocr_carea' id='block_1_43' title="bbox 159 4253 1747 4325">
    <p class='ocr_par' dir='ltr' id='par_1_43' title="bbox 159 4253 1747 4325">
     <span class='ocr_line' id='line_1_43' title="bbox 159 4253 1747 4325; baseline 0.005 -23"><span class='ocrx_word' id='word_1_327' title='bbox 159 4253 245 4306; x_wconf 76' lang='lat' dir='ltr'><strong>ille</strong></span> <span class='ocrx_word' id='word_1_328' title='bbox 283 4253 485 4321; x_wconf 82' lang='lat' dir='ltr'><strong>quidem</strong></span> <span class='ocrx_word' id='word_1_329' title='bbox 504 4255 792 4325; x_wconf 79' lang='lat' dir='ltr'><strong>episcopatu</strong></span> <span class='ocrx_word' id='word_1_330' title='bbox 818 4267 1088 4321; x_wconf 83' lang='lat' dir='ltr'><strong>arceatur;</strong></span> <span class='ocrx_word' id='word_1_331' title='bbox 1117 4258 1270 4312; x_wconf 76' lang='lat' dir='ltr'><strong>simul</strong></span> <span class='ocrx_word' id='word_1_332' title='bbox 1291 4259 1440 4312; x_wconf 86' lang='lat' dir='ltr'><strong>etiam</strong></span> <span class='ocrx_word' id='word_1_333' title='bbox 1482 4258 1679 4310; x_wconf 89' lang='lat' dir='ltr'><strong>amittat</strong></span> <span class='ocrx_word' id='word_1_334' title='bbox 1703 4258 1747 4311; x_wconf 77' lang='lat' dir='ltr'><strong>si</strong></span> 
     </span>
    </p>
   </div>
   <div class='ocr_carea' id='block_1_44' title="bbox 159 4347 1749 4420">
    <p class='ocr_par' dir='ltr' id='par_1_44' title="bbox 159 4347 1749 4420">
     <span class='ocr_line' id='line_1_44' title="bbox 159 4347 1749 4420; baseline 0.005 -24"><span class='ocrx_word' id='word_1_335' title='bbox 159 4362 310 4414; x_wconf 77' lang='lat' dir='ltr'><strong>quam</strong></span> <span class='ocrx_word' id='word_1_336' title='bbox 339 4347 474 4400; x_wconf 74' lang='lat' dir='ltr'><strong>uisus</strong></span> <span class='ocrx_word' id='word_1_337' title='bbox 521 4350 672 4420; x_wconf 78' lang='lat' dir='ltr'><strong>fuerit</strong></span> <span class='ocrx_word' id='word_1_338' title='bbox 702 4350 882 4403; x_wconf 79' lang='lat' dir='ltr'><strong>habere</strong></span> <span class='ocrx_word' id='word_1_339' title='bbox 909 4351 1241 4405; x_wconf 80' lang='lat' dir='ltr'><strong>substantiam</strong></span> <span class='ocrx_word' id='word_1_340' title='bbox 1288 4352 1619 4420; x_wconf 81' lang='lat' dir='ltr'><strong>pecuniarum</strong></span> <span class='ocrx_word' id='word_1_341' title='bbox 1658 4359 1749 4404; x_wconf 88' lang='lat' dir='ltr'><strong>aut</strong></span> 
     </span>
    </p>
   </div>
   <div class='ocr_carea' id='block_1_45' title="bbox 163 4441 1747 4518">
    <p class='ocr_par' dir='ltr' id='par_1_45' title="bbox 163 4441 1747 4518">
     <span class='ocr_line' id='line_1_45' title="bbox 163 4441 1747 4518; baseline 0.007 -28"><span class='ocrx_word' id='word_1_342' title='bbox 163 4441 488 4507; x_wconf 67' lang='lat' dir='ltr'><strong>pne-diorum.</strong></span> <span class='ocrx_word' id='word_1_343' title='bbox 516 4443 640 4496; x_wconf 86' lang='lat' dir='ltr'><strong>Post</strong></span> <span class='ocrx_word' id='word_1_344' title='bbox 667 4443 944 4515; x_wconf 86' lang='lat' dir='ltr'><strong>Cyriacnm</strong></span> <span class='ocrx_word' id='word_1_345' title='bbox 989 4445 1205 4499; x_wconf 87' lang='lat' dir='ltr'><strong>advenit</strong></span> <span class='ocrx_word' id='word_1_346' title='bbox 1239 4446 1506 4518; x_wconf 87' lang='lat' dir='ltr'><strong>Eulysius,</strong></span> <span class='ocrx_word' id='word_1_347' title='bbox 1535 4445 1747 4514; x_wconf 91' lang='lat' dir='ltr'><strong>episco-</strong></span> 
     </span>
    </p>
   </div>
   <div class='ocr_carea' id='block_1_46' title="bbox 165 4534 1747 4606">
    <p class='ocr_par' dir='ltr' id='par_1_46' title="bbox 165 4534 1747 4606">
     <span class='ocr_line' id='line_1_46' title="bbox 165 4534 1747 4606; baseline 0.005 -23"><span class='ocrx_word' id='word_1_348' title='bbox 165 4547 263 4599; x_wconf 92' lang='lat' dir='ltr'><strong>pus</strong></span> <span class='ocrx_word' id='word_1_349' title='bbox 306 4535 556 4599; x_wconf 70' lang='lat' dir='ltr'><strong>Apatnem</strong></span> <span class='ocrx_word' id='word_1_350' title='bbox 606 4534 866 4605; x_wconf 58' lang='lat' dir='ltr'><strong>Bithynia:</strong></span> <span class='ocrx_word' id='word_1_351' title='bbox 897 4576 912 4600; x_wconf 92' lang='lat'><strong>,</strong></span> <span class='ocrx_word' id='word_1_352' title='bbox 943 4536 1173 4590; x_wconf 89' lang='lat' dir='ltr'><strong>reddens</strong></span> <span class='ocrx_word' id='word_1_353' title='bbox 1226 4536 1408 4592; x_wconf 86' lang='lat' dir='ltr'><strong>literas</strong></span> <span class='ocrx_word' id='word_1_354' title='bbox 1443 4536 1747 4606; x_wconf 90' lang='lat' dir='ltr'><strong>quindecim</strong></span> 
     </span>
    </p>
   </div>
   <div class='ocr_carea' id='block_1_47' title="bbox 161 4624 1750 4700">
    <p class='ocr_par' dir='ltr' id='par_1_47' title="bbox 161 4624 1750 4700">
     <span class='ocr_line' id='line_1_47' title="bbox 161 4624 1750 4700; baseline 0.006 -25"><span class='ocrx_word' id='word_1_355' title='bbox 161 4624 537 4693; x_wconf 81' lang='lat' dir='ltr'><strong>episcoporum</strong></span> <span class='ocrx_word' id='word_1_356' title='bbox 595 4641 626 4679; x_wconf 90' lang='lat' dir='ltr'><strong>e</strong></span> <span class='ocrx_word' id='word_1_357' title='bbox 678 4627 880 4698; x_wconf 86' lang='lat' dir='ltr'><strong>synodo</strong></span> <span class='ocrx_word' id='word_1_358' title='bbox 929 4627 1190 4694; x_wconf 87' lang='lat' dir='ltr'><strong>Joannis,</strong></span> <span class='ocrx_word' id='word_1_359' title='bbox 1241 4641 1295 4683; x_wconf 85' lang='lat' dir='ltr'><strong>et</strong></span> <span class='ocrx_word' id='word_1_360' title='bbox 1347 4631 1531 4700; x_wconf 90' lang='lat' dir='ltr'><strong>optimi</strong></span> <span class='ocrx_word' id='word_1_361' title='bbox 1605 4632 1750 4687; x_wconf 89' lang='lat' dir='ltr'><strong>senis</strong></span> 
     </span>
    </p>
   </div>
   <div class='ocr_carea' id='block_1_48' title="bbox 163 4715 1750 4792">
    <p class='ocr_par' dir='ltr' id='par_1_48' title="bbox 163 4715 1750 4792">
     <span class='ocr_line' id='line_1_48' title="bbox 163 4715 1750 4792; baseline 0.004 -23"><span class='ocrx_word' id='word_1_362' title='bbox 163 4715 372 4784; x_wconf 79' lang='lat' dir='ltr'><strong>Anysii,</strong></span> <span class='ocrx_word' id='word_1_363' title='bbox 405 4715 810 4774; x_wconf 85' lang='lat' dir='ltr'><strong>Tltessalonices</strong></span> <span class='ocrx_word' id='word_1_364' title='bbox 849 4720 1081 4790; x_wconf 81' lang='lat' dir='ltr'><strong>episcOpi</strong></span> <span class='ocrx_word' id='word_1_365' title='bbox 1113 4737 1128 4786; x_wconf 93' lang='lat'><strong>;</strong></span> <span class='ocrx_word' id='word_1_366' title='bbox 1177 4721 1227 4774; x_wconf 88' lang='lat' dir='ltr'><strong>itt</strong></span> <span class='ocrx_word' id='word_1_367' title='bbox 1273 4722 1466 4791; x_wconf 89' lang='lat' dir='ltr'><strong>quibus</strong></span> <span class='ocrx_word' id='word_1_368' title='bbox 1505 4733 1558 4776; x_wconf 88' lang='lat' dir='ltr'><strong>et</strong></span> <span class='ocrx_word' id='word_1_369' title='bbox 1605 4723 1750 4792; x_wconf 87' lang='lat' dir='ltr'><strong>prio-</strong></span> 
     </span>
    </p>
   </div>
   <div class='ocr_carea' id='block_1_49' title="bbox 162 4811 1750 4883">
    <p class='ocr_par' dir='ltr' id='par_1_49' title="bbox 162 4811 1750 4883">
     <span class='ocr_line' id='line_1_49' title="bbox 162 4811 1750 4883; baseline 0.005 -25"><span class='ocrx_word' id='word_1_370' title='bbox 162 4822 276 4859; x_wconf 85' lang='lat' dir='ltr'><strong>rem</strong></span> <span class='ocrx_word' id='word_1_371' title='bbox 311 4816 366 4860; x_wconf 92' lang='lat' dir='ltr'><strong>ct</strong></span> <span class='ocrx_word' id='word_1_372' title='bbox 399 4818 711 4876; x_wconf 78' lang='lat' dir='ltr'><strong>przesentctn</strong></span> <span class='ocrx_word' id='word_1_373' title='bbox 754 4811 918 4865; x_wconf 90' lang='lat' dir='ltr'><strong>totius</strong></span> <span class='ocrx_word' id='word_1_374' title='bbox 960 4811 1449 4883; x_wconf 83' lang='lat' dir='ltr'><strong>Constantinopolis</strong></span> <span class='ocrx_word' id='word_1_375' title='bbox 1491 4813 1750 4883; x_wconf 87' lang='lat' dir='ltr'><strong>direptio-</strong></span> 
     </span>
    </p>
   </div>
   <div class='ocr_carea' id='block_1_50' title="bbox 163 4899 1753 4975">
    <p class='ocr_par' dir='ltr' id='par_1_50' title="bbox 163 4899 1753 4975">
     <span class='ocr_line' id='line_1_50' title="bbox 163 4899 1753 4975; baseline 0.006 -24"><span class='ocrx_word' id='word_1_376' title='bbox 163 4914 285 4953; x_wconf 90' lang='lat' dir='ltr'><strong>nem</strong></span> <span class='ocrx_word' id='word_1_377' title='bbox 316 4899 718 4968; x_wconf 84' lang='lat' dir='ltr'><strong>perscribebant</strong></span> <span class='ocrx_word' id='word_1_378' title='bbox 741 4919 754 4953; x_wconf 89' lang='lat'><strong>:</strong></span> <span class='ocrx_word' id='word_1_379' title='bbox 775 4902 1004 4974; x_wconf 74' lang='lat' dir='ltr'><strong>Anysius</strong></span> <span class='ocrx_word' id='word_1_380' title='bbox 1020 4920 1148 4959; x_wconf 89' lang='lat' dir='ltr'><strong>vero</strong></span> <span class='ocrx_word' id='word_1_381' title='bbox 1163 4904 1452 4973; x_wconf 88' lang='lat' dir='ltr'><strong>scribebat,</strong></span> <span class='ocrx_word' id='word_1_382' title='bbox 1474 4921 1533 4961; x_wconf 89' lang='lat' dir='ltr'><strong>se</strong></span> <span class='ocrx_word' id='word_1_383' title='bbox 1551 4905 1753 4975; x_wconf 89' lang='lat' dir='ltr'><strong>judicio</strong></span> 
     </span>
    </p>
   </div>
   <div class='ocr_carea' id='block_1_51' title="bbox 163 4989 1752 5069">
    <p class='ocr_par' dir='ltr' id='par_1_51' title="bbox 163 4989 1752 5069">
     <span class='ocr_line' id='line_1_51' title="bbox 163 4989 1752 5069; baseline 0.006 -27"><span class='ocrx_word' id='word_1_384' title='bbox 163 4989 423 5043; x_wconf 74' lang='lat' dir='ltr'><strong>Romana:</strong></span> <span class='ocrx_word' id='word_1_385' title='bbox 452 4989 707 5047; x_wconf 72' lang='lat' dir='ltr'><strong>Ecclesia:</strong></span> <span class='ocrx_word' id='word_1_386' title='bbox 732 4995 1071 5064; x_wconf 83' lang='lat' dir='ltr'><strong>acquiescere</strong></span> <span class='ocrx_word' id='word_1_387' title='bbox 1102 5015 1114 5050; x_wconf 91' lang='lat'><strong>:</strong></span> <span class='ocrx_word' id='word_1_388' title='bbox 1157 4997 1270 5065; x_wconf 90' lang='lat' dir='ltr'><strong>ipse</strong></span> <span class='ocrx_word' id='word_1_389' title='bbox 1301 4997 1550 5069; x_wconf 84' lang='lat' dir='ltr'><strong>Eulysius</strong></span> <span class='ocrx_word' id='word_1_390' title='bbox 1574 4991 1752 5052; x_wconf 80' lang='lat' dir='ltr'><strong>omnia</strong></span> 
     </span>
    </p>
   </div>
   <div class='ocr_carea' id='block_1_52' title="bbox 163 5082 1752 5159">
    <p class='ocr_par' dir='ltr' id='par_1_52' title="bbox 163 5082 1752 5159">
     <span class='ocr_line' id='line_1_52' title="bbox 163 5082 1752 5159; baseline 0.005 -23"><span class='ocrx_word' id='word_1_391' title='bbox 163 5082 392 5154; x_wconf 78' lang='lat' dir='ltr'><strong>Cyriaco</strong></span> <span class='ocrx_word' id='word_1_392' title='bbox 421 5095 774 5143; x_wconf 85' lang='lat' dir='ltr'><strong>consentanea</strong></span> <span class='ocrx_word' id='word_1_393' title='bbox 809 5091 1061 5143; x_wconf 87' lang='lat' dir='ltr'><strong>narravit.</strong></span> <span class='ocrx_word' id='word_1_394' title='bbox 1090 5089 1283 5159; x_wconf 80' lang='lat' dir='ltr'><strong>Elapso</strong></span> <span class='ocrx_word' id='word_1_395' title='bbox 1310 5105 1496 5145; x_wconf 92' lang='lat' dir='ltr'><strong>mense</strong></span> <span class='ocrx_word' id='word_1_396' title='bbox 1520 5132 1533 5155; x_wconf 90' lang='lat'><strong>,</strong></span> <span class='ocrx_word' id='word_1_397' title='bbox 1567 5105 1752 5146; x_wconf 89' lang='lat' dir='ltr'><strong>acces-</strong></span> 
     </span>
    </p>
   </div>
   <div class='ocr_carea' id='block_1_53' title="bbox 163 5175 1751 5254">
    <p class='ocr_par' dir='ltr' id='par_1_53' title="bbox 163 5175 1751 5254">
     <span class='ocr_line' id='line_1_53' title="bbox 163 5175 1751 5254; baseline 0.006 -26"><span class='ocrx_word' id='word_1_398' title='bbox 163 5177 229 5228; x_wconf 87' lang='lat' dir='ltr'><strong>sit</strong></span> <span class='ocrx_word' id='word_1_399' title='bbox 262 5175 556 5245; x_wconf 86' lang='lat' dir='ltr'><strong>PaIIadius,</strong></span> <span class='ocrx_word' id='word_1_400' title='bbox 588 5180 869 5253; x_wconf 89' lang='lat' dir='ltr'><strong>episcopus</strong></span> <span class='ocrx_word' id='word_1_401' title='bbox 904 5181 1250 5253; x_wconf 86' lang='lat' dir='ltr'><strong>Helenopolis</strong></span> <span class='ocrx_word' id='word_1_402' title='bbox 1270 5225 1284 5246; x_wconf 94' lang='lat'><strong>,</strong></span> <span class='ocrx_word' id='word_1_403' title='bbox 1310 5183 1513 5254; x_wconf 89' lang='lat' dir='ltr'><strong>absque</strong></span> <span class='ocrx_word' id='word_1_404' title='bbox 1540 5185 1710 5240; x_wconf 91' lang='lat' dir='ltr'><strong>literis</strong></span> <span class='ocrx_word' id='word_1_405' title='bbox 1737 5201 1751 5238; x_wconf 94' lang='lat'><strong>:</strong></span> 
     </span>
    </p>
   </div>
   <div class='ocr_carea' id='block_1_54' title="bbox 161 5270 1753 5346">
    <p class='ocr_par' dir='ltr' id='par_1_54' title="bbox 161 5270 1753 5346">
     <span class='ocr_line' id='line_1_54' title="bbox 161 5270 1753 5346; baseline 0.006 -25"><span class='ocrx_word' id='word_1_406' title='bbox 161 5270 250 5337; x_wconf 87' lang='lat' dir='ltr'><strong>qui</strong></span> <span class='ocrx_word' id='word_1_407' title='bbox 283 5279 338 5324; x_wconf 90' lang='lat' dir='ltr'><strong>et</strong></span> <span class='ocrx_word' id='word_1_408' title='bbox 366 5271 480 5338; x_wconf 89' lang='lat' dir='ltr'><strong>ipse</strong></span> <span class='ocrx_word' id='word_1_409' title='bbox 507 5270 703 5342; x_wconf 77' lang='lat' dir='ltr'><strong>fugisse</strong></span> <span class='ocrx_word' id='word_1_410' title='bbox 733 5289 794 5329; x_wconf 87' lang='lat' dir='ltr'><strong>se</strong></span> <span class='ocrx_word' id='word_1_411' title='bbox 821 5276 1228 5346; x_wconf 83' lang='lat' dir='ltr'><strong>magistratuum</strong></span> <span class='ocrx_word' id='word_1_412' title='bbox 1259 5275 1492 5331; x_wconf 86' lang='lat' dir='ltr'><strong>furorem</strong></span> <span class='ocrx_word' id='word_1_413' title='bbox 1519 5277 1753 5342; x_wconf 84' lang='lat' dir='ltr'><strong>dicebat,</strong></span> 
     </span>
    </p>
   </div>
   <div class='ocr_carea' id='block_1_55' title="bbox 161 5361 1758 5435">
    <p class='ocr_par' dir='ltr' id='par_1_55' title="bbox 161 5361 1758 5435">
     <span class='ocr_line' id='line_1_55' title="bbox 161 5361 1758 5435; baseline 0.006 -21"><span class='ocrx_word' id='word_1_414' title='bbox 161 5370 214 5414; x_wconf 88' lang='lat' dir='ltr'><strong>et</strong></span> <span class='ocrx_word' id='word_1_415' title='bbox 243 5361 403 5415; x_wconf 86' lang='lat' dir='ltr'><strong>nobis</strong></span> <span class='ocrx_word' id='word_1_416' title='bbox 429 5364 608 5417; x_wconf 88' lang='lat' dir='ltr'><strong>omnia</strong></span> <span class='ocrx_word' id='word_1_417' title='bbox 635 5367 940 5435; x_wconf 77' lang='lat' dir='ltr'><strong>expressius</strong></span> <span class='ocrx_word' id='word_1_418' title='bbox 963 5367 1252 5422; x_wconf 84' lang='lat' dir='ltr'><strong>declaravit</strong></span> <span class='ocrx_word' id='word_1_419' title='bbox 1275 5383 1290 5432; x_wconf 93' lang='lat'><strong>;</strong></span> <span class='ocrx_word' id='word_1_420' title='bbox 1322 5368 1620 5423; x_wconf 85' lang='lat' dir='ltr'><strong>ostendens</strong></span> <span class='ocrx_word' id='word_1_421' title='bbox 1644 5370 1758 5424; x_wconf 85' lang='lat' dir='ltr'><strong>edi-</strong></span> 
     </span>
    </p>
   </div>
   <div class='ocr_carea' id='block_1_56' title="bbox 161 5455 1753 5533">
    <p class='ocr_par' dir='ltr' id='par_1_56' title="bbox 161 5455 1753 5533">
     <span class='ocr_line' id='line_1_56' title="bbox 161 5455 1753 5533; baseline 0.006 -25"><span class='ocrx_word' id='word_1_422' title='bbox 161 5455 230 5508; x_wconf 82' lang='lat' dir='ltr'><strong>cti</strong></span> <span class='ocrx_word' id='word_1_423' title='bbox 254 5457 586 5523; x_wconf 77' lang='lat' dir='ltr'><strong>exemplum,</strong></span> <span class='ocrx_word' id='word_1_424' title='bbox 614 5458 753 5526; x_wconf 91' lang='lat' dir='ltr'><strong>quod</strong></span> <span class='ocrx_word' id='word_1_425' title='bbox 781 5459 863 5514; x_wconf 88' lang='lat' dir='ltr'><strong>sic</strong></span> <span class='ocrx_word' id='word_1_426' title='bbox 891 5459 1053 5516; x_wconf 88' lang='lat' dir='ltr'><strong>habet</strong></span> <span class='ocrx_word' id='word_1_427' title='bbox 1079 5478 1091 5513; x_wconf 91' lang='lat'><strong>:</strong></span> <span class='ocrx_word' id='word_1_428' title='bbox 1126 5460 1439 5533; x_wconf 79' lang='lat' dir='ltr'><strong>Quicumque</strong></span> <span class='ocrx_word' id='word_1_429' title='bbox 1473 5462 1753 5517; x_wconf 81' lang='lat' dir='ltr'><strong>occultat-e-</strong></span> 
     </span>
    </p>
   </div>
   <div class='ocr_carea' id='block_1_57' title="bbox 162 5545 1758 5625">
    <p class='ocr_par' dir='ltr' id='par_1_57' title="bbox 162 5545 1758 5625">
     <span class='ocr_line' id='line_1_57' title="bbox 162 5545 1758 5625; baseline 0.009 -29"><span class='ocrx_word' id='word_1_430' title='bbox 162 5545 228 5596; x_wconf 86' lang='lat' dir='ltr'><strong>rit</strong></span> <span class='ocrx_word' id='word_1_431' title='bbox 244 5545 541 5616; x_wconf 77' lang='lat' dir='ltr'><strong>episcopum</strong></span> <span class='ocrx_word' id='word_1_432' title='bbox 589 5558 680 5601; x_wconf 86' lang='lat' dir='ltr'><strong>aut</strong></span> <span class='ocrx_word' id='word_1_433' title='bbox 718 5549 994 5625; x_wconf 72' lang='lat' dir='ltr'><strong>clericum,</strong></span> <span class='ocrx_word' id='word_1_434' title='bbox 1026 5563 1114 5606; x_wconf 89' lang='lat' dir='ltr'><strong>aut</strong></span> <span class='ocrx_word' id='word_1_435' title='bbox 1173 5554 1376 5608; x_wconf 82' lang='lat' dir='ltr'><strong>omnino</strong></span> <span class='ocrx_word' id='word_1_436' title='bbox 1409 5555 1660 5623; x_wconf 73' lang='lat' dir='ltr'><strong>exceperit</strong></span> <span class='ocrx_word' id='word_1_437' title='bbox 1706 5557 1758 5610; x_wconf 83' lang='lat' dir='ltr'><strong>in</strong></span> 
     </span>
    </p>
   </div>
   <div class='ocr_carea' id='block_1_58' title="bbox 163 5636 1759 5712">
    <p class='ocr_par' dir='ltr' id='par_1_58' title="bbox 163 5636 1759 5712">
     <span class='ocr_line' id='line_1_58' title="bbox 163 5636 1759 5712; baseline 0.009 -26"><span class='ocrx_word' id='word_1_438' title='bbox 163 5636 371 5690; x_wconf 79' lang='lat' dir='ltr'><strong>domum</strong></span> <span class='ocrx_word' id='word_1_439' title='bbox 396 5655 544 5691; x_wconf 78' lang='lat' dir='ltr'><strong>suam</strong></span> <span class='ocrx_word' id='word_1_440' title='bbox 572 5639 792 5709; x_wconf 84' lang='lat' dir='ltr'><strong>aliquem</strong></span> <span class='ocrx_word' id='word_1_441' title='bbox 844 5642 928 5711; x_wconf 86' lang='lat' dir='ltr'><strong>qui</strong></span> <span class='ocrx_word' id='word_1_442' title='bbox 971 5644 1304 5698; x_wconf 84' lang='lat' dir='ltr'><strong>communicet</strong></span> <span class='ocrx_word' id='word_1_443' title='bbox 1336 5643 1553 5712; x_wconf 80' lang='lat' dir='ltr'><strong>Joanui,</strong></span> <span class='ocrx_word' id='word_1_444' title='bbox 1582 5645 1759 5701; x_wconf 75' lang='lat' dir='ltr'><strong>domus</strong></span> 
     </span>
    </p>
   </div>
   <div class='ocr_carea' id='block_1_59' title="bbox 165 5729 1758 5803">
    <p class='ocr_par' dir='ltr' id='par_1_59' title="bbox 165 5729 1758 5803">
     <span class='ocr_line' id='line_1_59' title="bbox 165 5729 1758 5803; baseline 0.008 -21"><span class='ocrx_word' id='word_1_445' title='bbox 165 5729 279 5798; x_wconf 75' lang='lat' dir='ltr'><strong>ejus</strong></span> <span class='ocrx_word' id='word_1_446' title='bbox 317 5731 624 5801; x_wconf 82' lang='lat' dir='ltr'><strong>publicetur.</strong></span> <span class='ocrx_word' id='word_1_447' title='bbox 655 5734 781 5789; x_wconf 86' lang='lat' dir='ltr'><strong>Post</strong></span> <span class='ocrx_word' id='word_1_448' title='bbox 807 5735 1127 5803; x_wconf 84' lang='lat' dir='ltr'><strong>Palladium,</strong></span> <span class='ocrx_word' id='word_1_449' title='bbox 1152 5736 1416 5794; x_wconf 78' lang='lat' dir='ltr'><strong>advenere</strong></span> <span class='ocrx_word' id='word_1_450' title='bbox 1457 5740 1758 5795; x_wconf 85' lang='lat' dir='ltr'><strong>Germanus</strong></span> 
     </span>
    </p>
   </div>
   <div class='ocr_carea' id='block_1_60' title="bbox 174 5823 1753 5899">
    <p class='ocr_par' dir='ltr' id='par_1_60' title="bbox 174 5823 1753 5899">
     <span class='ocr_line' id='line_1_60' title="bbox 174 5823 1753 5899; baseline 0.003 -17"><span class='ocrx_word' id='word_1_451' title='bbox 174 5823 448 5884; x_wconf 64' lang='lat' dir='ltr'><strong>Presbyter</strong></span> <span class='ocrx_word' id='word_1_452' title='bbox 473 5841 580 5881; x_wconf 82' lang='lat' dir='ltr'><strong>una</strong></span> <span class='ocrx_word' id='word_1_453' title='bbox 610 5841 731 5882; x_wconf 91' lang='lat' dir='ltr'><strong>cum</strong></span> <span class='ocrx_word' id='word_1_454' title='bbox 753 5824 1007 5884; x_wconf 82' lang='lat' dir='ltr'><strong>Cassiano</strong></span> <span class='ocrx_word' id='word_1_455' title='bbox 1034 5829 1280 5898; x_wconf 75' lang='lat' dir='ltr'><strong>diacono,</strong></span> <span class='ocrx_word' id='word_1_456' title='bbox 1305 5832 1392 5896; x_wconf 83' lang='lat' dir='ltr'><strong>qui</strong></span> <span class='ocrx_word' id='word_1_457' title='bbox 1412 5842 1561 5887; x_wconf 81' lang='lat' dir='ltr'><strong>erant</strong></span> <span class='ocrx_word' id='word_1_458' title='bbox 1579 5848 1609 5885; x_wconf 86' lang='lat' dir='ltr'><strong>e-</strong></span> <span class='ocrx_word' id='word_1_459' title='bbox 1629 5849 1753 5899; x_wconf 76' lang='lat' dir='ltr'><strong>par-</strong></span> 
     </span>
    </p>
   </div>
   <div class='ocr_carea' id='block_1_61' title="bbox 1834 470 3422 539">
    <p class='ocr_par' dir='ltr' id='par_1_61' title="bbox 1834 470 3422 539">
     <span class='ocr_line' id='line_1_61' title="bbox 1834 470 3422 539; baseline 0.002 -15"><span class='ocrx_word' id='word_1_460' title='bbox 1834 470 2226 538; x_wconf 88' lang='lat' dir='ltr'><strong>IibusJoannis,</strong></span> <span class='ocrx_word' id='word_1_461' title='bbox 2249 471 2348 525; x_wconf 86' lang='lat' dir='ltr'><strong>viri</strong></span> <span class='ocrx_word' id='word_1_462' title='bbox 2378 470 2632 539; x_wconf 73' lang='lat' dir='ltr'><strong>religiosi,</strong></span> <span class='ocrx_word' id='word_1_463' title='bbox 2656 470 2835 525; x_wconf 88' lang='lat' dir='ltr'><strong>literas</strong></span> <span class='ocrx_word' id='word_1_464' title='bbox 2859 473 3021 527; x_wconf 76' lang='lat' dir='ltr'><strong>tutius</strong></span> <span class='ocrx_word' id='word_1_465' title='bbox 3045 472 3172 528; x_wconf 90' lang='lat' dir='ltr'><strong>cleri</strong></span> <span class='ocrx_word' id='word_1_466' title='bbox 3201 470 3422 527; x_wconf 77' lang='lat' dir='ltr'><strong>Joannis</strong></span> 
     </span>
    </p>
   </div>
   <div class='ocr_carea' id='block_1_62' title="bbox 1830 561 3422 636">
    <p class='ocr_par' dir='ltr' id='par_1_62' title="bbox 1830 561 3422 636">
     <span class='ocr_line' id='line_1_62' title="bbox 1830 561 3422 636; baseline -0.003 -17"><span class='ocrx_word' id='word_1_467' title='bbox 1830 564 2158 619; x_wconf 87' lang='lat' dir='ltr'><strong>reddentcs:</strong></span> <span class='ocrx_word' id='word_1_468' title='bbox 2189 563 2382 634; x_wconf 88' lang='lat' dir='ltr'><strong>quibus</strong></span> <span class='ocrx_word' id='word_1_469' title='bbox 2429 561 2672 616; x_wconf 88' lang='lat' dir='ltr'><strong>scribunt</strong></span> <span class='ocrx_word' id='word_1_470' title='bbox 2710 563 3001 618; x_wconf 81' lang='lat' dir='ltr'><strong>Ecclesium</strong></span> <span class='ocrx_word' id='word_1_471' title='bbox 3049 565 3286 636; x_wconf 89' lang='lat' dir='ltr'><strong>ipsorum</strong></span> <span class='ocrx_word' id='word_1_472' title='bbox 3317 566 3422 616; x_wconf 79' lang='lat' dir='ltr'><strong>\itn</strong></span> 
     </span>
    </p>
   </div>
   <div class='ocr_carea' id='block_1_63' title="bbox 1832 654 3424 726">
    <p class='ocr_par' dir='ltr' id='par_1_63' title="bbox 1832 654 3424 726">
     <span class='ocr_line' id='line_1_63' title="bbox 1832 654 3424 726; baseline -0.001 -18"><span class='ocrx_word' id='word_1_473' title='bbox 1832 664 1992 724; x_wconf 88' lang='lat' dir='ltr'><strong>atque</strong></span> <span class='ocrx_word' id='word_1_474' title='bbox 2020 655 2356 726; x_wconf 89' lang='lat' dir='ltr'><strong>tyrannidem</strong></span> <span class='ocrx_word' id='word_1_475' title='bbox 2386 668 2695 724; x_wconf 87' lang='lat' dir='ltr'><strong>perpessam</strong></span> <span class='ocrx_word' id='word_1_476' title='bbox 2723 668 2864 716; x_wconf 89' lang='lat' dir='ltr'><strong>esse,</strong></span> <span class='ocrx_word' id='word_1_477' title='bbox 2902 654 3142 726; x_wconf 89' lang='lat' dir='ltr'><strong>ipsorum</strong></span> <span class='ocrx_word' id='word_1_478' title='bbox 3168 656 3424 725; x_wconf 80' lang='lat' dir='ltr'><strong>episcOpo</strong></span> 
     </span>
    </p>
   </div>
   <div class='ocr_carea' id='block_1_64' title="bbox 1834 747 3423 818">
    <p class='ocr_par' dir='ltr' id='par_1_64' title="bbox 1834 747 3423 818">
     <span class='ocr_line' id='line_1_64' title="bbox 1834 747 3423 818; baseline -0.001 -17"><span class='ocrx_word' id='word_1_479' title='bbox 1834 747 2049 802; x_wconf 87' lang='lat' dir='ltr'><strong>militari</strong></span> <span class='ocrx_word' id='word_1_480' title='bbox 2081 763 2241 802; x_wconf 90' lang='lat' dir='ltr'><strong>manu</strong></span> <span class='ocrx_word' id='word_1_481' title='bbox 2267 748 2464 817; x_wconf 79' lang='lat' dir='ltr'><strong>ejecta,</strong></span> <span class='ocrx_word' id='word_1_482' title='bbox 2495 757 2656 818; x_wconf 88' lang='lat' dir='ltr'><strong>atque</strong></span> <span class='ocrx_word' id='word_1_483' title='bbox 2700 748 2751 802; x_wconf 89' lang='lat' dir='ltr'><strong>in</strong></span> <span class='ocrx_word' id='word_1_484' title='bbox 2797 747 3044 802; x_wconf 78' lang='lat' dir='ltr'><strong>exsilium</strong></span> <span class='ocrx_word' id='word_1_485' title='bbox 3073 757 3193 802; x_wconf 90' lang='lat' dir='ltr'><strong>acto</strong></span> <span class='ocrx_word' id='word_1_486' title='bbox 3214 763 3310 818; x_wconf 89' lang='lat' dir='ltr'><strong>per</strong></span> <span class='ocrx_word' id='word_1_487' title='bbox 3342 747 3423 801; x_wconf 88' lang='lat' dir='ltr'><strong>fa-</strong></span> 
     </span>
    </p>
   </div>
   <div class='ocr_carea' id='block_1_65' title="bbox 1832 837 3424 908">
    <p class='ocr_par' dir='ltr' id='par_1_65' title="bbox 1832 837 3424 908">
     <span class='ocr_line' id='line_1_65' title="bbox 1832 837 3424 908; baseline -0.001 -16"><span class='ocrx_word' id='word_1_488' title='bbox 1832 839 2064 894; x_wconf 91' lang='lat' dir='ltr'><strong>ctionem</strong></span> <span class='ocrx_word' id='word_1_489' title='bbox 2098 840 2297 904; x_wconf 82' lang='lat' dir='ltr'><strong>Aeacii,</strong></span> <span class='ocrx_word' id='word_1_490' title='bbox 2334 839 2536 896; x_wconf 67' lang='lat' dir='ltr'><strong>[terrete</strong></span> <span class='ocrx_word' id='word_1_491' title='bbox 2565 838 2799 908; x_wconf 89' lang='lat' dir='ltr'><strong>episcopi</strong></span> <span class='ocrx_word' id='word_1_492' title='bbox 2832 879 2845 901; x_wconf 97' lang='lat'><strong>,</strong></span> <span class='ocrx_word' id='word_1_493' title='bbox 2880 837 3160 906; x_wconf 82' lang='lat' dir='ltr'><strong>Theophili</strong></span> <span class='ocrx_word' id='word_1_494' title='bbox 3190 839 3424 892; x_wconf 77' lang='lat' dir='ltr'><strong>Alexan-</strong></span> 
     </span>
    </p>
   </div>
   <div class='ocr_carea' id='block_1_66' title="bbox 1832 930 3426 998">
    <p class='ocr_par' dir='ltr' id='par_1_66' title="bbox 1832 930 3426 998">
     <span class='ocr_line' id='line_1_66' title="bbox 1832 930 3426 998; baseline -0.001 -13"><span class='ocrx_word' id='word_1_495' title='bbox 1832 931 1986 997; x_wconf 76' lang='lat' dir='ltr'><strong>dt&#39;izn,</strong></span> <span class='ocrx_word' id='word_1_496' title='bbox 2036 931 2285 986; x_wconf 84' lang='lat' dir='ltr'><strong>Antiochi</strong></span> <span class='ocrx_word' id='word_1_497' title='bbox 2340 931 2721 998; x_wconf 86' lang='lat' dir='ltr'><strong>Ptolemaidos,</strong></span> <span class='ocrx_word' id='word_1_498' title='bbox 2758 945 2812 986; x_wconf 91' lang='lat' dir='ltr'><strong>et</strong></span> <span class='ocrx_word' id='word_1_499' title='bbox 2863 930 3141 986; x_wconf 86' lang='lat' dir='ltr'><strong>Severiani</strong></span> <span class='ocrx_word' id='word_1_500' title='bbox 3194 931 3426 987; x_wconf 86' lang='lat' dir='ltr'><strong>Gabalo-</strong></span> 
     </span>
    </p>
   </div>
   <div class='ocr_carea' id='block_1_67' title="bbox 1833 1023 3420 1094">
    <p class='ocr_par' dir='ltr' id='par_1_67' title="bbox 1833 1023 3420 1094">
     <span class='ocr_line' id='line_1_67' title="bbox 1833 1023 3420 1094; baseline 0 -16"><span class='ocrx_word' id='word_1_501' title='bbox 1833 1039 1974 1078; x_wconf 89' lang='lat' dir='ltr'><strong>rum.</strong></span> <span class='ocrx_word' id='word_1_502' title='bbox 2026 1023 2230 1080; x_wconf 90' lang='lat' dir='ltr'><strong>Interea</strong></span> <span class='ocrx_word' id='word_1_503' title='bbox 2277 1025 2606 1080; x_wconf 83' lang='lat' dir='ltr'><strong>breviculum</strong></span> <span class='ocrx_word' id='word_1_504' title='bbox 2627 1025 2862 1094; x_wconf 77' lang='lat' dir='ltr'><strong>prmdicli</strong></span> <span class='ocrx_word' id='word_1_505' title='bbox 2887 1025 3186 1080; x_wconf 87' lang='lat' dir='ltr'><strong>Germanus</strong></span> <span class='ocrx_word' id='word_1_506' title='bbox 3208 1034 3262 1079; x_wconf 89' lang='lat' dir='ltr'><strong>et</strong></span> <span class='ocrx_word' id='word_1_507' title='bbox 3296 1026 3420 1078; x_wconf 71' lang='lat' dir='ltr'><strong>(las-</strong></span> 
     </span>
    </p>
   </div>
   <div class='ocr_carea' id='block_1_68' title="bbox 1835 1118 3495 1189">
    <p class='ocr_par' dir='ltr' id='par_1_68' title="bbox 1835 1118 3495 1189">
     <span class='ocr_line' id='line_1_68' title="bbox 1835 1118 3495 1189; baseline 0.001 -17"><span class='ocrx_word' id='word_1_508' title='bbox 1835 1118 2016 1173; x_wconf 91' lang='lat' dir='ltr'><strong>siantts</strong></span> <span class='ocrx_word' id='word_1_509' title='bbox 2061 1118 2452 1184; x_wconf 84' lang='lat' dir='ltr'><strong>ostenderunt,</strong></span> <span class='ocrx_word' id='word_1_510' title='bbox 2496 1134 2604 1189; x_wconf 90' lang='lat' dir='ltr'><strong>quo</strong></span> <span class='ocrx_word' id='word_1_511' title='bbox 2637 1121 2865 1189; x_wconf 78' lang='lat' dir='ltr'><strong>pretiosa</strong></span> <span class='ocrx_word' id='word_1_512' title='bbox 2920 1135 3043 1173; x_wconf 85' lang='lat' dir='ltr'><strong>vasa</strong></span> <span class='ocrx_word' id='word_1_513' title='bbox 3098 1119 3426 1173; x_wconf 75' lang='lat' dir='ltr'><strong>tradiderant</strong></span> <span class='ocrx_word' id='word_1_514' title='bbox 3489 1122 3495 1128; x_wconf 89' lang='grc'><em>’</em></span> 
     </span>
    </p>
   </div>
   <div class='ocr_carea' id='block_1_69' title="bbox 1834 1211 3426 1284">
    <p class='ocr_par' dir='ltr' id='par_1_69' title="bbox 1834 1211 3426 1284">
     <span class='ocr_line' id='line_1_69' title="bbox 1834 1211 3426 1284; baseline 0 -18"><span class='ocrx_word' id='word_1_515' title='bbox 1834 1226 2015 1266; x_wconf 88' lang='lat' dir='ltr'><strong>coram</strong></span> <span class='ocrx_word' id='word_1_516' title='bbox 2038 1211 2328 1280; x_wconf 85' lang='lat' dir='ltr'><strong>judieibus.</strong></span> <span class='ocrx_word' id='word_1_517' title='bbox 2344 1212 2533 1268; x_wconf 89' lang='lat' dir='ltr'><strong>Studio</strong></span> <span class='ocrx_word' id='word_1_518' title='bbox 2553 1211 2808 1283; x_wconf 73' lang='lat' dir='ltr'><strong>prmfecto</strong></span> <span class='ocrx_word' id='word_1_519' title='bbox 2822 1211 3002 1276; x_wconf 87' lang='lat' dir='ltr'><strong>Urbis,</strong></span> <span class='ocrx_word' id='word_1_520' title='bbox 3019 1223 3072 1266; x_wconf 86' lang='lat' dir='ltr'><strong>et</strong></span> <span class='ocrx_word' id='word_1_521' title='bbox 3095 1213 3426 1284; x_wconf 77' lang='lat' dir='ltr'><strong>Eutycltiano</strong></span> 
     </span>
    </p>
   </div>
   <div class='ocr_carea' id='block_1_70' title="bbox 1834 1303 3422 1372">
    <p class='ocr_par' dir='ltr' id='par_1_70' title="bbox 1834 1303 3422 1372">
     <span class='ocr_line' id='line_1_70' title="bbox 1834 1303 3422 1372; baseline 0.002 -15"><span class='ocrx_word' id='word_1_522' title='bbox 1834 1303 2088 1372; x_wconf 69' lang='lat' dir='ltr'><strong>prtefccto</strong></span> <span class='ocrx_word' id='word_1_523' title='bbox 2137 1304 2403 1372; x_wconf 63' lang='lat' dir='ltr'><strong>Praeterii,</strong></span> <span class='ocrx_word' id='word_1_524' title='bbox 2433 1313 2488 1360; x_wconf 90' lang='lat' dir='ltr'><strong>et</strong></span> <span class='ocrx_word' id='word_1_525' title='bbox 2515 1305 2724 1361; x_wconf 89' lang='lat' dir='ltr'><strong>Joanne</strong></span> <span class='ocrx_word' id='word_1_526' title='bbox 2765 1305 2962 1360; x_wconf 90' lang='lat' dir='ltr'><strong>comite</strong></span> <span class='ocrx_word' id='word_1_527' title='bbox 3007 1305 3380 1360; x_wconf 82' lang='lat' dir='ltr'><strong>thesaurorum</strong></span> <span class='ocrx_word' id='word_1_528' title='bbox 3407 1346 3422 1369; x_wconf 91' lang='lat'><strong>,</strong></span> 
     </span>
    </p>
   </div>
   <div class='ocr_carea' id='block_1_71' title="bbox 1835 1396 3428 1467">
    <p class='ocr_par' dir='ltr' id='par_1_71' title="bbox 1835 1396 3428 1467">
     <span class='ocr_line' id='line_1_71' title="bbox 1835 1396 3428 1467; baseline 0.001 -15"><span class='ocrx_word' id='word_1_529' title='bbox 1835 1407 1889 1452; x_wconf 89' lang='lat' dir='ltr'><strong>et</strong></span> <span class='ocrx_word' id='word_1_530' title='bbox 1933 1396 2215 1453; x_wconf 83' lang='lat' dir='ltr'><strong>Ettstathio</strong></span> <span class='ocrx_word' id='word_1_531' title='bbox 2243 1407 2514 1467; x_wconf 67' lang='lat' dir='ltr'><strong>quaestore</strong></span> <span class='ocrx_word' id='word_1_532' title='bbox 2544 1439 2561 1464; x_wconf 94' lang='lat'><strong>,</strong></span> <span class='ocrx_word' id='word_1_533' title='bbox 2612 1413 2676 1454; x_wconf 84' lang='lat' dir='ltr'><strong>ac</strong></span> <span class='ocrx_word' id='word_1_534' title='bbox 2715 1399 2990 1454; x_wconf 88' lang='lat' dir='ltr'><strong>tabulariis</strong></span> <span class='ocrx_word' id='word_1_535' title='bbox 3019 1439 3034 1464; x_wconf 96' lang='lat'><strong>,</strong></span> <span class='ocrx_word' id='word_1_536' title='bbox 3083 1399 3134 1452; x_wconf 92' lang='lat' dir='ltr'><strong>in</strong></span> <span class='ocrx_word' id='word_1_537' title='bbox 3164 1414 3317 1462; x_wconf 89' lang='lat' dir='ltr'><strong>auro,</strong></span> <span class='ocrx_word' id='word_1_538' title='bbox 3341 1414 3428 1453; x_wconf 88' lang='lat' dir='ltr'><strong>ar-</strong></span> 
     </span>
    </p>
   </div>
   <div class='ocr_carea' id='block_1_72' title="bbox 1833 1489 3427 1561">
    <p class='ocr_par' dir='ltr' id='par_1_72' title="bbox 1833 1489 3427 1561">
     <span class='ocr_line' id='line_1_72' title="bbox 1833 1489 3427 1561; baseline 0 -17"><span class='ocrx_word' id='word_1_539' title='bbox 1833 1497 1997 1559; x_wconf 88' lang='lat' dir='ltr'><strong>gento</strong></span> <span class='ocrx_word' id='word_1_540' title='bbox 2021 1500 2077 1544; x_wconf 91' lang='lat' dir='ltr'><strong>et</strong></span> <span class='ocrx_word' id='word_1_541' title='bbox 2097 1489 2360 1555; x_wconf 84' lang='lat' dir='ltr'><strong>vestibus,</strong></span> <span class='ocrx_word' id='word_1_542' title='bbox 2389 1489 2712 1544; x_wconf 89' lang='lat' dir='ltr'><strong>calumniam</strong></span> <span class='ocrx_word' id='word_1_543' title='bbox 2741 1505 2772 1544; x_wconf 90' lang='lat' dir='ltr'><strong>a</strong></span> <span class='ocrx_word' id='word_1_544' title='bbox 2800 1489 3009 1544; x_wconf 91' lang='lat' dir='ltr'><strong>Joanne</strong></span> <span class='ocrx_word' id='word_1_545' title='bbox 3034 1489 3288 1561; x_wconf 84' lang='lat' dir='ltr'><strong>cpiscOpo</strong></span> <span class='ocrx_word' id='word_1_546' title='bbox 3328 1489 3427 1544; x_wconf 82' lang='lat' dir='ltr'><strong>de-</strong></span> 
     </span>
    </p>
   </div>
   <div class='ocr_carea' id='block_1_73' title="bbox 1837 1581 3429 1652">
    <p class='ocr_par' dir='ltr' id='par_1_73' title="bbox 1837 1581 3429 1652">
     <span class='ocr_line' id='line_1_73' title="bbox 1837 1581 3429 1652; baseline 0.001 -18"><span class='ocrx_word' id='word_1_547' title='bbox 1837 1582 2117 1652; x_wconf 78' lang='lat' dir='ltr'><strong>pollentes.</strong></span> <span class='ocrx_word' id='word_1_548' title='bbox 2171 1581 2301 1637; x_wconf 87' lang='lat' dir='ltr'><strong>Post</strong></span> <span class='ocrx_word' id='word_1_549' title='bbox 2349 1583 2472 1637; x_wconf 90' lang='lat' dir='ltr'><strong>illos</strong></span> <span class='ocrx_word' id='word_1_550' title='bbox 2512 1581 2692 1637; x_wconf 88' lang='lat' dir='ltr'><strong>denuo</strong></span> <span class='ocrx_word' id='word_1_551' title='bbox 2734 1585 2883 1638; x_wconf 83' lang='lat' dir='ltr'><strong>venit</strong></span> <span class='ocrx_word' id='word_1_552' title='bbox 2914 1583 3251 1647; x_wconf 89' lang='lat' dir='ltr'><strong>Demetrius,</strong></span> <span class='ocrx_word' id='word_1_553' title='bbox 3295 1582 3429 1637; x_wconf 84' lang='lat' dir='ltr'><strong>Pisi-</strong></span> 
     </span>
    </p>
   </div>
   <div class='ocr_carea' id='block_1_74' title="bbox 1834 1675 3430 1749">
    <p class='ocr_par' dir='ltr' id='par_1_74' title="bbox 1834 1675 3430 1749">
     <span class='ocr_line' id='line_1_74' title="bbox 1834 1675 3430 1749; baseline 0.003 -20"><span class='ocrx_word' id='word_1_554' title='bbox 1834 1675 2015 1730; x_wconf 90' lang='lat' dir='ltr'><strong>nuntis</strong></span> <span class='ocrx_word' id='word_1_555' title='bbox 2031 1676 2336 1746; x_wconf 81' lang='lat' dir='ltr'><strong>episcOpns,</strong></span> <span class='ocrx_word' id='word_1_556' title='bbox 2351 1677 2442 1746; x_wconf 92' lang='lat' dir='ltr'><strong>qui</strong></span> <span class='ocrx_word' id='word_1_557' title='bbox 2463 1675 2737 1732; x_wconf 88' lang='lat' dir='ltr'><strong>Orientem</strong></span> <span class='ocrx_word' id='word_1_558' title='bbox 2755 1687 3111 1747; x_wconf 87' lang='lat' dir='ltr'><strong>percurrerat,</strong></span> <span class='ocrx_word' id='word_1_559' title='bbox 3133 1678 3430 1749; x_wconf 76' lang='lat' dir='ltr'><strong>przedicans</strong></span> 
     </span>
    </p>
   </div>
   <div class='ocr_carea' id='block_1_75' title="bbox 1834 1768 3424 1840">
    <p class='ocr_par' dir='ltr' id='par_1_75' title="bbox 1834 1768 3424 1840">
     <span class='ocr_line' id='line_1_75' title="bbox 1834 1768 3424 1840; baseline -0.001 -16"><span class='ocrx_word' id='word_1_560' title='bbox 1834 1768 2198 1824; x_wconf 80' lang='lat' dir='ltr'><strong>Romanorum</strong></span> <span class='ocrx_word' id='word_1_561' title='bbox 2243 1769 2678 1823; x_wconf 89' lang='lat' dir='ltr'><strong>communionem</strong></span> <span class='ocrx_word' id='word_1_562' title='bbox 2725 1785 2846 1824; x_wconf 90' lang='lat' dir='ltr'><strong>cum</strong></span> <span class='ocrx_word' id='word_1_563' title='bbox 2893 1769 3098 1825; x_wconf 84' lang='lat' dir='ltr'><strong>Joanne</strong></span> <span class='ocrx_word' id='word_1_564' title='bbox 3127 1771 3380 1840; x_wconf 83' lang='lat' dir='ltr'><strong>episeOpo</strong></span> <span class='ocrx_word' id='word_1_565' title='bbox 3409 1813 3424 1832; x_wconf 88' lang='lat'><strong>,</strong></span> 
     </span>
    </p>
   </div>
   <div class='ocr_carea' id='block_1_76' title="bbox 1834 1861 3428 1933">
    <p class='ocr_par' dir='ltr' id='par_1_76' title="bbox 1834 1861 3428 1933">
     <span class='ocr_line' id='line_1_76' title="bbox 1834 1861 3428 1933; baseline -0.002 -17"><span class='ocrx_word' id='word_1_566' title='bbox 1834 1863 2066 1917; x_wconf 90' lang='lat' dir='ltr'><strong>ostensis</strong></span> <span class='ocrx_word' id='word_1_567' title='bbox 2091 1877 2241 1932; x_wconf 79' lang='lat' dir='ltr'><strong>papa:</strong></span> <span class='ocrx_word' id='word_1_568' title='bbox 2265 1861 2558 1916; x_wconf 90' lang='lat' dir='ltr'><strong>Innocentii</strong></span> <span class='ocrx_word' id='word_1_569' title='bbox 2602 1863 2792 1927; x_wconf 88' lang='lat' dir='ltr'><strong>literis,</strong></span> <span class='ocrx_word' id='word_1_570' title='bbox 2821 1861 3051 1917; x_wconf 86' lang='lat' dir='ltr'><strong>afferens</strong></span> <span class='ocrx_word' id='word_1_571' title='bbox 3081 1863 3334 1933; x_wconf 84' lang='lat' dir='ltr'><strong>epistolas</strong></span> <span class='ocrx_word' id='word_1_572' title='bbox 3360 1862 3428 1916; x_wconf 86' lang='lat' dir='ltr'><strong>ab</strong></span> 
     </span>
    </p>
   </div>
   <div class='ocr_carea' id='block_1_77' title="bbox 1835 1952 3426 2025">
    <p class='ocr_par' dir='ltr' id='par_1_77' title="bbox 1835 1952 3426 2025">
     <span class='ocr_line' id='line_1_77' title="bbox 1835 1952 3426 2025; baseline -0.001 -17"><span class='ocrx_word' id='word_1_573' title='bbox 1835 1954 2100 2025; x_wconf 88' lang='lat' dir='ltr'><strong>episc0pis</strong></span> <span class='ocrx_word' id='word_1_574' title='bbox 2129 1952 2300 2008; x_wconf 68' lang='lat' dir='ltr'><strong>Cariae</strong></span> <span class='ocrx_word' id='word_1_575' title='bbox 2325 1995 2340 2020; x_wconf 91' lang='lat'><strong>,</strong></span> <span class='ocrx_word' id='word_1_576' title='bbox 2372 1953 2566 2022; x_wconf 87' lang='lat' dir='ltr'><strong>quibus</strong></span> <span class='ocrx_word' id='word_1_577' title='bbox 2624 1953 2696 2007; x_wconf 92' lang='lat' dir='ltr'><strong>illi</strong></span> <span class='ocrx_word' id='word_1_578' title='bbox 2728 1953 2950 2008; x_wconf 89' lang='lat' dir='ltr'><strong>Joannis</strong></span> <span class='ocrx_word' id='word_1_579' title='bbox 2995 1954 3426 2007; x_wconf 89' lang='lat' dir='ltr'><strong>communionem</strong></span> 
     </span>
    </p>
   </div>
   <div class='ocr_carea' id='block_1_78' title="bbox 1836 2043 3426 2114">
    <p class='ocr_par' dir='ltr' id='par_1_78' title="bbox 1836 2043 3426 2114">
     <span class='ocr_line' id='line_1_78' title="bbox 1836 2043 3426 2114; baseline -0.004 -14"><span class='ocrx_word' id='word_1_580' title='bbox 1836 2045 2291 2114; x_wconf 88' lang='lat' dir='ltr'><strong>complectuntur,</strong></span> <span class='ocrx_word' id='word_1_581' title='bbox 2327 2054 2490 2114; x_wconf 87' lang='lat' dir='ltr'><strong>atque</strong></span> <span class='ocrx_word' id='word_1_582' title='bbox 2513 2045 2646 2099; x_wconf 89' lang='lat' dir='ltr'><strong>alias</strong></span> <span class='ocrx_word' id='word_1_583' title='bbox 2674 2060 2703 2098; x_wconf 89' lang='lat' dir='ltr'><strong>a</strong></span> <span class='ocrx_word' id='word_1_584' title='bbox 2754 2044 3085 2114; x_wconf 88' lang='lat' dir='ltr'><strong>presbyteris</strong></span> <span class='ocrx_word' id='word_1_585' title='bbox 3110 2043 3426 2104; x_wconf 65' lang='lat' dir='ltr'><strong>Antiochiae.</strong></span> 
     </span>
    </p>
   </div>
   <div class='ocr_carea' id='block_1_79' title="bbox 1838 2135 3427 2208">
    <p class='ocr_par' dir='ltr' id='par_1_79' title="bbox 1838 2135 3427 2208">
     <span class='ocr_line' id='line_1_79' title="bbox 1838 2135 3427 2208; baseline -0.004 -17"><span class='ocrx_word' id='word_1_586' title='bbox 1838 2137 2032 2208; x_wconf 89' lang='lat' dir='ltr'><strong>quibus</strong></span> <span class='ocrx_word' id='word_1_587' title='bbox 2063 2136 2430 2190; x_wconf 81' lang='lat' dir='ltr'><strong>Romanorum</strong></span> <span class='ocrx_word' id='word_1_588' title='bbox 2453 2135 2792 2204; x_wconf 88' lang='lat' dir='ltr'><strong>disciplinam</strong></span> <span class='ocrx_word' id='word_1_589' title='bbox 2821 2145 3134 2204; x_wconf 86' lang='lat' dir='ltr'><strong>sequuntur,</strong></span> <span class='ocrx_word' id='word_1_590' title='bbox 3158 2143 3213 2189; x_wconf 89' lang='lat' dir='ltr'><strong>et</strong></span> <span class='ocrx_word' id='word_1_591' title='bbox 3241 2135 3427 2204; x_wconf 82' lang='lat' dir='ltr'><strong>deplo-</strong></span> 
     </span>
    </p>
   </div>
   <div class='ocr_carea' id='block_1_80' title="bbox 1836 2225 3428 2299">
    <p class='ocr_par' dir='ltr' id='par_1_80' title="bbox 1836 2225 3428 2299">
     <span class='ocr_line' id='line_1_80' title="bbox 1836 2225 3428 2299; baseline -0.003 -15"><span class='ocrx_word' id='word_1_592' title='bbox 1836 2238 1958 2284; x_wconf 88' lang='lat' dir='ltr'><strong>rant</strong></span> <span class='ocrx_word' id='word_1_593' title='bbox 2006 2228 2286 2299; x_wconf 83' lang='lat' dir='ltr'><strong>Porphyrii</strong></span> <span class='ocrx_word' id='word_1_594' title='bbox 2333 2227 2726 2282; x_wconf 86' lang='lat' dir='ltr'><strong>ordinationem</strong></span> <span class='ocrx_word' id='word_1_595' title='bbox 2773 2226 2966 2280; x_wconf 88' lang='lat' dir='ltr'><strong>factam</strong></span> <span class='ocrx_word' id='word_1_596' title='bbox 3015 2235 3198 2280; x_wconf 90' lang='lat' dir='ltr'><strong>contra</strong></span> <span class='ocrx_word' id='word_1_597' title='bbox 3249 2225 3340 2290; x_wconf 82' lang='lat' dir='ltr'><strong>jus</strong></span> <span class='ocrx_word' id='word_1_598' title='bbox 3373 2233 3428 2279; x_wconf 83' lang='lat' dir='ltr'><strong>et</strong></span> 
     </span>
    </p>
   </div>
   <div class='ocr_carea' id='block_1_81' title="bbox 1837 2318 3427 2391">
    <p class='ocr_par' dir='ltr' id='par_1_81' title="bbox 1837 2318 3427 2391">
     <span class='ocr_line' id='line_1_81' title="bbox 1837 2318 3427 2391; baseline -0.003 -16"><span class='ocrx_word' id='word_1_599' title='bbox 1837 2321 1935 2376; x_wconf 89' lang='lat' dir='ltr'><strong>fas.</strong></span> <span class='ocrx_word' id='word_1_600' title='bbox 1978 2321 2107 2376; x_wconf 86' lang='lat' dir='ltr'><strong>Post</strong></span> <span class='ocrx_word' id='word_1_601' title='bbox 2154 2336 2291 2391; x_wconf 90' lang='lat' dir='ltr'><strong>quos</strong></span> <span class='ocrx_word' id='word_1_602' title='bbox 2338 2335 2529 2376; x_wconf 90' lang='lat' dir='ltr'><strong>omnes</strong></span> <span class='ocrx_word' id='word_1_603' title='bbox 2554 2320 2701 2375; x_wconf 90' lang='lat' dir='ltr'><strong>venit</strong></span> <span class='ocrx_word' id='word_1_604' title='bbox 2745 2319 3023 2390; x_wconf 84' lang='lat' dir='ltr'><strong>presbyter</strong></span> <span class='ocrx_word' id='word_1_605' title='bbox 3076 2318 3427 2381; x_wconf 90' lang='lat' dir='ltr'><strong>Domitianus,</strong></span> 
     </span>
    </p>
   </div>
   <div class='ocr_carea' id='block_1_82' title="bbox 1837 2409 3430 2481">
    <p class='ocr_par' dir='ltr' id='par_1_82' title="bbox 1837 2409 3430 2481">
     <span class='ocr_line' id='line_1_82' title="bbox 1837 2409 3430 2481; baseline -0.005 -11"><span class='ocrx_word' id='word_1_606' title='bbox 1837 2428 2150 2470; x_wconf 74' lang='lat' dir='ltr'><strong>tecettomus</strong></span> <span class='ocrx_word' id='word_1_607' title='bbox 2179 2413 2434 2467; x_wconf 82' lang='lat' dir='ltr'><strong>Ecclesiae</strong></span> <span class='ocrx_word' id='word_1_608' title='bbox 2453 2413 3080 2481; x_wconf 41' lang='lat' dir='ltr'><strong>Constantinopolitanm,</strong></span> <span class='ocrx_word' id='word_1_609' title='bbox 3114 2417 3168 2464; x_wconf 92' lang='lat' dir='ltr'><strong>ct</strong></span> <span class='ocrx_word' id='word_1_610' title='bbox 3187 2409 3430 2477; x_wconf 82' lang='lat' dir='ltr'><strong>Vallagas</strong></span> 
     </span>
    </p>
   </div>
   <div class='ocr_carea' id='block_1_83' title="bbox 1837 2501 3430 2576">
    <p class='ocr_par' dir='ltr' id='par_1_83' title="bbox 1837 2501 3430 2576">
     <span class='ocr_line' id='line_1_83' title="bbox 1837 2501 3430 2576; baseline -0.008 -17"><span class='ocrx_word' id='word_1_611' title='bbox 1837 2505 2076 2576; x_wconf 88' lang='lat' dir='ltr'><strong>qttidam,</strong></span> <span class='ocrx_word' id='word_1_612' title='bbox 2109 2504 2393 2575; x_wconf 84' lang='lat' dir='ltr'><strong>presbyter</strong></span> <span class='ocrx_word' id='word_1_613' title='bbox 2435 2503 2724 2557; x_wconf 82' lang='lat' dir='ltr'><strong>Nisibenus</strong></span> <span class='ocrx_word' id='word_1_614' title='bbox 2751 2545 2764 2564; x_wconf 90' lang='lat'><strong>,</strong></span> <span class='ocrx_word' id='word_1_615' title='bbox 2806 2517 3033 2556; x_wconf 86' lang='lat' dir='ltr'><strong>narrans</strong></span> <span class='ocrx_word' id='word_1_616' title='bbox 3073 2501 3430 2556; x_wconf 76' lang='lat' dir='ltr'><strong>monasterio-</strong></span> 
     </span>
    </p>
   </div>
   <div class='ocr_carea' id='block_1_84' title="bbox 1839 2595 3429 2669">
    <p class='ocr_par' dir='ltr' id='par_1_84' title="bbox 1839 2595 3429 2669">
     <span class='ocr_line' id='line_1_84' title="bbox 1839 2595 3429 2669; baseline -0.005 -15"><span class='ocrx_word' id='word_1_617' title='bbox 1839 2615 1958 2654; x_wconf 89' lang='lat' dir='ltr'><strong>rum</strong></span> <span class='ocrx_word' id='word_1_618' title='bbox 1990 2615 2113 2669; x_wconf 80' lang='lat' dir='ltr'><strong>qua:</strong></span> <span class='ocrx_word' id='word_1_619' title='bbox 2165 2607 2293 2652; x_wconf 91' lang='lat' dir='ltr'><strong>sunt</strong></span> <span class='ocrx_word' id='word_1_620' title='bbox 2353 2597 2405 2651; x_wconf 90' lang='lat' dir='ltr'><strong>in</strong></span> <span class='ocrx_word' id='word_1_621' title='bbox 2461 2595 2845 2667; x_wconf 87' lang='lat' dir='ltr'><strong>Mesopotamia</strong></span> <span class='ocrx_word' id='word_1_622' title='bbox 2899 2595 3293 2650; x_wconf 83' lang='lat' dir='ltr'><strong>afllictiom-m:</strong></span> <span class='ocrx_word' id='word_1_623' title='bbox 3343 2599 3429 2662; x_wconf 87' lang='lat' dir='ltr'><strong>qui</strong></span> 
     </span>
    </p>
   </div>
   <div class='ocr_carea' id='block_1_85' title="bbox 1837 2686 3429 2759">
    <p class='ocr_par' dir='ltr' id='par_1_85' title="bbox 1837 2686 3429 2759">
     <span class='ocr_line' id='line_1_85' title="bbox 1837 2686 3429 2759; baseline -0.006 -14"><span class='ocrx_word' id='word_1_624' title='bbox 1837 2690 1999 2746; x_wconf 87' lang='lat' dir='ltr'><strong>etiam</strong></span> <span class='ocrx_word' id='word_1_625' title='bbox 2032 2689 2379 2744; x_wconf 85' lang='lat' dir='ltr'><strong>reddiderunt</strong></span> <span class='ocrx_word' id='word_1_626' title='bbox 2402 2689 2579 2758; x_wconf 86' lang='lat' dir='ltr'><strong>()ptati</strong></span> <span class='ocrx_word' id='word_1_627' title='bbox 2609 2687 2882 2759; x_wconf 83' lang='lat' dir='ltr'><strong>cujusdam</strong></span> <span class='ocrx_word' id='word_1_628' title='bbox 2927 2686 3160 2756; x_wconf 72' lang='lat' dir='ltr'><strong>prmfecti</strong></span> <span class='ocrx_word' id='word_1_629' title='bbox 3202 2695 3343 2746; x_wconf 85' lang='lat' dir='ltr'><strong>acta,</strong></span> <span class='ocrx_word' id='word_1_630' title='bbox 3379 2686 3429 2737; x_wconf 89' lang='lat' dir='ltr'><strong>in</strong></span> 
     </span>
    </p>
   </div>
   <div class='ocr_carea' id='block_1_86' title="bbox 1837 2775 3432 2851">
    <p class='ocr_par' dir='ltr' id='par_1_86' title="bbox 1837 2775 3432 2851">
     <span class='ocr_line' id='line_1_86' title="bbox 1837 2775 3432 2851; baseline -0.003 -17"><span class='ocrx_word' id='word_1_631' title='bbox 1837 2780 2032 2851; x_wconf 89' lang='lat' dir='ltr'><strong>quibus</strong></span> <span class='ocrx_word' id='word_1_632' title='bbox 2061 2780 2303 2836; x_wconf 72' lang='lat' dir='ltr'><strong>honesta:</strong></span> <span class='ocrx_word' id='word_1_633' title='bbox 2339 2779 2592 2836; x_wconf 88' lang='lat' dir='ltr'><strong>mulieres</strong></span> <span class='ocrx_word' id='word_1_634' title='bbox 2630 2794 2696 2835; x_wconf 84' lang='lat' dir='ltr'><strong>ex</strong></span> <span class='ocrx_word' id='word_1_635' title='bbox 2739 2793 2938 2850; x_wconf 80' lang='lat' dir='ltr'><strong>genere</strong></span> <span class='ocrx_word' id='word_1_636' title='bbox 2976 2777 3280 2845; x_wconf 88' lang='lat' dir='ltr'><strong>consulum,</strong></span> <span class='ocrx_word' id='word_1_637' title='bbox 3320 2775 3432 2831; x_wconf 82' lang='lat' dir='ltr'><strong>dia-</strong></span> 
     </span>
    </p>
   </div>
   <div class='ocr_carea' id='block_1_87' title="bbox 1838 2869 3430 2943">
    <p class='ocr_par' dir='ltr' id='par_1_87' title="bbox 1838 2869 3430 2943">
     <span class='ocr_line' id='line_1_87' title="bbox 1838 2869 3430 2943; baseline -0.004 -13"><span class='ocrx_word' id='word_1_638' title='bbox 1838 2875 2064 2930; x_wconf 75' lang='lat' dir='ltr'><strong>conissm</strong></span> <span class='ocrx_word' id='word_1_639' title='bbox 2079 2874 2336 2931; x_wconf 73' lang='lat' dir='ltr'><strong>Ecclesia:</strong></span> <span class='ocrx_word' id='word_1_640' title='bbox 2353 2874 2614 2930; x_wconf 88' lang='lat' dir='ltr'><strong>Constant</strong></span> <span class='ocrx_word' id='word_1_641' title='bbox 2626 2873 3053 2943; x_wconf 61' lang='lat' dir='ltr'><strong>inopolitanmjn</strong></span> <span class='ocrx_word' id='word_1_642' title='bbox 3066 2872 3240 2928; x_wconf 90' lang='lat' dir='ltr'><strong>oculis</strong></span> <span class='ocrx_word' id='word_1_643' title='bbox 3252 2869 3430 2940; x_wconf 90' lang='lat' dir='ltr'><strong>populi</strong></span> 
     </span>
    </p>
   </div>
   <div class='ocr_carea' id='block_1_88' title="bbox 1839 2961 3432 3032">
    <p class='ocr_par' dir='ltr' id='par_1_88' title="bbox 1839 2961 3432 3032">
     <span class='ocr_line' id='line_1_88' title="bbox 1839 2961 3432 3032; baseline -0.004 -12"><span class='ocrx_word' id='word_1_644' title='bbox 1839 2965 1906 3020; x_wconf 92' lang='lat' dir='ltr'><strong>ad</strong></span> <span class='ocrx_word' id='word_1_645' title='bbox 1934 2982 2057 3021; x_wconf 90' lang='lat' dir='ltr'><strong>eum</strong></span> <span class='ocrx_word' id='word_1_646' title='bbox 2087 2966 2377 3032; x_wconf 87' lang='lat' dir='ltr'><strong>ducuntur,</strong></span> <span class='ocrx_word' id='word_1_647' title='bbox 2411 2975 2612 3020; x_wconf 79' lang='lat' dir='ltr'><strong>coacta:</strong></span> <span class='ocrx_word' id='word_1_648' title='bbox 2640 2973 2732 3019; x_wconf 88' lang='lat' dir='ltr'><strong>aut</strong></span> <span class='ocrx_word' id='word_1_649' title='bbox 2771 2963 3166 3019; x_wconf 88' lang='lat' dir='ltr'><strong>communicare</strong></span> <span class='ocrx_word' id='word_1_650' title='bbox 3191 2961 3432 3024; x_wconf 86' lang='lat' dir='ltr'><strong>Arsacio,</strong></span> 
     </span>
    </p>
   </div>
   <div class='ocr_carea' id='block_1_89' title="bbox 1839 3053 3432 3114">
    <p class='ocr_par' dir='ltr' id='par_1_89' title="bbox 1839 3053 3432 3114">
     <span class='ocr_line' id='line_1_89' title="bbox 1839 3053 3432 3114; baseline -0.004 -2"><span class='ocrx_word' id='word_1_651' title='bbox 1839 3068 1929 3112; x_wconf 91' lang='lat' dir='ltr'><strong>aut</strong></span> <span class='ocrx_word' id='word_1_652' title='bbox 1961 3058 2090 3113; x_wconf 89' lang='lat' dir='ltr'><strong>fisco</strong></span> <span class='ocrx_word' id='word_1_653' title='bbox 2109 3059 2238 3113; x_wconf 90' lang='lat' dir='ltr'><strong>dare</strong></span> <span class='ocrx_word' id='word_1_654' title='bbox 2263 3059 2522 3114; x_wconf 84' lang='lat' dir='ltr'><strong>ducentas</strong></span> <span class='ocrx_word' id='word_1_655' title='bbox 2567 3057 2681 3112; x_wconf 89' lang='lat' dir='ltr'><strong>auri</strong></span> <span class='ocrx_word' id='word_1_656' title='bbox 2713 3057 2898 3112; x_wconf 88' lang='lat' dir='ltr'><strong>libras.</strong></span> <span class='ocrx_word' id='word_1_657' title='bbox 2931 3057 3006 3111; x_wconf 90' lang='lat' dir='ltr'><strong>De</strong></span> <span class='ocrx_word' id='word_1_658' title='bbox 3035 3055 3230 3110; x_wconf 89' lang='lat' dir='ltr'><strong>ascetis</strong></span> <span class='ocrx_word' id='word_1_659' title='bbox 3257 3053 3432 3108; x_wconf 84' lang='lat' dir='ltr'><strong>etvir-</strong></span> 
     </span>
    </p>
   </div>
   <div class='ocr_carea' id='block_1_90' title="bbox 1838 3145 3429 3221">
    <p class='ocr_par' dir='ltr' id='par_1_90' title="bbox 1838 3145 3429 3221">
     <span class='ocr_line' id='line_1_90' title="bbox 1838 3145 3429 3221; baseline -0.004 -17"><span class='ocrx_word' id='word_1_660' title='bbox 1838 3151 2050 3221; x_wconf 80' lang='lat' dir='ltr'><strong>ginibus</strong></span> <span class='ocrx_word' id='word_1_661' title='bbox 2077 3151 2204 3221; x_wconf 89' lang='lat' dir='ltr'><strong>quid</strong></span> <span class='ocrx_word' id='word_1_662' title='bbox 2226 3151 2416 3204; x_wconf 89' lang='lat' dir='ltr'><strong>attinet</strong></span> <span class='ocrx_word' id='word_1_663' title='bbox 2456 3149 2674 3203; x_wconf 87' lang='lat' dir='ltr'><strong>dicere?</strong></span> <span class='ocrx_word' id='word_1_664' title='bbox 2703 3149 2792 3217; x_wconf 91' lang='lat' dir='ltr'><strong>qui</strong></span> <span class='ocrx_word' id='word_1_665' title='bbox 2825 3146 3183 3202; x_wconf 89' lang='lat' dir='ltr'><strong>ostendebant</strong></span> <span class='ocrx_word' id='word_1_666' title='bbox 3223 3145 3429 3200; x_wconf 90' lang='lat' dir='ltr'><strong>sulcata</strong></span> 
     </span>
    </p>
   </div>
   <div class='ocr_carea' id='block_1_91' title="bbox 1842 3236 3434 3312">
    <p class='ocr_par' dir='ltr' id='par_1_91' title="bbox 1842 3236 3434 3312">
     <span class='ocr_line' id='line_1_91' title="bbox 1842 3236 3434 3312; baseline -0.008 -12"><span class='ocrx_word' id='word_1_667' title='bbox 1842 3247 2007 3300; x_wconf 88' lang='lat' dir='ltr'><strong>latera</strong></span> <span class='ocrx_word' id='word_1_668' title='bbox 2037 3245 2090 3299; x_wconf 93' lang='lat' dir='ltr'><strong>in</strong></span> <span class='ocrx_word' id='word_1_669' title='bbox 2118 3243 2308 3300; x_wconf 89' lang='lat' dir='ltr'><strong>eculeo</strong></span> <span class='ocrx_word' id='word_1_670' title='bbox 2337 3252 2391 3298; x_wconf 83' lang='lat' dir='ltr'><strong>et</strong></span> <span class='ocrx_word' id='word_1_671' title='bbox 2435 3243 2485 3296; x_wconf 90' lang='lat' dir='ltr'><strong>in</strong></span> <span class='ocrx_word' id='word_1_672' title='bbox 2519 3251 2669 3312; x_wconf 83' lang='lat' dir='ltr'><strong>tergo</strong></span> <span class='ocrx_word' id='word_1_673' title='bbox 2714 3240 2997 3294; x_wconf 87' lang='lat' dir='ltr'><strong>verberum</strong></span> <span class='ocrx_word' id='word_1_674' title='bbox 3044 3246 3220 3292; x_wconf 89' lang='lat' dir='ltr'><strong>notas.</strong></span> <span class='ocrx_word' id='word_1_675' title='bbox 3272 3236 3347 3290; x_wconf 90' lang='lat' dir='ltr'><strong>lta</strong></span> <span class='ocrx_word' id='word_1_676' title='bbox 3377 3244 3434 3289; x_wconf 88' lang='lat' dir='ltr'><strong>ut</strong></span> 
     </span>
    </p>
   </div>
   <div class='ocr_carea' id='block_1_92' title="bbox 1843 3327 3434 3408">
    <p class='ocr_par' dir='ltr' id='par_1_92' title="bbox 1843 3327 3434 3408">
     <span class='ocr_line' id='line_1_92' title="bbox 1843 3327 3434 3408; baseline -0.008 -14"><span class='ocrx_word' id='word_1_677' title='bbox 1843 3357 1946 3394; x_wconf 88' lang='lat' dir='ltr'><strong>tton</strong></span> <span class='ocrx_word' id='word_1_678' title='bbox 1988 3339 2219 3408; x_wconf 90' lang='lat' dir='ltr'><strong>amplius</strong></span> <span class='ocrx_word' id='word_1_679' title='bbox 2250 3338 2520 3392; x_wconf 90' lang='lat' dir='ltr'><strong>sustinens</strong></span> <span class='ocrx_word' id='word_1_680' title='bbox 2558 3351 2691 3405; x_wconf 85' lang='lat' dir='ltr'><strong>papa</strong></span> <span class='ocrx_word' id='word_1_681' title='bbox 2730 3332 3092 3393; x_wconf 81' lang='lat' dir='ltr'><strong>Innocentius,</strong></span> <span class='ocrx_word' id='word_1_682' title='bbox 3131 3329 3335 3383; x_wconf 90' lang='lat' dir='ltr'><strong>miserit</strong></span> <span class='ocrx_word' id='word_1_683' title='bbox 3367 3327 3434 3382; x_wconf 87' lang='lat' dir='ltr'><strong>ad</strong></span> 
     </span>
    </p>
   </div>
   <div class='ocr_carea' id='block_1_93' title="bbox 1842 3421 3436 3504">
    <p class='ocr_par' dir='ltr' id='par_1_93' title="bbox 1842 3421 3436 3504">
     <span class='ocr_line' id='line_1_93' title="bbox 1842 3421 3436 3504; baseline -0.006 -18"><span class='ocrx_word' id='word_1_684' title='bbox 1842 3433 1986 3504; x_wconf 90' lang='lat' dir='ltr'><strong>pium</strong></span> <span class='ocrx_word' id='word_1_685' title='bbox 2010 3431 2390 3501; x_wconf 89' lang='lat' dir='ltr'><strong>Imperatorem</strong></span> <span class='ocrx_word' id='word_1_686' title='bbox 2414 3428 2729 3492; x_wconf 90' lang='lat' dir='ltr'><strong>llonorinm,</strong></span> <span class='ocrx_word' id='word_1_687' title='bbox 2759 3423 3062 3496; x_wconf 83' lang='lat' dir='ltr'><strong>singillatim</strong></span> <span class='ocrx_word' id='word_1_688' title='bbox 3087 3422 3212 3493; x_wconf 90' lang='lat' dir='ltr'><strong>qttid</strong></span> <span class='ocrx_word' id='word_1_689' title='bbox 3237 3421 3436 3477; x_wconf 80' lang='lat' dir='ltr'><strong>ferrent</strong></span> 
     </span>
    </p>
   </div>
   <div class='ocr_carea' id='block_1_94' title="bbox 1843 3512 3438 3593">
    <p class='ocr_par' dir='ltr' id='par_1_94' title="bbox 1843 3512 3438 3593">
     <span class='ocr_line' id='line_1_94' title="bbox 1843 3512 3438 3593; baseline -0.009 -15"><span class='ocrx_word' id='word_1_690' title='bbox 1843 3523 2082 3593; x_wconf 78' lang='lat' dir='ltr'><strong>epistola:</strong></span> <span class='ocrx_word' id='word_1_691' title='bbox 2109 3523 2213 3577; x_wconf 84' lang='lat' dir='ltr'><strong>illae</strong></span> <span class='ocrx_word' id='word_1_692' title='bbox 2241 3520 2586 3591; x_wconf 87' lang='lat' dir='ltr'><strong>subjungens.</strong></span> <span class='ocrx_word' id='word_1_693' title='bbox 2616 3518 2819 3586; x_wconf 82' lang='lat' dir='ltr'><strong>Quibus</strong></span> <span class='ocrx_word' id='word_1_694' title='bbox 2842 3528 3079 3586; x_wconf 81' lang='lat' dir='ltr'><strong>permuta</strong></span> <span class='ocrx_word' id='word_1_695' title='bbox 3107 3513 3222 3583; x_wconf 82' lang='lat' dir='ltr'><strong>ejus</strong></span> <span class='ocrx_word' id='word_1_696' title='bbox 3268 3512 3438 3582; x_wconf 84' lang='lat' dir='ltr'><strong>pietas</strong></span> 
     </span>
    </p>
   </div>
   <div class='ocr_carea' id='block_1_95' title="bbox 1839 3602 3438 3686">
    <p class='ocr_par' dir='ltr' id='par_1_95' title="bbox 1839 3602 3438 3686">
     <span class='ocr_line' id='line_1_95' title="bbox 1839 3602 3438 3686; baseline -0.008 -17"><span class='ocrx_word' id='word_1_697' title='bbox 1839 3615 1993 3686; x_wconf 85' lang='lat' dir='ltr'><strong>jubet</strong></span> <span class='ocrx_word' id='word_1_698' title='bbox 2022 3613 2456 3675; x_wconf 87' lang='lat' dir='ltr'><strong>Occidentalium</strong></span> <span class='ocrx_word' id='word_1_699' title='bbox 2476 3613 2758 3686; x_wconf 80' lang='lat' dir='ltr'><strong>Synodum</strong></span> <span class='ocrx_word' id='word_1_700' title='bbox 2775 3608 2892 3679; x_wconf 86' lang='lat' dir='ltr'><strong>cogi</strong></span> <span class='ocrx_word' id='word_1_701' title='bbox 2924 3650 2939 3673; x_wconf 97' lang='lat'><strong>,</strong></span> <span class='ocrx_word' id='word_1_702' title='bbox 2980 3616 3033 3662; x_wconf 92' lang='lat' dir='ltr'><strong>et</strong></span> <span class='ocrx_word' id='word_1_703' title='bbox 3060 3622 3180 3660; x_wconf 90' lang='lat' dir='ltr'><strong>cum</strong></span> <span class='ocrx_word' id='word_1_704' title='bbox 3228 3619 3330 3659; x_wconf 90' lang='lat' dir='ltr'><strong>una</strong></span> <span class='ocrx_word' id='word_1_705' title='bbox 3366 3602 3438 3658; x_wconf 78' lang='lat' dir='ltr'><strong>si-</strong></span> 
     </span>
    </p>
   </div>
   <div class='ocr_carea' id='block_1_96' title="bbox 1848 3697 3438 3767">
    <p class='ocr_par' dir='ltr' id='par_1_96' title="bbox 1848 3697 3438 3767">
     <span class='ocr_line' id='line_1_96' title="bbox 1848 3697 3438 3767; baseline -0.007 -7"><span class='ocrx_word' id='word_1_706' title='bbox 1848 3705 1956 3760; x_wconf 90' lang='lat' dir='ltr'><strong>mttl</strong></span> <span class='ocrx_word' id='word_1_707' title='bbox 1983 3705 2304 3760; x_wconf 88' lang='lat' dir='ltr'><strong>sententiam</strong></span> <span class='ocrx_word' id='word_1_708' title='bbox 2328 3703 2578 3757; x_wconf 78' lang='lat' dir='ltr'><strong>tulissent</strong></span> <span class='ocrx_word' id='word_1_709' title='bbox 2601 3742 2617 3765; x_wconf 94' lang='lat'><strong>,</strong></span> <span class='ocrx_word' id='word_1_710' title='bbox 2645 3715 2763 3755; x_wconf 92' lang='lat' dir='ltr'><strong>eam</strong></span> <span class='ocrx_word' id='word_1_711' title='bbox 2792 3698 2858 3752; x_wconf 91' lang='lat' dir='ltr'><strong>ad</strong></span> <span class='ocrx_word' id='word_1_712' title='bbox 2887 3712 3036 3752; x_wconf 90' lang='lat' dir='ltr'><strong>suam</strong></span> <span class='ocrx_word' id='word_1_713' title='bbox 3065 3697 3316 3767; x_wconf 89' lang='lat' dir='ltr'><strong>pietatem</strong></span> <span class='ocrx_word' id='word_1_714' title='bbox 3347 3710 3438 3750; x_wconf 90' lang='lat' dir='ltr'><strong>re-</strong></span> 
     </span>
    </p>
   </div>
   <div class='ocr_carea' id='block_1_97' title="bbox 1849 3790 3440 3869">
    <p class='ocr_par' dir='ltr' id='par_1_97' title="bbox 1849 3790 3440 3869">
     <span class='ocr_line' id='line_1_97' title="bbox 1849 3790 3440 3869; baseline -0.007 -15"><span class='ocrx_word' id='word_1_715' title='bbox 1849 3799 2010 3856; x_wconf 88' lang='lat' dir='ltr'><strong>ferre.</strong></span> <span class='ocrx_word' id='word_1_716' title='bbox 2039 3798 2140 3866; x_wconf 84' lang='lat' dir='ltr'><strong>Qui</strong></span> <span class='ocrx_word' id='word_1_717' title='bbox 2185 3796 2402 3869; x_wconf 88' lang='lat' dir='ltr'><strong>quidem</strong></span> <span class='ocrx_word' id='word_1_718' title='bbox 2448 3793 2687 3865; x_wconf 89' lang='lat' dir='ltr'><strong>episcopi</strong></span> <span class='ocrx_word' id='word_1_719' title='bbox 2719 3793 2879 3847; x_wconf 77' lang='lat' dir='ltr'><strong>Italia:</strong></span> <span class='ocrx_word' id='word_1_720' title='bbox 2916 3790 3255 3862; x_wconf 82' lang='lat' dir='ltr'><strong>congregati,</strong></span> <span class='ocrx_word' id='word_1_721' title='bbox 3285 3797 3440 3844; x_wconf 83' lang='lat' dir='ltr'><strong>orant</strong></span> 
     </span>
    </p>
   </div>
   <div class='ocr_carea' id='block_1_98' title="bbox 1851 3880 3442 3963">
    <p class='ocr_par' dir='ltr' id='par_1_98' title="bbox 1851 3880 3442 3963">
     <span class='ocr_line' id='line_1_98' title="bbox 1851 3880 3442 3963; baseline -0.008 -17"><span class='ocrx_word' id='word_1_722' title='bbox 1851 3893 2253 3963; x_wconf 89' lang='lat' dir='ltr'><strong>Imperatorem,</strong></span> <span class='ocrx_word' id='word_1_723' title='bbox 2287 3888 2486 3942; x_wconf 85' lang='lat' dir='ltr'><strong>scribat</strong></span> <span class='ocrx_word' id='word_1_724' title='bbox 2535 3884 2686 3939; x_wconf 87' lang='lat' dir='ltr'><strong>fratri</strong></span> <span class='ocrx_word' id='word_1_725' title='bbox 2733 3899 2831 3938; x_wconf 91' lang='lat' dir='ltr'><strong>suo</strong></span> <span class='ocrx_word' id='word_1_726' title='bbox 2868 3892 2923 3936; x_wconf 82' lang='lat' dir='ltr'><strong>et</strong></span> <span class='ocrx_word' id='word_1_727' title='bbox 2962 3881 3199 3937; x_wconf 88' lang='lat' dir='ltr'><strong>consorti</strong></span> <span class='ocrx_word' id='word_1_728' title='bbox 3230 3880 3442 3950; x_wconf 84' lang='lat' dir='ltr'><strong>imperii</strong></span> 
     </span>
    </p>
   </div>
   <div class='ocr_carea' id='block_1_99' title="bbox 1851 3976 3445 4052">
    <p class='ocr_par' dir='ltr' id='par_1_99' title="bbox 1851 3976 3445 4052">
     <span class='ocr_line' id='line_1_99' title="bbox 1851 3976 3445 4052; baseline -0.009 -12"><span class='ocrx_word' id='word_1_729' title='bbox 1851 3985 2100 4048; x_wconf 74' lang='lat' dir='ltr'><strong>Arcadio,</strong></span> <span class='ocrx_word' id='word_1_730' title='bbox 2129 3991 2186 4037; x_wconf 90' lang='lat' dir='ltr'><strong>ut</strong></span> <span class='ocrx_word' id='word_1_731' title='bbox 2210 3983 2394 4052; x_wconf 88' lang='lat' dir='ltr'><strong>jnbeat</strong></span> <span class='ocrx_word' id='word_1_732' title='bbox 2421 3979 2820 4035; x_wconf 75' lang='lat' dir='ltr'><strong>Thessalonica:</strong></span> <span class='ocrx_word' id='word_1_733' title='bbox 2856 3976 3134 4048; x_wconf 86' lang='lat' dir='ltr'><strong>Synodum</strong></span> <span class='ocrx_word' id='word_1_734' title='bbox 3170 3976 3305 4038; x_wconf 87' lang='lat' dir='ltr'><strong>fieri,</strong></span> <span class='ocrx_word' id='word_1_735' title='bbox 3334 3989 3445 4044; x_wconf 88' lang='lat' dir='ltr'><strong>quo</strong></span> 
     </span>
    </p>
   </div>
   <div class='ocr_carea' id='block_1_100' title="bbox 1855 4066 3447 4143">
    <p class='ocr_par' dir='ltr' id='par_1_100' title="bbox 1855 4066 3447 4143">
     <span class='ocr_line' id='line_1_100' title="bbox 1855 4066 3447 4143; baseline -0.009 -13"><span class='ocrx_word' id='word_1_736' title='bbox 1855 4076 2056 4130; x_wconf 62' lang='lat' dir='ltr'><strong>facilius</strong></span> <span class='ocrx_word' id='word_1_737' title='bbox 2096 4083 2320 4143; x_wconf 87' lang='lat' dir='ltr'><strong>utraque</strong></span> <span class='ocrx_word' id='word_1_738' title='bbox 2349 4087 2470 4142; x_wconf 89' lang='lat' dir='ltr'><strong>pars</strong></span> <span class='ocrx_word' id='word_1_739' title='bbox 2497 4069 2730 4126; x_wconf 90' lang='lat' dir='ltr'><strong>Orientis</strong></span> <span class='ocrx_word' id='word_1_740' title='bbox 2764 4077 2820 4122; x_wconf 89' lang='lat' dir='ltr'><strong>et</strong></span> <span class='ocrx_word' id='word_1_741' title='bbox 2849 4067 3154 4123; x_wconf 87' lang='lat' dir='ltr'><strong>Occidentis</strong></span> <span class='ocrx_word' id='word_1_742' title='bbox 3190 4066 3242 4119; x_wconf 89' lang='lat' dir='ltr'><strong>itt</strong></span> <span class='ocrx_word' id='word_1_743' title='bbox 3275 4079 3447 4119; x_wconf 83' lang='lat' dir='ltr'><strong>unum</strong></span> 
     </span>
    </p>
   </div>
   <div class='ocr_carea' id='block_1_101' title="bbox 1853 4159 3449 4235">
    <p class='ocr_par' dir='ltr' id='par_1_101' title="bbox 1853 4159 3449 4235">
     <span class='ocr_line' id='line_1_101' title="bbox 1853 4159 3449 4235; baseline -0.009 -15"><span class='ocrx_word' id='word_1_744' title='bbox 1853 4181 2134 4221; x_wconf 83' lang='lat' dir='ltr'><strong>accurrere</strong></span> <span class='ocrx_word' id='word_1_745' title='bbox 2184 4163 2395 4235; x_wconf 86' lang='lat' dir='ltr'><strong>possit,</strong></span> <span class='ocrx_word' id='word_1_746' title='bbox 2427 4169 2481 4216; x_wconf 92' lang='lat' dir='ltr'><strong>et</strong></span> <span class='ocrx_word' id='word_1_747' title='bbox 2525 4160 2774 4231; x_wconf 85' lang='lat' dir='ltr'><strong>Synodus</strong></span> <span class='ocrx_word' id='word_1_748' title='bbox 2813 4176 2917 4212; x_wconf 89' lang='lat' dir='ltr'><strong>nun</strong></span> <span class='ocrx_word' id='word_1_749' title='bbox 2961 4159 3012 4211; x_wconf 96' lang='lat' dir='ltr'><strong>in</strong></span> <span class='ocrx_word' id='word_1_750' title='bbox 3065 4159 3449 4226; x_wconf 75' lang='lat' dir='ltr'><strong>episcOpcrnur</strong></span> 
     </span>
    </p>
   </div>
   <div class='ocr_carea' id='block_1_102' title="bbox 1856 4247 3445 4323">
    <p class='ocr_par' dir='ltr' id='par_1_102' title="bbox 1856 4247 3445 4323">
     <span class='ocr_line' id='line_1_102' title="bbox 1856 4247 3445 4323; baseline -0.008 -12"><span class='ocrx_word' id='word_1_751' title='bbox 1856 4273 2096 4321; x_wconf 88' lang='lat' dir='ltr'><strong>numero,</strong></span> <span class='ocrx_word' id='word_1_752' title='bbox 2129 4255 2222 4310; x_wconf 87' lang='lat' dir='ltr'><strong>sed</strong></span> <span class='ocrx_word' id='word_1_753' title='bbox 2243 4255 2293 4307; x_wconf 92' lang='lat' dir='ltr'><strong>in</strong></span> <span class='ocrx_word' id='word_1_754' title='bbox 2324 4252 2558 4323; x_wconf 89' lang='lat' dir='ltr'><strong>pondere</strong></span> <span class='ocrx_word' id='word_1_755' title='bbox 2578 4250 2856 4305; x_wconf 75' lang='lat' dir='ltr'><strong>sententiae</strong></span> <span class='ocrx_word' id='word_1_756' title='bbox 2885 4247 3137 4318; x_wconf 87' lang='lat' dir='ltr'><strong>perfecta,</strong></span> <span class='ocrx_word' id='word_1_757' title='bbox 3164 4258 3368 4300; x_wconf 91' lang='lat' dir='ltr'><strong>certum</strong></span> <span class='ocrx_word' id='word_1_758' title='bbox 3390 4255 3445 4299; x_wconf 90' lang='lat' dir='ltr'><strong>et</strong></span> 
     </span>
    </p>
   </div>
   <div class='ocr_carea' id='block_1_103' title="bbox 1857 4339 3442 4416">
    <p class='ocr_par' dir='ltr' id='par_1_103' title="bbox 1857 4339 3442 4416">
     <span class='ocr_line' id='line_1_103' title="bbox 1857 4339 3442 4416; baseline -0.009 -9"><span class='ocrx_word' id='word_1_759' title='bbox 1857 4351 2206 4407; x_wconf 88' lang='lat' dir='ltr'><strong>indubitatum</strong></span> <span class='ocrx_word' id='word_1_760' title='bbox 2230 4343 2857 4416; x_wconf 55' lang='lat' dir='ltr'><strong>feratjudiciumﬂuibns</strong></span> <span class='ocrx_word' id='word_1_761' title='bbox 2873 4355 3096 4395; x_wconf 89' lang='lat' dir='ltr'><strong>accensa</strong></span> <span class='ocrx_word' id='word_1_762' title='bbox 3117 4341 3234 4406; x_wconf 87' lang='lat' dir='ltr'><strong>ejus</strong></span> <span class='ocrx_word' id='word_1_763' title='bbox 3253 4339 3442 4408; x_wconf 87' lang='lat' dir='ltr'><strong>pietas,</strong></span> 
     </span>
    </p>
   </div>
   <div class='ocr_carea' id='block_1_104' title="bbox 1856 4431 3449 4515">
    <p class='ocr_par' dir='ltr' id='par_1_104' title="bbox 1856 4431 3449 4515">
     <span class='ocr_line' id='line_1_104' title="bbox 1856 4431 3449 4515; baseline -0.01 -15"><span class='ocrx_word' id='word_1_764' title='bbox 1856 4445 2110 4515; x_wconf 83' lang='lat' dir='ltr'><strong>episeopo</strong></span> <span class='ocrx_word' id='word_1_765' title='bbox 2137 4440 2350 4512; x_wconf 86' lang='lat' dir='ltr'><strong>quidem</strong></span> <span class='ocrx_word' id='word_1_766' title='bbox 2396 4439 2656 4494; x_wconf 71' lang='lat' dir='ltr'><strong>Romana:</strong></span> <span class='ocrx_word' id='word_1_767' title='bbox 2705 4434 2958 4490; x_wconf 65' lang='lat' dir='ltr'><strong>Ecclesiae</strong></span> <span class='ocrx_word' id='word_1_768' title='bbox 2999 4433 3225 4487; x_wconf 87' lang='lat' dir='ltr'><strong>scribit:</strong></span> <span class='ocrx_word' id='word_1_769' title='bbox 3275 4431 3449 4484; x_wconf 84' lang='lat' dir='ltr'><strong>mittat</strong></span> 
     </span>
    </p>
   </div>
   <div class='ocr_carea' id='block_1_105' title="bbox 1856 4520 3449 4606">
    <p class='ocr_par' dir='ltr' id='par_1_105' title="bbox 1856 4520 3449 4606">
     <span class='ocr_line' id='line_1_105' title="bbox 1856 4520 3449 4606; baseline -0.009 -20"><span class='ocrx_word' id='word_1_770' title='bbox 1856 4537 2089 4606; x_wconf 87' lang='lat' dir='ltr'><strong>quinque</strong></span> <span class='ocrx_word' id='word_1_771' title='bbox 2108 4533 2408 4603; x_wconf 86' lang='lat' dir='ltr'><strong>episcopos,</strong></span> <span class='ocrx_word' id='word_1_772' title='bbox 2454 4529 2794 4600; x_wconf 87' lang='lat' dir='ltr'><strong>presbyteros</strong></span> <span class='ocrx_word' id='word_1_773' title='bbox 2821 4533 2996 4579; x_wconf 87' lang='lat' dir='ltr'><strong>autem</strong></span> <span class='ocrx_word' id='word_1_774' title='bbox 3042 4523 3298 4578; x_wconf 76' lang='lat' dir='ltr'><strong>Romatnc</strong></span> <span class='ocrx_word' id='word_1_775' title='bbox 3346 4520 3449 4575; x_wconf 83' lang='lat' dir='ltr'><strong>Ee-</strong></span> 
     </span>
    </p>
   </div>
   <div class='ocr_carea' id='block_1_106' title="bbox 1858 4613 3457 4688">
    <p class='ocr_par' dir='ltr' id='par_1_106' title="bbox 1858 4613 3457 4688">
     <span class='ocr_line' id='line_1_106' title="bbox 1858 4613 3457 4688; baseline -0.009 -5"><span class='ocrx_word' id='word_1_776' title='bbox 1858 4628 2037 4683; x_wconf 84' lang='lat' dir='ltr'><strong>cIesi:e</strong></span> <span class='ocrx_word' id='word_1_777' title='bbox 2065 4627 2200 4681; x_wconf 90' lang='lat' dir='ltr'><strong>duos</strong></span> <span class='ocrx_word' id='word_1_778' title='bbox 2252 4634 2308 4680; x_wconf 91' lang='lat' dir='ltr'><strong>et</strong></span> <span class='ocrx_word' id='word_1_779' title='bbox 2334 4617 2616 4678; x_wconf 74' lang='lat' dir='ltr'><strong>diaconum</strong></span> <span class='ocrx_word' id='word_1_780' title='bbox 2648 4634 2829 4683; x_wconf 89' lang='lat' dir='ltr'><strong>unum,</strong></span> <span class='ocrx_word' id='word_1_781' title='bbox 2864 4617 2953 4688; x_wconf 89' lang='lat' dir='ltr'><strong>qui</strong></span> <span class='ocrx_word' id='word_1_782' title='bbox 2985 4615 3158 4670; x_wconf 76' lang='lat' dir='ltr'><strong>fera:.t</strong></span> <span class='ocrx_word' id='word_1_783' title='bbox 3183 4631 3332 4668; x_wconf 87' lang='lat' dir='ltr'><strong>suant</strong></span> <span class='ocrx_word' id='word_1_784' title='bbox 3383 4613 3457 4668; x_wconf 59' lang='lat' dir='ltr'><strong>atl</strong></span> 
     </span>
    </p>
   </div>
   <div class='ocr_carea' id='block_1_107' title="bbox 1861 4701 3462 4786">
    <p class='ocr_par' dir='ltr' id='par_1_107' title="bbox 1861 4701 3462 4786">
     <span class='ocr_line' id='line_1_107' title="bbox 1861 4701 3462 4786; baseline -0.009 -12"><span class='ocrx_word' id='word_1_785' title='bbox 1861 4721 2076 4775; x_wconf 86' lang='lat' dir='ltr'><strong>fratrem</strong></span> <span class='ocrx_word' id='word_1_786' title='bbox 2117 4733 2272 4773; x_wconf 91' lang='lat' dir='ltr'><strong>suum</strong></span> <span class='ocrx_word' id='word_1_787' title='bbox 2318 4715 2619 4786; x_wconf 82' lang='lat' dir='ltr'><strong>epistolam,</strong></span> <span class='ocrx_word' id='word_1_788' title='bbox 2651 4701 2949 4782; x_wconf 51' lang='lat' dir='ltr'><strong>cujus‘ltmc</strong></span> <span class='ocrx_word' id='word_1_789' title='bbox 3000 4708 3260 4763; x_wconf 89' lang='lat' dir='ltr'><strong>sententia</strong></span> <span class='ocrx_word' id='word_1_790' title='bbox 3309 4714 3462 4764; x_wconf 83' lang='lat' dir='ltr'><strong>crat;-</strong></span> 
     </span>
    </p>
   </div>
   <div class='ocr_carea' id='block_1_108' title="bbox 1938 4801 3460 4880">
    <p class='ocr_par' dir='ltr' id='par_1_108' title="bbox 1938 4801 3460 4880">
     <span class='ocr_line' id='line_1_108' title="bbox 1938 4801 3460 4880; baseline -0.009 -16"><span class='ocrx_word' id='word_1_791' title='bbox 1938 4831 1956 4864; x_wconf 83' lang='lat' dir='ltr'><strong>t</strong></span> <span class='ocrx_word' id='word_1_792' title='bbox 1980 4810 2161 4865; x_wconf 87' lang='lat' dir='ltr'><strong>Tertio</strong></span> <span class='ocrx_word' id='word_1_793' title='bbox 2172 4809 2281 4880; x_wconf 87' lang='lat' dir='ltr'><strong>jam</strong></span> <span class='ocrx_word' id='word_1_794' title='bbox 2311 4808 2486 4863; x_wconf 89' lang='lat' dir='ltr'><strong>scribo</strong></span> <span class='ocrx_word' id='word_1_795' title='bbox 2503 4805 2566 4858; x_wconf 90' lang='lat' dir='ltr'><strong>ad</strong></span> <span class='ocrx_word' id='word_1_796' title='bbox 2586 4801 3043 4860; x_wconf 88' lang='lat' dir='ltr'><strong>mansuetudinem</strong></span> <span class='ocrx_word' id='word_1_797' title='bbox 3073 4809 3238 4863; x_wconf 89' lang='lat' dir='ltr'><strong>tuam,</strong></span> <span class='ocrx_word' id='word_1_798' title='bbox 3257 4811 3460 4866; x_wconf 79' lang='lat' dir='ltr'><strong>rogans</strong></span> 
     </span>
    </p>
   </div>
   <div class='ocr_carea' id='block_1_109' title="bbox 1861 4893 3458 4976">
    <p class='ocr_par' dir='ltr' id='par_1_109' title="bbox 1861 4893 3458 4976">
     <span class='ocr_line' id='line_1_109' title="bbox 1861 4893 3458 4976; baseline -0.011 -17"><span class='ocrx_word' id='word_1_799' title='bbox 1861 4915 1919 4960; x_wconf 88' lang='lat' dir='ltr'><strong>ut</strong></span> <span class='ocrx_word' id='word_1_800' title='bbox 1941 4921 2060 4976; x_wconf 83' lang='lat' dir='ltr'><strong>quae</strong></span> <span class='ocrx_word' id='word_1_801' title='bbox 2083 4920 2149 4960; x_wconf 82' lang='lat' dir='ltr'><strong>ex</strong></span> <span class='ocrx_word' id='word_1_802' title='bbox 2174 4909 2452 4972; x_wconf 88' lang='lat' dir='ltr'><strong>compacto</strong></span> <span class='ocrx_word' id='word_1_803' title='bbox 2479 4907 2662 4954; x_wconf 92' lang='lat' dir='ltr'><strong>contra</strong></span> <span class='ocrx_word' id='word_1_804' title='bbox 2677 4895 2935 4951; x_wconf 84' lang='lat' dir='ltr'><strong>Joannem</strong></span> <span class='ocrx_word' id='word_1_805' title='bbox 2967 4893 3273 4964; x_wconf 90' lang='lat' dir='ltr'><strong>episcopum</strong></span> <span class='ocrx_word' id='word_1_806' title='bbox 3303 4899 3458 4958; x_wconf 76' lang='lat' dir='ltr'><strong>gesta</strong></span> 
     </span>
    </p>
   </div>
   <div class='ocr_carea' id='block_1_110' title="bbox 1861 4983 3463 5064">
    <p class='ocr_par' dir='ltr' id='par_1_110' title="bbox 1861 4983 3463 5064">
     <span class='ocr_line' id='line_1_110' title="bbox 1861 4983 3463 5064; baseline -0.011 -10"><span class='ocrx_word' id='word_1_807' title='bbox 1861 5007 1986 5054; x_wconf 89' lang='lat' dir='ltr'><strong>sunt</strong></span> <span class='ocrx_word' id='word_1_808' title='bbox 2009 5039 2024 5064; x_wconf 89' lang='lat'><strong>,</strong></span> <span class='ocrx_word' id='word_1_809' title='bbox 2056 4995 2409 5052; x_wconf 89' lang='lat' dir='ltr'><strong>emendentur</strong></span> <span class='ocrx_word' id='word_1_810' title='bbox 2442 5010 2454 5045; x_wconf 91' lang='lat'><strong>:</strong></span> <span class='ocrx_word' id='word_1_811' title='bbox 2488 5002 2541 5047; x_wconf 88' lang='lat' dir='ltr'><strong>et</strong></span> <span class='ocrx_word' id='word_1_812' title='bbox 2569 4999 2626 5044; x_wconf 84' lang='grc' dir='ltr'><strong>ιιι</strong></span> <span class='ocrx_word' id='word_1_813' title='bbox 2653 4987 2862 5044; x_wconf 86' lang='lat' dir='ltr'><strong>videtur</strong></span> <span class='ocrx_word' id='word_1_814' title='bbox 2891 4985 3130 5043; x_wconf 90' lang='lat' dir='ltr'><strong>nondum</strong></span> <span class='ocrx_word' id='word_1_815' title='bbox 3159 4983 3463 5054; x_wconf 84' lang='lat' dir='ltr'><strong>perfectum-</strong></span> 
     </span>
    </p>
   </div>
   <div class='ocr_carea' id='block_1_111' title="bbox 1863 5079 3454 5155">
    <p class='ocr_par' dir='ltr' id='par_1_111' title="bbox 1863 5079 3454 5155">
     <span class='ocr_line' id='line_1_111' title="bbox 1863 5079 3454 5155; baseline -0.012 -9"><span class='ocrx_word' id='word_1_816' title='bbox 1863 5098 1964 5146; x_wconf 88' lang='lat' dir='ltr'><strong>est.</strong></span> <span class='ocrx_word' id='word_1_817' title='bbox 1996 5089 2171 5155; x_wconf 86' lang='lat' dir='ltr'><strong>Quare</strong></span> <span class='ocrx_word' id='word_1_818' title='bbox 2196 5085 2376 5141; x_wconf 88' lang='lat' dir='ltr'><strong>denuo</strong></span> <span class='ocrx_word' id='word_1_819' title='bbox 2397 5082 2586 5152; x_wconf 89' lang='lat' dir='ltr'><strong>scripsi</strong></span> <span class='ocrx_word' id='word_1_820' title='bbox 2629 5096 2724 5151; x_wconf 90' lang='lat' dir='ltr'><strong>per</strong></span> <span class='ocrx_word' id='word_1_821' title='bbox 2754 5079 2916 5135; x_wconf 88' lang='lat' dir='ltr'><strong>hosce</strong></span> <span class='ocrx_word' id='word_1_822' title='bbox 2940 5079 3220 5148; x_wconf 89' lang='lat' dir='ltr'><strong>episc0pos</strong></span> <span class='ocrx_word' id='word_1_823' title='bbox 3249 5082 3302 5128; x_wconf 91' lang='lat' dir='ltr'><strong>et</strong></span> <span class='ocrx_word' id='word_1_824' title='bbox 3329 5089 3454 5142; x_wconf 80' lang='lat' dir='ltr'><strong>prc-</strong></span> 
     </span>
    </p>
   </div>
   <div class='ocr_carea' id='block_1_112' title="bbox 1865 5168 3454 5255">
    <p class='ocr_par' dir='ltr' id='par_1_112' title="bbox 1865 5168 3454 5255">
     <span class='ocr_line' id='line_1_112' title="bbox 1865 5168 3454 5255; baseline -0.014 -16"><span class='ocrx_word' id='word_1_825' title='bbox 1865 5186 2149 5255; x_wconf 87' lang='lat' dir='ltr'><strong>sbyteros,</strong></span> <span class='ocrx_word' id='word_1_826' title='bbox 2195 5181 2419 5235; x_wconf 90' lang='lat' dir='ltr'><strong>multum</strong></span> <span class='ocrx_word' id='word_1_827' title='bbox 2466 5176 2725 5231; x_wconf 91' lang='lat' dir='ltr'><strong>sollicitus</strong></span> <span class='ocrx_word' id='word_1_828' title='bbox 2768 5174 2834 5230; x_wconf 91' lang='lat' dir='ltr'><strong>de</strong></span> <span class='ocrx_word' id='word_1_829' title='bbox 2880 5188 3012 5246; x_wconf 87' lang='lat' dir='ltr'><strong>pace</strong></span> <span class='ocrx_word' id='word_1_830' title='bbox 3053 5168 3411 5226; x_wconf 87' lang='lat' dir='ltr'><strong>ecclesiastica</strong></span> <span class='ocrx_word' id='word_1_831' title='bbox 3439 5206 3454 5227; x_wconf 82' lang='lat'><em>.</em></span> 
     </span>
    </p>
   </div>
   <div class='ocr_carea' id='block_1_113' title="bbox 1866 5261 3458 5348">
    <p class='ocr_par' dir='ltr' id='par_1_113' title="bbox 1866 5261 3458 5348">
     <span class='ocr_line' id='line_1_113' title="bbox 1866 5261 3458 5348; baseline -0.015 -17"><span class='ocrx_word' id='word_1_832' title='bbox 1866 5293 1961 5348; x_wconf 88' lang='lat' dir='ltr'><strong>per</strong></span> <span class='ocrx_word' id='word_1_833' title='bbox 2002 5290 2160 5346; x_wconf 89' lang='lat' dir='ltr'><strong>quam</strong></span> <span class='ocrx_word' id='word_1_834' title='bbox 2203 5284 2258 5328; x_wconf 88' lang='lat' dir='ltr'><strong>et</strong></span> <span class='ocrx_word' id='word_1_835' title='bbox 2287 5279 2526 5326; x_wconf 88' lang='lat' dir='ltr'><strong>nostrum</strong></span> <span class='ocrx_word' id='word_1_836' title='bbox 2560 5269 2844 5337; x_wconf 90' lang='lat' dir='ltr'><strong>imperium</strong></span> <span class='ocrx_word' id='word_1_837' title='bbox 2882 5281 3065 5336; x_wconf 87' lang='lat' dir='ltr'><strong>pacem</strong></span> <span class='ocrx_word' id='word_1_838' title='bbox 3111 5261 3353 5324; x_wconf 90' lang='lat' dir='ltr'><strong>obtinet,</strong></span> <span class='ocrx_word' id='word_1_839' title='bbox 3401 5265 3458 5308; x_wconf 92' lang='lat' dir='ltr'><strong>ut</strong></span> 
     </span>
    </p>
   </div>
   <div class='ocr_carea' id='block_1_114' title="bbox 1860 5352 3458 5440">
    <p class='ocr_par' dir='ltr' id='par_1_114' title="bbox 1860 5352 3458 5440">
     <span class='ocr_line' id='line_1_114' title="bbox 1860 5352 3458 5440; baseline -0.016 -16"><span class='ocrx_word' id='word_1_840' title='bbox 1860 5370 2049 5440; x_wconf 88' lang='lat' dir='ltr'><strong>jubere</strong></span> <span class='ocrx_word' id='word_1_841' title='bbox 2078 5364 2311 5436; x_wconf 86' lang='lat' dir='ltr'><strong>digneris</strong></span> <span class='ocrx_word' id='word_1_842' title='bbox 2336 5363 2568 5420; x_wconf 87' lang='lat' dir='ltr'><strong>Orientis</strong></span> <span class='ocrx_word' id='word_1_843' title='bbox 2608 5363 2886 5432; x_wconf 89' lang='lat' dir='ltr'><strong>episcopos</strong></span> <span class='ocrx_word' id='word_1_844' title='bbox 2911 5352 3303 5416; x_wconf 83' lang='lat' dir='ltr'><strong>Thessalonicae</strong></span> <span class='ocrx_word' id='word_1_845' title='bbox 3330 5363 3458 5440; x_wconf 78' lang='lat' dir='ltr'><strong>con-</strong></span> 
     </span>
    </p>
   </div>
   <div class='ocr_carea' id='block_1_115' title="bbox 1869 5438 3459 5522">
    <p class='ocr_par' dir='ltr' id='par_1_115' title="bbox 1869 5438 3459 5522">
     <span class='ocr_line' id='line_1_115' title="bbox 1869 5438 3459 5522; baseline -0.008 -9"><span class='ocrx_word' id='word_1_846' title='bbox 1869 5438 2068 5515; x_wconf 80' lang='lat' dir='ltr'><strong>venire.</strong></span> <span class='ocrx_word' id='word_1_847' title='bbox 2101 5458 2307 5513; x_wconf 87' lang='lat' dir='ltr'><strong>Etenim</strong></span> <span class='ocrx_word' id='word_1_848' title='bbox 2332 5455 2637 5522; x_wconf 87' lang='lat' dir='ltr'><strong>Occidentis</strong></span> <span class='ocrx_word' id='word_1_849' title='bbox 2666 5452 2832 5508; x_wconf 88' lang='lat' dir='ltr'><strong>nostri</strong></span> <span class='ocrx_word' id='word_1_850' title='bbox 2863 5446 3119 5518; x_wconf 88' lang='lat' dir='ltr'><strong>episcopi,</strong></span> <span class='ocrx_word' id='word_1_851' title='bbox 3152 5439 3303 5496; x_wconf 77' lang='lat' dir='ltr'><strong>lectis</strong></span> <span class='ocrx_word' id='word_1_852' title='bbox 3330 5438 3459 5493; x_wconf 72' lang='lat' dir='ltr'><strong>viris</strong></span> 
     </span>
    </p>
   </div>
   <div class='ocr_carea' id='block_1_116' title="bbox 1868 5534 3463 5608">
    <p class='ocr_par' dir='ltr' id='par_1_116' title="bbox 1868 5534 3463 5608">
     <span class='ocr_line' id='line_1_116' title="bbox 1868 5534 3463 5608; baseline -0.014 0"><span class='ocrx_word' id='word_1_853' title='bbox 1868 5555 2124 5608; x_wconf 89' lang='lat' dir='ltr'><strong>adversus</strong></span> <span class='ocrx_word' id='word_1_854' title='bbox 2149 5551 2346 5606; x_wconf 87' lang='lat' dir='ltr'><strong>malum</strong></span> <span class='ocrx_word' id='word_1_855' title='bbox 2373 5565 2439 5606; x_wconf 88' lang='lat' dir='ltr'><strong>ac</strong></span> <span class='ocrx_word' id='word_1_856' title='bbox 2465 5548 2798 5605; x_wconf 88' lang='lat' dir='ltr'><strong>mendacium</strong></span> <span class='ocrx_word' id='word_1_857' title='bbox 2829 5536 3169 5602; x_wconf 87' lang='lat' dir='ltr'><strong>firmissimis,</strong></span> <span class='ocrx_word' id='word_1_858' title='bbox 3199 5534 3463 5588; x_wconf 81' lang='lat' dir='ltr'><strong>miserunt</strong></span> 
     </span>
    </p>
   </div>
   <div class='ocr_carea' id='block_1_117' title="bbox 1868 5625 3460 5716">
    <p class='ocr_par' dir='ltr' id='par_1_117' title="bbox 1868 5625 3460 5716">
     <span class='ocr_line' id='line_1_117' title="bbox 1868 5625 3460 5716; baseline -0.014 -14"><span class='ocrx_word' id='word_1_859' title='bbox 1868 5648 2147 5716; x_wconf 84' lang='lat' dir='ltr'><strong>episcopos</strong></span> <span class='ocrx_word' id='word_1_860' title='bbox 2175 5643 2430 5716; x_wconf 88' lang='lat' dir='ltr'><strong>quinque,</strong></span> <span class='ocrx_word' id='word_1_861' title='bbox 2471 5639 2814 5712; x_wconf 86' lang='lat' dir='ltr'><strong>presbyteros</strong></span> <span class='ocrx_word' id='word_1_862' title='bbox 2841 5645 2968 5687; x_wconf 87' lang='lat' dir='ltr'><strong>vero</strong></span> <span class='ocrx_word' id='word_1_863' title='bbox 3008 5628 3165 5689; x_wconf 82' lang='lat' dir='ltr'><strong>duos.</strong></span> <span class='ocrx_word' id='word_1_864' title='bbox 3196 5636 3250 5682; x_wconf 92' lang='lat' dir='ltr'><strong>et</strong></span> <span class='ocrx_word' id='word_1_865' title='bbox 3277 5625 3460 5680; x_wconf 79' lang='lat' dir='ltr'><strong>diaco-</strong></span> 
     </span>
    </p>
   </div>
   <div class='ocr_carea' id='block_1_118' title="bbox 1869 5717 3467 5806">
    <p class='ocr_par' dir='ltr' id='par_1_118' title="bbox 1869 5717 3467 5806">
     <span class='ocr_line' id='line_1_118' title="bbox 1869 5717 3467 5806; baseline -0.015 -14"><span class='ocrx_word' id='word_1_866' title='bbox 1869 5754 1995 5792; x_wconf 90' lang='lat' dir='ltr'><strong>num</strong></span> <span class='ocrx_word' id='word_1_867' title='bbox 2045 5753 2206 5792; x_wconf 84' lang='lat' dir='ltr'><strong>unum</strong></span> <span class='ocrx_word' id='word_1_868' title='bbox 2251 5749 2456 5806; x_wconf 59' lang='lat' dir='ltr'><strong>magna;</strong></span> <span class='ocrx_word' id='word_1_869' title='bbox 2498 5729 2750 5788; x_wconf 75' lang='lat' dir='ltr'><strong>Ecclesia:</strong></span> <span class='ocrx_word' id='word_1_870' title='bbox 2791 5727 3067 5782; x_wconf 79' lang='lat' dir='ltr'><strong>Romamn.</strong></span> <span class='ocrx_word' id='word_1_871' title='bbox 3111 5721 3258 5788; x_wconf 83' lang='lat' dir='ltr'><strong>Quos</strong></span> <span class='ocrx_word' id='word_1_872' title='bbox 3303 5717 3467 5772; x_wconf 84' lang='lat' dir='ltr'><strong>velim</strong></span> 
     </span>
    </p>
   </div>
   <div class='ocr_carea' id='block_1_119' title="bbox 1868 5806 3471 5896">
    <p class='ocr_par' dir='ltr' id='par_1_119' title="bbox 1868 5806 3471 5896">
     <span class='ocr_line' id='line_1_119' title="bbox 1868 5806 3471 5896; baseline -0.017 -7"><span class='ocrx_word' id='word_1_873' title='bbox 1868 5834 2010 5888; x_wconf 86' lang='lat' dir='ltr'><strong>omni</strong></span> <span class='ocrx_word' id='word_1_874' title='bbox 2057 5830 2261 5886; x_wconf 88' lang='lat' dir='ltr'><strong>honore</strong></span> <span class='ocrx_word' id='word_1_875' title='bbox 2290 5825 2522 5896; x_wconf 75' lang='lat' dir='ltr'><strong>digneris</strong></span> <span class='ocrx_word' id='word_1_876' title='bbox 2555 5837 2566 5877; x_wconf 86' lang='lat'><strong>:</strong></span> <span class='ocrx_word' id='word_1_877' title='bbox 2603 5831 2660 5876; x_wconf 90' lang='lat' dir='ltr'><strong>ut</strong></span> <span class='ocrx_word' id='word_1_878' title='bbox 2685 5861 2700 5887; x_wconf 90' lang='lat'><strong>,</strong></span> <span class='ocrx_word' id='word_1_879' title='bbox 2746 5820 2788 5874; x_wconf 93' lang='lat' dir='ltr'><strong>si</strong></span> <span class='ocrx_word' id='word_1_880' title='bbox 2819 5814 3057 5891; x_wconf 82' lang='lat' dir='ltr'><strong>persuasi</strong></span> <span class='ocrx_word' id='word_1_881' title='bbox 3086 5811 3280 5868; x_wconf 82' lang='lat' dir='ltr'><strong>fuerint</strong></span> <span class='ocrx_word' id='word_1_882' title='bbox 3322 5806 3471 5878; x_wconf 74' lang='lat' dir='ltr'><strong>quod</strong></span> 
     </span>
    </p>
   </div>
  </div>
