4018 6418
623 384 690 439 ts
1885 369 2197 429 PALLADII
2237 368 2568 430 DIALOGUS
3837 391 3901 447 ,ε

623 492 737 547 iure
760 489 1011 559 expulsus
1051 487 1120 542 sit
1145 485 1376 543 Joannes
1399 530 1414 554 ,
1444 486 1669 542 doceant
1694 502 1778 540 me
1802 487 1866 539 ab
1894 486 2008 554 ejus
2049 501 2194 541 com-

622 582 875 637 munione
904 578 1156 635 recedere
1186 595 1200 631 :
1232 590 1321 633 aut
1364 580 1408 633 si
1452 578 1784 648 coarguerint
1825 590 2013 646 sponte
2041 578 2193 630 mali-

622 690 752 744 gnos
794 687 915 728 esse
941 670 1172 727 Orientis
1198 672 1477 741 episcopos
1501 714 1515 737 ,
1547 670 1625 725 ab
1650 686 1834 726 eorum
1879 681 1931 724 te
1957 684 2197 723 commu-

623 766 780 819 nione
821 771 1082 817 avertant.
1127 762 1380 830 Qtuenam
1408 762 1549 816 enim
1577 762 1645 815 sit
1679 760 2090 817 Occidentalium
2130 761 2196 814 de

618 854 822 908 Joanne
846 856 1095 923 episc0po
1121 852 1381 908 sententia
1407 895 1420 917 ,
1448 868 1510 906 ex
1541 852 1786 906 omnibus
1812 851 2049 921 epistolis
2076 866 2196 920 qua:

620 943 685 996 ad
734 959 820 998 me
861 946 1073 1012 scripta:
1118 953 1241 997 sunt
1283 945 1413 997 duas
1453 943 1696 1010 subjunvi
1724 984 1737 1006 ,
1789 943 2026 1012 ejusdem
2074 957 2194 996 cum

619 1031 827 1088 caeteris
859 1033 1156 1096 sententiat,
1184 1048 1341 1086 unam
1374 1033 1616 1097 Romani,
1651 1034 1868 1086 alterum
1896 1032 2201 1102 Aquileien-

620 1123 694 1175 sis
708 1121 961 1191 episc0pi.
981 1123 1146 1176 Porro
1164 1123 1263 1177 hoc
1277 1132 1401 1176 ante
1425 1124 1600 1176 omnia
1625 1123 1845 1176 obsecro
1862 1123 2195 1177 clementiam

621 1221 764 1266 luant
789 1254 804 1280 ,
837 1214 1185 1284 Theophilum
1213 1256 1227 1278 ,
1259 1214 1591 1269 Alexandria:
1641 1215 1945 1284 episcopum
1970 1256 1985 1279 ,
2035 1215 2196 1269 etiam

620 1305 890 1370 nolentem
911 1348 926 1372 ,
958 1308 1148 1360 sistere
1166 1307 1352 1375 jubeas
1375 1346 1389 1372 ,
1420 1307 1510 1377 qui
1536 1307 1768 1361 omnium
1796 1307 2055 1361 malorum
2086 1322 2198 1361 ma-

621 1396 764 1450 xime
778 1405 961 1450 auctor
976 1412 1094 1452 esse
1122 1397 1342 1463 dicitur;
1363 1408 1422 1451 ut
1436 1399 1800 1467 episc0porum
1819 1400 1907 1467 qui
1932 1398 2198 1453 adfuerint

618 1486 865 1557 Synodus
887 1488 1105 1543 minime
1130 1488 1404 1557 impedita,
1429 1490 1835 1543 convenientem
1869 1489 2196 1559 temporibus

620 1577 815 1633 nostris
845 1593 1026 1647 pacem
1057 1579 1279 1633 sanciat.
1326 1598 1345 1630 ι

688 1666 815 1721 Car.
863 1683 936 1721 tv.
964 1697 1037 1708 —
1064 1668 1194 1723 Cum
1243 1669 1398 1739 igitur
1438 1678 1651 1723 sanctus
1692 1668 1977 1734 Emilius,
2024 1669 2197 1723 Bene.

619 1758 757 1811 venti
784 1757 1080 1827 episcopus,
1108 1770 1163 1813 et
1188 1760 1473 1829 Cythegius
1498 1770 1551 1814 et
1577 1760 1918 1823 Gaudentius,
1948 1777 2051 1815 una
2075 1778 2194 1816 cum

621 1846 988 1903 Valentiniano
1037 1859 1093 1905 et
1137 1849 1408 1905 Bonifacio
1458 1851 1818 1920 presbyteris,
1868 1853 2197 1921 accepissent

618 1938 798 1994 literas
837 1938 1177 2009 Imperatoris
1206 1940 1421 1995 llonorii
1447 1984 1459 2005 ,
1492 1941 1779 1996 Innocentii
1807 1983 1820 2006 ,
1853 1952 1907 1996 et
1943 1942 2194 1996 Italorum

619 2029 1007 2097 episcoporum,
1038 2029 1333 2084 Cltromatii
1362 2030 1734 2099 Aquileiensis,
1764 2040 1815 2085 et
1843 2030 2052 2085 Venerii
2084 2032 2196 2086 Me-

619 2118 945 2174 diolanensis
968 2161 985 2183 ,
1020 2131 1178 2189 atque
1207 2119 1432 2173 aliorutn
1459 2161 1472 2183 ,
1503 2136 1707 2174 ttccnon
1736 2121 2195 2175 commonitorium

618 2209 816 2279 Synodi
868 2211 1030 2264 totius
1080 2211 1417 2276 Occidentis,
1468 2212 1674 2280 publica
1726 2214 2000 2267 evectioue
2054 2214 2194 2266 Con-

624 2300 1017 2369 stantinopolim
1044 2301 1264 2369 profecti
1304 2312 1427 2356 sunt
1451 2317 1570 2357 cum
1597 2302 1819 2373 Cyrtaco
1841 2343 1858 2369 ,
1889 2304 2155 2358 Demetrio
2174 2345 2191 2369 ,

619 2388 854 2443 Palladio
879 2401 933 2445 et
967 2391 1183 2462 Eulysio
1211 2394 1492 2463 episcopis.
1523 2394 1989 2465 Contnmttitorium
2018 2408 2194 2450 autem

617 2478 1240 2545 eontittcbat,Joannem
1280 2484 1532 2550 judicium
1563 2485 1763 2551 ingredi
1808 2500 1913 2540 non
1959 2486 2191 2553 debere,

620 2570 718 2622 nisi
747 2571 843 2639 ipsi
872 2572 1016 2639 prius
1045 2574 1287 2626 restituta
1324 2574 1508 2628 fuisset
1535 2585 1589 2629 et
1614 2574 1851 2629 Ecclesia
1881 2584 1933 2629 et
1958 2590 2196 2631 commu-

618 2657 744 2722 nio;
774 2668 831 2711 ut
856 2660 1057 2713 sublata
1086 2678 1242 2715 causa
1273 2662 1600 2717 detrectandi
1633 2664 1816 2731 judicii
1840 2704 1856 2729 ,
1883 2679 1975 2718 sua
2004 2675 2196 2733 sponte

616 2762 925 2802 consessum
975 2750 1150 2802 iniret.
1184 2750 1409 2804 Profecti
1453 2751 1612 2821 igitur
1640 2751 2192 2823 Constantinopolim,

618 2846 740 2905 post
782 2848 1006 2908 quatuor
1035 2855 1249 2895 menses
1296 2843 1566 2897 redierunt
1591 2884 1607 2909 ,
1639 2854 1913 2900 narrantes
1958 2845 2195 2902 facinora

620 2929 954 2999 Babylonica.
996 2930 1127 2987 Cum
1172 2944 1365 3002 prteter
1404 2934 1662 2990 Grzeciam
1703 2936 1937 2992 Athenas
1977 2939 2192 3008 naviga-

618 3034 835 3085 remus,
878 3019 1078 3074 detenti
1124 3036 1307 3077 suntus
1350 3024 1417 3078 ab
1463 3024 1656 3079 infesto
1702 3027 1930 3097 quodam
1983 3030 2194 3084 tribuno

619 3108 863 3174 militum,
883 3111 970 3180 qui
996 3114 1170 3166 statim
1194 3115 1558 3171 centurionem
1576 3133 1735 3172 unum
1762 3119 1915 3173 nobis
1930 3120 2189 3189 adjunxit,

615 3212 719 3250 non
763 3197 944 3253 sincus
986 3216 1084 3256 nos
1114 3202 1544 3260 Thessalonicam
1590 3208 1862 3265 accedere.
1895 3208 2003 3264 Illic
2048 3213 2190 3266 enim

616 3287 939 3355 propositum
985 3290 1138 3344 nobis
1181 3302 1296 3347 erat
1333 3295 1513 3350 literas
1557 3298 1784 3365 primum
1827 3298 1954 3354 dare
1992 3302 2191 3371 Anysio

612 3376 881 3445 episeopo.
911 3378 1192 3448 Conjectos
1219 3383 1376 3451 igitur
1399 3400 1497 3439 nos
1518 3425 1533 3451 ,
1561 3386 1745 3455 aiunt,
1778 3388 1830 3441 in
1857 3389 1963 3443 duo
1987 3394 2189 3462 navigia

614 3466 833 3520 dimisit.
854 3467 1133 3538 Ingruente
1154 3483 1336 3541 postea
1355 3484 1540 3530 austro
1562 3478 1881 3547 vehementi,
1900 3483 2066 3539 tribus
2085 3484 2189 3540 die-

615 3555 714 3611 bus
727 3557 963 3628 A‘Igaeum
991 3577 1135 3616 mare
1162 3572 1213 3617 et
1238 3564 1367 3619 freta
1394 3566 1509 3620 sine
1529 3570 1647 3623 cibo
1670 3570 1972 3640 trajecimus
2008 3593 2021 3630 :
2046 3577 2185 3632 circa

616 3644 980 3701 duodecimam
1024 3653 1159 3705 tertii
1182 3653 1287 3707 diei
1319 3654 1501 3710 horam
1531 3661 1831 3727 appulimus
1853 3674 1975 3718 ante
2003 3667 2186 3721 urbem

615 3735 810 3804 regiam
823 3736 971 3806 juxta
987 3740 1283 3796 suburbana
1300 3743 1547 3799 Victoris.
1570 3748 1666 3802 Ubi
1687 3754 1873 3805 retenti
1896 3754 1961 3808 ab
1978 3765 2189 3809 exacto-

610 3825 756 3880 ribus
783 3838 1046 3898 portuum,
1075 3842 1218 3887 retro
1245 3836 1615 3904 discessimus;
1635 3842 1783 3911 Cujus
1812 3854 1982 3898 autem
2008 3847 2183 3915 jussu,

611 3914 910 3984 ignoramus
962 3936 977 3975 :
1029 3933 1084 3976 et
1127 3926 1359 3980 conclusi
1408 3944 1590 3983 sumus
1637 3933 1899 3987 maritimo
1948 3937 2185 3994 Thracia:

607 4007 845 4072 castello,
867 4011 1065 4082 Athyra
1091 4014 1250 4081 dicto,
1269 4017 1493 4074 Romani
1518 4022 1729 4092 quidem
1756 4027 1805 4078 itt
1834 4044 1932 4081 una
1958 4030 2184 4085 domun-

608 4098 748 4161 cula,
769 4099 820 4153 in
851 4101 1086 4170 pluribus
1113 4122 1237 4162 vero
1265 4110 1354 4179 qui
1381 4126 1498 4165 cum
1533 4114 1752 4185 (Syriaco
1778 4128 1948 4187 erant,
1970 4122 2182 4192 ἱΙΙὶοιιυρ

605 4189 818 4253 vexati;
851 4191 921 4246 ita
966 4202 1023 4249 ut
1060 4212 1130 4252 ne
1172 4195 1403 4254 famulus
1430 4204 1640 4272 quidem
1687 4218 1880 4276 praesto
1923 4221 2066 4267 esset
2092 4189 2181 4283 qui

604 4276 949 4336 ministraret.
991 4284 1122 4339 Cum
1164 4288 1351 4345 literas
1388 4294 1700 4364 petiissent,
1746 4313 1850 4352 non
1896 4299 2176 4369 dedimus,

604 4363 842 4422 dicentes
862 4385 876 4420 :
895 4372 994 4437 Qui
1024 4373 1135 4428 ﬁeri
1164 4387 1356 4445 potest,
1385 4388 1440 4433 ut
1468 4384 1556 4451 qui
1584 4363 1737 4453 legati
1765 4402 1967 4455 sumus,
1997 4363 2178 4446 literas

608 4452 941 4524 Imperatoris
966 4470 1019 4513 et
1032 4463 1403 4534 episcoporum
1426 4470 1520 4538 ipsi
1541 4473 1847 4541 Imperatori
1866 4494 1969 4533 non
1987 4482 2179 4536 redda-

604 4547 907 4601 mus?Cum
926 4557 1103 4606 autem
1134 4570 1226 4609 eas
1242 4574 1344 4613 non
1376 4560 1502 4616 dare
1532 4566 1957 4636 persisteremus,
1979 4575 2178 4641 primus

604 4637 749 4690 venit
786 4639 851 4693 ad
880 4656 973 4695 nos
1003 4643 1261 4703 Patricius
1286 4654 1521 4707 notarius
1546 4696 1561 4720 ,
1589 4656 1779 4714 deinde
1809 4637 2020 4731 quidam
2048 4668 2133 4721 alii
2161 4687 2175 4724 :

608 4738 930 4795 postremum
958 4738 1099 4791 venit
1122 4741 1333 4809 quidam
1363 4744 1671 4804 Valerianus
1698 4756 1911 4811 nomine
1935 4799 1948 4820 ,
1980 4772 2011 4813 e
2039 4760 2177 4830 Cap-

602 4819 817 4885 padocia
841 4864 855 4888 ,
890 4829 1200 4896 prmpositus
1226 4836 1377 4888 unius
1402 4839 1642 4895 militaris
1670 4846 1871 4899 numeri
1896 4887 1911 4909 ,
1936 4819 1995 4901 et
2021 4819 2176 4919 rupio

601 4907 816 4966 Mariani
846 4914 1077 4987 episeopi
1107 4922 1316 4989 pollice,
1336 4927 1593 4995 signatam
1611 4931 1950 5002 Imperatoris
1977 4907 2176 5009 episto-

601 4998 702 5052 lam
732 5018 850 5057 cum
870 5006 1083 5076 reliquis
1109 5012 1343 5069 abstulit.
1368 5019 1621 5078 Postridie
1639 4998 1796 5095 igitur
1823 4998 2082 5088 miserunt
2106 5035 2171 5090 ad

600 5106 718 5155 nos,
749 5108 813 5148 an
841 5099 998 5154 aulici
1028 5100 1381 5172 Imperatoris,
1414 5128 1478 5165 an
1514 5117 1714 5172 Atticus
1744 5123 2009 5177 nescimus
2036 5125 2171 5196 (ipse

596 5185 736 5240 enim
756 5186 1027 5247 dicebatur
1043 5196 1291 5254 Ecclesia:
1309 5202 1554 5260 thronum
1583 5210 1859 5283 invasisse)
1882 5231 1894 5266 :
1915 5216 1999 5284 qui
2020 5218 2170 5272 nol-is

596 5278 692 5329 tria
723 5279 883 5333 millia
916 5287 1291 5343 numismatum
1336 5293 1570 5361 dabant,
1604 5312 1817 5355 orantes
1847 5313 1904 5357 ιιι
1933 5310 2166 5373 perSuasi

598 5367 770 5422 Attico
815 5376 1367 5447 communicaremus,
1398 5395 1451 5438 et
1497 5387 1563 5441 de
1591 5388 1807 5447 Joannis
1845 5367 2041 5460 judicio
2086 5409 2167 5451 Ia-

598 5465 855 5513 eerentus.
881 5463 1083 5528 Quibus
1108 5483 1213 5521 non
1244 5473 1610 5542 assentiente-5,
1639 5482 1963 5547 perstitimus
1989 5500 2160 5553 orare,

598 5553 717 5591 cum
764 5546 888 5599 nihil
917 5554 1189 5618 pacificum
1217 5572 1558 5628 perageretur
1580 5605 1593 5628 ,
1625 5546 1680 5620 ut
1704 5570 1817 5623 sine
1844 5573 2075 5639 periculo
2100 5546 2161 5630 ad

600 5640 807 5722 nostras
836 5636 1094 5699 Ecclesias
1128 5649 1422 5706 rediremus
1448 5694 1462 5718 ,
1493 5658 1602 5711 visa
1632 5661 1718 5712 tali
1761 5660 2160 5722 inhumanitate.

602 5715 827 5783 Idipsum
876 5732 1028 5782 variis
1075 5739 1481 5801 revelationibtts
1528 5746 1774 5803 Servatur
1823 5753 1961 5808 Deus
2009 5759 2161 5808 nobis

2306 484 2630 554 declaravit,
2681 487 2812 543 adeo
2855 498 2910 544 ut
2952 493 3123 546 sancti
3171 495 3332 550 etiam
3375 495 3623 556 EmmeIii
3667 502 3903 560 diacono

2304 574 2485 641 Paulo,
2518 579 2633 631 viro
2662 580 2942 634 mitissimo
2968 589 3021 635 ct
3054 583 3319 651 prudenti,
3352 588 3402 641 in
3441 592 3561 645 navi
3588 600 3902 664 apparuerit

2304 666 2488 722 beatus
2512 670 2704 725 Paulus
2728 672 3018 741 apostolus,
3041 674 3225 731 dicens
3248 679 3346 748 ipsi
3382 698 3396 734 :
3441 682 3616 738 Videte
3637 689 3901 754 quomodo

2301 757 2599 815 ainbuletis:
2621 777 2719 814 non
2747 772 2800 815 ut
2825 764 3135 833 insipientes,
3164 769 3254 821 sed
3281 780 3336 823 ut
3364 774 3636 843 sapientes,
3670 779 3901 835 videntes

2301 851 2435 918 quod
2462 853 2566 905 dies
2596 855 2716 906 ntali
2740 865 2855 908 sunt
2884 862 2901 926 (
2926 854 3116 925 Ephes.
3146 861 3199 915 5.
3230 862 3317 916 15.
3369 864 3473 935 16)
3509 883 3521 918 :
3554 868 3899 937 signiﬁcante

2302 943 2508 995 Somnio
2551 944 2747 997 variam
2795 946 3003 1001 illorum
3051 948 3290 1005 fraudem
3317 994 3330 1016 ,
3373 970 3595 1024 eamque
3638 959 3799 1014 donis
3846 971 3900 1016 et

2302 1029 2570 1085 blanditiis
2613 1033 2678 1087 ad
2708 1033 3107 1092 adulterandam
3150 1042 3451 1098 veritatem.
3499 1045 3706 1103 IIISialIS
3737 1050 3896 1119 igitur

2301 1120 2439 1175 idem
2487 1124 2600 1191 ipse
2643 1125 2883 1181 tribunus
2919 1128 3226 1186 Valerianus
3249 1175 3263 1199 ,
3306 1135 3532 1204 conjeeit
3562 1154 3659 1193 nos
3689 1140 3744 1194 in
3790 1142 3894 1196 de-

2304 1214 2572 1268 terrimam
2613 1232 2800 1271 navem
2825 1259 2842 1285 ,
2873 1221 3120 1277 mercede
3142 1265 3157 1289 ,
3187 1234 3245 1278 ut
3272 1240 3455 1280 rumor
3479 1230 3589 1295 ait,
3635 1234 3893 1287 nauelero

2300 1301 2421 1355 data
2468 1313 2525 1357 ut
2565 1305 2810 1373 perderet
2838 1309 3117 1379 episcopos
3161 1315 3465 1383 navigantes
3492 1358 3506 1381 ,
3536 1333 3657 1372 eum
3702 1322 3895 1390 viginti

2302 1394 2554 1450 militibus
2582 1398 2845 1451 variorum
2875 1400 3170 1456 officiorum
3205 1421 3218 1457 :
3251 1414 3305 1458 et
3338 1407 3515 1460 statim
3545 1425 3641 1461 nos
3669 1412 3888 1482 Athyris

2301 1486 2519 1552 expulit.
2540 1486 2671 1539 Cum
2704 1490 3097 1557 navigassemus
3127 1494 3295 1548 stadia
3325 1497 3569 1564 plurima,
3588 1507 3643 1553 et
3666 1501 3885 1570 jatnjam

2302 1573 2520 1642 perituri
2562 1590 2838 1643 essemus,
2887 1581 3189 1649 appulimus
3230 1583 3618 1654 Lampsacum;
3662 1600 3719 1644 et
3764 1592 3893 1647 inde

2301 1678 2499 1725 mutata
2545 1687 2679 1727 nave
2724 1674 2979 1730 vicesimo
3022 1677 3109 1732 die
3155 1680 3504 1748 applicuimus
3553 1684 3889 1755 Hydruntem

2300 1759 2575 1814 Calabriae.
2603 1762 2786 1832 Neque
2809 1765 3033 1834 amplius
3059 1768 3212 1822 nobis
3236 1769 3416 1826 dicere
3442 1782 3750 1841 potuerunt,
3782 1791 3891 1845 quo

2302 1849 2353 1902 in
2383 1860 2523 1904 statu
2552 1862 2696 1907 esset
2738 1853 2922 1909 beatus
2949 1856 3182 1911 Joannes
3223 1861 3504 1931 episcopus
3529 1905 3541 1927 ,
3576 1879 3753 1932 neque
3797 1868 3885 1921 ubi

2301 1941 2407 1994 sittt
2433 1942 2727 1998 Demetrius
2751 1986 2766 2012 ,
2791 1945 3046 2017 Cyriacus
3069 1988 3084 2015 ,
3115 1950 3359 2020 Eulysius
3384 1995 3398 2015 ,
3431 1963 3587 2023 atque
3616 1956 3887 2011 Palladius

2300 2031 2572 2101 episcopi,
2613 2035 2703 2103 qui
2745 2050 2865 2089 cum
2915 2040 3110 2093 nostris
3157 2042 3420 2111 episcopis
3462 2044 3617 2114 legati
3664 2047 3885 2115 profecti

2300 2131 2471 2175 emat.
2506 2124 2678 2179 Ertsc.
2706 2126 2817 2196 Age
2839 2127 2946 2196 jam
2973 2171 2987 2194 ,
3019 2145 3052 2185 ο
3080 2133 3437 2187 sacratissime
3460 2175 3474 2201 ,
3505 2137 3724 2192 adverte
3754 2138 3886 2192 mihi

2299 2211 2554 2278 animum,
2573 2216 2853 2271 attendens
2881 2219 2942 2271 iis
2966 2235 3084 2288 qua:
3109 2222 3252 2276 clare
3272 2222 3534 2290 dicentur,
3553 2238 3605 2279 et
3630 2226 3886 2298 deinceps

2302 2301 2392 2355 tibi
2446 2304 2729 2362 declarabo
2786 2309 3024 2377 publicos
3081 2312 3237 2366 totius
3296 2317 3566 2385 traganlia:
3619 2322 3886 2390 satyricos

2300 2393 2597 2461 tumultus,
2647 2397 2786 2452 unde
2825 2397 2965 2453 hanc
3007 2403 3365 2457 temulentiam
3410 2409 3590 2461 exorsi
3633 2413 3782 2473 sint,
3831 2423 3887 2466 ct

2299 2497 2573 2555 quousque
2596 2502 2837 2543 cessasse
2862 2490 2955 2543 visi
2986 2492 3112 2555 sint,
3143 2493 3364 2547 necdum
3394 2504 3572 2551 tamen
3601 2499 3882 2555 desierint.

2298 2571 2544 2628 Omnium
2572 2578 2855 2642 malorum,
2882 2589 2940 2634 ut
2962 2580 3081 2649 quis
3102 2581 3314 2647 dixerit,
3346 2583 3463 2638 fons
3485 2594 3540 2639 et
3563 2589 3881 2658 principium

2300 2660 2392 2716 Dei
2440 2678 2565 2718 osor
2593 2664 2801 2722 dromon
2828 2710 2844 2734 ,
2875 2683 3087 2738 semper
3131 2672 3385 2728 insidians
3415 2685 3470 2728 ut
3516 2677 3669 2746 lupus
3712 2684 3881 2734 ratio-

2299 2750 2560 2808 nabilibus
2588 2754 2780 2810 Christi
2818 2759 3067 2827 gregibus
3089 2800 3105 2825 ,
3134 2762 3335 2830 peritos
3359 2778 3598 2834 quosque
3641 2781 3883 2834 pastores

2299 2843 2457 2897 variis
2502 2845 2654 2898 malis
2698 2849 2949 2903 atrociter
2990 2850 3286 2913 infestans,
3328 2853 3467 2908 sicut
3502 2853 3877 2927 Egyptiorum

2297 2948 2393 2989 rex
2408 2939 2669 2993 masculos
2685 2938 3011 3008 Iudaeorum,
3031 2943 3231 2999 fucatos
3248 2962 3372 3002 vero
3385 2958 3437 3002 et
3459 2948 3622 3004 falsos
3641 2962 3881 3020 pastores

2298 3031 2626 3082 terrenarum
2656 3031 2983 3100 voluptatum
3015 3035 3233 3091 fallaciis
3256 3040 3525 3107 saginans.
3558 3042 3725 3098 Porro
3753 3060 3883 3113 pes-

2295 3114 2416 3170 simi
2460 3116 2618 3171 fontis
2646 3119 2802 3190 hujus
2842 3124 3055 3180 canales
3080 3165 3094 3187 ,
3122 3136 3182 3181 ut
3204 3130 3379 3183 omnis
3424 3140 3686 3187 terrarum
3729 3136 3879 3190 orbis

2296 3208 2481 3271 novit,
2537 3219 2660 3263 sunt
2712 3212 2974 3277 Aeacius,
3029 3217 3378 3285 Antiocbius,
3439 3220 3769 3291 Theophilus
3824 3237 3878 3282 et

2294 3297 2646 3368 Severianus;
2678 3304 2764 3371 qui
2793 3315 3048 3359 vocantur
3075 3309 3287 3377 quidem
3327 3311 3379 3365 id
3410 3313 3549 3380 quod
3580 3330 3685 3368 non
3709 3328 3873 3383 sunt,

2294 3400 2416 3444 sunt
2444 3407 2569 3446 vero
2594 3394 2732 3462 quod
2771 3394 2874 3449 dici
2919 3412 2977 3451 sc
3007 3414 3110 3451 non
3143 3398 3314 3455 ferunt
3349 3420 3361 3453 :
3393 3418 3459 3457 ex
3484 3404 3672 3459 ordine
3697 3418 3878 3461 autem

2293 3479 2607 3536 clericorum
2665 3485 2958 3556 presbyteri
3012 3488 3157 3554 duo,
3204 3499 3271 3565 .et
3325 3491 3532 3548 diac0ui
3587 3496 3826 3565 quinque
3858 3540 3871 3562 .

2293 3572 2481 3638 partim
2513 3572 2722 3641 quidem
2767 3590 2835 3629 ex
2880 3576 3125 3646 impuro,
3157 3580 3348 3648 partim
3394 3596 3459 3636 ex
3508 3584 3871 3639 malelieorunt

2294 3678 2513 3717 numero
2539 3667 2841 3735 congregati
2877 3686 2888 3717 :
2922 3684 3019 3722 nec
3047 3684 3171 3724 vero
3206 3671 3320 3725 scio
3356 3688 3421 3726 an
3451 3682 3618 3727 tutum
3646 3677 3715 3728 sit
3743 3677 3875 3730 tales

2291 3755 2630 3826 presbyteros
2678 3768 2770 3811 aut
2815 3757 3064 3813 diaconos
3110 3775 3303 3816 vocare
3353 3779 3365 3815 :
3417 3778 3484 3817 ex
3533 3764 3873 3831 Imperatoris

2291 3854 2464 3898 autem
2481 3847 2599 3899 aula
2616 3846 2721 3901 duo
2737 3857 2826 3901 aut
2844 3860 2950 3903 tres
2964 3851 3297 3905 solummodo
3315 3851 3480 3915 fuere,
3500 3855 3586 3921 qui
3604 3854 3873 3925 Theophi-

2290 3934 2397 3986 luut
2427 3936 2764 4004 roboramttt,
2794 3940 3005 3993 militari
3037 3941 3282 4009 praesidio
3306 3959 3459 4012 opem
3490 3944 3562 3999 illi
3595 3946 3826 4001 ferentes
3848 3966 3866 4002 :

2288 4040 2318 4079 e
2346 4026 2652 4081 mulieribus
2676 4039 2867 4099 prmter
2893 4031 3006 4085 illas
3031 4047 3148 4100 qua:
3173 4034 3328 4103 vulgo
3358 4044 3498 4089 nota:
3526 4046 3647 4090 sunt
3673 4078 3688 4103 ,
3720 4046 3829 4093 tres
3850 4082 3867 4105 ,

2290 4117 2458 4172 vidua:
2500 4119 2710 4188 quidem
2737 4162 2752 4187 ,
2800 4123 2893 4177 sed
2936 4139 2965 4177 a
3009 4125 3135 4177 viris
3180 4125 3369 4182 divites
3413 4129 3601 4192 factas,
3648 4133 3868 4187 multam

2286 4222 2350 4261 ex
2382 4210 2580 4278 rapinis
2626 4213 2900 4280 pecuniam
2948 4215 3281 4283 possidentes
3310 4217 3362 4271 itt
3413 4220 3639 4288 propria:
3682 4222 3869 4278 salutis

2288 4302 2612 4368 perniciem;
2647 4305 2961 4359 tumultuum
2993 4316 3046 4361 et
3084 4308 3400 4363 seditionum
3444 4313 3819 4369 commotriees
3849 4334 3865 4368 :

2286 4391 2449 4445 Marsa
2471 4392 2702 4447 Promoti
2732 4411 2885 4461 uxor,
2905 4397 3159 4453 Castricia
3185 4400 3477 4469 Saturnini,
3497 4412 3549 4456 et
3568 4404 3866 4475 Eugrapbia

2284 4484 2524 4548 quaedam
2567 4498 2945 4555 usquequaque
2975 4488 3170 4543 furiosa
3204 4508 3217 4543 :
3252 4490 3452 4561 reliqua
3482 4502 3657 4546 autem
3703 4496 3868 4564 pudet

2284 4573 2481 4631 dicere.
2511 4574 2773 4632 Czcterum
2813 4580 2895 4633 lite
2936 4591 3096 4649 atque
3134 4581 3246 4647 illi,
3280 4583 3431 4637 tardo
3472 4584 3634 4639 corde
3664 4586 3719 4640 in
3762 4589 3867 4643 fide

2281 4679 2401 4719 cum
2426 4667 2550 4732 sint,
2571 4668 2713 4721 velut
2739 4667 2964 4732 phalanx
2998 4673 3172 4724 lurore
3196 4672 3363 4737 ebria,
3386 4672 3436 4726 in
3459 4689 3619 4728 unam
3646 4690 3869 4731 senten-

2283 4754 2407 4808 tiam
2434 4755 2557 4810 odio
2583 4756 2837 4811 doctrina:
2859 4760 3091 4826 adunati,
3119 4760 3261 4813 exitii
3290 4769 3578 4816 torrentem
3607 4764 3866 4824 adversus

2284 4845 2535 4901 Ecclesia:
2565 4863 2746 4916 pacem
2777 4849 3126 4903 concitarunt.
3148 4850 3658 4923 DtAc.Velisigitur,
3687 4851 3861 4920 Pater,

2280 4925 2333 4992 et
2380 4939 2604 4993 libenter
2629 4940 2759 4994 velis
2801 4956 2978 4995 coram
3009 4941 3122 4995 Deo
3169 4942 3327 4997 nobis
3366 4944 3545 4999 dicere
3571 4987 3585 5009 ,
3623 4947 3765 4999 unde
3816 4961 3861 5002 et

2282 5029 2489 5082 illorum
2543 5028 2801 5083 adversus
2850 5030 3107 5085 Joannem
3160 5032 3379 5099 odium,
3429 5044 3484 5089 et
3532 5052 3650 5105 qum
3710 5037 3862 5090 fuerit

2277 5117 2497 5173 Joannis
2524 5120 2755 5190 episcopi
2790 5122 3075 5190 pertinacia
3111 5132 3284 5179 tantas
3308 5136 3596 5194 potestates
3624 5127 3820 5182 laedere
3843 5146 3857 5181 :

2276 5209 2434 5262 simul
2475 5208 2685 5264 declara
2731 5212 2883 5265 nobis
2915 5212 3054 5267 unde
3085 5214 3243 5267 vitam
3275 5232 3496 5270 exorsus
3535 5218 3641 5281 sit,
3672 5230 3725 5272 et
3756 5236 3858 5289 qun

2279 5307 2430 5366 pacto
2473 5300 2535 5353 ad
2565 5298 3049 5371 Constantinopolis
3080 5304 3439 5374 episcopatum
3486 5307 3554 5359 sit
3598 5318 3814 5363 evectus
3838 5352 3854 5375 ,

2275 5402 2329 5447 ct
2354 5405 2551 5463 quanto
2580 5404 2815 5463 tempore
2844 5411 2965 5449 etun
3011 5399 3280 5463 tenuerit,
3311 5406 3363 5452 et
3399 5399 3487 5467 qui
3516 5399 3707 5455 fuerint
3742 5403 3855 5471 ejus

2276 5501 2470 5549 mores,
2500 5497 2551 5539 et
2577 5487 2695 5556 quis
2725 5487 2839 5555 ejus
2874 5488 2994 5542 vitae
3027 5490 3165 5554 linis,
3197 5491 3455 5560 siquidem
3485 5506 3726 5549 mortuus
3751 5505 3852 5562 est,

2279 5588 2328 5630 tt!
2378 5577 2641 5632 audimus.
2698 5580 2804 5632 litsi
2865 5596 2958 5649 per
3010 5596 3199 5636 omnes
3260 5583 3487 5648 maxime
3538 5596 3853 5657 pervagatur

2272 5670 2524 5724 mirabilis
2552 5679 2603 5725 et
2648 5682 2826 5725 sancta
2871 5673 2964 5726 viri
2996 5674 3138 5729 illius
3183 5674 3359 5741 fama;
3393 5685 3566 5732 tamen
3600 5685 3851 5735 consuevi

2273 5776 2380 5811 non
2422 5763 2556 5817 adeo
2598 5765 2745 5820 lacilc
2790 5767 3091 5823 rumoribus
3131 5768 3350 5823 credere
3375 5809 3388 5834 ,
3438 5769 3747 5840 priusquam
3788 5775 3854 5827 ab
