4018 6412
138 315 196 370 {3
1142 309 1228 363 DE
1273 307 1435 365 VITA
1477 307 1533 360 S.
1573 305 1744 399 Μ)λᾷ

1852 307 1867 362 5
1907 308 2430 369 CHRYSOSTOML
3354 313 3423 369 16

144 434 354 498 οθέντες
409 432 612 504 ὅτιπερ
679 431 904 496 δικαίως
963 430 1290 505 ὲκόέϐληται
1349 435 1378 486 6
1432 432 1732 498 ἐπίσκοπος

155 517 423 589 Ἰωάννης,
455 514 716 582 διδάξωσί
751 531 816 585 με
853 515 1157 585 ἀποστῆναι
1201 516 1301 586 τῆς
1340 516 1506 570 αὑτοῦ
1537 534 1730 570 κοινω-

139 603 255 663 νίας
273 615 287 628 ·
313 599 349 668 ἢ
375 597 698 667 ἐλέγξαντες
715 596 1172 661 ἐθελοκακοῦντας
1183 599 1310 662 τοὺς
1326 599 1428 670 τῆς
1443 600 1732 670 Ἀνατολῆς

141 683 494 745 ἑτασκόπους,
532 679 918 751 ἀποστρέψωσί
955 695 1014 732 σε
1059 681 1158 750 τῆς
1203 681 1381 734 αὐτῶν
1421 682 1728 746 κοινωνίας.

139 769 273 820 Τίνα
323 767 437 836 γάρ
498 766 646 818 ἐστιν
699 764 735 818 ἃ
795 764 1050 835 φρονοῦσι
1104 765 1232 838 περὶ
1281 765 1375 818 τοῦ
1433 769 1732 821 ἐπισκόπου

152 852 404 906 Ἰωάννου
432 850 482 904 οἰ
532 850 769 910 Δυτικοὶ,
807 852 870 902 ἐκ
909 849 1099 902 πασῶν
1147 849 1255 904 τῶν
1299 850 1595 904 ἐπιστολῶν
1629 851 1736 906 τῶν

147 936 286 1004 πρός
316 951 390 1004 με
413 931 728 1004 γραφεισῶν
763 931 1005 996 ὑπέταξα
1029 932 1141 996 δύο,
1173 933 1598 1006 ἰσοδυναμούσας
1619 938 1737 1001 ταῖς

146 1019 372 1081 πάσαις,
390 1017 490 1086 τὴν
511 1014 796 1085 επιστολὴν
809 1013 905 1067 τοῦ
937 1013 1153 1085 Ῥώμης
1173 1017 1266 1068 καὶ
1293 1015 1389 1068 τοῦ
1424 1018 1732 1089 Ἀκυληίας.

146 1100 321 1154 Τοῦτο
348 1101 408 1152 δὲ
446 1097 750 1167 παρακαλῶ
799 1097 898 1168 τὴν
945 1099 1043 1168 σὴν
1087 1101 1405 1172 ἡμερότητα
1458 1103 1564 1174 πρὸ
1601 1102 1736 1154 πάν-

143 1203 275 1249 των,
315 1185 416 1237 καὶ
442 1183 642 1237 ἄκοντα
682 1182 772 1235 τόν
808 1183 1214 1254 Ἀλεξανδρείας
1258 1185 1512 1254 Θεόφιλον
1552 1203 1734 1256 παρα-

145 1269 341 1339 στῆναι
375 1267 686 1328 δικαίωσον,
711 1265 778 1318 δι’
803 1264 862 1319 ἂν
909 1265 1144 1335 μάλιστα
1175 1266 1395 1336 λέγεται
1425 1267 1642 1322 ἅπαντα
1667 1269 1736 1323 τά

145 1352 290 1406 κακὰ
309 1351 670 1420 γεγενῆσθαιο
695 1349 783 1402 ἵνα
815 1351 895 1412 εἰς
933 1347 1100 1421 μηδὲν
1141 1351 1173 1422 ή
1212 1350 1321 1404 τῶν
1353 1353 1735 1424 παραγενομέ-

144 1453 250 1488 νων
277 1433 597 1488 ἐπισκόπων
621 1431 1006 1503 ὲμποδισθεῖσα
1030 1431 1265 1497 σύνοδος,
1291 1432 1388 1504 τὴν
1417 1435 1736 1504 πρέπουσαν

143 1523 256 1581 τοῖς
288 1519 505 1588 καιροῖς
537 1514 694 1588 ἡμῶν
725 1516 950 1587 εἰρήνην
991 1515 1287 1590 βραϐεύσῃ.
1318 1535 1334 1568 ι

217 1602 379 1655 ΚΕΦ.
412 1597 487 1654 Δ’.
517 1630 587 1638 -
615 1597 882 1661 Λαϐόντες
907 1598 1194 1668 τοιγαροῦν
1223 1600 1274 1651 οἱ
1307 1600 1436 1668 περὶ
1468 1595 1560 1652 τόν
1583 1598 1736 1668 ἂγιον

147 1685 449 1737 ἐπίσκοπον
497 1681 740 1751 Αἰμίλιον
798 1680 1117 1734 Βενεϐενδοῦ
1168 1681 1264 1734 καὶ
1311 1682 1590 1752 Κυθήγιον
1641 1683 1737 1735 καὶ

148 1766 468 1820 Γαυδέντιον
513 1767 610 1817 σὺν
662 1763 1085 1835 Ούαλεντινιανῷ
1131 1764 1226 1817 καὶ⁴
1282 1763 1586 1834 Βονιφατίῳ
1623 1767 1738 1828 τοῖς

146 1848 546 1920 πρεσϐυτέροις
585 1848 651 1901 τά
685 1848 986 1918 γράμματα
1015 1846 1108 1900 τοῦ
1161 1863 1222 1900 τε
1265 1847 1613 1900 Ἰννοκεντίου
1643 1849 1738 1902 καὶ

145 1935 254 1987 τῶν
295 1932 518 1986 Ἰταλῶν
547 1931 883 1996 ἐπισκόπων,
927 1929 1254 2001 Χρωματίου
1296 1929 1611 2000 Ἀκυληῒας,
1641 1933 1738 1984 καὶ

150 2020 274 2070 Βενε
283 2018 401 2086 ρίου
417 2015 778 2078 Μεδιολάνων,
797 2016 891 2068 καὶ
914 2014 1020 2068 τῶν
1042 2013 1268 2079 λοιπῶν,
1295 2013 1388 2068 καὶ
1405 2015 1741 2086 ὑπομνηστι-

149 2103 246 2156 κον
268 2103 371 2172 τῆς
399 2100 618 2154 συνόδου
640 2099 819 2170 πάσης
840 2097 1074 2162 Δύσεως,
1095 2097 1374 2168 δημοσίοις
1402 2099 1739 2170 συνθήμασιν

151 2186 432 2256 ἀπεστάλη
441 2201 540 2238 σαν
556 2186 640 2248 εἰς
658 2182 756 2254 τὴν
775 2181 1347 2236 Κωνσταντινούπολιν
1365 2183 1464 2235 σὺν
1483 2186 1600 2246 τοῖς
1613 2200 1679 2235 πε
1687 2186 1741 2254 ρὶ

147 2271 430 2342 κυριακὸν
471 2270 568 2322 καὶ
609 2269 918 2340 Δημήτριον
952 2268 1046 2320 καὶ
1103 2266 1404 2321 Παλλάδιον
1438 2267 1534 2321 καλ⁹
1573 2267 1743 2320 Εύλύ-

151 2372 263 2407 σιον
297 2354 428 2417 τοὺς
463 2351 815 2415 ἐπισκόπους.
851 2347 980 2421 Εἶχε
1013 2351 1070 2402 δὲ
1094 2350 1155 2403 τὸ
1197 2349 1630 2420 ὑπομνηστικὺν,
1667 2351 1741 2423 μὴ

153 2441 256 2492 ἱεῖν
288 2436 552 2492 εἰσελθεῖν
593 2435 843 2504 Ἰωάννην
892 2435 972 2497 είς
1003 2433 1205 2504 κρίσιν,
1235 2432 1334 2486 ’ἐὰν
1369 2432 1446 2503 μὴ
1479 2432 1741 2504 πρότερον

149 2520 578 2591 ἀποκατασταθῇ
610 2519 758 2590 αύτῷ
786 2520 820 2590 ή
855 2535 913 2571 τε
952 2517 1249 2588 Ἐκκλησία
1273 2519 1367 2570 καὶ
1394 2519 1428 2587 ἡ
1461 2518 1740 2578 κοινωνία,

153 2605 218 2661 ἴν⁸
241 2611 322 2671 εἰς
351 2605 520 2679 μηδὲν
545 2605 684 2675 ἔχων
721 2601 1130 2674 ὑπερτίθεσθαι,
1163 2600 1486 2669 αὐθαίρετος
1527 2601 1742 2676 εἰσέλθῃ

150 2693 227 2756 είς
256 2692 316 2744 τὸ
346 2689 644 2759 συνέδριον.
679 2685 1026 2748 Ἀπελθόντες
1049 2680 1140 2738 οὖν
1168 2685 1250 2748 εἰς
1278 2684 1378 2754 τὴν
1403 2685 1745 2738 Κωνσταντι-

151 2774 423 2833 νούπολιν,
457 2771 804 2842 ὑπέστρεψαν
831 2768 969 2840 μετά
995 2769 1267 2842 τέσσαρας
1299 2769 1494 2840 μῆνα-ς,
1521 2767 1743 2839 διηγού-

156 2877 304 2928 μενοι
360 2856 675 2910 Βαϐυλώνια
714 2856 1031 2926 πράγματα,
1066 2855 1146 2908 ότι
1187 2853 1613 2925 Κατεσχέθημεν
1641 2871 1744 2907 πα-

157 2942 482 3013 ραπλέοντες
500 2939 600 3010 τὴν
627 2938 852 2994 Ἐλλάδα
879 2937 1142 3010 Ἀθήναζε
1173 2937 1276 2990 ὑπὸ
1295 2937 1578 3008 χιλιάρχου
1599 2939 1744 3002 τινὸς

155 3028 444 3097 δυστήνου,
477 3023 536 3087 ὃς
564 3023 794 3092 ἐξαυτῆς
824 3020 1142 3088 συνέζευξεν
1169 3023 1303 3092 ἡμῖν
1333 3021 1744 3092 ἑκατοντάρχην

155 3110 266 3169 ἕνα,
307 3110 388 3180 μὴ
420 3107 780 3178 συγχωρήσας
817 3107 947 3176 ἡμῖν
993 3103 1334 3175 παραϐαλεῖν
1369 3107 1436 3176 τῇ
1471 3103 1744 3158 Θεσσαλο-

154 3194 276 3266 νίκῃ
297 3210 312 3222 ο
345 3193 468 3246 ἐκεῖ
497 3192 605 3260 γὰρ
631 3189 808 3242 αὐτῶν
829 3185 897 3260 ἦν
929 3191 958 3242 6
981 3189 1184 3252 σκοπὸς
1207 3188 1425 3260 πρῶτον
1447 3188 1743 3242 ἀποδοῦναι

153 3281 224 3334 τά
251 3280 561 3352 γράμματα
603 3275 832 3346 ’Ᾱνυσίῳ
869 3273 948 3345 τῷ
989 3273 1296 3342 ἐπισκόπῳ.
1340 3271 1625 3343 Ἐμϐαλὼν
1651 3269 1744 3326 οὖν

155 3367 320 3438 ἡμᾶς,
356 3363 546 3434 φησὶν,
591 3363 670 3424 είς
711 3360 804 3416 δύο
854 3357 1036 3421 πλοῖα,
1092 3356 1420 3428 ἐξέπεμψεν.
1467 3357 1744 3427 Ἐπιγενο-

161 3449 318 3518 μένου
339 3447 400 3500 δὲ
441 3445 614 3516 βιαίου
649 3445 821 3505 νότου,
853 3443 1030 3497 ἄσιτοι
1060 3442 1148 3495 διά
1172 3441 1342 3512 τριῶν
1375 3441 1598 3511 ἡμερῶν
1632 3441 1746 3495 δια-

157 3530 492 3592 πλεύσαντες
515 3528 575 3580 τὺ
591 3527 728 3580 κατά
749 3527 838 3580 τὸν
859 3525 1078 3594 Αίγῶνα
1100 3524 1337 3592 πέλαγος
1358 3523 1451 3576 καὶ
1467 3523 1534 3576 τά
1560 3523 1742 3586 στενά,

155 3613 470 3682 δωδεκάτην
515 3610 662 3682 ὥραν
700 3613 766 3680 τῇ
813 3609 969 3680 τρίτῃ
1005 3608 1330 3678 ὡρμίσαμεν
1374 3605 1481 3677 πρό
1519 3608 1614 3676 τῆς
1649 3607 1745 3660 πό-

155 3695 294 3760 λεως
323 3693 554 3766 πλησίον
581 3694 690 3746 τῶν
721 3693 978 3760 Βίκτορος
1015 3691 1356 3760 προαστείων
1377 3707 1390 3718 ·
1421 3693 1481 3743 ἐν
1507 3683 1551 3756 ᾧ
1575 3704 1746 3744 κατα-

159 3780 446 3851 σχεθέντες
481 3778 632 3849 τόπῳ
655 3777 761 3830 ὑπὸ
795 3776 904 3829 τῶν
946 3777 1075 3838 τοὺς
1108 3773 1336 3844 λιμένας
1373 3773 1742 3844 πραττόντων,

159 3863 481 3934 ἀπήλθομεν
509 3863 589 3925 εἰς
625 3860 694 3914 τά
725 3861 930 3914 όπίσωο
971 3860 1118 3922 τίνος
1169 3857 1228 3912 δὲ
1262 3856 1620 3922 κελεύσαντος
1647 3861 1748 3913 οὐκ

161 3948 410 4018 ἔγνωμεν
425 3963 438 3976 ⁸
457 3947 551 4000 καὶ
569 3943 1014 4014 συγκλεισθέντες
1031 3945 1112 4004 εἰς
1132 3941 1390 4014 φρούριον
1405 3942 1504 4012 τῆς
1525 3943 1749 4014 Θρᾴκης

164 4031 632 4102 παραθαλάσσιον,
695 4027 928 4098 Ἀθύραν
990 4025 1360 4096 καλούμενον,
1423 4025 1634 4079 ἐκεῖθέν
1689 4044 1747 4080 τε

165 4112 617 4184 στρεϐλωθέντες,
646 4111 693 4166 οί
725 4111 824 4182 μὲν
863 4110 1125 4178 Ῥωμαῖοι
1153 4109 1211 4160 ἐν
1245 4107 1474 4178 οἰκίσκῳ
1513 4110 1616 4173 ἐνὶ,
1653 4110 1750 4164 καὶ

162 4199 219 4249 ὲν
247 4197 529 4268 διαφόροις
558 4197 606 4250 οἱ
638 4195 766 4266 περὶ
791 4193 1087 4264 Κυριακὺν,
1115 4191 1190 4254 ὡς
1227 4190 1363 4261 μηδὲ
1402 4191 1568 4244 παῖδα
1604 4191 1749 4263 ἔχειν

162 4283 242 4344 είς
277 4279 610 4351 ὑπηρεσίαν·
649 4279 743 4332 καὶ
785 4275 1176 4346 ἀπαιτούμενοι
1221 4275 1289 4328 τὰ
1329 4273 1657 4344 γράμματα,
1687 4277 1746 4330 ού

160 4363 499 4434 δεδώκαμεν,
529 4363 792 4426 εἰπόντες,
817 4363 898 4414 ὅτι
931 4360 1052 4423 Πῶς
1084 4353 1196 4412 οἷόν
1240 4359 1298 4410 τέ
1333 4359 1449 4410 ἐστι
1481 4359 1751 4429 πρεσϐευ-

161 4450 260 4513 τὰς
302 4449 452 4519 ἡμᾶς
505 4447 660 4509 ὄντας
694 4445 767 4516 μὴ
813 4443 960 4514 αὐτῷ
994 4442 1071 4512 τῷ
1117 4442 1330 4512 βασιλεῖ
1371 4441 1649 4496 ἐπιδοῦναι
1685 4444 1752 4498 τά

160 4533 255 4586 τοῦ
301 4531 566 4602 βασιλέως
601 4529 904 4600 γράμματα
955 4529 1050 4580 καὶ
1098 4525 1208 4579 τῶν
1260 4525 1616 4590 ἐπισκόπωνς
1661 4525 1749 4591 Ὠς

160 4614 256 4670 οἷν
286 4615 556 4686 ἐμένομεν
601 4613 673 4684 μὴ
703 4612 958 4675 διδόντες,
991 4607 1210 4681 πρώτου
1263 4607 1511 4673 ἐλθόντος
1549 4609 1752 4682 Πατρι-

161 4701 282 4752 κίου
317 4697 570 4767 νοταρίου
597 4695 735 4766 πρὸς
768 4697 936 4766 ἡμᾶς,
984 4693 1177 4746 ἔπειτά
1215 4709 1376 4746 τινων
1409 4693 1631 4762 ἐτέρων,
1671 4711 1753 4746 τε-

162 4783 416 4836 λευταῖον
444 4776 576 4850 ἦλθέ
610 4797 694 4842 τις
742 4776 1124 4850 ἀφηγούμενος
1153 4775 1274 4838 ἐνὸς
1303 4775 1557 4848 ἀριθμοῦ,
1588 4775 1754 4828 Ούαλ‹

160 4864 412 4936 λεριανὸς
445 4863 690 4930 ὀνόματι,
735 4860 1128 4930 Καππαδόκης,
1167 4861 1262 4912 καὶ
1297 4857 1502 4921 κλάσας
1542 4857 1632 4910 τὸν
1661 4859 1756 4912 ἀν-

161 4948 381 5019 τίχειρα
430 4945 526 4998 τοῦ
577 4943 876 4998 ἐπισκόπου
895 4941 1181 5014 Μαριανοῦ
1206 4953 1256 5004 ιι,
1291 4939 1510 5010 ἀφεῖλεν
1548 4941 1755 5012 ἐσφρα-

163 5031 438 5100 γισμένην
462 5027 560 5100 τὴν
595 5027 886 5098 ἐπιστολὴν
914 5026 1007 5081 τοῦ
1047 5025 1310 5096 βασιλέως
1345 5025 1445 5077 σὺν
1483 5026 1606 5087 ταῖς
1643 5023 1756 5077 λοι-

166 5119 292 5178 παῖς
319 5111 650 5174 ἐπιστολαῖς.
689 5110 1112 5180 Ἐπιγενομένης
1129 5105 1222 5163 οὖν
1241 5107 1502 5179 δευτέρας
1517 5109 1549 5178 ἡ
1559 5107 1752 5177 μέρας,

163 5197 494 5272 ἀπέστειλαν
552 5195 686 5265 πρὸς
729 5196 896 5266 ἡμᾶς,
947 5193 1058 5247 εἴτε
1103 5194 1154 5247 οἱ
1195 5193 1298 5262 τῆς
1339 5192 1434 5244 τοῦ
1491 5190 1756 5260 βασιλέως

163 5281 362 5350 αὐλῆς,
393 5279 507 5333 εἴτε
543 5277 744 5350 οἱπερὶ
788 5277 1053 5337 Ἀττικὸν,
1093 5273 1394 5344 ἀγνοοῦμεν
1432 5272 1620 5342 (αὐτὸς
1647 5273 1756 5344 γὰρ

166 5366 390 5433 εκέγετο
416 5362 890 5434 ἐπιπεπηδηκέναι
921 5360 1003 5432 τῷ
1030 5360 1206 5432 θρόνῳ
1245 5361 1344 5430 τῆς
1382 5357 1754 5426 Ἐκκλησίας),

166 5449 499 5510 ἐπιδιδόντες
557 5448 690 5518 ἡμῖν
741 5445 1056 5515 νομίσματα
1111 5441 1423 5515 τρισχίλια,
1477 5437 1758 5507 ἀξιοῦντες

166 5531 492 5594 πεισθέντας
521 5530 674 5600 ἡμᾶς
699 5528 1024 5598 κοινωνῆσαι
1057 5525 1132 5596 τῷ
1175 5524 1427 5594 Ἀττικῷ,
1472 5539 1756 5592 παρασιω-

169 5620 453 5688 πήσαντας
482 5615 580 5686 τὴν
641 5613 889 5668 Ἰωάννου
937 5611 1114 5680 δίκην.
1152 5609 1246 5672 ῡῖς
1296 5609 1370 5680 μὴ
1419 5606 1755 5668 πεισθέντες,

168 5699 436 5772 ἐμένομεν
484 5697 932 5770 προσευχόμενοι,
977 5695 1113 5764 προς
1162 5695 1221 5746 τό
1271 5691 1436 5763 μηδὲν
1486 5689 1759 5761 εἰρηνικὸν

171 5771 383 5850 ἐνύειν,
439 5780 745 5844 άκ.νδύνως
805 5778 1130 5834 καταλαϐεῖν
1179 5777 1337 5848 ἡμῶν
1379 5777 1478 5839 τὰς
1541 5771 1759 5834 Ἐκκλη-

232 5906 256 5936 ³
279 5905 466 5970 Georg.
498 5901 736 5960 Μαρίνου.

1841 435 1991 498 σίας,
2046 436 2143 507 τὴν
2194 436 2450 508 τοιαύτην
2501 437 2731 509 ὁρῶντες
2792 437 3198 508 ἀνημερότητα.
3249 437 3420 491 Τοῦτο

1843 520 1934 574 καὶ
1961 519 2054 574 τοῦ
2083 520 2332 591 Σωτῆρος
2370 519 2506 574 Θεοῦ
2547 521 2821 594 διαφόροις
2871 520 3278 590 ἀποκαλύψεσιν
3320 521 3420 574 αύ-

1839 604 1964 667 τοὺς
1995 607 2351 672 φωτίσαντος,
2382 605 2458 668 ὡς
2491 605 2586 658 καὶ
2613 604 2692 676 τῷ
2718 604 2947 674 διακόνῳ
2969 604 3063 657 τοῦ
3095 603 3254 672 ἁγίου
3293 605 3424 674 Ἐμ-

1845 685 2027 757 μελίου
2063 687 2279 758 Παύλῳ,
2322 686 2474 760 ἀνδρὶ
2512 689 2810 758 πραῡτάτῳ
2833 689 2925 742 καὶ
2959 687 3217 759 σώφρονι,
3247 687 3422 758 ὀφθῆ-

1841 785 1930 822 ναι
1962 771 2020 824 ὲν
2051 769 2128 840 τῷ
2156 771 2325 842 πλοίῳ
2354 771 2446 824 τὸν
2481 772 2756 843 μακάριον
2781 771 2989 827 Παῦλον
3008 771 3099 824 τὸν
3124 770 3422 825 ἀπόστολον

1841 849 2066 918 λέγοντα
2103 853 2250 923 αὐτῷ
2269 871 2282 884 ο
2321 853 2584 908 Βλέπετε
2617 853 2744 920 πῶς
2789 853 3160 920 περιπατεῖτε
3184 873 3198 886 ⁸
3221 853 3309 922 μὴ
3341 855 3423 922 ὡς

1841 931 2081 1003 ἄσοφοι,
2105 937 2334 1002 ἀλλ’ὡς
2357 937 2559 1004 σοφοί,
2575 937 2818 1002 εἰδότες.
2843 939 2930 991 ὅτι
2951 939 3009 990 αἱ
3028 937 3426 1008 ἡμέραιξπονη·

1833 1018 1938 1086 pa!
1965 1021 2124 1072 εἰσιν
2145 1037 2158 1050 ο
2191 1020 2558 1090 αἰνιττομένου
2590 1020 2682 1074 τοῦ
2710 1020 2921 1092 ὀνείρου
2955 1020 3052 1092 τὴν
3087 1021 3423 1094 πολύτροπον

1841 1101 2018 1154 αὐτῶν
2051 1101 2288 1172 ἀπάτην,
2342 1103 2442 1172 τήν
2489 1120 2549 1155 τε
2593 1102 2680 1157 διὰ
2724 1102 2910 1175 δώρων
2964 1105 3058 1156 καὶ
3110 1103 3420 1168 κολακείας,

1841 1184 1934 1237 ἐπὶ
1971 1184 2350 1257 παραχαράξει
2387 1186 2486 1256 τῆς
2519 1185 2797 1256 ἀληθείας.
2840 1185 3100 1250 Ἐπιστὰς
3137 1182 3230 1240 οὖν
3269 1191 3296 1240 6
3328 1189 3425 1242 αύ-

1840 1267 1953 1334 τὺς,
1987 1269 2172 1338 φησὶν,
2208 1267 2599 1340 Οὐαλλεριανὸς
2631 1269 2965 1340 όχιλίαρχος
2999 1270 3244 1324 ἐνέϐαλεν
3275 1273 3423 1342 ἡμᾶς

1841 1351 1922 1414 εἰς
1955 1350 2288 1421 σαθρότατον
2324 1352 2526 1417 πλοῖον,
2565 1352 2641 1416 ὡς
2683 1351 3015 1423 ὲθρυλλεῖτο,
3045 1352 3168 1417 δοὺς
3209 1352 3306 1423 τὴν
3345 1371 3428 1406 τι-

1846 1432 1950 1504 μὴν
1987 1433 2065 1504 τῷ
2101 1435 2391 1508 ναυκλήρῳ
2428 1437 2741 1491 ἐπισκόπων
2765 1439 2861 1509 τῆς
2892 1436 3164 1500 ἀπωλείας
3199 1435 3308 1489 τῶν
3335 1439 3429 1508 ἐμ-

1843 1517 2134 1582 πλεόντων,
2171 1517 2286 1589 ἆμα
2332 1518 2505 1573 εἴκοσι
2553 1519 2912 1590 στρατιώταις
2959 1521 3024 1572 ὲκ
3063 1519 3269 1584 τάξεων
3319 1519 3426 1572 δια-

1843 1601 2044 1673 φόρων,
2068 1603 2646 1674 παραχρῆμαέξέωσεν
2663 1603 2771 1658 τῶν
2787 1603 3046 1674 Ἀθύρων.
3065 1602 3428 1658 Διαπλεύσανο

1841 1702 1932 1750 τες
1963 1681 2056 1739 οὖν
2077 1689 2295 1750 ἱκανοὺς
2329 1688 2597 1752 σταδίους,
2626 1689 2718 1740 καὶ
2747 1688 3032 1758 μέλλοντες
3072 1687 3424 1752 ἀπόλλυσθαι,

1844 1770 2312 1841 προσωρμίσαμεν
2367 1773 2435 1843 τῇ
2503 1770 2826 1842 Λαμψάκῳο
2869 1769 3123 1824 κάκεῖθεν
3167 1770 3429 1841 ἀμείψαν-

1843 1869 1933 1915 τες
1962 1852 2059 1924 τὴν
2085 1852 2306 1917 ὁλκάδα,
2335 1852 2688 1924 κατήχθημεν
2708 1855 2774 1924 τῇ
2805 1853 3023 1924 εἰκοστῇ
3052 1854 3110 1905 ἐν
3149 1853 3428 1924 Ὑδροῦντι

1845 1935 1942 2005 τῆς
1969 1935 2308 2008 Καλαϐρίας.
2347 1935 2544 1990 Οὐκέτι
2571 1935 2628 2012 δέ
2661 1937 2790 2006 ἡμῖν
2817 1929 2974 2006 εὖρον
3001 1937 3179 1989 εἰπεῖν
3202 1937 3260 1989 ἐν
3287 1937 3426 1991 τίσιν

1845 2019 1874 2071 6
1902 2019 2170 2089 μακάριος
2191 2019 2490 2082 ἐπίσκοπος
2520 2018 2796 2088 Ἰωάννης,
2823 2018 2856 2090 ἢ
2884 2018 2986 2072 ποῦ
3013 2017 3108 2072 νῦν
3133 2020 3183 2072 οἱ
3209 2022 3430 2073 ἐπίσκο-

1849 2105 2008 2156 ποιοί
2037 2103 2165 2174 περὶ
2203 2104 2513 2175 Δημήτριον
2561 2103 2655 2156 καὶ
2711 2105 2990 2172 Κυριακδν
3029 2103 3124 2156 καὶ
3165 2103 3429 2157 Εύλύσιον

1848 2187 1939 2238 καὶ
1985 2185 2284 2240 Παλλάδιον
2335 2188 2432 2240 σὺν
2474 2187 2588 2252 τοῖς
2622 2186 2918 2257 ἡμετέροις
2971 2187 3290 2251 ἐπισκόποις
3331 2189 3428 2258 τὴν

1849 2269 2141 2341 πρεσϐείαν
2171 2267 2532 2340 στειλάμενοι.
2566 2269 2622 2322 Ὁ
2657 2269 2906 2322 ἘΠΙΣΚ.
2938 2267 3108 2339 Δεῦρο
3133 2267 3196 2340 δὴ
3221 2269 3428 2332 λοιπὸν,

1852 2352 2130 2422 ἱερώτατε,
2160 2352 2398 2422 ὑπόσχου
2441 2370 2530 2422 μοι
2580 2351 2671 2405 τὸν
2721 2350 2864 2416 νοῦν,
2916 2352 3193 2422 προσέχων
3243 2352 3430 2421 σαφῶς

1847 2438 1958 2498 τοῖς
1989 2435 2322 2506 λεγομένοις,
2372 2435 2466 2488 καὶ
2528 2434 2761 2506 καθεξῆς
2806 2452 2888 2488 σοι
2941 2435 3194 2504 γνωρίσω
3249 2437 3430 2504 πάσης

1848 2518 2152 2588 τραγι;.δῖας
2180 2519 2307 2581 τοὺς
2342 2520 2400 2570 ἐν
2431 2517 2579 2588 μέσῳ
2601 2518 2930 2586 σατυρικοὺς
2953 2517 3235 2588 θορύϐους,
3267 2517 3430 2570 πόθεν

1849 2619 1908 2655 τε
1923 2605 2021 2674 τῆς
2035 2601 2204 2672 μέθης
2220 2599 2474 2671 ἤρξαντο,
2496 2599 2590 2652 καὶ
2606 2599 2765 2670 μέχρι
2781 2600 2924 2662 τίνος
2936 2599 3118 2666 ἔδοξαν
3136 2601 3274 2652 παύε
3285 2599 3427 2664 σθαι,

1849 2686 2061 2739 οὐδέπω
2093 2685 2150 2738 δὲ
2183 2686 2511 2738 πέπαυνται.
2551 2683 2615 2736 Ἦ
2655 2683 2752 2753 μὲν
2790 2683 3044 2736 ἀπάντων
3088 2684 3196 2735 τῶν
3221 2684 3427 2744 κακῶν,

1851 2769 1926 2832 ὡς
1956 2767 2021 2822 ἂν
2070 2767 2216 2821 εἴποι
2247 2785 2352 2832 τις,
2408 2766 2621 2838 πηγὴῆ
2682 2767 2824 2838 ἀρχή
2879 2768 3024 2819 ἐστιν
3063 2768 3089 2819 ό
3141 2767 3432 2836 μισόκαλος

1851 2850 2078 2922 δαίμων,
2108 2851 2196 2904 ἀεὶ
2222 2851 2598 2922 ἀντιπράττων
2628 2849 2702 2914 ὼς
2733 2849 2896 2912 λύκος
2917 2851 3040 2911 ταῖς
3068 2849 3161 2903 τοῦ
3195 2850 3431 2920 Χριστοῦ

1850 2935 2093 3004 λογικαῖς
2131 2935 2372 3004 ἀγέλαις,
2425 2933 2818 3004 λυμαινόμενος
2872 2932 2970 3002 μὲν
3027 2932 3260 3002 ἀφειδῶς
3307 2935 3434 2999 τοὺς

1851 3018 2148 3089 ἐμπείρους
2197 3019 2306 3071 τῶν
2343 3017 2692 3084 ἀγελοκόμων
2737 3015 2764 3055 b
2809 3016 3002 3068 πάθεσι
3041 3016 3429 3088 πολυτρόποις,

1852 3100 2102 3170 καθάπερ
2126 3102 2154 3153 ὁ
2185 3099 2437 3170 βασιλεὺς
2464 3098 2570 3152 τῶν
2589 3099 2900 3166 Αἰγυπτίων
2926 3099 3050 3160 τοὺς
3067 3098 3299 3170 ἄρρενας
3323 3099 3432 3152 τῶν

1865 3183 2151 3244 Ἰουδαίων,
2187 3183 2451 3236 λιπαίνων
2483 3182 2539 3234 δὲ
2579 3185 2698 3244 ταῖς
2753 3181 2993 3244 ἀπάταις
3048 3183 3156 3235 τῶν
3205 3183 3298 3236 ἐπὶ
3334 3185 3437 3256 τῆς

1851 3269 1954 3339 γῆς
1997 3267 2200 3339 ἡδονῶν
2249 3265 2377 3329 τοῦς
2424 3265 2665 3333 φένακας
2709 3263 2816 3316 τῶν
2861 3263 3320 3335 ψευδοποιμένων.
3371 3268 3434 3320 Οἱ

1853 3351 1908 3404 δὲ
1943 3350 2078 3420 μετά
2104 3349 2276 3404 ταῦτα
2314 3349 2412 3418 τῆς
2451 3348 2692 3418 πονηράς
2722 3347 2906 3418 πηγῆς
2939 3346 3136 3416 ὀχετοὶ,
3177 3349 3252 3412 ὼς
3287 3349 3434 3414 ἄπας

1851 3439 1880 3489 ὁ
1923 3435 2204 3508 περίγειος
2260 3432 2547 3485 ἐπίσταται
2601 3429 2775 3500 χῶρος
2853 3431 2989 3482 εἰσὶν
3033 3430 3287 3494 Ἀκάκιος
3339 3433 3436 3487 καὶ

1865 3519 2133 3590 Ἀντίοχος
2159 3519 2252 3571 καὶ
2280 3515 2538 3584 Θεόφιλος
2567 3514 2660 3566 καὶ
2690 3513 3036 3584 Σευηριανὸς,
3076 3515 3124 3566 οί
3153 3513 3435 3585 λεγόμενοι

1858 3605 1954 3673 μὲν
1979 3603 2008 3656 ὃ
2049 3605 2122 3674 μὴ
2150 3601 2310 3663 εἰσὶν,
2339 3600 2491 3662 ὄντες
2523 3597 2579 3650 δὲ
2621 3596 2649 3650 ὃ
2695 3595 2952 3666 λέγεσθαι
2979 3597 3079 3650 οὐκ
3119 3597 3432 3668 ἀνέχονται·

1853 3687 1946 3740 τοῦ
1973 3687 2029 3740 δὲ
2057 3685 2336 3756 τάγματος
2368 3681 2477 3735 τῶν
2499 3680 2774 3749 κληρικῶν
2800 3680 3158 3751 πρεσϐύτεροι
3185 3679 3298 3744 δύο,
3324 3681 3435 3736 διά-

1854 3787 1998 3824 κονοι
2026 3768 2083 3822 δέ
2116 3768 2298 3828 πέντε,
2337 3767 2386 3819 οἱ
2421 3765 2518 3834 μὲν
2563 3761 2621 3827 ἐξ
2665 3761 3002 3833 ἀκαθάρτου,
3044 3764 3094 3815 οἰ
3137 3763 3193 3816 δὲ
3233 3765 3298 3818 ἐκ
3333 3781 3437 3818 κα-

1856 3854 2090 3910 κωτικοῦ
2122 3851 2357 3928 ἀριθμοῦ
2401 3848 2792 3917 συναγόμενον
2827 3847 2930 3898 οὐκ
2957 3845 3078 3901 οῖδα
3117 3847 3172 3899 δὲ
3207 3848 3256 3900 εἰ
3283 3849 3438 3902 ἀκίν-

1854 3941 2007 3994 δυνον
2027 3940 2154 4001 τοὺς
2167 3935 2442 3996 τοιούτους
2462 3933 2640 3996 λέγειν
2661 3929 3066 4001 πρεσϐυτέρους
3083 3931 3115 4002 ἢ
3138 3931 3436 3998 διακόνους·

1857 4025 1956 4096 τῆς
1985 4025 2041 4077 δὲ
2066 4021 2160 4076 τοῦ
2195 4019 2460 4091 βασιλέως
2491 4017 2662 4087 αὐλῆς
2691 4014 2785 4068 δύο
2815 4013 2848 4086 ἢ
2882 4017 3032 4084 τρεῖς
3053 4017 3224 4086 μόνοι,
3257 4017 3308 4071 οἳ
3347 4018 3442 4071 καὶ

1857 4109 2165 4180 ἐνεύρωσαν
2197 4107 2322 4167 “cng
2342 4101 2472 4173 περὶ
2493 4099 2772 4167 Θεόφιλον,
2806 4101 3171 4170 στρατιωτικῇ
3219 4097 3441 4170 βοηθείᾳ

1859 4179 2454 4258 συνεπαγωνιζόμενοι·
2488 4181 2762 4250 γυναικῶν
2795 4179 2852 4232 δὲ
2885 4179 3022 4250 πρὸς
3047 4183 3167 4244 ταῖς
3207 4181 3440 4251 φημιζο-

1861 4277 2048 4344 μέναις
2081 4273 2248 4341 τρεῖς,
2283 4267 2450 4338 χῆραι
2483 4264 2604 4334 μὲν,
2643 4260 3030 4344 ἀνδρόπλουτοι
3075 4263 3152 4324 δὲ,
3201 4263 3288 4316 ἐπ’
3325 4263 3441 4316 ὀλέ-

1856 4343 1971 4429 θρῳ
2000 4357 2101 4426 τῆς
2130 4349 2339 4406 ἑαυτῶν
2376 4345 2652 4418 σωτηρίας
2686 4343 2754 4398 τὰ
2793 4343 2852 4412 ἐξ
2888 4344 3144 4429 ἁρπαγῆς
3183 4347 3442 4416 χρήματα

1858 4427 2214 4510 κεκτημέναι,
2264 4431 2651 4505 ταραξάνδριαι
2691 4429 2786 4482 καὶ
2836 4427 3241 4495 ἀνασείστριαι’
3287 4429 3442 4499 Μάρ-

1860 4539 1926 4575 σα
1964 4509 2246 4588 Προμότου
2291 4515 2450 4584 γυνὴ,
2503 4511 2598 4565 καὶ
2644 4510 2961 4588 Καστρικία
3097 4509 3442 4588 Σατορνίνου.

1857 4601 1952 4668 καὶ
1983 4585 2294 4668 Ε’ὺγραφία,
2321 4589 2648 4668 ἀμφιμανής
2685 4605 2801 4668 τις·
2825 4587 2897 4642 τά
2922 4585 3170 4668 δὲλοιπά
3191 4586 3446 4657 αἰδοῦμαι

1860 4665 1954 4734 καὶ
1985 4665 2195 4746 λέγειν.
2211 4669 2384 4729 Αὗται
2408 4673 2502 4726 καὶ
2524 4665 2670 4724 οὗτοι
2693 4666 3084 4739 νωθροκάρδιοι
3108 4665 3262 4746 ὄντες
3292 4669 3350 4719 ὲν
3377 4669 3444 4738 τῇ

1861 4745 2067 4822 πίστει,
2085 4754 2338 4826 καθάπερ
2381 4749 2592 4820 φάλαγξ
2633 4747 2950 4819 οἰνομανὴς,
2997 4747 3076 4810 εἰς
3129 4745 3262 4814 μίαν
3325 4763 3450 4798 συν-

1861 4841 2118 4914 ἀχθέντες
2178 4829 2652 4914 μισοδιδασκαλίας
2708 4827 2972 4914 γνώμην,-
3007 4828 3305 4914 χεὶμξιρῤρν
3355 4830 3451 4880 ἀπ.

1859 4905 2054 4982 ω’λείας
2089 4905 2229 4971 κατὰ
2254 4913 2352 4983 τῆς
2385 4907 2845 4978 ἐκκλησιαστικῆς
2861 4907 3084 4978 εἰρήνης
3103 4905 3446 4977 εἰργάσαντο.

1873 5003 1930 5055 '0
1953 4999 2133 5054 AIAK.
2159 4992 2460 5063 Τοιγαροῦν
2482 4986 2888 5060 προθυμήθητι,
2907 4987 3112 5057 Πάτερ,
3131 4987 3220 5039 ἐπὶ
3244 5004 3452 5058 μαρτυ.

1867 5080 2085 5153 ροῦντος
2141 5074 2234 5128 τοῦ
2289 5071 2424 5124 Θεοῦ
2480 5070 2654 5122 εἰπεῖν
2707 5067 2866 5136 ἡμῖν.
2931 5066 3098 5118 πόθεν
3143 5083 3203 5119 τε
3247 5066 3453 5120 τούτων

1862 5144 1923 5214 ὲδ
1951 5157 2088 5228 πρὸς
2113 5153 2274 5208 αὐτόν
2309 5153 2483 5222 μῖσος,
2532 5148 2626 5202 καὶ
2658 5147 2741 5209 τίς
2775 5144 3081 5215 φιλονεικία
3113 5144 3206 5198 τοῦ
3237 5145 3456 5198 ἐπισκό-

1865 5256 1964 5294 που
2001 5223 2254 5290 Ἶωάννου
2281 5229 2522 5300 λυπῆσαι
2547 5224 2816 5287 τοσαύτας
2844 5223 3034 5287 ἀξίας*
3067 5223 3201 5293 ὁμοῦ
3233 5223 3290 5276 δὲ
3317 5225 3458 5300 γνὼο

1867 5333 2015 5388 ρισον
2043 5317 2195 5384 ἡμῖν,
2233 5309 2396 5364 πόθεν
2418 5299 2480 5388 τε
2515 5303 2724 5388 ἦρξατο
2747 5301 2844 5356 τοῦ
2872 5299 3454 5388 ⁸βίον,’καὶΔτι-ι“ἱ›ς.ῆχθη

1865 5379 1946 5462 εἰς
1966 5379 2595 5449 Κωνσταντινουπόλεως
2618 5382 3064 5462 ἐπισκοπὴν,καὶ
3095 5379 3259 5432 πόσον
3289 5381 3455 5450 ἐκρά-

1865 5455 1999 5544 τηῠσε
2026 5472 2242 5546 χρόνον,
2281 5469 2378 5523 καὶ
2423 5467 2608 5546 ὁποῖον
2643 5463 2706 5517 τὸ
2737 5461 2929 5546 τούτου
2963 5455 3128 5546 ἦθος,
3165 5460 3260 5546 καὶ
3284 5462 3376 5546 ’τίς
3423 5463 3457 5534 ἠ

1865 5538 1960 5610 τοῦ
1997 5538 2113 5624 β’ίῦυ
2148 5548 2468 5624 κατάλυσις,
2497 5545 2550 5624 εἰ
2572 5562 2634 5624 γε
2663 5540 3014 5624 κεκοίμηται,
3039 5538 3124 5624 ῶς
3163 5539 3454 5624 ἀκούομεν,

1869 5633 1930 5685 Εἰ
1963 5613 2056 5685 καὶ
2100 5627 2412 5698 ταμάλιστα
2443 5623 2531 5675 διά
2565 5615 2996 5698 πάντων-τρέχει
3037 5613 3318 5698 θαυμασία
3363 5620 3460 5672 καὶ

1867 5713 2124 5782 ἐνάρετος
2155 5693 2344 5779 μνήμη
2377 5716 2398 5742 ο
2427 5702 2521 5757 τοῦ
2548 5698 2758 5768 ἀνδρὸς,
2781 5693 2897 5748 ἀλλ’
2929 5695 3083 5765 ὅμως
3115 5695 3344 5768 σύνηθές
3369 5715 3458 5770 μοι

1930 5832 1960 5872 Β
1991 5831 2071 5880 Ms.
2103 5832 2222 5892 Reg.
2253 5826 2627 5892 ἀγελαιοκόμων.

1939 5899 1960 5925 ε
1989 5894 2152 5946 “alim
2175 5891 2344 5953 iegere
2381 5891 2510 5947 οήαη
2533 5897 2646 5932 cum
