4018 6412
243 333 297 388 Π
1275 327 1362 383 DE
1409 327 1564 381 VITA
1605 326 1665 380 S.
1707 323 1988 380 JOANXIS
2026 325 2529 381 CHRYSOS'I'OMI.
3487 337 3552 389 ut

236 444 540 512 horninibus
569 445 662 518 qui
697 445 996 514 vituperare
1021 451 1074 498 et
1115 439 1328 495 laudare
1361 451 1504 495 recte
1531 448 1792 494 noverunt
1815 481 1830 504 ,

237 553 342 592 rem
389 535 594 606 liquido
639 533 1004 606 cognoverim.
1054 532 1226 586 Ense.
1276 531 1456 585 Laudo
1502 530 1831 601 diligentiam

237 640 419 693 tuam,
476 627 875 682 distinctiOnem
929 639 1058 681 vero
1113 639 1217 677 non
1272 622 1534 689 admitto,
1595 623 1835 677 veritatis

234 719 599 774 amantissime
643 727 696 772 et
747 718 855 772 Deo
900 731 1023 771 care
1072 715 1152 769 vir
1196 714 1499 769 Theodore.
1538 713 1666 768 Nam
1721 713 1832 783 ipsa

235 809 456 864 canities
480 817 535 863 et
563 807 796 877 dignitas
825 816 1028 866 nostra.
1063 814 1119 860 ut
1147 805 1215 860 de
1241 821 1328 860 me
1358 805 1474 875 ipso
1501 805 1707 875 loquar,
1740 804 1832 858 tibi

233 902 478 956 sufﬁcere
495 899 779 961 debebant,
802 906 859 951 ut
875 913 998 952 vera
1029 911 1150 951 esse
1173 896 1428 951 crederes
1444 911 1561 966 qua:
1579 896 1828 950 dicimus.

235 990 495 1056 Quoniam
515 1004 643 1044 vero
660 988 712 1042 id
731 1003 835 1042 non
863 987 1056 1050 fecisti,
1075 995 1130 1042 et
1147 987 1228 1040 bis
1255 1003 1339 1043 me
1356 986 1466 1056 jam
1492 985 1830 1055 adjudicium

239 1080 327 1136 Dei
371 1095 569 1145 vocas;
606 1089 725 1150 post
768 1078 868 1133 hac
913 1077 1104 1132 saltem
1137 1077 1336 1130 omisso
1378 1077 1525 1130 omni
1571 1085 1830 1146 prwtexttt

235 1188 392 1228 aures
418 1173 547 1226 mihi
574 1171 944 1234 accnmmoda,
965 1185 1032 1224 ne
1064 1171 1114 1224 in
1134 1186 1327 1224 vanum
1360 1169 1608 1224 decurrat
1635 1171 1827 1224 oratio.

235 1265 356 1319 Sttio
385 1265 526 1320 enim
555 1279 676 1334 quae
720 1265 771 1318 in
803 1265 921 1332 lege
965 1263 1143 1317 divina
1192 1267 1391 1332 scripta
1439 1273 1562 1316 Sunt
1594 1280 1607 1316 :
1647 1262 1831 1316 Perdet

238 1356 375 1411 Deus
413 1374 586 1410 omnes
610 1357 696 1424 qui
734 1357 1005 1424 loquuntur
1049 1355 1363 1408 mendacium
1409 1366 1424 1427 ί
1455 1353 1596 1408 l’sal.
1628 1355 1680 1409 5.
1714 1356 1746 1410 7
1769 1361 1826 1425 );

236 1459 289 1502 ct
312 1447 451 1518 apud
479 1447 776 1518 apostolum
803 1446 1061 1502 Joannem
1087 1487 1103 1513 ,
1139 1446 1239 1514 Qui
1265 1447 1488 1511 loquitur
1513 1445 1830 1500 mendacium

234 1557 333 1594 non
356 1551 428 1594 est
452 1557 514 1594 ea:
543 1539 651 1594 Deo
679 1538 854 1611 (Joan.
875 1539 930 1594 8.
965 1537 1083 1611 54);
1111 1547 1165 1594 et
1181 1553 1367 1594 rursus
1390 1539 1529 1609 apud
1553 1539 1825 1601 Davidem,

237 1631 488 1697 Quoniam
531 1631 838 1684 obstructum
879 1640 952 1684 est
981 1647 1036 1684 os
1066 1631 1376 1701 loquentium
1415 1631 1591 1702 iniqua
1635 1628 1824 1702 (Psal.

233 1721 322 1778 εἰ.
358 1722 484 1792 12).
518 1723 725 1778 Revera
765 1723 906 1778 enim
951 1722 1130 1792 inique
1172 1723 1280 1793 agit
1307 1723 1397 1793 qui
1427 1723 1560 1778 fallit
1595 1738 1716 1778 eum
1742 1724 1825 1777 cui

235 1816 544 1885 persuadet;
573 1825 627 1870 et
656 1817 743 1886 qui
769 1815 939 1870 credit
968 1816 1265 1879 mentienti,
1299 1815 1459 1870 etiam
1493 1817 1671 1885 inique
1695 1819 1821 1884 agit,

232 1906 356 1960 dttm
375 1907 526 1962 facile
542 1906 730 1962 credit.
750 1905 882 1961 Cum
909 1907 1066 1977 igitur
1081 1907 1360 1976 {equaliter
1378 1917 1600 1976 uterque
1618 1916 1822 1976 peccet,

232 2011 420 2056 neuter
446 2009 689 2056 nostrum
733 2000 924 2069 injuria
954 1998 1153 2054 alliciat
1194 1999 1516 2069 proximum.
1547 1999 1641 2053 Est
1683 1998 1825 2054 enim

235 2093 346 2146 haec
391 2093 559 2148 virtus
584 2135 597 2156 ,
628 2091 855 2147 dicentis
901 2091 1118 2162 quidem
1152 2107 1276 2146 vera
1323 2090 1468 2162 loqui
1492 2134 1506 2154 ,
1538 2091 1654 2162 ejus
1700 2107 1826 2148 vero

233 2186 320 2254 qui
365 2184 549 2251 audit,
602 2183 778 2254 iniqua
827 2183 1138 2254 dijudicare.
1192 2183 1379 2238 Estote
1426 2182 1608 2247 enim,
1657 2184 1825 2253 inquit

232 2276 524 2347 Scriptura,
550 2278 700 2347 probi
720 2278 1007 2346 trapezitae,
1028 2275 1216 2331 falsum
1235 2292 1265 2332 a
1288 2276 1454 2346 probo
1486 2276 1784 2344 rejicientes
1809 2292 1821 2328 :

231 2383 336 2423 non
385 2379 439 2423 ut
471 2367 662 2424 tinnitu
689 2370 1029 2440 explorantcs
1055 2369 1286 2424 sonitum
1331 2369 1656 2438 accipiamus
1680 2409 1695 2433 ,
1729 2367 1823 2423 sed

232 2472 288 2516 ut
316 2463 365 2515 in
400 2461 488 2516 Dei
537 2462 728 2517 timore
771 2477 892 2520 cum
923 2471 1067 2518 recta
1094 2462 1423 2518 c0nscientia
1464 2462 1641 2516 onmia
1684 2463 1823 2517 dicta

230 2563 319 2607 aut
336 2554 530 2623 scripta
553 2553 928 2622 ponderantes,
949 2570 1129 2609 rerum
1148 2553 1428 2609 veritatem
1448 2555 1820 2624 suscipiamus.

230 2645 452 2698 Aurium
475 2654 528 2699 et
555 2644 746 2714 lingua:
771 2661 1020 2715 magnum
1051 2645 1352 2715 periculum
1378 2655 1463 2701 est
1493 2663 1507 2697 :
1543 2646 1662 2702 ideo
1687 2647 1826 2716 Opti-

230 2751 349 2790 nms
397 2752 574 2792 rerum
622 2737 812 2793 artifex
864 2739 1003 2792 Deus
1051 2739 1280 2808 linguam
1329 2753 1359 2792 a
1407 2737 1617 2793 duobus
1664 2739 1826 2794 labris

231 2826 454 2882 interius
478 2827 584 2882 fixo
607 2828 842 2884 dentimn
869 2839 1022 2898 septo
1047 2827 1304 2884 custodiri
1328 2830 1534 2896 statuit,
1569 2840 1625 2885 ut
1655 2841 1823 2886 tutum

230 2918 358 2971 illud
391 2918 694 2987 pnesidium
724 2919 843 2988 ejus
867 2919 1171 2976 facilitatem
1203 2931 1495 2986 coerceret,
1527 2922 1823 2978 secundum

230 3011 281 3064 id
307 3011 449 3081 quod
476 3013 732 3082 scriptum
762 3022 846 3068 est
877 3031 891 3066 :
923 3012 1068 3067 Pone
1092 3053 1107 3078 ,
1141 3013 1356 3068 Domine
1379 3056 1393 3080 ,
1439 3015 1721 3069 custodiam
1747 3017 1824 3070 ori

226 3119 336 3156 meo
360 3143 378 3168 ,
406 3113 450 3156 et
477 3104 660 3157 ostium
695 3104 990 3158 munitionis
1014 3105 1148 3158 circa
1175 3105 1310 3158 labia
1338 3122 1448 3160 mea
1475 3107 1491 3177 (
1520 3104 1665 3160 Psal.
1700 3107 1820 3162 140.

226 3197 260 3250 3
285 3197 303 3264 )
330 3238 346 3259 ,
405 3205 461 3250 ut
499 3213 604 3250 non
633 3197 940 3267 delinquam
973 3199 1026 3252 in
1069 3197 1244 3268 lingua
1277 3214 1415 3254 mea.
1446 3199 1667 3253 Aut-ium
1695 3215 1823 3254 vero

228 3287 470 3339 foramen
503 3289 737 3341 tlexuose
766 3289 1014 3354 tornavit,
1047 3287 1211 3358 figura
1239 3288 1351 3358 ipsa
1381 3289 1685 3359 significans
1717 3305 1822 3344 non

226 3379 332 3430 cito
381 3376 767 3432 admittendum
819 3392 940 3434 esse
987 3395 1334 3447 sermonem,
1367 3390 1424 3435 ut
1469 3381 1594 3436 dum
1627 3381 1824 3437 diutius

227 3467 495 3532 volvitur,
543 3468 808 3524 mendacii
855 3471 1132 3526 materiam
1165 3486 1285 3527 cum
1330 3473 1546 3527 malitize
1576 3474 1824 3528 soi-dibus

226 3560 417 3614 leviter
447 3561 743 3615 insinuatus
785 3560 854 3616 ad
890 3563 1098 3616 aurium
1127 3561 1330 3618 aditum
1376 3563 1660 3635 relinquat.
1707 3565 1821 3620 Non

220 3650 401 3705 solum
445 3659 622 3705 autem
670 3651 858 3706 horum
905 3652 1384 3708 instrumentorum
1425 3668 1608 3709 curant
1643 3655 1826 3710 habuit

228 3741 392 3807 Deus,
425 3743 573 3812 quasi
607 3742 719 3798 sola
750 3751 1054 3813 peccarent,
1085 3743 1180 3798 sed
1208 3754 1262 3798 et
1302 3744 1576 3799 oculorum
1613 3746 1825 3814 pupillis

228 3831 393 3885 veluti
443 3834 690 3888 fenestris
736 3834 1002 3889 velamina
1049 3836 1334 3905 apposuit,
1368 3851 1436 3890 ne
1483 3836 1825 3906 impudicitiae

225 3931 458 3977 mortem
487 3922 806 3988 admittant,
838 3939 997 3994 quam
1038 3926 1296 4002 propheta
1340 3935 1563 3982 testatur
1591 3928 1776 3982 dicens
1809 3947 1821 3982 :

230 4012 378 4067 Mors
419 4015 644 4067 ascendit
668 4030 759 4079 per
787 4015 1031 4085 fenestras
1062 4015 1204 4088 (Jer.
1237 4017 1291 4073 9.
1323 4018 1383 4072 21
1410 4017 1450 4090 ).
1487 4019 1636 4074 Duc.
1663 4022 1716 4076 Si
1760 4021 1827 4076 de

225 4103 431 4173 vulgari
481 4119 544 4159 ac
589 4104 718 4159 levis
765 4107 1020 4160 momenti
1065 4109 1278 4178 negotio
1326 4108 1600 4179 inquisitio
1641 4120 1821 4177 esset,

224 4195 593 4251 sacratissime
629 4192 820 4263 Pater,
865 4197 1134 4254 sufficeret
1174 4197 1459 4268 adspectus
1504 4201 1577 4254 tui
1619 4204 1827 4270 species

223 4286 297 4340 ad
329 4286 626 4343 faciendam
672 4289 849 4342 verbis
897 4292 999 4344 tuis
1041 4289 1202 4346 fidem
1235 4305 1249 4344 :
1283 4291 1376 4346 sed
1406 4293 1658 4362 quoniam
1703 4311 1823 4350 cum

222 4377 296 4433 de
327 4379 548 4434 veritate
593 4379 909 4450 inquiritur,
945 4397 1049 4436 non
1096 4384 1374 4439 minimam
1424 4399 1567 4440 nunc
1609 4386 1824 4456 quidem

224 4470 700 4539 reprehensionem
729 4471 905 4539 affert,
934 4485 1117 4544 postea
1148 4491 1274 4531 vero
1299 4476 1826 4545 condemnationem,

219 4563 605 4618 assistentibus
619 4565 775 4620 simul
797 4566 1122 4636 principibus
1139 4578 1188 4622 et
1225 4569 1434 4639 pepulis
1451 4577 1574 4624 ante
1593 4580 1828 4625 tremen-

219 4655 355 4710 dum
387 4657 617 4714 tribunal
649 4676 662 4712 :
696 4659 910 4729 ignosce
953 4660 1082 4715 mihi
1108 4704 1121 4725 ,
1152 4663 1355 4732 optimc
1379 4703 1395 4727 ,
1429 4672 1527 4718 ne‘c
1557 4662 1686 4717 mihi
1732 4679 1827 4718 ca-

221 4764 328 4804 nos
353 4751 574 4821 capillos
599 4759 763 4807 testes
789 4752 969 4823 profer
1002 4771 1015 4808 :
1049 4765 1347 4810 senuerunt
1371 4755 1514 4810 enim
1541 4757 1702 4810 etiam
1731 4757 1830 4810 itu-

175 4908 183 4921 _
221 4841 382 4913 probi
423 4843 514 4912 qui
561 4858 669 4898 non
713 4844 946 4900 animam
976 4845 1260 4901 virtutibus
1303 4862 1492 4902 canam
1543 4848 1825 4914 fecerunt,

216 4931 320 4988 sed
349 4947 576 5004 corpora
620 4936 879 5004 temporis
905 4936 1258 4993 diuturnitate
1301 4939 1448 5008 rugis
1491 4950 1778 4995 exararunt
1811 4958 1823 4993 :

216 5027 415 5095 quales
462 5035 616 5081 erant
663 5027 715 5082 in
762 5026 1032 5099 Babylone
1083 5028 1198 5083 falsi
1244 5045 1440 5096 senes,
1486 5040 1539 5085 et
1583 5031 1633 5084 in
1672 5029 1827 5086 Jere-

218 5117 331 5171 mia
369 5117 619 5186 Ephraim
645 5159 661 5184 ,
690 5117 757 5172 de
783 5134 890 5190 quo
919 5119 1252 5190 exprobrans
1278 5120 1552 5191 Scriptura
1582 5122 1780 5176 clamat
1811 5139 1824 5176 :

170 5217 179 5242 ι
215 5205 482 5277 Epkraim
527 5209 758 5264 columba
797 5211 1063 5283 insipiens,
1097 5229 1196 5266 non
1237 5213 1423 5266 habens
1462 5231 1549 5268 eor
1571 5231 1590 5269 :
1622 5216 1829 5269 canities

213 5299 325 5359 ipsi
348 5299 571 5368 aduenit,
605 5300 713 5372 ipse
749 5317 864 5356 vero
903 5319 1004 5357 non
1047 5304 1278 5374 cognovit
1323 5303 1478 5375 (Osee
1518 5307 1568 5358 7.
1612 5307 1692 5360 ll.
1743 5306 1824 5375 9).

215 5389 426 5445 lterum
453 5405 582 5446 vero
605 5393 850 5464 asperius
874 5395 1043 5450 dixit:
1074 5393 1264 5450 Factus
1287 5407 1360 5450 est
1393 5396 1642 5465 Epitraim
1681 5402 1829 5469 panis

212 5481 613 5547 subcincn’cius,
656 5488 743 5555 qui
772 5502 873 5540 non
895 5487 1224 5556 convertitur,
1255 5497 1302 5542 et
1325 5489 1480 5543 alieni
1504 5493 1828 5546 comederunt

213 5573 378 5627 robur
407 5579 520 5646 ejus
537 5573 705 5647 (Ibid.
727 5593 780 5632 v.
804 5577 858 5633 8.
874 5578 958 5642 9).
988 5578 1120 5634 lllud
1147 5595 1360 5651 quoque
1379 5580 1594 5648 addam,
1619 5583 1828 5638 etiamsi

209 5682 404 5722 sermo
437 5668 530 5724 tiat
565 5669 775 5740 longior
803 5687 814 5723 :
854 5671 975 5741 quis
1004 5674 1174 5743 magis
1211 5663 1412 5739 canus:
1444 5683 1537 5729 aut
1565 5674 1682 5744 quis
1714 5676 1828 5730 visu

211 5762 524 5818 modestior
549 5763 743 5818 Acacio
763 5761 1063 5833 Dercenni,
1091 5778 1251 5835 quem
1274 5778 1370 5821 vos
1395 5779 1538 5821 nunc
1562 5767 1826 5824 accusatis

1946 448 2004 492 ut
2029 437 2307 493 seditionis
2335 447 2628 504 auctorem,
2651 449 2705 496 et
2728 439 2909 497 delicti
2937 458 3123 499 eorum
3141 443 3332 500 ducem
3353 450 3442 516 qui
3463 465 3550 503 res

1945 542 2110 583 novas
2137 529 2477 584 excitarunt?
2518 530 2671 600 cujus
2709 533 2790 588 vel
2831 549 2991 590 nares
3036 537 3166 606 ipsa:
3195 553 3358 594 canos
3391 539 3546 595 habe-

1944 618 2070 674 bant
2095 621 2230 689 pilos
2259 621 2620 692 longissimos,
2651 637 2773 677 cum
2811 624 3032 680 Romam
3058 629 3204 683 venit
3241 629 3418 685 ferens
3446 646 3540 685 or-

1941 711 2230 767 dinationis
2275 712 2500 769 Joannis
2541 714 2777 786 episcopi
2818 717 3112 773 decretum.
3172 721 3347 776 Ertsc.
3393 723 3546 778 Nunc

1939 803 2086 858 clare
2117 806 2238 860 novi
2265 815 2314 860 te
2341 807 2565 875 probum
2594 821 2714 862 esse
2744 809 3072 877 trapezitam,
3106 812 3194 880 qui
3227 829 3332 866 non
3354 813 3544 869 credas

1943 895 2172 965 pelliceo
2205 899 2573 965 tabernaculo,
2598 899 2693 954 sed
2721 900 3000 955 scientiam
3028 902 3145 972 ejus
3163 905 3252 973 qui
3283 904 3542 960 inhabitat

1942 988 2198 1060 inquiras.
2254 989 2465 1044 Etenim
2491 1000 2546 1045 et
2571 989 2948 1062 Egyptiorum
2977 993 3172 1062 templa
3211 996 3540 1065 amplissima

1938 1094 2058 1133 cum
2090 1081 2216 1143 sint,
2247 1092 2302 1137 et
2333 1082 2568 1153 lapidum
2605 1085 2784 1152 specie
2814 1099 2874 1139 se
2899 1086 3124 1154 jacteut,
3168 1087 3313 1141 intus
3357 1089 3541 1142 simias

1941 1171 2139 1226 habent
2172 1182 2226 1227 et
2267 1173 2381 1228 ibes
2416 1184 2471 1229 et
2503 1189 2666 1229 canes
2693 1191 2788 1244 pro
2818 1175 2941 1230 diis.
2985 1175 3253 1233 Caeterum
3287 1181 3540 1234 Dominus

1938 1272 2122 1316 noster
2181 1273 2235 1318 et
2286 1264 2424 1318 Deus
2479 1265 2703 1334 loquens
2767 1266 3002 1322 Samueli
3048 1269 3116 1323 de
3162 1269 3540 1325 constituendo

1937 1351 2074 1408 duce
2121 1353 2356 1423 lsraelis,
2405 1355 2650 1425 praecipit
2702 1372 2771 1412 ne
2839 1359 3144 1414 consideret
3203 1362 3438 1417 habitent
3484 1375 3538 1416 et

1937 1440 2248 1513 figmentum
2293 1445 2419 1500 lutei
2467 1449 2737 1514 corporis,
2779 1449 2964 1504 dicens
3001 1467 3014 1503 :
3061 1449 3181 1505 Non
3219 1451 3350 1506 sicut
3387 1454 3538 1508 homo

1936 1535 2117 1588 videbit
2145 1535 2282 1590 Deus
2309 1553 2328 1592 :
2355 1538 2506 1592 homo
2537 1541 2670 1594 enim
2695 1542 2748 1594 in
2783 1544 2987 1612 facient,
3016 1542 3151 1597 Deus
3172 1555 3342 1598 autem
3371 1546 3422 1598 in
3452 1563 3538 1599 cor

1935 1624 2003 1696 (ll
2031 1625 2161 1697 Reg.
2211 1629 2300 1682 16.
2352 1631 2429 1698 7).
2475 1633 2652 1698 Quare
2702 1634 2792 1702 qui
2844 1634 2894 1687 in
2951 1635 3102 1689 omni
3157 1653 3215 1691 re
3265 1638 3540 1693 imitantur

1937 1718 2126 1784 Deum,
2158 1722 2414 1776 interiora
2449 1735 2877 1792 pcrscrutautur.
2909 1727 3061 1782 Unde
3083 1745 3166 1783 me
3193 1729 3285 1783 tibi
3311 1731 3540 1784 libenter

1933 1815 2206 1881 permitto,
2249 1816 2337 1884 qui
2367 1816 2622 1870 trutinam
2656 1825 2800 1872 tuam
2831 1819 2883 1872 in
2930 1829 3175 1874 neutram
3217 1832 3422 1890 partem
3459 1823 3539 1875 in-

1932 1904 2132 1959 clinare
2155 1907 2568 1974 exploraverim.
2619 1906 2898 1979 Babylonii
2925 1924 3078 1973 vero,
3125 1925 3284 1966 senes
3315 1912 3532 1980 quidem

1932 2008 2180 2064 corpore,
2196 1996 2375 2050 animo
2399 2006 2578 2052 autem
2597 1999 2668 2052 ob
2681 2008 2950 2069 stuporem
2977 2002 3262 2057 admodum
3280 2002 3530 2066 infantes,

1931 2087 1977 2141 si
1996 2096 2329 2143 mortuorum
2353 2091 2734 2146 resurrectioni
2752 2091 3130 2160 credidissent,
3154 2095 3300 2163 prius
3315 2095 3532 2165 quidem

1933 2177 2245 2236 habuissent
2289 2195 2475 2236 sanam
2504 2183 2846 2251 sapientiam,
2891 2199 2991 2240 nec
3032 2183 3394 2254 deperiissent
3429 2187 3535 2240 Sn-

1931 2285 2153 2328 sannam
2208 2273 2430 2330 alterius
2463 2290 2686 2331 uxorem
2721 2293 2734 2328 :
2769 2275 2999 2342 deinde,
3049 2277 3093 2332 si
3142 2278 3233 2333 Dei
3285 2278 3532 2332 timorem

1889 2429 1893 2434 ε
1933 2365 2278 2430 habuissent,
2327 2366 2678 2437 impudicitia:
2732 2384 2846 2424 sum
2886 2385 3172 2439 numquam
3212 2371 3532 2424 calumniam

1930 2456 2318 2526 adjunxissent.
2352 2457 2588 2514 Infamia:
2618 2460 2670 2514 in
2700 2473 2831 2516 sene
2863 2461 3118 2515 indicium
3150 2470 3248 2526 est,
3283 2460 3532 2530 juvenilis

1931 2546 2116 2601 formae
2143 2549 2436 2618 corruptio.

2001 2639 2128 2694 Car.
2149 2655 2200 2693 ν.
2218 2669 2288 2680 -
2301 2639 2536 2697 Joannes
2555 2641 2642 2695 ille
2657 2657 2856 2712 genere
2868 2642 3084 2712 quidem
3102 2654 3218 2700 erat
3236 2645 3496 2700 Antioche
3510 2675 3530 2686 -

1931 2747 2033 2784 nus
2065 2730 2330 2801 (mortuus
2356 2732 2499 2786 enim
2527 2733 2653 2804 est),
2686 2743 2842 2787 natus
2867 2748 2898 2789 e
2920 2735 3249 2804 parentibus,
3268 2737 3356 2806 qui
3378 2737 3533 2791 nobi-

1931 2824 2053 2879 liter
2071 2825 2320 2880 vixerunt
2339 2825 2389 2879 in
2407 2825 2586 2879 officio
2601 2824 2840 2896 magistri
2863 2827 3090 2881 militum
3110 2827 3302 2899 Syriae,
3320 2829 3458 2900 patri
3480 2831 3531 2883 iu

1930 2917 2101 2972 lucem
2126 2917 2303 2972 editus
2341 2926 2466 2988 post
2485 2932 2750 2973 sororem.
2785 2916 2918 2972 Cum
2945 2928 3124 2974 autem
3150 2927 3295 2975 esset
3321 2921 3533 2989 ingenio

1928 3008 2194 3064 solertiori
2217 3049 2232 3072 ,
2264 3023 2386 3064 sese
2412 3009 2466 3063 in
2511 3009 2786 3064 literarum
2819 3009 2998 3064 studio
3043 3011 3291 3066 exercuit
3339 3011 3405 3064 ad
3438 3027 3529 3064 sa-

1929 3115 2145 3156 crarum
2201 3099 2604 3170 Scripturarum
2654 3102 3034 3156 ministerium.
3069 3102 3203 3158 llinc
3249 3102 3434 3158 decem
3479 3113 3534 3158 ct

1929 3203 2051 3247 octo
2078 3205 2248 3246 annos
2277 3199 2462 3256 natus,
2510 3206 2541 3245 a
2583 3191 2860 3260 sOphistis,
2892 3193 2982 3262 qui
3011 3195 3232 3248 voculas
3271 3204 3491 3264 captant
3513 3237 3527 3258 ,

1929 3282 2152 3338 descivit
2186 3301 2199 3336 :
2231 3283 2317 3338 ubi
2369 3299 2498 3337 vero
2545 3292 2725 3337 mente
2755 3283 2892 3337 virili
2925 3282 3059 3348 fuit,
3109 3299 3294 3341 amore
3339 3296 3528 3357 captus

1934 3382 2019 3428 est
2057 3388 2330 3429 sacrarum
2369 3371 2691 3428 Literarum.
2721 3373 2956 3429 l’razerat
2983 3384 3108 3429 tunc
3138 3377 3393 3445 temporis
3417 3380 3516 3429 An-

1931 3465 2194 3521 tiocheam
2223 3466 2477 3520 Ecclesire
2503 3465 2692 3520 beatus
2715 3465 2960 3522 Meletius
2985 3465 3292 3528 Confessor.
3325 3483 3523 3536 genere

1935 3556 2230 3612 Armenius
2265 3575 2280 3612 :
2311 3557 2402 3626 qui
2432 3557 2868 3612 animadvertens
2885 3558 3096 3626 juvenis
3119 3558 3263 3613 illius
3294 3560 3420 3614 felix
3447 3560 3528 3613 in-

1929 3649 2178 3719 genium,
2213 3660 2268 3703 et
2298 3649 2699 3718 pulchritudine
2731 3651 2927 3704 mentis
2975 3651 3118 3706 illius
3158 3661 3375 3721 captus,
3408 3670 3530 3722 pcr-

1930 3739 2180 3794 mittcbat
2210 3741 2258 3794 ei
2291 3750 2349 3796 ut
2381 3756 2564 3796 secum
2595 3741 2809 3795 assidue
2837 3754 3164 3808 versaretur,
3197 3743 3396 3798 lumine
3418 3760 3532 3814 pro

1931 3830 2151 3901 phetico
2179 3833 2479 3901 prnsvidens
2503 3833 2714 3903 juvenis
2747 3834 2888 3888 illius
2918 3850 3249 3890 successum.
3281 3835 3413 3891 Cum
3439 3851 3531 3890 vo-

1932 3938 1995 3977 ro
2023 3931 2134 3978 tres
2159 3939 2330 3979 annos
2350 3923 2564 3978 assidue
2592 3923 2731 3994 apud
2763 3941 2885 3979 eum
2913 3925 3238 3990 mansisset,
3269 3941 3424 3981 sacro
3457 3931 3528 3981 Ia-

1934 4029 2096 4070 vacro
2127 4014 2197 4070 ab
2225 4015 2418 4072 eodem
2444 4015 2682 4070 initiatus
2707 4058 2721 4084 ,
2753 4016 2920 4072 lector
2950 4027 3314 4087 promovetur.
3335 4018 3524 4074 Verum

1933 4107 2244 4178 impellente
2269 4121 2390 4162 eum
2421 4107 2604 4161 animo
2628 4150 2642 4172 ,
2675 4119 2729 4161 ut
2755 4118 3041 4163 contentus
3062 4124 3168 4164 non
3193 4117 3312 4164 erat
3333 4110 3524 4164 civita-

1933 4201 2000 4255 tis
2045 4201 2316 4254 labox-ihus
2343 4241 2358 4265 ,
2407 4200 2458 4252 in
2503 4201 2699 4254 ardore
2740 4201 3073 4268 juventutis,
3121 4202 3331 4256 tametsi
3374 4217 3524 4272 mens

1930 4307 2058 4347 sana
2087 4302 2230 4346 esset
2259 4333 2274 4357 ,
2307 4291 2371 4345 ad
2407 4291 2612 4345 vicinos
2643 4300 2852 4347 montes
2879 4292 3009 4346 adit.
3044 4293 3140 4348 llic
3176 4308 3298 4349 cum
3335 4295 3386 4347 in
3418 4295 3519 4364 Sy-

1939 4399 2057 4437 rum
2109 4382 2395 4452 quemdam
2449 4382 2726 4438 incidisset
2783 4383 3139 4438 severissima:
3185 4385 3524 4439 continentia

1931 4489 2160 4538 senem,
2207 4473 2424 4529 duriora
2460 4474 2580 4528 vita:
2630 4474 2748 4544 ejus
2799 4475 3041 4530 instituta
3089 4476 3326 4530 imitatur
3371 4493 3524 4530 amns

1931 4575 2180 4638 quatuor,
2231 4582 2366 4636 quos
2412 4565 2553 4639 apud
2605 4567 2776 4637 ipsum
2806 4609 2820 4632 ,
2873 4567 3081 4621 luctans
3121 4584 3244 4622 cum
3286 4569 3524 4638 volupta—

1934 4669 2044 4714 tum
2075 4661 2319 4714 cantibus
2344 4702 2358 4725 ,
2411 4659 2628 4731 exegit:
2661 4676 2793 4730 quas
2835 4660 2925 4714 ubi
2978 4660 3186 4717 facilius
3211 4704 3224 4725 ,
3273 4677 3378 4717 non
3424 4673 3529 4717 tam

1934 4753 2114 4807 labore
2142 4768 2301 4821 quam
2335 4752 2558 4814 ratione,
2589 4751 2859 4820 superavit
2883 4793 2898 4817 ,
2933 4761 3042 4805 tum
3073 4755 3298 4808 secessit
3328 4757 3378 4808 in
3407 4768 3524 4822 ειη·

1935 4844 2146 4899 lttncam
2173 4845 2320 4898 solus
2343 4885 2358 4910 ,
2387 4843 2708 4899 delitescere
2729 4847 2970 4914 cupit-ns.
3000 4844 3114 4901 lllic
3157 4861 3327 4901 annos
3357 4863 3504 4900 tuora

1935 4947 2020 4992 tus
2047 4949 2131 4992 est
2155 4937 2289 4990 duos
2312 4978 2327 5000 ,
2351 4937 2546 5007 quibus
2577 4937 2836 4991 insomnis
2864 4945 2920 4990 ut
2949 4937 3231 5007 plurimum
3264 4938 3529 5006 perstitit,

1933 5027 2134 5085 Christi
2187 5037 2604 5092 testamentum,
2650 5043 2758 5098 quo
2803 5029 3156 5098 ignorantiam
3203 5029 3528 5098 expelleret,

1934 5120 2240 5176 addiscens.
2283 5119 2416 5175 Cum
2467 5129 2579 5174 toto
2617 5120 2709 5174 illo
2745 5119 2959 5175 biennio
3006 5136 3106 5175 nec
3139 5120 3404 5184 interdiu,
3436 5135 3532 5173 nec

1935 5223 2096 5269 noctu
2117 5212 2460 5267 decubuissct
2493 5229 2506 5265 :
2536 5213 2780 5284 proxima
2807 5213 2978 5266 ventri
3009 5213 3056 5266 ei
3088 5222 3210 5268 sunt
3247 5220 3487 5266 emortua
3516 5254 3530 5273 ,

1935 5305 2346 5374 lumborumque
2374 5303 2513 5359 vires
2546 5321 2654 5374 prze
2698 5304 2896 5374 frigore
2926 5303 3236 5373 proﬂigata}.
3272 5300 3406 5353 Cum
3437 5315 3503 5354 an

1937 5407 2044 5454 tem
2065 5396 2167 5452 sibi
2190 5411 2347 5465 opem
2369 5395 2508 5451 ferre
2531 5412 2634 5450 non
2660 5405 2874 5466 posset,
2900 5407 3086 5449 rursus
3113 5391 3531 5448 ecclesiasticum

1937 5499 2148 5560 portum
2205 5488 2578 5560 apprehendit.
2628 5490 2801 5560 Atque
2849 5488 2898 5542 id
2943 5486 3138 5541 divina:
3183 5484 3534 5554 providentia:

1935 5601 2069 5654 Opus
2101 5584 2198 5638 fuit
2219 5626 2232 5649 ,
2265 5601 2383 5656 qua:
2411 5583 2476 5638 ad
2501 5583 2780 5638 utilitatem
2821 5578 3074 5635 Ecclesia:
3104 5593 3226 5633 eum
3259 5593 3354 5650 per
3383 5579 3502 5632 intir
3523 5608 3545 5617 -

1935 5678 2177 5732 mitatem
2226 5692 2255 5730 a
2318 5676 2630 5731 monasticae
2679 5674 2804 5728 vitae
2853 5669 3130 5726 laboribus
3177 5671 3401 5728 retraxit
3431 5685 3445 5719 τ
3476 5681 3533 5723 ut

1939 5773 2258 5831 necessitate
2280 5769 2564 5829 impeditus
2583 5808 2600 5834 ,
2638 5781 2667 5820 a
2697 5765 2966 5835 speluncis
2998 5765 3335 5822 avelleretur.
3367 5763 3492 5818 Inde
3519 5803 3532 5824 ,
