4018 6426
518 338 579 392 l9
1778 335 1995 390 PALLA
2007 334 2090 391 Dll

2225 335 2470 393 lLOGUB
3738 339 3807 395 ευ

519 457 792 517 postquam
814 446 962 499 altari
989 458 1159 498 annos
1183 444 1422 515 quinque
1448 446 1805 501 ministrasset
1831 488 1846 512 ,
1875 463 1903 500 a
1932 446 2099 502 Meie-

518 542 588 593 tio
616 539 870 592 diaconus
898 534 1197 589 ordinatur.
1246 534 1512 590 Caeterum
1541 578 1554 601 ,
1603 550 1723 590 cum
1763 537 1882 606 ejus
1907 536 1973 592 ad
2003 538 2104 592 do-

517 628 739 683 cendum
772 624 993 679 facultas
1033 625 1143 695 jam
1196 626 1612 691 inclaresceret,
1662 636 1717 682 et
1760 628 1985 698 populus
2035 643 2104 683 ex

517 720 696 772 smculi
726 717 1089 773 amaritudine
1122 718 1464 774 dulcesceret
1492 719 1610 788 ejus
1650 720 2057 774 conversatione
2091 737 2105 773 :

516 826 545 863 a
591 810 842 864 Flaviano
890 810 1142 878 episcopo
1188 811 1470 880 presbyter
1522 811 1821 869 ordinatur.
1869 811 2110 881 Cumque

518 900 800 954 duodecim
843 915 1013 954 annos
1053 900 1105 953 in
1150 900 1390 955 Ecclesia
1453 902 1752 956 Antiochia:
1786 902 2107 965 cll'ulsisset,

518 1000 704 1046 exacta
724 992 843 1045 vitae
863 1005 1047 1045 norma
1066 991 1268 1045 clerum
1286 991 1702 1047 Antiochensem
1727 992 1985 1047 illustrat:
2017 993 2112 1047 hos

520 1083 795 1151 sapientiae
821 1085 933 1139 ε;ι1ε
958 1084 1240 1149 condiens,
1260 1085 1358 1139 hos
1378 1086 1617 1140 doctrina
1642 1087 1969 1149 illuminans,
1994 1086 2113 1140 illos

527 1175 759 1244 Spiritus
788 1177 958 1231 sancti
981 1176 1226 1231 laticibus
1249 1178 1495 1248 irrigans.
1523 1178 1657 1232 Dum
1684 1179 1797 1232 hare
1822 1178 1887 1232 ad
1919 1178 2114 1232 Christi

529 1266 767 1321 fidelium
796 1267 1236 1337 gubernationem
1264 1270 1464 1338 optime
1492 1269 1571 1324 sic
1605 1270 1925 1335 succedunt,
1955 1269 2116 1322 mori-

530 1369 618 1412 tur
643 1359 831 1414 beatus
856 1359 1136 1415 Nectarius
1158 1402 1172 1426 ,
1207 1362 1489 1431 episcopus
1513 1361 2117 1429 Cnnstantinnpolitame

531 1449 808 1504 licclesim.
842 1449 994 1505 Tunc
1022 1460 1348 1505 concurrunt
1391 1452 1606 1521 quidam
1634 1452 1723 1521 qui
1773 1466 1878 1505 non
1908 1465 2117 1519 quaere-

527 1539 753 1604 bantur,
778 1540 1072 1595 ambientes
1095 1542 1461 1611 episcopatum
1481 1583 1495 1605 ,
1528 1543 1624 1596 viri
1653 1541 1869 1611 quidam
1898 1541 2119 1596 minime

536 1631 672 1695 viri,
704 1632 1002 1703 presbyteri
1034 1633 1249 1699 quidem
1284 1632 1561 1703 dignitate,
1592 1634 1685 1687 sed
1712 1632 2010 1687 sacerdotio
2040 1633 2119 1686 in-

526 1724 669 1791 digni
706 1724 821 1777 :alii
849 1724 1158 1793 praetorium
1192 1725 1472 1795 fatigantes
1495 1767 1510 1792 ,
1553 1726 1641 1779 alii
1689 1725 1846 1779 donis
1878 1738 2117 1779 corrum-

531 1823 735 1880 pentes,
757 1814 842 1868 alii
866 1830 993 1868 vero
1014 1815 1079 1869 ad
1104 1814 1275 1886 plebis
1301 1816 1462 1870 etiam
1486 1830 1657 1887 genua
1684 1815 2115 1886 procumbentes.

530 1903 703 1973 Super
729 1903 813 1958 his
828 1918 1198 1960 commovetur
1218 1905 1637 1961 orthodoxorum
1664 1907 1913 1977 populus,
1945 1906 2121 1976 Impe-

535 2005 767 2049 ratorem
808 1996 1136 2061 sollicitans,
1192 1997 1478 2053 sacerdotii
1531 1998 1758 2067 peritum
1822 1999 2120 2067 requirens.

531 2086 806 2140 Summam
845 2096 1022 2141 autem
1060 2104 1243 2142 rerum
1279 2088 1801 2159 IenebatEutrOpius
1821 2090 2119 2156 eunuchus,

535 2178 853 2246 praepositus
902 2180 1038 2233 sacri
1092 2180 1347 2235 cubiculi.
1408 2179 1543 2236 Cum
1600 2181 1863 2236 Joannem
1913 2190 2125 2252 optaret

533 2285 845 2337 prchoncre
881 2270 1080 2326 civitati
1110 2271 1266 2343 (ejus
1294 2273 1439 2328 enim
1475 2274 1647 2328 virtus
1687 2283 1808 2328 nota
1835 2275 1882 2330 ei
1929 2274 2120 2341 fuerat,

531 2373 651 2412 cum
674 2360 1009 2429 Imperatoris
1023 2364 1231 2432 negotia
1249 2365 1418 2432 ipsum
1437 2362 1502 2418 ad
1529 2365 1836 2419 interiorem
1860 2366 2121 2421 orientem

532 2449 914 2522 abduxissent)
940 2490 955 2514 ,
986 2453 1153 2509 efficit
1184 2454 1297 2524 ipse
1322 2465 1382 2509 ut
1408 2455 1701 2525 Imperator
1720 2458 1907 2512 literas
1926 2458 2126 2513 scribat

529 2541 597 2594 ad
638 2544 885 2598 comitem
916 2543 1177 2612 Orientis,
1211 2555 1272 2601 ut
1303 2547 1424 2603 sine
1461 2549 1709 2617 strepitu,
1752 2551 1884 2605 nihil
1908 2560 2125 2605 conlur-

534 2634 665 2690 bans
707 2636 1041 2692 Antiochiam
1066 2681 1081 2704 ,
1114 2637 1376 2694 Joannem
1409 2640 1699 2696 emitteret.
1733 2642 1781 2696 Is
1807 2643 1986 2697 statim
2036 2659 2125 2697 ac-

533 2728 702 2795 ceptis
748 2728 949 2794 literis,
1001 2729 1246 2784 hortatur
1295 2731 1505 2799 ipsum,
1552 2741 1610 2785 ut
1656 2741 1804 2786 extra
1854 2733 2122 2788 civitatem

536 2834 705 2886 usque
750 2819 818 2874 ad
846 2820 1130 2892 Martyria,
1168 2823 1319 2890 juxta
1357 2832 1563 2891 portam
1606 2823 1996 2880 Romanensem
2039 2826 2124 2881 di-

534 2918 698 2972 ctam,
722 2910 877 2965 sistat
903 2926 961 2965 sc
993 2929 1004 2963 :
1034 2921 1086 2965 et
1114 2910 1341 2980 publica:
1370 2913 1552 2968 rhedac
1583 2915 1912 2984 impositum,
1952 2931 2123 2971 cunu-

536 3000 640 3053 cho
689 3000 755 3054 ad
818 3001 869 3055 id
922 3001 1088 3057 misso
1137 3018 1258 3058 cum
1305 3004 1472 3059 milite
1520 3005 1754 3076 Magistri
1807 3008 1988 3062 tradit.
2039 3010 2126 3064 Sic

538 3090 799 3146 adductus
852 3092 1133 3148 ordinatur
1183 3095 1467 3165 episcopus
1518 3097 2124 3169 Constantiuopolitanm

537 3182 812 3237 Ecclesiae.
842 3184 925 3239 Ab
963 3184 1115 3240 initio
1163 3185 1324 3257 igitur
1348 3187 1698 3258 Theophilus,
1733 3191 2125 3246 Alexandrinus

532 3273 813 3343 cpiscopus
834 3315 847 3338 ,
881 3289 1000 3331 cum
1036 3277 1102 3330 ad
1136 3277 1257 3345 ejus
1280 3278 1669 3336 ordinationem
1698 3283 1959 3347 venisset,
1993 3284 2125 3338 irre-

535 3364 947 3431 prehensibilem
976 3364 1095 3433 ejus
1136 3366 1388 3435 loquendi
1415 3368 1715 3424 libertatem
1748 3370 1969 3437 ridens,
2008 3372 2124 3442 ejus

536 3454 871 3509 ordinatione
900 3456 1236 3512 exanimatus
1264 3468 1366 3512 est.
1415 3459 1576 3514 Val‘er
1602 3462 1744 3515 enim
1772 3471 1856 3517 est
1903 3477 1973 3517 ex
2005 3464 2123 3533 ipso

532 3544 788 3613 adspectu
842 3564 855 3599 :
907 3546 1175 3600 occultum
1219 3548 1360 3601 enim
1404 3549 1662 3621 cujusque
1711 3551 1943 3606 hominis
1986 3568 2120 3607 con-

536 3636 711 3691 silium
787 3647 840 3691 ct
903 3647 1133 3694 mentem
1191 3639 1527 3709 dignoscere.
1587 3644 1743 3698 Duc.
1813 3644 2114 3715 Exspecta,

533 3730 730 3797 Pater,
771 3741 829 3784 ut
880 3745 1043 3799 pauca
1090 3746 1377 3801 opponam.
1422 3733 1597 3789 Ense.
1626 3734 1761 3802 Quid
1808 3736 1909 3791 hoc
1943 3746 2119 3793 autem

540 3820 768 3876 maxime
787 3831 869 3877 est
884 3823 906 3876 ?
921 3823 1072 3878 Duc.
1093 3822 1148 3878 Si
1171 3824 1293 3878 talis
1312 3834 1395 3880 est
1414 3824 1762 3895 Theophilus,
1783 3836 1841 3882 ut
1858 3828 1923 3882 ad
1947 3829 2118 3885 scium

534 3913 849 3981 adspeetum
895 3916 1091 3971 mentis
1119 3917 1234 3971 acie
1279 3918 1455 3973 omnia
1504 3920 1776 3988 pervideat
1808 3938 1825 3974 :
1853 3922 2122 3990 quomodo

540 4004 830 4073 ignoravit,
878 4008 1110 4076 expulso
1148 4007 1390 4074 Joanne,
1436 4010 1621 4065 orbem
1671 4012 1977 4067 universum
2003 4028 2030 4066 a
2059 4028 2121 4069 se

534 4098 856 4152 turbandum
904 4100 1062 4155 esse?
1092 4101 1269 4157 Ertsc.
1303 4102 1415 4157 Hoc
1443 4104 1746 4159 mirandum
1774 4118 1879 4159 non
1924 4114 2010 4161 est
2033 4148 2047 4167 .
2087 4123 2120 4159 ο

533 4190 752 4259 optime.
804 4192 1013 4247 Etenim
1048 4193 1323 4251 dmmones
1344 4238 1359 4261 ,
1395 4197 1484 4266 qui
1511 4196 1798 4253 adventum
1821 4198 2119 4254 Servatoris

532 4280 906 4352 declararunt,
934 4287 1249 4355 ignorarunt
1268 4302 1378 4344 uno
1397 4289 1600 4344 Christi
1625 4289 1860 4346 ﬁdelium
1889 4299 2033 4347 statu
2061 4307 2120 4347 se

540 4375 980 4443 constringendos
1000 4392 1154 4433 esse.
1182 4379 1337 4433 Duc.
1373 4379 1471 4434 Ubi
1497 4390 1675 4436 autem
1696 4383 1999 4440 Servatoris
2026 4385 2121 4440 ad-

552 4471 756 4518 ventum
783 4463 1162 4520 declararunt?
1192 4468 1375 4522 EPISC.
1409 4469 1541 4524 Cum
1586 4471 1927 4529 clamabant:
1962 4475 2123 4530 Nori-

469 4567 473 4570 ’
539 4569 648 4605 eius
669 4561 716 4605 te
737 4593 752 4618 ,
782 4555 869 4616 qui
894 4556 964 4609 sis
984 4596 999 4617 ,
1029 4567 1234 4611 sanctus
1264 4558 1357 4612 Dei
1386 4576 1404 4621 ;
1434 4560 1558 4629 quid
1586 4562 1760 4616 uenisti
1781 4574 1899 4617 ante
1925 4574 2120 4635 tempus

542 4660 769 4711 .orquere
793 4661 884 4699 nos
906 4645 1116 4715 (Matth.
1145 4648 1198 4704 8.
1230 4647 1374 4719 29)?
1406 4650 1565 4705 Vides
1589 4660 1643 4706 ut
1693 4661 1817 4707 ante
1851 4658 2122 4713 novissent

539 4750 641 4789 .ton
684 4736 856 4790 solum
898 4749 1142 4795 sanctum
1168 4756 1292 4796 eum
1337 4757 1497 4810 esse,
1544 4744 1636 4799 sed
1666 4747 1826 4801 etiam
1866 4748 2118 4817 judieem.

539 4827 672 4894 Quid
702 4843 831 4884 vero
875 4831 1062 4900 loquor
1085 4832 1153 4888 de
1181 4834 1551 4891 dmmouibus?
1590 4836 1830 4895 infelices
1874 4843 2125 4898 meretri-

532 4921 668 4976 cula:
694 4937 761 4975 ex
790 4922 1062 4977 oculorum
1093 4934 1234 4981 statu
1252 4936 1431 4983 castos
1451 4929 1593 4985 viros
1617 4929 1941 5001 dignoscunt
1958 4976 1975 5001 ,
1998 4948 2121 4990 cos-

535 5028 638 5082 que
662 5023 979 5069 aversantur
1012 5034 1026 5070 :
1057 5027 1116 5070 ιιι
1142 5018 1382 5073 infirmus
1407 5022 1592 5077 oculus
1634 5024 1764 5078 solis
1792 5025 2000 5080 radium
2023 5067 2036 5089 ,
2066 5037 2123 5083 et

534 5106 710 5160 vultur
740 5116 1084 5177 unguentum.
1121 5111 1271 5166 Unde
1308 5120 1484 5168 autem
1521 5116 1892 5186 peccatoribus
1932 5118 2122 5190 religio

531 5198 915 5254 abominatioui
947 5209 1064 5266 est,
1096 5202 1143 5257 si
1167 5218 1283 5258 eam
1323 5220 1428 5260 non
1453 5208 1711 5262 nossent?
1734 5208 1825 5266 Sic
1851 5220 1906 5265 ct
1948 5211 2124 5267 Theo-

530 5288 708 5352 philus
731 5331 748 5355 ,
780 5305 844 5345 ex
875 5305 982 5361 quo
1008 5292 1062 5346 in
1091 5293 1313 5350 Joannis
1333 5296 1590 5367 adspectu
1615 5314 1722 5354 non
1756 5300 1957 5358 invenit
1980 5303 2121 5373 quod

536 5381 701 5435 oculis
719 5383 832 5436 suis
859 5384 1213 5452 responderet
1232 5395 1325 5442 aut
1349 5399 1557 5458 gratum
1587 5400 1756 5457 esset,
1789 5393 2121 5461 conjectura,

535 5481 640 5520 non
678 5482 824 5527 certa
871 5477 1091 5534 scientia
1131 5480 1460 5534 contrarium
1504 5481 1806 5551 suspicatus
1834 5494 1935 5539 est.
1966 5485 2117 5542 Duc.

544 5556 669 5610 Mira
696 5560 912 5629 dixisti,
941 5570 1114 5625 l‘ater.
1148 5568 1258 5624 Cur
1280 5586 1410 5626 vero
1441 5571 1736 5626 obsistebat
1769 5573 1887 5641 ejus
1904 5575 2121 5630 ordina-

539 5649 707 5702 tioni!
734 5651 908 5710 Ense.
935 5657 1047 5711 Mos
1077 5661 1178 5729 ipsi
1198 5662 1320 5717 talis
1344 5670 1462 5717 erat
1480 5703 1496 5727 ,
1524 5673 1584 5717 ut
1607 5661 1776 5716 bonos
1800 5672 1856 5717 et
1875 5667 2123 5722 cordatos

545 5753 647 5792 non
673 5739 975 5814 ordinaret,
1002 5750 1102 5803 nisi
1131 5752 1342 5816 quando
1370 5770 1464 5809 sua
1486 5768 1609 5810 eum
1636 5753 1943 5822 conjectura
1968 5755 2120 5814 fefel-

2217 449 2367 503 lisset
2398 467 2413 502 ε
2444 449 2693 504 omnibus
2732 449 2996 518 imperare
3034 451 3217 506 volens
3251 460 3306 505 ut
3350 452 3578 523 stupidis
3600 495 3615 519 ,
3644 455 3807 508 satius

2207 540 2452 609 judicans
2513 541 2883 609 insipientibus
2925 543 3221 611 imperare,
3268 560 3425 613 quam
3469 545 3807 614 sapientibus

2216 646 2423 700 parere.
2457 632 2501 685 A
2531 631 2729 685 salubri
2776 639 2954 686 tamen
3000 633 3342 703 providentia
3385 635 3572 689 volens
3622 635 3812 691 nolens

2213 730 2497 790 superatus
2523 731 2624 776 est.
2658 722 2748 777 Sic
2778 722 3057 779 ordinatus
3089 723 3322 780 Joannes
3342 767 3357 791 ,
3401 741 3581 780 rerum
3627 742 3814 781 curam

2216 813 2550 884 aggreditur,
2605 830 2702 884 per
2747 814 3064 869 rationalem
3117 817 3347 871 fistulam
3400 833 3529 873 oves
3585 819 3817 889 probare

2216 919 2459 959 exorsus.
2492 904 2635 957 Raro
2665 913 2841 959 autem
2870 905 3130 961 adhibens
3158 909 3318 961 etiam
3347 908 3542 977 pedum
3570 909 3819 979 increpa-

2220 995 2411 1057 tiones,
2434 996 2662 1050 intendit
2686 1011 2989 1051 sermonem
3032 997 3292 1054 adversus
3320 999 3494 1055 fictam
3522 1003 3817 1070 sororiam,

2223 1093 2282 1140 ut
2307 1095 2536 1153 vocant,
2566 1088 2690 1142 vita:
2718 1087 3070 1155 societatem;
3118 1105 3302 1145 revera
3343 1100 3519 1146 autem
3560 1093 3823 1149 adversus

2220 1177 2633 1234 inverecundam
2656 1186 2712 1233 et
2744 1179 3037 1250 improbam
3058 1183 3217 1235 vitam
3238 1198 3358 1237 cum
3382 1184 3699 1240 mulieribus
3722 1186 3823 1241 illis

2220 1283 2339 1336 quae
2371 1268 2617 1323 dicurtur
2645 1270 3064 1325 subintroducttc
3091 1313 3107 1338 ,
3136 1272 3451 1338 ostendens,
3488 1274 3533 1329 si
3555 1277 3820 1332 malorum

2222 1358 2380 1413 detur
2399 1359 2564 1427 optio,
2583 1360 2833 1414 meliores
2853 1361 2970 1415 istis
2985 1362 3205 1417 lenones
3222 1378 3365 1418 esse.
3389 1363 3467 1418 11Ιὶ
3489 1365 3633 1419 ειιίηι
3656 1366 3813 1437 longe

2222 1465 2252 1504 a
2297 1449 2623 1505 medicorum
2657 1450 2873 1506 officina
2914 1451 3252 1521 habitantes,
3297 1454 3436 1523 apud
3461 1470 3522 1511 se
3567 1457 3815 1511 morbum

2224 1537 2455 1606 habent,
2498 1539 2594 1594 sed
2636 1540 2939 1594 volentibus
2968 1557 2982 1593 :
3013 1541 3063 1594 hi
3091 1552 3270 1596 autem
3302 1543 3355 1597 in
3386 1543 3574 1599 salutis
3603 1544 3835 1601 officina'

2225 1628 2557 1694 habitantes,
2585 1630 2746 1685 etiam
2796 1644 2956 1685 sanos
2984 1630 3264 1701 impellunt
3291 1632 3358 1687 ad
3391 1634 3659 1689 morbum.
3695 1637 3826 1691 Inde

2225 1736 2349 1791 pars
2376 1722 2539 1789 cleri,
2573 1723 2792 1779 minime
2821 1724 3090 1795 religiosa,
3115 1740 3339 1796 quicque
3378 1729 3565 1783 morbo
3602 1729 3695 1783 illo
3738 1738 3819 1783 tc-

2224 1812 2486 1877 ncbatur,
2536 1823 2804 1869 commota
2856 1825 2959 1870 est.
3020 1816 3149 1870 Post
3196 1817 3457 1887 ejusmodi
3505 1832 3819 1875 sermonem

2226 1904 2529 1974 aggreditur
2573 1905 2883 1976 injustitiam
2906 1948 2921 1973 ,
2950 1906 3234 1963 destruens
3269 1909 3533 1965 malorum
3578 1913 3819 1966 omnium

2228 1996 2566 2063 rnetropolim
2592 2037 2606 2060 ,
2651 1997 2964 2062 avaritiam,
2998 2008 3056 2052 ut
3099 1999 3381 2055 aedilicium
3427 2002 3650 2072 justititr
3691 2019 3823 2060 con-

2228 2094 2479 2140 strueret.
2522 2086 2636 2143 Hoc
2684 2088 2829 2141 enim
2856 2089 3132 2159 proprium
3171 2099 3255 2146 est
3295 2094 3596 2160 sapientum
3647 2094 3824 2149 archi-

2230 2187 2489 2233 tectorum
2512 2219 2526 2244 ,
2555 2180 2704 2248 prius
2734 2179 2994 2236 mendacii
3019 2181 3300 2237 aedificium
3327 2182 3632 2251 destruere,
3664 2186 3820 2240 deiu-

2228 2271 2296 2325 de
2324 2272 2563 2325 veritatis
2588 2272 2769 2342 jacere
2796 2271 3136 2328 fundamenta
3164 2315 3179 2340 ,
3222 2282 3281 2329 ut
3307 2274 3504 2330 dicitur
3526 2277 3667 2347 apud
3698 2291 3823 2346 pro-

2230 2363 2442 2431 phetam
2470 2380 2482 2417 :
2512 2361 2759 2417 Constitui
2791 2373 2839 2419 te
2866 2380 3017 2434 super
3044 2374 3212 2436 gentes
3237 2375 3286 2420 et
3318 2382 3474 2437 regna
3498 2407 3512 2431 ,
3542 2376 3599 2420 ut
3636 2370 3820 2422 evellas

2229 2466 2273 2508 rt
2296 2456 2491 2525 pientes
2513 2497 2526 2520 ,
2555 2465 2610 2509 ut
2636 2456 2867 2511 destruas
2903 2466 2948 2510 et
2975 2459 3252 2527 readifices
3291 2457 3435 2529 (Jer.
3482 2460 3532 2513 i.
3566 2457 3671 2529 l0)
3703 2477 3719 2523 ;
3755 2461 3821 2513 il-

2231 2545 2319 2599 lud
2347 2545 2560 2615 quidem
2583 2588 2596 2613 ,
2626 2556 2685 2601 ut
2726 2546 2992 2616 agricola;
3035 2547 3138 2603 hoc
3167 2556 3345 2602 autem
3372 2557 3430 2602 ut
3474 2548 3819 2603 architectus.

2230 2637 2312 2691 Ex
2345 2651 2411 2691 eo
2438 2651 2621 2690 rursus
2655 2637 2996 2705 perturbatur
3021 2652 3143 2706 pars
3180 2653 3366 2692 eorum
3408 2639 3500 2708 qui
3540 2640 3815 2708 marsupia

2230 2736 2494 2797 spectant.
2527 2727 2654 2782 Post
2676 2728 2791 2781 hinc
2826 2742 3009 2782 curam
3032 2727 3206 2783 victus
3247 2743 3435 2783 eorum
3466 2727 3661 2795 habet,
3692 2728 3820 2782 hor-

2230 2827 2350 2871 tans
2377 2832 2470 2872 eos
2501 2826 2559 2872 ut
2587 2817 2824 2872 contenti
2861 2818 2969 2873 sint
3005 2818 3117 2873 suis
3156 2818 3424 2884 obsoniis,
3466 2833 3567 2875 nec
3590 2818 3814 2875 divitum

2228 2908 2446 2963 nidores
2471 2918 2793 2978 sequantur,
2825 2924 2894 2963 ne
2912 2949 2927 2972 ,
2954 2910 3081 2963 dum
3110 2908 3301 2965 ducem
3328 2910 3527 2967 habent
3565 2910 3775 2967 fumum
3798 2954 3813 2979 ,

2232 3001 2657 3069 intemperantiae
2686 3001 2792 3070 igni
2817 3001 3097 3056 tradantur
3119 3042 3134 3068 ,
3160 3000 3495 3056 adulatorum
3528 3011 3587 3057 et
3612 3003 3815 3071 parasi-

2230 3103 2404 3146 torum
2427 3092 2584 3145 vitam
2608 3091 2815 3146 sectati.
2840 3092 2974 3146 lline
2994 3093 3234 3162 plerique
3250 3108 3283 3148 e
3306 3092 3616 3149 lurconibus
3637 3108 3816 3150 emer-

2227 3199 2353 3249 gere
2379 3184 2669 3254 incipiunt,
2720 3194 2773 3240 et
2819 3186 3139 3256 copulantur
3177 3184 3459 3241 calumniae
3498 3186 3817 3243 artiﬁcibus.

2228 3276 2357 3330 Post
2383 3277 2498 3330 haec
2520 3276 2785 3332 (eeonomi
2816 3277 3022 3332 tabulas
3049 3285 3338 3346 scrutatur,
3357 3284 3413 3333 et
3432 3278 3633 3348 reperit
3660 3293 3814 3334 sum-

2218 3375 2340 3431 ptus
2356 3361 2868 3429 Ecciesiasinutiles;
2884 3378 2939 3423 et
2961 3367 3149 3423 horum
3176 3369 3471 3424 subsidium
3493 3384 3711 3426 cessare
3727 3370 3821 3440 ju-

2231 3456 2336 3511 bet.
2365 3456 2522 3511 Vcnit
2547 3456 2669 3512 inde
2695 3457 2761 3512 ad
2786 3457 3171 3514 examinandos
3191 3469 3435 3530 sumptus
3454 3459 3727 3530 episcopi,
3758 3470 3815 3517 et

2230 3548 2431 3603 invenit
2459 3549 2796 3605 immodicam
2830 3550 3217 3620 profusionem;
3262 3560 3422 3622 atque
3452 3553 3663 3607 illorum
3689 3568 3817 3624 pro-

2228 3638 2376 3694 fusos
2403 3648 2643 3709 sumptus
2679 3641 2745 3695 ad
2768 3642 3133 3697 nosocomium
3167 3643 3439 3699 transferri
3464 3643 3636 3714 jubet.
3666 3643 3808 3700 Cum

2228 3739 2403 3785 autem
2430 3733 2720 3787 necessitas
2758 3733 3134 3801 invalesceret,
3164 3735 3315 3803 plura
3348 3736 3657 3791 nosocomia
3688 3736 3818 3791 tedi-

2231 3822 2353 3876 ticat
2370 3864 2385 3888 ,
2409 3837 2728 3892 prreponens
2775 3824 3113 3896 presbyteros
3135 3825 3250 3895 pios
3269 3827 3443 3890 duos;
3472 3835 3734 3895 przeterca
3760 3836 3817 3880 et

2230 3912 2465 3969 medicos
2487 3922 2544 3969 et
2560 3928 2762 3984 coquos
2782 3924 2941 3985 atque
2960 3916 3128 3971 bonos
3148 3916 3368 3986 opifices
3408 3932 3440 3972 e
3459 3918 3703 3973 catlibum
3724 3933 3817 3973 or-

2222 4003 2352 4059 dine
2370 4005 2436 4061 ad
2453 4019 2639 4060 eorum
2656 4006 3009 4061 ministerium
3036 4025 3049 4062 :
3074 4015 3130 4061 ut
3150 4007 3492 4063 advenientes
3512 4009 3752 4079 hospites
3765 4020 3820 4065 et

2229 4098 2415 4152 morbo
2440 4098 2668 4168 correpti
2693 4108 3029 4166 curarentur,
3052 4099 3211 4172 idque
3231 4114 3351 4155 eum
3374 4113 3592 4170 propter
3617 4101 3818 4155 bonum

2227 4188 2398 4259 ipsum
2419 4231 2434 4255 ,
2466 4199 2576 4243 tum
2602 4198 2821 4259 propter
2846 4190 3071 4261 gloriam
3092 4190 3411 4245 Servatoris.
3434 4191 3561 4245 Post
3593 4190 3699 4245 hoc
3726 4192 3821 4244 ad-

2229 4293 2384 4339 vocat
2405 4284 2685 4339 viduarnm
2715 4283 2959 4340 ordinem
2979 4325 2995 4349 ,
3022 4284 3363 4353 undiquaque
3398 4296 3646 4354 quaerens
3672 4298 3822 4353 quae-

2228 4390 2349 4429 nam
2402 4375 2541 4430 inter
2580 4389 2672 4430 eas
2698 4390 2804 4429 non
2837 4384 2985 4430 recte
3026 4376 3307 4440 viverent;
3340 4383 3398 4430 et
3419 4375 3464 4428 si
3495 4387 3628 4443 quas
3675 4375 3824 4428 imo-

2229 4466 2397 4521 uisset
2428 4464 2640 4535 corpori
2665 4464 2905 4530 deditas,
2941 4464 3263 4521 admonebat
3304 4473 3363 4520 ut
3382 4474 3473 4519 aut
3492 4464 3822 4534 jejunarcm,

2227 4558 2556 4613 abstinentes
2583 4572 2612 4609 a
2643 4557 2848 4611 balneis
2884 4565 3044 4628 atque
3088 4556 3372 4627 exquisitis
3412 4555 3702 4621 vestibus;
3731 4565 3826 4610 aut

2230 4653 2471 4720 protinus
2514 4652 2580 4705 ad
2625 4652 2888 4706 secundas
2930 4652 3142 4720 nuptias
3186 4649 3578 4711 concederent,
3614 4662 3693 4703 ne
3739 4649 3825 4701 lex

2231 4743 2441 4799 Domini
2465 4743 2709 4813 iujuriam
2736 4754 3024 4813 pateretur.
3062 4742 3267 4797 Deinde
3295 4741 3609 4796 hortabatur
3647 4754 3826 4810 popu-

2230 4836 2308 4891 los
2327 4876 2342 4899 ,
2370 4843 2425 4891 ut
2454 4836 2505 4889 in
2544 4836 2825 4891 nocturnis
2855 4835 3103 4906 precibus
3125 4833 3328 4889 assidui
3365 4840 3547 4887 essent
3566 4871 3583 4896 ,
3627 4830 3824 4884 horum

2228 4935 2405 4982 autem
2451 4942 2650 4982 uxores
2691 4927 2838 4981 domi
2889 4933 3204 4989 manerent,
3251 4936 3347 4979 eas
3391 4920 3626 4978 interdiu
3666 4935 3828 4977 orare

2228 5018 2520 5075 exhortans
2542 5060 2558 5086 ,
2585 5020 2725 5089 quod
2754 5020 2850 5073 viri
2883 5017 3117 5074 interdiu
3140 5031 3247 5070 non
3273 5020 3543 5070 vacarent.
3567 5011 3698 5066 Htec
3727 5026 3830 5063 au-

2231 5120 2336 5165 tem
2364 5110 2543 5164 omnia
2580 5111 2849 5181 angebant
2875 5110 3289 5181 negligentiores
3327 5122 3358 5163 c
3385 5107 3562 5169 clero,
3605 5110 3826 5159 noctem

2231 5210 2394 5257 totam
2414 5201 2650 5258 dormire
2670 5204 2877 5257 solitos.
2902 5203 3030 5257 Post
3066 5201 3184 5255 hare
3211 5197 3564 5271 apprehendit
3582 5194 3825 5267 gladium

2229 5295 2662 5366 reprehensionis
2689 5296 2950 5352 adversus
2971 5296 3185 5361 divites,
3213 5295 3499 5349 abscessus
3538 5289 3705 5345 animi
3731 5303 3825 5344 co-

2183 5391 2190 5399 '
2229 5403 2347 5442 rum
2379 5403 2605 5454 secans,
2639 5389 2992 5444 humilitatem
3020 5388 3165 5457 ipsos
3188 5386 3423 5441 edomns
3473 5391 3532 5438 et
3566 5396 3697 5438 cum
3728 5381 3827 5435 bo-

2228 5479 2461 5534 minibus
2484 5479 2708 5550 reliquis
2731 5479 2975 5535 modeste
2994 5492 3154 5549 agerc
3173 5517 3188 5543 ,
3233 5476 3530 5546 apostolico
3578 5474 3825 5528 sermoni

2228 5586 2432 5626 morem
2462 5584 2652 5641 gerens
2672 5611 2688 5635 ,
2717 5571 2809 5641 qui
2836 5579 2922 5626 est
2947 5568 3015 5624 ad
3038 5567 3380 5623 Timotheum
3407 5563 3699 5619 :Dioitibus
3726 5565 3829 5616 Inr-

2226 5665 2312 5736 jus
2336 5664 2509 5719 δωρηίί
2537 5664 2785 5735 praecipe,
2808 5679 2909 5717 non
2939 5661 3155 5718 sublime
3186 5674 3384 5729 sapere,
3431 5672 3592 5727 neque
3620 5669 3827 5726 sperare

2226 5759 2285 5812 in
2312 5759 2503 5813 incerto
2548 5758 2838 5813 divitian
2865 5757 2916 5828 (ι
2951 5753 3082 5811 Tim.
3114 5754 3169 5809 ϐ.
3218 5752 3284 5808 l7
3307 5753 3347 5824 ).
3384 5747 3517 5805 Cum
3546 5746 3825 5821 igiturres
