4018 6418
480 293 539 347 21
1759 291 2047 348 PALLADI

2159 291 2476 350 >IALOGI'S
3692 295 3761 350 τε

477 407 859 479 ,τιιίάγγελλε
899 407 979 475 μὴ
1040 404 1506 474 ι’·ψηλορροιἚῒν,
1545 405 1702 474 μηδὲ
1743 408 2056 474 ἠλπικέναι

479 493 576 545 ἐπὶ
605 493 874 546 πλούτου
900 488 1244 555 ἀδηλότητι.
1263 487 1481 541 τούτων
1496 483 1588 542 οὖν
1613 488 1786 553 οὐτως
1805 491 2056 560 ἐχόντων,

480 577 574 628 καὶ
623 576 724 646 τῆς
768 570 1092 644 Ἐκκλησίας
1133 571 1403 643 ὁσημέραι
1449 570 1547 625 ἐπὶ
1587 572 1648 624 τὸ
1679 575 1925 642 κρεῖττον
1963 575 2060 626 ἀν-

479 659 698 729 θούσης,
740 656 920 727 πάτης
957 655 1058 726 τῆς
1100 654 1307 720 πόλεως
1335 658 1414 720 εἰς
1446 656 1728 710 εὐσέϐειαν
1775 674 2058 730 μεταχρω-

480 741 718 810 σθείσης,
749 737 1072 812 σωφροσύνῃ
1099 738 1194 792 καὶ
1221 737 1507 810 ψαλμῳδίᾳ
1532 739 1640 790 τῶν
1670 738 1859 810 ψυχῶν
1889 757 2059 808 γεγα-

479 825 751 894 νωμένων,
817 824 918 875 οὐκ
969 823 1197 893 ἤνεγκεν
1260 823 1288 874 6
1353 821 1644 892 μισόκαλος
1713 823 1922 893 δαίμων
1967 825 2060 878 τὸν

477 905 715 976 δρασμὸν
739 905 848 958 τῶν
873 905 963 958 ὑπ’
995 903 1160 957 αὐτοῦ
1187 905 1596 976 κρατουμένων,
1631 903 1722 969 οὒς
1751 906 2060 976 ἀπέστησεν

477 991 505 1040 6
525 989 680 1056 λόγος
707 987 801 1040 τοῦ
834 989 1042 1060 Κυρίου
1066 988 1153 1042 διὰ
1180 989 1281 1057 τῆς
1309 988 1556 1041 Ἰωάννου
1589 989 1953 1054 διδασκαλίας
1984 991 2060 1055 ὡς

476 1073 600 1134 τοὺς
642 1073 968 1140 ίππομανεῖς
1014 1071 1107 1124 καὶ
1145 1069 1581 1140 θεατροσκόπους
1617 1081 1676 1135 τι,
1711 1072 2058 1142 καταλιμπά-

477 1173 666 1219 νοντας
691 1155 789 1218 τὰς
809 1154 976 1219 αὐλὰς
1012 1153 1108 1208 τοῦ
1137 1153 1402 1217 διαϐόλου,
1431 1154 1704 1224 δρομαίως
1729 1158 1924 1226 χωρεῖν
1968 1157 2059 1210 ἐπὶ

475 1238 573 1308 τὴν
619 1238 858 1308 μάνδραν
898 1236 989 1291 τοῦ
1033 1238 1306 1308 Σωτῆρος,
1343 1235 1506 1310 ἔρωτι
1548 1238 1648 1308 τῆς
1678 1237 1936 1310 σύριγγος
1964 1238 2056 1291 τοῦ

478 1320 875 1393 φιλοπροϐάτου
901 1321 1174 1391 ποιμένος.

546 1406 703 1460 ΚΕΦ.
740 1408 829 1472 ς’.
857 1437 926 1445 -
964 1406 1059 1459 Ἐκ
1093 1407 1286 1460 τούτου
1326 1405 1840 1478 προκαταλαμϐάνει
1867 1407 2057 1476 φθόνος

473 1489 573 1552 τὰς
601 1489 839 1552 διανοίας
879 1489 986 1542 τῶν
1027 1489 1314 1560 μισθωτῶν
1351 1490 1648 1559 ποιμένων.
1685 1489 2056 1561 ἐλεγχομένων

473 1573 538 1625 ἐκ
567 1571 660 1626 τοῦ
692 1571 1058 1644 παραλλήλου.
1088 1572 1180 1644 Μὴ
1208 1571 1526 1642 δυνηθέντες
1557 1573 1613 1626 δὲ
1643 1572 1805 1626 αὐτοῦ
1831 1591 2052 1646 περιγε-

474 1654 680 1714 νέσθαι.
709 1655 797 1708 διὰ
825 1656 883 1708 τὸ
915 1655 990 1726 μή
1025 1655 1454 1709 ἐπικαλέσασθαι
1488 1657 1578 1710 τὸν
1615 1657 1925 1730 καταλυτὴν
1958 1657 2052 1711 τοῦ

475 1737 670 1805 φθόνου
702 1738 948 1808 Σωτῆρα,
982 1737 1240 1790 πλέκουσι
1273 1736 1525 1801 διαϐολὰς
1554 1739 1695 1794 κατά
1731 1741 1827 1794 τοῦ
1871 1742 2051 1796 Ἰωάν-

473 1837 587 1884 νου,
616 1822 1077 1892 μεταποιήσαντες
1105 1820 1270 1874 αὐτοῦ
1305 1839 1455 1886 τινας
1491 1823 1710 1893 ὁμιλίας
1743 1825 1824 1888 είς
1861 1825 2055 1891 ὕθλους

473 1905 614 1959 κατά
635 1907 732 1977 τῆς
761 1905 1096 1976 βασιλίσσης,
1121 1907 1214 1959 καὶ
1240 1907 1446 1978 ἐτέρων
1479 1906 1586 1960 τῶν
1612 1908 1669 1960 ἐν
1695 1911 1762 1979 τῇ
1801 1909 1936 1980 αὐλῇ
1958 1911 2052 1964 τοῦ

473 1987 753 2052 Βασιλέως.
790 1987 996 2058 Συνέϐη
1049 1988 1105 2041 δὲ
1152 1989 1272 2042 κατ’
1307 1990 1483 2042 ἐκεῖνο
1521 1989 1714 2060 καιροῦ
1760 1993 2056 2049 ἐπιστάντα

482 2072 756 2137 Ἀκάκιον,
812 2072 902 2125 τὸν
953 2072 1252 2125 ἐπίσκοπον
1303 2071 1550 2143 Βεροίας,
1601 2075 1922 2145 ἀστοχῆσαι,
1975 2077 2052 2141 ὠς

468 2155 672 2223 ἔλεγεν,
712 2154 1053 2224 καταγωγίου
1086 2152 1271 2208 καλοῦ·
1304 2155 1398 2208 καὶ
1428 2155 1688 2228 λυπηθεὶς
1727 2159 1821 2212 ἐπὶ
1853 2160 2048 2232 τούτῳ,

468 2238 602 2310 ὀργῇ
643 2237 981 2306 ὐπετυφοῦτο
1022 2237 1098 2302 ὡς
1131 2237 1566 2310 καταφρονηθεὶς
1603 2239 1709 2292 ὑπὸ
1741 2239 1834 2294 τοῦ
1870 2242 2052 2297 Ἰωάν-

468 2337 583 2376 νου.
638 2321 1054 2391 Ἀκατασχέτοις
1089 2321 1146 2374 δὲ
1192 2321 1473 2392 λογισμοῖς
1512 2323 1785 2395 ἡττηθεὶς,
1827 2327 2050 2398 ἐκφέρει

469 2404 624 2472 λόγον
677 2405 870 2472 ἄλογον
925 2406 991 2458 ἐκ
1043 2404 1138 2458 τοῦ
1188 2405 1626 2477 περισσεύματος
1671 2407 1770 2477 τῆς
1821 2409 2052 2480 καρδίας

466 2488 614 2550 ἀξιον
635 2487 734 2558 τῆς
748 2485 912 2542 αὐτοῦ
941 2487 1180 2551 διανοίας
1191 2487 1242 2552 δ,
1263 2487 1352 2540 ἐπί
1377 2505 1538 2542 τινων
1561 2488 1836 2560 κληρικῶν
1873 2493 2053 2548 Ἰωάν-

464 2586 559 2622 νου
605 2569 792 2624 εἰπών·
847 2569 986 2638 Ἐγὼ
1025 2570 1176 2642 αὐτῷ
1225 2571 1413 2642 ἀρτύω
1463 2571 1666 2644 χύτραν
1689 2584 1736 2630 ι’.
1787 2573 2053 2648 Ἐξαυτῆς

465 2652 833 2721 συγκλωσθεὶς
865 2651 1180 2725 Σευηριανῷ
1210 2654 1304 2708 καὶ
1336 2654 1614 2726 Ἀντιόχῳ,
1656 2655 1745 2708 καὶ
1792 2657 2046 2730 Ἰσαακίῳ

464 2736 738 2808 Συρίσκῳ,
770 2737 1191 2808 περιτρίμματι,
1219 2736 1476 2808 ἀφηγητῇ
1513 2737 2048 2808 ψευδομοναζόντων,

463 2821 522 2872 ἐν
547 2819 891 2888 κακολογίαις
940 2817 1324 2890 κατατριϐέντι
1371 2820 1604 2874 πάντοτε
1646 2821 1789 2875 κατά
1825 2823 2050 2878 ἐπισκό-

465 2919 604 2964 πων,
673 2903 1004 2956 σκέπτονται
1060 2900 1464 2973 θωρακίζεσθαι
1532 2903 1692 2974 δῆθεν
1757 2905 1854 2974 μὲν
1911 2909 2051 2962 κατά

475 2985 743 3060 Ἰωάννου,
774 2985 836 3039 τὸ
870 2985 914 3038 δ’
944 2985 1165 3056 ἀληθὲς,
1187 2985 1329 3040 κατὰ
1345 2987 1445 3058 τῆς
1469 2987 1627 3058 δόξης
1658 2989 1752 3043 τοῦ
1778 2990 2048 3063 Σωτῆρος.

475 3067 922 3132 Ἀποστείλαντες
988 3068 1046 3122 δὲ
1109 3067 1325 3139 πρῶτον
1390 3071 1472 3134 είς
1540 3071 1638 3142 τὴν
1709 3072 2048 3143 Ἀντιοχέων,

464 3149 687 3221 ζητοῦσι
719 3150 968 3222 νεότητος
993 3149 1158 3206 αὐτοῦ
1197 3151 1596 3226 πλημμελείας.
1640 3155 1727 3218 Ὧς
1755 3155 1814 3209 δὲ
1855 3156 2050 3220 ἐξέλι-

463 3251 582 3287 πον
633 3233 1064 3302 ἐξερευνῶντες
1113 3235 1556 3305 ἐξερευνήσας,
1614 3239 1708 3292 καὶ
1753 3239 1850 3310 οὐχ
1892 3235 2048 3314 εὖρον

459 3317 636 3382 οὐδὲν,
663 3317 1081 3374 ἀποστέλλουσιν
1107 3321 1190 3383 είς
1217 3318 1318 3392 τὴν
1354 3321 1761 3394 Ἀλεξάνδρειαν
1786 3321 1922 3396 πρὸς
1950 3325 2049 3398 τὴν

460 3399 742 3473 εὐχέρειαν
778 3401 1061 3472 Θεοφίλου,
1103 3403 1440 3473 καλουμένου
1475 3404 1809 3474 Ἀμφαλλάξ,
1837 3407 1906 3459 τὰ
1935 3425 2047 3461 τοι-

461 3480 600 3536 αῦτα
637 3483 820 3552 σοφῶς
865 3481 1393 3555 ἀρχιτεκτονοῦντος·
1427 3486 1504 3550 ὃς,
1534 3485 1763 3558 ἐξαυτῆς
1807 3489 2048 3544 ἀναπτύ-

461 3567 560 3631 ξας
595 3565 662 3618 τά
705 3569 805 3637 τῆς
844 3566 1084 3630 διανοίας
1121 3566 1286 3620 αὐτοῦ
1322 3567 1505 3640 βιϐλία
1551 3569 1688 3640 μετά
1715 3571 1918 3643 πολλῆς
1945 3573 2047 3644 τῆς

459 3647 758 3720 λῃστρικῆς
806 3647 1058 3718 ἡσυχίας,
1109 3648 1318 3720 ὴοεύνα
1373 3649 1552 3722 ζητῶν
1593 3653 1794 3724 τρόπον
1832 3659 2046 3727 προφά-

459 3748 597 3796 σεως
633 3731 734 3785 κᾶν
759 3733 858 3803 τῆς
886 3733 1177 3804 τυχούσης.
1232 3732 1291 3789 Ὀ
1321 3735 1506 3788 ΔΙΛΚ.
1551 3737 1825 3808 Ἐπίσχες,
1867 3733 1912 3793 ὦ
1939 3741 2048 3795 Πά-

455 3831 574 3886 τερ,
609 3815 716 3870 τῶν
743 3815 920 3884 λόγων
949 3817 1048 3887 τὴν
1076 3816 1276 3890 ῥύμην,
1301 3818 1432 3889 πρὶν
1463 3819 1812 3892 ἐπιλήσομαι,
1846 3823 1930 3877 ἴνα
1964 3843 2044 3880 σοι

456 3897 598 3952 εἴπω
627 3900 726 3972 τὴν
747 3899 856 3953 ἀπὸ
897 3900 1304 3974 Ἀλεξανδρείας
1324 3902 1592 3958 διαϐᾶσαν
1615 3904 1752 3976 πρὸς
1778 3908 1925 3978 ἡμᾶς
1951 3911 2045 3966 καὶ

455 3981 848 4056 θρυλληθεῖσαν
879 3984 1080 4039 αἰτίαν.
1112 3986 1248 4040 Φασὶ
1278 3986 1430 4059 γάρ,
1480 3989 1564 4042 ὅτι
1617 3989 2046 4064 καθαιρεθέντας

453 4065 750 4138 κληρικοὺς
771 4067 877 4122 ὑπὸ
907 4067 1166 4139 Θεοφίλου
1197 4069 1414 4136 ἐδέξατο
1449 4071 1704 4144 Ἰωάννης
1741 4075 1822 4140 είς
1849 4094 2043 4133 κοινω-

453 4153 595 4215 νίαν,
637 4153 888 4226 λυπήσας
927 4152 1019 4208 τὸν
1057 4152 1337 4224 Θεόφιλον,
1371 4155 1510 4228 ὅπερ
1559 4157 1660 4212 οὐκ
1693 4158 1819 4213 ἔδει·
1865 4162 1940 4226 ὡς
1977 4165 2043 4218 ἐκ

451 4235 644 4290 τούτου
671 4236 1010 4308 διενεχθέντα
1046 4236 1210 4294 αὐτὸν
1253 4243 1503 4314 χωρῆσαι
1543 4243 1688 4298 κατὰ
1721 4243 1816 4300 τοῦ
1861 4246 2042 4302 Ἰωάν-

452 4337 565 4403 νου.
610 4319 670 4375 '0
709 4322 956 4378 ΈΠΙΣΚ.
1009 4323 1198 4395 Δῶμεν
1229 4325 1405 4397 ἀληθῆ
1443 4323 1582 4381 εἶναι
1627 4329 1717 4384 τὸν
1749 4331 2040 4403 εἰρημένον

453 4402 698 4473 θρύλλον·
729 4403 824 4458 καὶ
849 4405 1148 4459 ἐπισκόπου
1173 4407 1308 4472 ἐστὶ,
1334 4409 1502 4462 κακὸν
1535 4411 1716 4466 ἰᾶσθαι
1739 4402 1924 4484 κακῶς
1947 4417 2042 4471 καὶ

451 4485 555 4537 ποῦ
581 4485 644 4538 τὸ
671 4485 1028 4554 εὐαγγελικδν
1052 4489 1229 4542 ἐκεῖνο
1249 4489 1312 4544 τὸ
1339 4489 1518 4557 λέγον·
1551 4493 1650 4560 Μὴ
1686 4494 1978 4550 ἐπιδυέτω
2007 4501 2041 4553 ὀ

449 4567 626 4636 ἥλιος
647 4569 746 4623 ἐπὶ
772 4569 854 4635 τῷ
877 4571 1264 4642 παροργισμῷ
1284 4573 1492 4642 ὐμῶν;
1520 4575 1623 4629 ποῦ
1651 4576 1709 4632 δὲ
1728 4578 1789 4632 τὸ
1815 4579 2042 4634 άποστο·

449 4648 795 4736 λικδν,-Νίκιι
823 4653 888 4736 τὸ
913 4653 1102 4736 κακὸν
1125 4655 1196 4710 ἐν
1216 4653 1298 4722 τῷ
1326 4657 1558 4728 ἀγαθῷ;
1586 4657 1690 4712 ποῦ
1725 4659 1783 4713 δὲ
1810 4661 1873 4715 τὸ
1903 4681 2038 4736 προ-

449 4732 802 4816 φητικὸνηΕί
837 4735 1235 4816 ἀνταπέδωκα
1271 4738 1398 4806 τοῖς
1433 4741 1910 4800 ἀνταποδιδοῦσί
1934 4732 2040 4816 λιοι

446 4817 635 4881 καλιάς
664 4813 798 4872 Εἶτα
825 4812 920 4874 οὗν
945 4814 1014 4891 ῆν
1041 4821 1470 4896 φιλονεικότερον
1496 4826 1671 4880 εἰπεῖν
1704 4812 2038 4896 ἐγκαλοῦντα

446 4901 542 4954 ἐπὶ
573 4901 822 4957 εὐλαϐῶν
857 4904 1197 4959 ἐπισκόπων·
1243 4907 1464 4978 Ἀδελφέ
1509 4909 1752 4981 Ἰωάννη,
1790 4913 2038 4984 παρῆλθέ

444 5001 508 5038 σε
532 4989 875 5059 πεποιηκότα
897 4987 959 5042 τὺ
983 4987 1016 5060 ἦ
1051 4989 1146 5056 τό;
1169 4989 1378 5045 καὶτὸν
1417 4992 1668 5065 Ἰωάννην
1695 4995 2054 5069 ἀπολογησά-’

446 5085 630 5138 μενον,
661 5071 988 5143 ἠγνοηκέναι
1017 5072 1079 5152 τζι
1099 5075 1365 5146 πρᾶγμας
1400 5075 1460 5130 ’0
1489 5078 1672 5132 ΔῘΑΚ.
1713 5078 1936 5152 Ἀληθές
1959 5081 2038 5134 εῖ-

445 5169 644 5226 ρηκας,
701 5153 756 5209 εί
802 5154 868 5224 γέ
909 5172 994 5220 τις
1043 5150 1113 5227 ἦν
1153 5156 1210 5208 ἐν
1253 5156 1404 5230 αὐτῷ
1457 5160 1795 5227 καλοθέλεια,
1825 5150 1920 5218 καὶ
1959 5163 2034 5236 μὴ

443 5238 954 5310 κατεσχηματίζετο
997 5237 1098 5310 τὴν
1127 5238 1236 5294 τῶν
1269 5240 1549 5312 κληρικῶν
1581 5244 1782 5311 αίτίαν,
1829 5245 1926 5317 τὴν
1957 5248 2034 5300 οἰ-

441 5321 595 5376 κείαν
617 5321 789 5397 όργην
819 5323 1134 5396 ἐκπληρῶν.
1191 5323 1250 5378 ’0
1298 5325 1550 5382 ἘΠΙΣΚ.
1601 5328 1686 5400 Νὴ
1728 5329 1818 5384 τὸν
1868 5329 2032 5400 φόϐον

437 5403 621 5460 τοίνυν
659 5405 750 5460 τὸν
795 5405 892 5462 τοῦ
928 5405 1087 5472 Θεοῦ,
1123 5406 1182 5472 ὃς
1225 5406 1477 5473 δεσπόζει
1511 5409 1618 5462 τῶν
1662 5411 1904 5484 ἀπείρων
1939 5413 2033 5483 φό-

441 5484 571 5547 ϐων,
619 5485 721 5539 οὐκ
755 5490 867 5560 ἐρῶ
921 5507 1005 5545 σοι
1051 5488 1247 5554 ἄλλως,
1289 5489 1404 5544 ἀλλ’
1439 5491 1514 5555 ὡς
1561 5491 1676 5564 ἔχει
1719 5493 1934 5564 φύσεως
1969 5497 2032 5551 τὸ

501 5599 533 5666 ξι
555 5597 966 5666 ρεατροσκὰπους.
995 5601 1190 5664 Legere
1211 5601 1378 5651 malim
1399 5603 1761 5666 θεατροκόπους.

501 5653 532 5731 ξ
557 5653 738 5731 georg.
760 5653 1020 5731 παροινίαςτ

503 5713 1096 5794 θῄΙἈρῇωῌκὶύτ-ρανίὸἱε
1121 5721 1312 5776 Gallice
1343 5722 1554 5776 dicimus
1577 5739 1590 5776 :
1613 5727 1678 5775 Jc
1715 5725 1786 5776 Im'
1817 5729 2026 5794 préparc

437 5788 502 5826 ιιιι
520 5770 703 5841 plat'dc
722 5770 976 5847 ηιᾰῖαροιι.

2169 409 2400 479 πρᾶγμα
2440 403 2800 476 περὶτούτων
2838 397 2911 456 ὧν
2941 400 3169 474 εἴρηκας
3208 403 3503 475 κληρικῶν.
3553 407 3755 461 Ἰσίδω-

2171 489 2263 560 ρός
2285 506 2388 552 τις,
2423 487 2796 560 πρεσϐύτερος
2827 485 2908 538 ἔτι
2937 486 3039 557 τῆς
3073 487 3170 539 τοῦ
3209 488 3479 559 μακαρίου
3526 489 3757 543 Ἀθαναο

2170 572 2286 624 σίου
2307 569 2400 624 τοῦ
2431 570 2671 642 μεγάλου
2695 569 3048 641 χειροτονίας,
3075 569 3430 640 ὀγδοηκοστὸν
3460 572 3580 634 ἔτος
3607 572 3756 640 ἄγων

2168 655 2266 725 τὴν
2299 653 2516 726 ἠλικίαν
2552 652 2632 721 (δν
2671 652 2818 705 ίσασι
2861 652 3151 722 Ῥωμαίων
3191 653 3240 704 οἱ
3281 652 3524 708 πλεῖστοι
3557 655 3757 726 ἐγκληα

2171 735 2466 789 σιαστικῶν
2515 737 2702 788 ἕνεκεν
2744 733 3068 787 είσϐαλόντα
3117 735 3196 796 είς
3245 736 3438 805 αὐτὴν,
3479 737 3755 808 ξενοδόχον

2182 819 2587 890 Ἀλεξανδρείας
2620 817 2768 872 δνταο
2799 811 2958 871 οἶσθα
2999 816 3057 869 δὲ
3095 817 3190 870 καὶ
3232 817 3396 882 αὐτὸς
3431 819 3522 872 τὸν
3563 819 3752 891 ἄνδρα,

2171 901 2332 972 ἡνίκα
2380 903 2479 956 σὺν
2523 900 2764 970 Ἀκακίῳ
2795 899 2964 953 ἐλθὼν
2992 899 3093 970 τὴν
3119 901 3420 956 Φλαυῖανοῦ
3465 903 3602 974 πρὸς
3633 903 3756 958 Θεό-

2170 975 2322 1054 φιλον
2356 983 2640 1039 κοινωνίαν
2675 983 2954 1053 ἐκόμισεν,
2987 983 3192 1038 εἴκοσιν
3236 985 3412 1040 ἐτεσιν
3443 987 3756 1057 ἀπεσχοινιο

2171 1067 2376 1138 σμένην
2405 1066 2678 1136 Εὐαγρίου
2711 1065 2896 1118 ἕνεκεν
2933 1064 3030 1118 τοῦ
3072 1067 3366 1138 μακαρίου,
3397 1068 3493 1122 τοῦ
3525 1069 3754 1136 πολλοὺς

2169 1150 2388 1219 ἀγῶνας
2445 1149 2860 1220 ἀγωνισαμένου
2915 1149 2971 1201 ἐν
3020 1150 3492 1222 ἐκκλησιαπικοῖς
3525 1155 3752 1224 πόνοις)-

2167 1233 2341 1304 τούτῳ
2391 1233 2470 1304 τῷ
2510 1231 2766 1303 Ἰσιδώρῳ
2795 1233 2930 1304 γυνή
2966 1248 3050 1295 τις
3096 1235 3239 1306 χήρα
3278 1235 3388 1288 τῶν
3414 1237 3756 1306 μεγιστάνων

2167 1317 2350 1371 δίδωσι
2389 1316 2595 1387 χιλίους
2621 1315 2932 1388 χρυσίνους,
2973 1316 3260 1387 ὀρκώσασα
3283 1319 3444 1373 αὐτὸν
3479 1321 3620 1375 κατὰ
3655 1324 3754 1394 τῆς

2167 1401 2263 1455 τοῦ
2292 1401 2548 1472 Σωτῆρος
2569 1399 2872 1472 τραπέζης,
2910 1401 3356 1472 συναγοράσαντα
3385 1403 3566 1475 ἀμφια
3603 1405 3757 1460 ἐνδῦ-

2169 1502 2259 1538 σαι
2288 1486 2386 1548 τὰς
2419 1485 2768 1555 πτωχοτέρας
2803 1485 2912 1537 τῶν
2952 1483 3365 1558 Ἀλεξανδρέων,
3396 1488 3470 1558 μὴ
3505 1489 3755 1559 μεταδόν-

2165 1587 2234 1623 τα
2269 1568 2524 1638 γνώσεως
2576 1567 2654 1637 τῷ
2697 1567 2961 1638 Θεοφίλῳ,
3007 1568 3095 1622 ἵνα
3124 1569 3198 1641 μὴ
3237 1569 3418 1624 λαϐὼν
3449 1572 3608 1635 αὐτά,
3639 1577 3752 1638 τοῖς

2165 1653 2335 1716 λίθοις
2357 1649 2776 1724 προσαναλώσῃ·
2806 1651 3092 1723 λιθομανία
3112 1653 3220 1722 γάρ
3245 1673 3330 1718 τις
3351 1655 3512 1710 αὐτὸν
3533 1658 3754 1728 Φαραώ-

2165 1753 2276 1799 νιος
2317 1735 2426 1806 ἔχει
2476 1735 2557 1799 είς
2611 1735 3038 1806 οἰκοδομήματα,
3093 1732 3168 1791 ὧν
3199 1738 3449 1808 οὐδαμῶς
3493 1741 3747 1814 χρῄζειή

2179 1819 2492 1888 Ἐκκλησία.
2537 1817 2646 1870 Καὶ
2670 1819 2739 1870 τά
2775 1818 2876 1888 μὲν
2901 1818 3125 1873 τοιαῦτα
3165 1822 3224 1874 ἐν
3260 1820 3496 1894 δευτέρῳ
3527 1824 3746 1878 κείσθω·

2165 1902 2227 1956 τὸ
2260 1901 2316 1956 δὲ
2344 1904 2669 1970 κατεπεῖγον
2700 1904 2828 1971 περὶ
2852 1900 2947 1954 τοῦ
2977 1901 3249 1975 Ἰσιδώρου
3283 1901 3533 1959 ἄκουσον·
3569 1907 3751 1961 λαϐὼν

2163 1985 2450 2058 τοιγαροῦν
2489 1986 2517 2037 ὁ
2555 1983 2822 2056 Ἰσίδωρος
2853 1984 2922 2038 τά
2945 1984 3278 2057 νομίσματα,
3305 1987 3588 2042 ἀναλίσκει
3630 1995 3752 2056 ταῖς

2167 2069 2492 2140 πενομέναις
2517 2068 2611 2122 καὶ
2638 2071 2758 2132 ταῖς
2785 2069 3002 2140 χήραις.
3040 2071 3222 2138 Ἔγνω
3257 2071 3418 2126 ποθὲν
3442 2075 3472 2126 6
3491 2073 3750 2144 Θεόφιλος

2167 2153 2338 2223 (οὐδὲν
2373 2153 2672 2224 γάροαύτῷ
2707 2152 2964 2210 ἐλάνθανε
2995 2153 3104 2207 τῶν
3134 2155 3408 2226 πανταχοῦ
3437 2161 3749 2230 πραττομέ-

2165 2254 2272 2290 νων
2301 2236 2335 2308 ἢ
2373 2235 2740 2308 λαλουμένων,
2775 2236 2950 2306 ἔχοντι
2981 2239 3353 2312 ἐργοσκόπους
3379 2241 3474 2294 καὶ
3501 2241 3750 2310 λογοσκό-

2165 2338 2318 2384 πους,
2375 2319 2461 2374 ἵνα
2515 2321 2590 2392 μὴ
2641 2321 2816 2384 ἄλλως
2867 2321 3058 2401 είίπω),
3089 2323 3185 2376 καὶ
3233 2324 3624 2396 προσκαλεῖται
3658 2329 3749 2380 τὸν

2177 2405 2464 2474 Ἰσίδωρον,
2498 2403 2881 2475 μετριοπαθῶς
2909 2405 3331 2477 πυνθανόμενος.
3374 2409 3423 2460 εί
3464 2407 3620 2463 ταῦθ’
3651 2411 3746 2464 οὐ.»

2162 2505 2270 2552 τως
2327 2486 2460 2558 ἔχει.
2520 2487 2633 2540 Οὐκ
2689 2487 3068 2558 ἀρνησάμενος
3128 2488 3446 2561 ὡμολόγησε
3499 2493 3599 2562 τὴν
3651 2493 3748 2548 τοῦ

2164 2570 2486 2640 πράγματος
2513 2568 2808 2624 διακονίαν.
2845 2571 2906 2623 Ὁ
2931 2571 2990 2624 δέ
3027 2571 3284 2636 ἀκούσας,
3308 2573 3404 2645 τὴν
3439 2575 3643 2647 σκηνὴν
3669 2579 3749 2629 ἐν.

2163 2651 2439 2718 ἀλλάσσει,
2468 2651 2563 2706 καὶ
2583 2654 2611 2705 ὁ
2639 2651 2744 2724 πρὸ
2766 2655 2938 2726 ῥοπῆς
2967 2655 3216 2727 ἐπιεικὴς
3245 2657 3337 2709 καὶ
3367 2659 3748 2730 χρηστοφανῆς

2165 2736 2222 2788 ἐν
2274 2738 2340 2806 τῇ
2389 2735 2679 2806 ἐρωτήσει,
2717 2737 2858 2806 μετά
2902 2737 2998 2808 τὴν
3025 2738 3198 2808 ῥοπὴν
3232 2737 3446 2810 οίδησεν
3472 2740 3611 2807 ὅλος,
3646 2743 3747 2808 τὰς

2168 2818 2383 2888 μορφὰς
2429 2817 2790 2884 ἐναλλάττων,
2846 2818 2945 2890 τῆς
3001 2820 3344 2892 ἀποκρίσεως
3395 2823 3748 2898 εἰσελθούσης

2163 2900 2257 2954 τοῦ
2320 2900 2612 2974 Ἰσιδώρου.
2675 2903 2786 2956 Καὶ
2843 2903 3040 2976 μικρὸν
3107 2905 3460 2976 ἐφησυχάσας
3528 2909 3742 2980 χρόνον,

2159 2983 2412 3056 καθάπερ
2439 2985 2814 3058 λαθροδάκτης
2841 2985 3008 3050 κύων,
3048 2989 3187 3058 μετά
3213 2989 3306 3043 δύο
3330 2990 3508 3061 μῆνας
3536 2993 3744 3064 προφέ-

2165 3084 2246 3137 ρει
2266 3068 2508 3138 χαρτίον,
2548 3071 2924 3142 συγκροτήσας
2956 3071 3017 3124 τὸ
3045 3073 3326 3144 ῖερατεῖον,
3357 3075 3625 3146 παρόντος
3648 3079 3744 3133 τοῦ

2173 3148 2443 3220 Ἰσιδὼρου
2485 3150 2680 3220 λέγων,
2722 3152 2804 3206 ὅτι
2832 3152 3004 3207 Τοῦτο
3029 3154 3298 3228 ἐδεξάμην
3324 3156 3430 3228 πρὸ
3461 3159 3744 3216 δεκαοκτὼ

2159 3232 2316 3298 ἐτῶν,
2362 3233 2623 3307 Ἰσίδωρε,
2653 3235 2796 3290 κατά
2850 3235 2966 3302 σοῦ,
3015 3237 3110 3292 καὶ
3151 3237 3338 3311 ἐπειδὴ
3385 3244 3746 3314 περιάσχολος

2157 3315 2444 3397 ἐγενόμην,
2477 3317 2617 3388 λήθῃ
2640 3318 2930 3390 παρέδωκα
2957 3319 3018 3374 τὸ
3038 3323 3290 3394 πρᾶγμω
3321 3321 3417 3378 νῦν
3439 3323 3493 3377 δέ
3523 3326 3744 3397 ἐτέρους
3773 3314 3784 3324 ’

2157 3396 2432 3470 ἐπιζητῶν
2462 3401 2688 3472 χάρτας,
2712 3401 2924 3474 εὕρηκα
2946 3403 3106 3458 τοῦτο
3131 3405 3191 3458 τὸ
3219 3408 3348 3478 περὶ
3379 3407 3474 3462 σοῦ
3495 3396 3738 3482 χαρτίοψ

2155 3481 2494 3566 ἀπολόγησαι
2529 3483 2667 3554 πρὸς
2691 3485 2844 3540 αὐτό.
2875 3486 3124 3560 Περιεϊχε
3153 3488 3210 3542 δέ
3249 3491 3278 3544 6
3303 3491 3510 3563 χάρτης
3543 3481 3742 3566 ἔγκλη-

2159 3583 2235 3637 μα
2281 3565 2354 3645 τὶ
2373 3565 2642 3638 Σοδόμων.
2685 3568 2832 3639 Πρὸς
2874 3570 3050 3624 ταῦτα
3083 3573 3116 3626 6
3146 3571 3414 3645 Ἰσίδωρος
3441 3565 3741 3645 ἀπολογού-

2157 3637 2516 3730 μενοςἸλέγει
2577 3650 2656 3722 τῷ
2703 3637 2966 3724 Θεοφίλῳ·
3024 3637 3479 3728 Συγχωρήσωμεν
3539 3637 3740 3730 ἀληθὲς

2155 3727 2314 3813 εἶναι,
2340 3733 2422 3788 ὅτι
2463 3734 2559 3788 καὶ
2596 3734 2764 3802 ἐδέξω
2787 3735 2876 3790 τὸν
2897 3737 3104 3810 χάρτην
3145 3739 3241 3792 καὶ
3276 3727 3605 3813 παρέπεσεν·
3632 3727 3740 3798 *οὐκ

2151 3809 2222 3886 ἦν
2258 3818 2288 3870 6
2317 3815 2442 3881 δοὺς
2471 3817 2562 3870 τὸν
2586 3817 2847 3884 λίϐελλον,
2871 3821 2958 3874 ἵνα
2987 3809 3335 3895 ἐκδευτέρου
3357 3809 3556 3880 ’τοῦτον
3581 3827 3741 3880 ἀπαι-

2151 3897 2321 3970 τηθῇ;
2354 3900 2498 3972 Πρὸς
2518 3899 2692 3954 ταῦτα
2715 3903 2744 3955 6
2765 3901 3040 3972 Θεόφιλος·
3083 3903 3221 3959 Ἀλλ’
3249 3907 3311 3960 οὐ
3338 3908 3517 3980 παρῆν
3536 3910 3565 3962 6
3584 3912 3736 3976 παῖς,

2153 3981 2424 4055 πλεύστης
2453 3984 2734 4056 ὑπάρχων.
2768 3986 2879 4040 Καὶ
2906 3987 2937 4040 ὑ
2966 3987 3253 4062 Ἰσίδωροςο
3281 3991 3357 4043 Οὐ
3383 3993 3564 4064 παρῆν
3591 4009 3740 4064 παρ-

2152 4064 2312 4147 αυτά,
2354 4067 2430 4130 ὡς
2456 4065 2657 4136 λέγεις,
2694 4069 2870 4123 πάπα·
2906 4071 3042 4142 μετά
3079 4071 3173 4126 τὸν
3207 4071 3374 4128 πλοῦν
3414 4075 3474 4128 οὐ
3511 4075 3735 4147 παρῆν;

2151 4145 2229 4218 τῷ
2254 4148 2492 4221 δευτέρῳ
2521 4149 2631 4205 έτει
2669 4152 2730 4205 οὐ
2759 4153 2967 4225 παρῆν,
3003 4154 3125 4209 οὐδὲ
3149 4155 3229 4227 τῷ
3259 4157 3428 4228 τρίτῳ
3452 4173 3467 4224 ;
3501 4145 3601 4212 καὶ.
3640 4145 3740 4213 νῦν

2151 4231 2512 4314 εἰῌπάρεστι,
2566 4233 2820 4290 κέλευσον
2876 4237 3067 4307 στῆναι
3111 4238 3203 4292 τὸν
3243 4239 3549 4312 ἄνθρωπον.
3589 4241 3738 4314 Πρὸς

2148 4311 2320 4367 ταῦτα
2363 4317 2393 4368 6
2439 4316 2698 4387 Θεόφιλος
2743 4320 2834 4374 ὑπ’
2867 4319 3038 4391 αὐτῆς
3082 4324 3179 4392 τῆς
3223 4311 3480 4394 ἀληθείας
3523 4311 3738 4395 μέλλων

2149 4398 2628 4472 εὐκαταφρόνητος
2673 4401 2941 4470 γίνεσθαι,
2995 4405 3353 4462 ἀναϐάλλεται
3399 4409 3478 4472 είς
3519 4408 3737 4480 ἡμέραν

2150 4481 2360 4553 ἑτέραν.
2401 4483 2513 4562 Καὶ
2554 4483 2866 4556 λιπαρήσας
2908 4487 3032 4540 τινὰ
3081 4491 3362 4544 νεανίσκον
3405 4491 3737 4562 ὑποσχέσεσι

2149 4563 2370 4630 πολλαῖς
2384 4561 2433 4633 ά,
2463 4567 2684 4638 ἤλειψεν
2719 4571 2800 4633 εἰς
2839 4571 3175 4642 κατηγορίαν
3221 4573 3362 4627 κατά
3396 4574 3491 4628 τοῦ
3529 4561 3736 4628 Ἰσιδὼ-

2153 4663 2267 4718 ρου,
2303 4648 2426 4714 δοὺς
2461 4651 2630 4722 αὐτῷ,
2663 4651 2740 4716 ὥς
2787 4669 2941 4723 φασι,
2986 4655 3377 4712 πεντεκαίδεκα
3422 4657 3730 4730 χρυσίνους,

2147 4729 2207 4796 ὃς
2234 4731 2466 4802 ἐξαυτῆς
2500 4734 2813 4790 ἀνατίθεται
2837 4739 2905 4808 τῇ
2945 4739 3130 4809 μητρί.
3165 4740 3229 4792 Ἦ
3255 4739 3312 4794 δὲ
3342 4729 3499 4795 τοῦτο
3531 4741 3630 4812 μὲν
3666 4743 3731 4795 οὐ

2147 4814 2473 4882 κατεδέξατο
2517 4817 2622 4871 ὑπὸ
2675 4819 2770 4874 τοῦ
2815 4821 3070 4886 ἀκλινοῦς
3121 4823 3424 4896 ὀφθαλμοῦ,
3467 4825 3626 4879 τοῦτο
3669 4825 3733 4880 δὲ

2147 4897 2252 4984 ὑπὸ
2283 4899 2378 4954 τοῦ
2401 4900 2553 4966 δέους
2573 4901 2682 4959 τῶν
2711 4905 2892 4977 νόμων
2923 4906 3318 4976 ἀνατραπεῖσα,
3349 4909 3726 4984 ἐνθυμουμένη

2149 4982 2358 5064 μήποτε
2401 4984 2430 5037 6
2457 4985 2730 5059 Ἰσίδωρος
2769 4989 3200 5060 συκοφαντηθεὶς
3239 4992 3602 5064 ἐκκαλέσηται
3633 4982 3729 5051 ἐπὶ

2144 5063 2236 5118 τὸν
2261 5064 2500 5137 ἄρχοντα
2537 5069 2645 5123 τῶν
2681 5069 2742 5141 δή
2752 5087 2886 5141 μων,
2919 5071 3172 5138 ἐλθοῦσα,
3198 5073 3451 5144 ὁμολογεῖ
3467 5063 3565 5148 τὴν
3591 5078 3728 5149 δρα-

2147 5149 2485 5232 ματουργίαν
2512 5151 2590 5221 τῷ
2632 5152 2906 5226 Ἰσιδώρῳ,
2939 5155 3164 5220 δείξασα
3195 5157 3344 5231 αὐτῷ
3371 5159 3498 5224 τοὺς
3530 5162 3729 5232 χρυσί-

2145 5246 2288 5297 νους,
2319 5231 2414 5296 οὓς
2439 5233 2593 5304 ἔλεγε
2632 5236 2784 5309 παρά
2809 5238 2912 5308 τῆς
2941 5239 3178 5309 ἀδελφῆς
3215 5239 3473 5310 Θεοφίλου
3504 5231 3730 5314 εἰληφέ-

2143 5329 2250 5379 ναι,
2283 5315 2472 5386 μισθὺν
2525 5319 2668 5374 κατά
2719 5319 2814 5374 τοῦ
2869 5321 3068 5376 ἀθώου.
3120 5323 3232 5377 Καὶ
3281 5323 3420 5396 αὐτη
3487 5325 3586 5397 μὲν
3638 5327 3730 5381 διὰ

2143 5397 2331 5484 πολλά,
2390 5399 2682 5474 ἐξαιρέτως
2739 5403 2796 5458 δὲ
2843 5404 2933 5458 διὰ
2981 5405 3142 5459 τοῦτο
3181 5405 3282 5478 τήν
3327 5408 3486 5476 ἀξίαν
3515 5411 3730 5484 ,τίσασα

2141 5482 2332 5567 ποινὴν
2356 5484 2604 5556 τελευτᾷ,
2635 5487 2761 5551 τοὺς
2793 5489 3033 5559 μαστοὺς
3059 5482 3546 5566 χειρουργουμένη.
3580 5495 3729 5567 Πρὸς

2138 5564 2311 5618 ταῦτα
2351 5569 2379 5620 6
2414 5567 2693 5640 ,Ἰσίδωρος
2724 5568 2919 5640 ἔμενεν
2954 5570 3115 5636 οἴκοι,
3155 5573 3249 5628 τὸν
3274 5564 3405 5630 Θεὸν
3442 5564 3724 5636 ἱκετεύων.

2149 5649 2208 5700 '0
2247 5649 2304 5703 δὲ
2339 5651 2640 5716 νεανίσκος,
2677 5652 2739 5733 τδ
2773 5653 2871 5724 μὲν
2895 5653 3022 5720 τοὺς
3041 5655 3240 5728 νόμους
3275 5659 3629 5732 φοϐούμενος,
3663 5661 3727 5718 τὸ

2197 5780 2223 5820 ἀ
2249 5785 2424 5850 Georg.
2453 5789 2714 5848 πολυύλοις.
