4018 6454
260 324 313 379 2|
1292 320 1376 374 DE
1418 318 1572 375 VITA
1615 321 1669 375 S.
1711 320 1985 376 JUANNIS
2022 320 2514 380 CHIIYSOSTOMI.
3481 338 3549 390 29

266 441 328 494 ita
355 451 404 492 st
443 437 745 503 haberent,
780 433 1019 491 Ecclesia
1056 435 1107 489 in
1137 435 1250 489 dies
1279 433 1646 490 eflloreseente
1668 436 1719 488 in
1741 450 1853 489 me—

266 529 361 583 lius
380 567 399 593 ,
424 535 481 582 et
511 537 624 581 tota
654 526 872 581 civitate
903 525 954 578 in
990 524 1243 594 pietatem
1289 525 1659 579 transformata
1685 566 1699 590 ,
1732 525 1850 578 ani—

265 617 557 686 mabusq'te
585 616 837 670 castitate
865 623 920 669 et
947 613 1242 684 psnlmodia
1288 613 1698 681 exsultantibus,
1744 630 1849 668 non

265 710 382 764 tulit
411 708 678 762 bonorum
708 721 834 760 osor
855 705 1063 759 daemon
1090 703 1266 774 fugam
1293 719 1477 760 eorum
1503 705 1592 775 qui
1621 704 1687 760 ab
1735 705 1850 774 ipso

264 801 584 857 tenebantur
603 842 618 866 ,
640 814 776 869 quos
802 797 1008 851 Domini
1034 811 1213 852 sermo
1233 812 1327 866 per
1349 797 1571 852 Joannis
1598 796 1851 867 praadica-

265 893 464 947 tionem
493 891 564 946 ab
592 905 659 945 eo
688 897 997 943 amoverat:
1029 888 1099 941 ita
1126 897 1184 942 ιιι
1206 887 1297 958 qui
1334 888 1460 943 circi
1498 902 1680 943 amore
1709 887 1852 941 insa-

262 983 480 1037 niebant
528 990 583 1036 et
629 979 967 1034 theatralium
994 977 1453 1047 spectaculorum,
1496 978 1695 1032 relictis
1734 977 1849 1033 dia-

265 1076 368 1130 boli
394 1074 553 1128 atriis
571 1114 586 1138 ,
613 1072 811 1127 cursim
839 1071 907 1126 ad
931 1071 1111 1126 caulas
1155 1070 1454 1127 Servatoris
1494 1074 1810 1126 accederent
1829 1110 1845 1136 ,

263 1166 401 1235 capti
430 1179 617 1219 amore
646 1164 834 1218 fistulze
863 1162 1088 1230 pastoris
1119 1162 1296 1217 ovium
1326 1162 1575 1216 amantis.

330 1258 462 1312 Cur.
492 1272 638 1310 \‘l.—-
663 1255 741 1310 Ex
770 1255 872 1309 hoc
914 1254 1367 1310 mereenariorum
1391 1262 1664 1324 pastorum
1696 1269 1847 1309 mcu-

265 1360 344 1403 tes
376 1348 513 1403 livor
540 1355 763 1416 occupat
786 1387 802 1409 ,
832 1346 922 1416 qui
950 1361 1016 1400 ex
1047 1345 1443 1416 comparatione
1467 1345 1841 1416 arguebantur.

261 1441 361 1509 Qui
390 1455 512 1495 cum
532 1454 654 1495 cum
683 1454 935 1509 superare
964 1453 1069 1493 non
1102 1437 1427 1502 valuissent,
1460 1452 1526 1493 eo
1562 1436 1705 1508 quod
1738 1452 1844 1491 non

260 1532 583 1587 advocarent
610 1529 824 1586 invidia:
846 1530 1234 1586 destructorem
1280 1526 1603 1582 Dominum:
1636 1528 1839 1582 calum-

262 1624 377 1678 nias
404 1630 624 1677 nectunt
646 1620 900 1674 adversus
915 1619 1174 1675 Joannem
1198 1658 1214 1686 ,
1242 1618 1504 1688 aliquibus
1528 1617 1643 1687 ejus
1673 1617 1844 1672 homi-

262 1714 344 1768 liis
380 1713 608 1768 detortis
648 1712 699 1766 in
733 1713 885 1781 jocos
908 1709 1166 1765 adversus
1191 1709 1482 1779 Augustam
1523 1717 1578 1763 et
1615 1707 1749 1762 alios
1776 1723 1842 1762 ex

259 1806 379 1860 aula
409 1802 770 1873 Imperatoris.
794 1801 1026 1872 Contigit
1048 1810 1223 1856 autem
1249 1812 1307 1855 ut
1330 1799 1383 1854 id
1415 1799 1669 1869 temporis
1706 1800 1843 1853 Aea-

260 1901 410 1963 eius,
437 1897 719 1966 episc0pus
748 1895 971 1961 Baream,
1005 1892 1094 1962 qui
1133 1891 1421 1947 advenerat
1459 1889 1841 1945 Constantino-

261 1993 444 2060 polim,
462 1989 868 2059 haudquaquam
891 1987 1087 2041 bonum
1116 1985 1402 2055 hospitium
1423 1983 1838 2047 nancisceretur,

263 2097 318 2139 ut
359 2083 571 2139 ditebat
600 2124 616 2149 ,
648 2090 702 2137 et
748 2080 816 2135 ob
861 2079 963 2135 hoc
1003 2091 1268 2143 maerens,
1299 2077 1376 2131 ira
1419 2075 1837 2137 intumescebat,

262 2175 411 2244 quasi
448 2174 721 2244 neglectus
758 2186 788 2226 a
818 2172 1042 2226 Joanne.
1069 2168 1488 2240 Cogitationibus
1529 2177 1707 2222 autem
1737 2166 1840 2221 im-

262 2265 552 2320 moderatis
600 2264 806 2327 victus,
860 2261 1146 2317 absurdum
1210 2274 1512 2316 sermonem
1563 2273 1627 2312 ex
1680 2257 1843 2312 abun-

261 2359 443 2413 dantia
472 2357 647 2413 cordis
675 2357 828 2412 etii-rt
857 2355 1071 2426 dignum
1112 2368 1207 2409 sua
1249 2362 1428 2408 mente
1451 2393 1466 2419 ,
1491 2350 1842 2421 praesentibus

260 2450 574 2521 quibusdam
600 2448 822 2505 Joannis
869 2446 1114 2513 clericis,
1153 2444 1376 2500 dicens:
1406 2443 1519 2513 Ego
1542 2441 1643 2512 ipsi
1678 2442 1840 2496 ollam

259 2544 475 2599 condio.
517 2541 720 2597 Exinde
747 2541 908 2611 igitur
933 2538 1246 2609 conjunctus
1275 2545 1358 2592 est
1383 2535 1705 2599 Severiano,
1729 2534 1840 2587 An-

261 2634 475 2699 tiocho,
523 2633 721 2688 lsaacio
754 2630 969 2702 Syrisce
994 2672 1008 2697 ,
1056 2626 1476 2684 circumforaneo
1498 2667 1514 2692 ,
1555 2623 1842 2695 praeposito

267 2725 407 2778 'alsis
435 2723 727 2787 monachis,
752 2722 875 2775 trito
904 2720 954 2774 in
980 2718 1249 2790 perpetuis
1275 2717 1534 2772 adversus
1562 2716 1841 2785 episcopos

257 2814 541 2869 calumniis
573 2831 586 2867 :
619 2812 918 2868 deliberant
945 2811 1141 2865 armari
1169 2809 1371 2865 scilicet
1400 2808 1656 2863 adversus
1681 2805 1841 2861 Joan-

262 2924 312 2959 u.
332 2921 385 2959 ιιι
411 2922 426 2969 ;
456 2920 637 2960 revera
663 2913 839 2958 autem
870 2910 1053 2956 contra
1078 2899 1303 2971 gloriam
1332 2897 1649 2954 Servatoris.
1673 2894 1842 2953 (Ia-te-

262 3011 421 3059 rum,
468 3009 586 3048 cum
634 2993 907 3048 misissent
959 2991 1189 3063 primum
1238 2988 1616 3053 Antiochiam,
1670 2984 1844 3041 adole-

258 3085 481 3140 scentia:
511 3085 625 3154 ejus
661 3083 853 3139 delicta
897 3082 1229 3152 perquirunt.
1252 3079 1354 3135 Ubi
1384 3092 1509 3134 vero
1554 3077 1843 3146 defecerunt

259 3185 540 3230 enatantes
583 3175 911 3230 scrutatione:
938 3172 1107 3245 (Psal.
1140 3172 1228 3228 65.
1257 3171 1336 3243 7),
1362 3180 1415 3226 et
1454 3170 1584 3228 nihil
1624 3170 1843 3224 invene-

262 3276 423 3329 runt,
455 3267 669 3320 mittunt
696 3263 1069 3321 Alexandriam
1119 3262 1188 3317 ad
1218 3261 1497 3332 Theophili
1535 3260 1794 3315 vafritiem
1824 3300 1838 3325 ,

261 3358 347 3426 qui
379 3357 653 3411 dicebatur
673 3354 976 3421 Cothurnus,
997 3353 1210 3409 solertis
1242 3353 1362 3411 talia
1386 3351 1559 3407 moliri
1593 3369 1604 3403 ε
1634 3351 1723 3421 qui
1744 3359 1843 3405 sta-

260 3452 354 3504 tim
382 3449 641 3519 replicans
663 3450 858 3503 mentis
884 3462 996 3504 sure
1015 3447 1280 3503 volumina
1306 3462 1427 3501 eum
1450 3446 1558 3500 otio
1587 3452 1641 3499 et
1664 3443 1842 3513 quiete

261 3541 594 3608 latrocinali,
623 3539 858 3611 cujusvis
903 3540 1064 3595 etiam
1115 3545 1406 3608 pra-textus
1445 3536 1678 3606 speciem
1717 3534 1839 3591 dili-

258 3640 451 3703 genter
491 3631 939 3701 perscrutabatur.
972 3630 1122 3685 Duc.
1153 3628 1326 3695 Siste,
1360 3629 1553 3694 Pater,
1578 3626 1841 3682 sermonis

263 3726 336 3779 tui
364 3737 576 3779 cursum
600 3764 615 3789 ,
644 3730 929 3792 antequam
954 3721 1264 3787 obliviscar,
1296 3728 1355 3775 ut
1383 3718 1475 3774 tibi
1504 3717 1678 3774 dicam
1718 3732 1844 3771 cau-

261 3830 379 3869 sam
406 3857 418 3878 ,
447 3830 564 3885 qua:
589 3813 655 3868 ad
684 3828 781 3869 nos
807 3827 975 3883 usque
1002 3810 1323 3867 Alexandria
1369 3811 1614 3881 pervenit
1636 3820 1690 3865 et
1719 3823 1840 3879 per-

260 3904 488 3961 crebuit.
516 3903 777 3961 Joannem
831 3904 973 3958 enim
1021 3902 1170 3959 aiunt
1210 3901 1434 3960 clericos
1479 3916 1510 3956 a
1545 3900 1843 3970 Theophila

262 3995 534 4064 depositos
588 3993 869 4050 admisisse
919 3992 985 4049 ad
1051 3992 1515 4057 communionem;
1558 3999 1717 4061 atque
1769 3991 1839 4045 ita

261 4083 617 4153 Theophilum
642 4083 929 4141 oll‘endisse
960 4102 973 4140 :
1004 4082 1145 4151 quod
1187 4082 1409 4139 minime
1449 4080 1644 4136 factum
1684 4094 1842 4150 opor-

263 4177 365 4230 tuit
393 4193 406 4228 :
437 4174 572 4231 adeo
606 4183 663 4229 ut
682 4191 749 4230 ex
771 4189 836 4230 eo
865 4173 1105 4231 infensus
1132 4173 1345 4239 Joanni,
1386 4186 1693 4243 Oppugnare
1718 4186 1841 4227 cum

261 4281 547 4337 aggressus
571 4268 660 4323 sit.
692 4266 865 4321 Eptse.
892 4265 1089 4320 Demus
1117 4265 1259 4320 hunc
1284 4279 1575 4329 rumorem,
1604 4263 1695 4333 qui
1721 4278 1842 4332 per-

261 4356 500 4421 crebuit,
529 4371 647 4411 esse
678 4371 863 4411 verum
896 4373 909 4410 :
948 4371 1017 4410 an
1043 4354 1280 4425 episcOpi
1308 4362 1423 4421 est,
1456 4353 1654 4407 malum
1703 4352 1843 4406 man

261 4450 494 4504 curare?
516 4459 570 4503 et
599 4448 687 4503 ubi
713 4456 794 4504 est
832 4448 965 4503 illud
1003 4446 1273 4518 Evangelii
1300 4444 1441 4517 quod
1466 4447 1576 4512 ait,
1607 4443 1703 4499 Sol
1745 4460 1844 4499 non

262 4539 462 4594 occidat
484 4525 638 4610 super
660 4538 973 4593 iracundiam
988 4549 1200 4592 vestram
1220 4536 1437 4609 (Ep/tes.
1460 4535 1609 4607 4.26)
1631 4536 1655 4589 ?
1677 4536 1764 4590 ubi
1783 4536 1845 4589 il-

264 4632 357 4685 lud
380 4630 626 4699 apostoli,
664 4629 813 4684 Vince
830 4631 883 4683 in
900 4630 1027 4684 bono
1051 4628 1242 4682 malum
1269 4628 1444 4699 (llam.
1478 4627 1564 4682 I2.
1586 4627 1677 4698 21)
1702 4626 1725 4680 ?
1756 4627 1846 4681 ubi

262 4722 395 4776 illud
419 4723 711 4793 propheta,
734 4721 793 4777 Si
811 4721 1008 4776 reddidi
1028 4721 1408 4775 retribuentibus
1424 4721 1546 4775 mihi
1566 4721 1704 4774 mala
1722 4718 1842 4791 (Ps.

263 4816 319 4866 'l.
349 4812 448 4882 5)?
479 4812 676 4868 Deinde
704 4829 829 4869 num
860 4814 1140 4883 Operosius
1171 4821 1286 4867 erat
1322 4827 1503 4867 coram
1540 4812 1847 4868 reverendis

264 4904 531 4973 episcopis
558 4919 680 4958 eum
719 4918 974 4959 accusare
1011 4912 1064 4959 et
1099 4902 1280 4958 dicere
1308 4921 1322 4959 :
1356 4903 1542 4959 Frater
1566 4903 1805 4959 Joannes
1830 4945 1844 4969 ,

265 4995 371 5050 hoc
396 5004 488 5048 aut
515 4994 646 5050 illud
674 5009 743 5050 an
773 4995 1085 5067 imprudens
1113 4994 1281 5050 fecisti
1306 4994 1331 5049 ?
1359 5003 1413 5050 et
1453 4995 1715 5052 Joannem
1749 4995 1848 5054 dc-

263 5085 525 5141 fcnsionis
565 5085 682 5140 loco
706 5085 905 5153 dicere,
926 5101 1037 5140 rem
1064 5086 1334 5156 ignorasse
1353 5086 1454 5141 se?
1481 5086 1629 5143 Duc.
1656 5086 1848 5145 Verum

263 5175 422 5243 dicis,
446 5175 492 5229 si
518 5173 570 5231 in
600 5190 665 5230 eo
693 5174 880 5232 fuisset
900 5176 1146 5231 voluntas
1175 5176 1335 5244 bona,
1357 5191 1458 5231 nec
1481 5178 1851 5248 prmtexuisset

263 5265 589 5322 clericorum
647 5280 898 5333 causam,
956 5276 1013 5321 ut
1068 5265 1336 5341 propriam
1385 5265 1517 5321 iram
1585 5267 1846 5337 expleret.

265 5357 447 5413 Ertsc.
477 5356 582 5411 Per
611 5356 855 5411 timorem
886 5357 981 5412 Dei
1007 5357 1096 5428 qui
1125 5356 1344 5411 infinitis
1370 5357 1648 5411 timoribus
1673 5357 1848 5412 domi-

258 5458 445 5517 natur,
479 5461 586 5502 non
637 5447 791 5501 aliter
822 5446 914 5502 tibi
943 5446 1117 5503 dicant
1139 5488 1155 5513 ,
1184 5461 1342 5518 quam
1383 5454 1442 5501 ut
1483 5461 1541 5501 se
1570 5445 1729 5502 habet
1773 5449 1852 5503 rei

254 5554 455 5600 natura
482 5541 553 5596 de
583 5540 649 5594 iis
676 5539 913 5606 clericis,
944 5555 1078 5612 quos
1119 5540 1447 5595 memorasti.
1473 5538 1705 5594 Isidorus
1731 5540 1851 5609 qui-

247 5638 376 5693 dam
412 5632 701 5706 presbyter
730 5646 794 5686 ex
835 5631 979 5687 beati
1007 5631 1183 5702 magni
1211 5629 1483 5686 Athanasii
1517 5629 1851 5686 ordinatione

242 5733 549 5805 supererat
574 5766 588 5793 ,
624 5725 1008 5795 octogesimum
1035 5725 1207 5781 :etatis
1243 5740 1435 5779 annum
1465 5739 1625 5797 agens
1647 5765 1660 5792 ,
1689 5739 1847 5796 quem

1963 446 2155 490 norunt
2181 436 2539 493 Ilotnanorum
2582 440 2816 510 plerique
2841 444 3323 502 ecclesiasticarum
3370 463 3545 505 rerum

1960 541 2119 581 causa
2175 527 2400 582 Romam
2446 530 2694 595 venisse,
2724 546 2843 586 cum
2894 535 3231 591 Alexandriae
3277 538 3545 609 hospitum

1960 626 2237 687 susceptor
2280 629 2440 674 esset.
2477 619 2554 673 'I'u
2605 636 2733 676 vero
2784 632 2837 676 et
2889 625 3002 694 ipse
3052 627 3195 683 ηοειί
3248 628 3544 695 hominem,

1958 708 2173 777 quando
2217 725 2337 765 cum
2380 712 2574 767 Acacio
2620 715 2879 783 veniens,
2912 717 3148 773 Flaviani
3193 735 3315 776 cum
3355 723 3537 779 Theo-

1959 801 2103 868 philo
2132 803 2563 859 communionem
2590 807 2769 860 attulit
2794 848 2807 871 ,
2839 808 3019 877 viginti
3050 825 3219 866 annos
3260 813 3543 885 abruptam

1956 891 2095 946 beati
2123 893 2334 963 Evagrii
2359 909 2518 951 causa
2541 913 2553 949 :
2576 899 2667 967 qui
2698 898 2922 968 plurima
2949 902 3241 958 certamina
3266 905 3317 959 in
3347 906 3541 961 obeun-

1955 982 2038 1036 dis
2077 984 2455 1040 eeelesiasticis
2498 987 2770 1043 laboribus
2801 989 3038 1059 pertulit.
3081 991 3212 1047 IIuic
3249 994 3407 1065 igitur
3441 992 3538 1050 ἱείς

1955 1074 2087 1130 doro
2117 1076 2310 1132 mulier
2343 1079 2590 1148 quaedam
2633 1079 2790 1135 vidua
2820 1097 2852 1136 e
2893 1085 3230 1153 magnatibus
3263 1087 3354 1141 dat
3393 1089 3539 1147 mille

1953 1181 2176 1232 aureos,
2205 1168 2487 1241 adegitque
2529 1171 2878 1242 jurejurando
2910 1190 3005 1244 per
3030 1174 3332 1233 Servatoris
3380 1195 3537 1234 meo.

1951 1273 2089 1326 sam,
2108 1263 2304 1330 emptis
2331 1264 2568 1319 vestibus
2586 1265 2928 1334 pauperiores
2953 1268 3288 1325 Alexandria:
3311 1270 3539 1327 feminas

1954 1363 2317 1409 contecturum
2371 1354 2505 1410 clam
2555 1356 2882 1427 TheOphilo,
2914 1374 2981 1415 ne
3032 1359 3077 1414 is
3131 1377 3379 1416 nummos
3418 1364 3537 1420 illos

1951 1454 2188 1514 caperet,
2207 1454 2364 1515 atque
2381 1447 2754 1514 comparandis
2783 1447 3049 1516 lapidibus
3079 1450 3392 1506 insumeret.
3424 1453 3532 1508 La-

1952 1534 2133 1604 pidqu
2177 1537 2322 1590 enim
2370 1537 2515 1591 furor
2542 1537 2755 1606 quidam
2790 1539 3121 1595 Pharaonius
3149 1541 3325 1610 ipsum
3360 1545 3533 1611 possi-

1948 1625 2039 1679 det
2060 1665 2075 1688 ,
2108 1626 2174 1680 ad
2202 1625 2423 1682 aedilicia
2450 1628 2643 1697 quibus
2666 1629 2796 1683 nihil
2826 1630 3022 1700 indiget
3046 1631 3306 1686 Ecclesia.
3327 1634 3393 1689 Et
3417 1634 3533 1688 haec

1947 1716 2162 1785 quidem
2189 1717 2497 1774 mittamus:
2527 1720 2668 1788 quod
2693 1728 2871 1775 autem
2899 1720 2967 1776 de
3000 1721 3204 1777 Isidoro
3235 1732 3405 1792 urget,
3440 1740 3532 1778 an.

1947 1808 2018 1861 di.
2047 1809 2182 1864 Cum
2208 1810 2365 1879 igitur
2390 1810 2624 1867 Isidorus
2651 1826 2746 1866 eos
2787 1827 3035 1867 nummos
3064 1815 3359 1883 accepisset
3384 1857 3400 1880 ,
3432 1817 3531 1868 im-

1949 1901 2132 1970 pendit
2160 1902 2499 1971 panperculis
2526 1912 2581 1956 et
2610 1902 2784 1956 viduis
2814 1902 3148 1957 mulieribus.
3177 1904 3437 1960 Alicunde
3477 1908 3530 1960 id

1948 1991 2098 2045 novit
2144 1992 2510 2060 Theophilus:
2539 1991 2672 2047 nihil
2712 1992 2855 2047 enim
2889 1993 3061 2062 ipsum
3107 1994 3305 2049 latebat
3343 2012 3525 2050 eorum

1949 2099 2067 2153 qure
2092 2084 2284 2155 tibique
2316 2086 2509 2140 fierent
2537 2094 2591 2140 et
2616 2084 2946 2151 dicerentur,
2977 2093 3159 2155 utpote
3185 2088 3273 2156 qui
3304 2086 3529 2143 haberet

1946 2185 2000 2229 et
2025 2176 2282 2230 factorum
2313 2185 2367 2231 et
2396 2177 2658 2231 dictorum
2700 2176 3067 2245 exploratores
3090 2216 3105 2242 ,
3133 2192 3200 2231 ne
3246 2178 3401 2232 aliter
3433 2194 3529 2233 eos

1945 2266 2225 2335 appellem.
2257 2265 2514 2320 Isidorum
2563 2274 2789 2332 evocat,
2830 2264 3108 2321 moderate
3157 2266 3524 2337 interrogans,

1945 2375 2011 2413 au
2036 2375 2097 2414 ea
2125 2360 2197 2415 ita
2224 2374 2282 2414 se
2322 2359 2599 2417 haberent.
2630 2359 2744 2414 Non
2786 2360 2998 2430 negavit
3037 2359 3271 2417 Isidorus
3299 2402 3315 2427 ,
3340 2361 3526 2430 reique

1946 2452 2108 2506 totius
2132 2451 2652 2507 administrationem
2695 2451 2871 2508 fassus
2893 2461 2993 2507 cst.
3024 2451 3140 2519 Quo
3186 2452 3276 2507 illc
3306 2452 3487 2507 audito
3510 2493 3526 2519 ,

1945 2556 2159 2595 scenam
2191 2548 2399 2594 mutat:
2430 2548 2485 2595 et
2512 2541 2602 2611 qui
2641 2541 2799 2611 paulo
2834 2551 2960 2596 ante
3013 2543 3065 2595 in
3113 2542 3529 2612 interrogatione

1946 2633 2251 2688 moderatus
2277 2648 2338 2688 ac
2366 2633 2503 2689 lenis
2533 2643 2875 2703 apparuerat,
2907 2644 3180 2689 momento
3203 2646 3320 2705 post
3346 2635 3529 2689 audito

1949 2724 2133 2779 lsidori
2189 2739 2482 2794 responso,
2526 2733 2666 2779 totus
2715 2725 3001 2790 intumuit,
3049 2734 3244 2779 mutata
3296 2724 3524 2780 subinde

1946 2813 2100 2868 facie.
2135 2814 2202 2869 Et
2226 2829 2346 2869 cum
2380 2815 2650 2885 paululum
2678 2814 2991 2884 quievisset,
3020 2824 3073 2869 ut
3101 2816 3249 2869 canis
3273 2815 3362 2882 qui
3388 2815 3527 2868 clam

1946 2904 2195 2970 mordet,
2229 2913 2347 2973 post
2375 2918 2584 2959 menses
2630 2903 2767 2959 duos
2815 2914 3106 2959 convocato
3130 2904 3296 2967 clero,
3326 2903 3532 2973 profert

1947 2994 2243 3050 chartulam
2288 3004 2551 3064 praesente
2605 2993 2854 3061 Isodoro,
2899 2994 3125 3049 dicens:
3160 2993 3307 3050 Ilanc
3347 2994 3530 3063 accepi

1947 3097 2072 3143 ante
2101 3087 2285 3142 decem
2310 3096 2363 3141 et
2391 3096 2513 3141 octo
2537 3102 2706 3142 annos
2726 3127 2741 3152 ,
2770 3085 2970 3141 Isidore
2991 3126 3006 3151 ,
3051 3083 3308 3141 adversus
3353 3092 3403 3138 te
3428 3100 3442 3148 ;
3475 3093 3531 3141 et

1947 3176 2195 3246 quoniam
2224 3175 2375 3231 valde
2402 3187 2691 3244 occupatus
2710 3190 2879 3240 eram,
2911 3190 3024 3230 rem
3052 3173 3267 3231 silentio
3290 3173 3482 3230 tradidi
3512 3191 3527 3229 :

1948 3278 2086 3321 nunc
2112 3278 2240 3318 vero
2278 3263 2408 3319 alias
2432 3265 2646 3318 chartas
2692 3279 2939 3335 quaerens
2963 3305 2977 3329 ,
3012 3264 3151 3320 hanc
3179 3264 3246 3318 dc
3285 3275 3336 3318 te
3370 3263 3530 3319 char-

1950 3357 2114 3410 tulam
2141 3355 2317 3410 inveni
2349 3393 2362 3407 .
2395 3364 2580 3410 contra
2612 3355 2750 3411 hanc
2777 3355 2992 3410 institue
3016 3353 3401 3411 defensionem.
3436 3353 3530 3408 Illa

1947 3457 2122 3502 autem
2165 3446 2405 3504 chartula
2448 3447 2757 3503 continebat
2783 3446 3180 3501 accusationem
3206 3442 3519 3499 Sodomitici

1949 3539 2218 3597 criminis.
2270 3538 2353 3594 Ad
2408 3538 2524 3595 haec
2582 3537 2834 3594 Isodorus
2880 3535 3176 3604 'I'heophilo
3227 3533 3529 3603 respondit,

1948 3630 2241 3687 defendens
2278 3645 2335 3684 se
2369 3648 2381 3685 :
2413 3628 2779 3685 Cunccdamus
2811 3628 2912 3682 hoc
2940 3642 3122 3682 verum
3153 3641 3293 3693 esse,
3323 3636 3376 3680 et
3420 3641 3450 3679 a
3478 3636 3530 3684 te

1950 3730 2223 3791 acceptam
2254 3735 2371 3775 esse
2402 3720 2696 3775 chartulam
2722 3761 2738 3787 ,
2784 3729 2838 3773 et
2884 3718 2979 3772 tibi
3023 3715 3285 3772 excidisse
3315 3736 3328 3771 :
3354 3732 3531 3775 nonne

1948 3813 2135 3869 aderat
2161 3813 2248 3883 qui
2271 3813 2507 3867 libellum
2532 3812 2708 3879 dedit,
2739 3821 2797 3866 ut
2825 3810 3001 3865 denuo
3022 3810 3113 3864 ille
3137 3824 3168 3864 a
3200 3820 3251 3864 te
3279 3822 3532 3879 reposce-

1952 3904 2141 3959 retur?
2170 3904 2248 3958 Ad
2292 3905 2406 3959 haec
2445 3903 2773 3974 Theophilus
2805 3922 2818 3958 :
2849 3901 2956 3957 Sed
3001 3916 3106 3956 non
3137 3901 3325 3956 aderat
3369 3915 3530 3970 puer,

1954 3994 2231 4064 navigabat
2251 3995 2396 4048 enim
2425 3995 2476 4048 in
2500 3994 2654 4048 mari.
2672 3993 2735 4048 Et
2758 3991 2990 4048 Isidorus
3009 4009 3022 4045 :
3041 3990 3157 4045 Non
3179 3989 3362 4044 aderat
3383 3998 3530 4054 tunc,

1953 4094 2009 4140 ut
2029 4084 2182 4150 dicis,
2216 4099 2348 4154 papa
2381 4103 2393 4138 :
2431 4094 2549 4154 post
2572 4084 2959 4153 navigationem
2989 4097 3166 4140 nonne
3192 4079 3400 4137 adfuit?
3426 4096 3532 4135 non

1949 4175 2224 4230 secundo?
2251 4190 2355 4229 non
2386 4174 2541 4229 tertio
2566 4174 2742 4231 anno?
2762 4183 2817 4228 et
2846 4189 2984 4227 nunc
3009 4173 3053 4227 si
3084 4171 3262 4237 adest,
3281 4170 3410 4239 jube
3438 4169 3535 4225 ho-

1950 4267 2147 4320 minem
2191 4264 2380 4323 sistere
2413 4279 2492 4319 se.
2543 4264 2625 4317 Ad
2669 4264 2785 4319 haec
2832 4262 3191 4332 TbeOphilus,
3219 4276 3379 4331 quem
3418 4260 3533 4329 ipsa

1949 4357 2143 4411 veritas
2173 4353 2624 4424 contemptibilem
2656 4352 2927 4412 redditura
2956 4362 3071 4411 erat
3089 4394 3105 4421 ,
3150 4368 3265 4407 rem
3295 4354 3347 4406 in
3372 4353 3532 4409 alimn

1949 4446 2089 4501 diem
2127 4444 2301 4515 rejicit
2332 4461 2345 4497 :
2376 4453 2430 4499 et
2452 4444 2700 4516 juvenem
2743 4442 3026 4515 quemdam
3069 4442 3536 4514 pollicitationibus

1952 4538 2129 4593 multis
2157 4535 2468 4595 demulcens
2486 4578 2501 4604 ,
2533 4536 2599 4596 ad
2625 4535 3015 4591 accusationem
3053 4545 3238 4589 contra
3260 4533 3535 4589 Isodorum

1953 4631 2237 4697 instruxit,
2261 4629 2398 4685 datis
2419 4630 2552 4699 ipsi,
2584 4638 2641 4686 ut
2667 4629 2848 4694 aiunt,
2877 4627 3183 4699 quindecim
3212 4629 3424 4681 aureis:
3449 4628 3541 4697 qui

1953 4723 2131 4777 statim
2165 4736 2261 4777 eos
2287 4722 2444 4779 matri
2486 4721 2659 4780 all'crt.
2699 4720 2789 4776 llla
2831 4729 3008 4776 autem
3039 4721 3233 4790 partim
3277 4729 3423 4775 metu
3459 4719 3542 4776 in-

1954 4812 2287 4870 conniventis
2321 4813 2463 4869 oculi
2488 4827 2582 4867 eos
2622 4827 2728 4867 non
2770 4812 3012 4882 accepit,
3044 4811 3236 4882 partim
3265 4810 3441 4881 legum
3476 4811 3542 4864 ti-

1956 4920 2106 4960 more
2133 4904 2399 4976 perculsa,
2422 4904 2662 4974 cogitans
2682 4919 2749 4959 ne
2776 4902 2991 4974 quando
3011 4903 3247 4959 Isidorus
3276 4902 3539 4958 calumnia

1956 4998 2249 5067 appetitus,
2290 4996 2355 5051 ad
2384 4995 2665 5067 praesidem
2695 4997 2983 5067 provinciae
3014 5002 3352 5067 provocaret.
3378 4993 3545 5048 Isido-

1959 5104 2076 5142 rum
2100 5087 2385 5155 convenit,
2417 5082 2578 5158 atque
2622 5087 2723 5158 ipsi
2763 5096 2926 5143 totam
2969 5087 3283 5157 tragoediam
3324 5084 3539 5150 fatetur,

1957 5179 2005 5233 ei
2034 5178 2322 5234 ostendens
2342 5192 2534 5234 aureos
2551 5218 2566 5244 ,
2596 5193 2731 5248 quos
2758 5194 2789 5234 a
2817 5193 3004 5234 sorore
3024 5177 3303 5249 Theophili
3331 5190 3540 5234 mercc-

1957 5270 2039 5324 dis
2066 5270 2184 5325 loco
2211 5269 2480 5338 accepisse
2499 5284 2558 5324 se
2575 5270 2786 5325 dicebat
2823 5269 3079 5326 adversus
3100 5270 3359 5328 Isidorutn
3387 5268 3541 5320 inno-

1958 5371 2188 5416 centem.
2219 5360 2285 5415 Et
2312 5361 2401 5415 illa
2422 5361 2635 5431 quidem
2663 5377 2788 5418 cum
2812 5362 2881 5418 ob
2915 5361 3099 5427 multa,
3131 5370 3240 5416 tum
3270 5358 3538 5429 praecipuo

1957 5453 2028 5507 ob
2065 5467 2182 5507 eam
2217 5466 2429 5507 causam
2451 5493 2465 5518 ,
2498 5453 2700 5508 meritis
2742 5453 2915 5522 pomis
2965 5450 3248 5521 persolutis
3293 5449 3536 5509 moritur.

1960 5541 2206 5612 chirurgo
2233 5543 2496 5598 mamillas
2522 5543 2639 5614 ejus
2667 5552 2907 5599 curante.
2935 5540 3140 5595 Interea
3175 5539 3408 5596 Isidorus
3434 5541 3537 5596 dov

1960 5635 2032 5690 mi
2058 5636 2337 5701 manebat,
2370 5635 2535 5690 Deum
2576 5650 2756 5690 orans.
2783 5635 2923 5691 Puer
2957 5640 3133 5687 autem
3166 5635 3356 5705 partim
3396 5635 3540 5702 leges

1960 5726 2156 5782 veritus
2181 5769 2195 5796 ,
2228 5727 2418 5798 partim
2457 5726 2782 5801 asperiorem
2813 5722 3165 5798 Theophilum
3193 5725 3498 5798 conjectans
3522 5766 3537 5794 .
