4018 6466
1701 308 2017 370 PALLADII
2058 304 2399 362 DIALOGUS
3658 293 3730 345 gi

2128 433 2312 477 contra
2345 423 2475 476 istos
2493 418 2784 490 supplicem
2817 416 3053 472 libellum
3075 414 3217 484 apud
3241 428 3365 473 eum
3389 414 3608 470 nomine
3633 430 3732 466 san

2129 513 2348 583 deponit
2387 512 2501 582 ipse
2519 552 2536 578 ,
2560 509 2824 581 Egyptiae
2852 509 3149 565 dicaceseos
3176 504 3433 575 pontifex,
3460 504 3737 574 adiunctis

2131 606 2280 660 falsae
2304 604 2657 660 accusationis
2693 602 2884 657 libellis
2908 642 2923 668 ,
2966 600 3206 671 petitque
3232 606 3289 653 ut
3317 598 3535 653 militari
3567 613 3736 653 manu

413 348 493 401 23

426 458 469 510 si
521 465 685 521 scepo
739 444 1039 506 excideret,
1072 438 1135 492 ad
1174 436 1459 493 ecclesiam
1487 432 1654 498 ,tttile
1709 441 2013 499 propugna-

411 520 644 609 ,,eulum,
690 536 947 606 confugit,
984 531 1136 587 altari
1175 531 1475 586 adlnereus.
1529 526 1601 581 Ita
1645 520 2017 592 Theophilus,

408 606 640 693 i"silente
671 628 909 702 justitia,
970 623 1226 679 Isidorum
1287 618 1525 674 Ecclesia
1570 614 1847 678 eliminat,
1902 625 2023 666 cum

438 721 761 781 exsecranda
812 717 1177 787 divulgasset,
1226 710 1536 781 injustitiam
1587 707 1845 777 gravitate
1885 716 2026 772 prce-

441 830 646 874 tcxens.
681 811 882 867 Deinde
912 809 1106 862 timens
1133 804 1368 859 Isidorus
1388 843 1403 867 ,
1444 816 1512 856 ne
1552 797 1763 852 tandem
1787 790 2026 865 graviori

447 925 521 963 ira
549 908 830 976 instigalus
862 899 1190 970 Theophilus
1216 939 1230 962 ,
1259 897 1415 951 saluti
1458 908 1568 948 sure
1614 890 1831 946 insidias
1863 884 2032 941 medi-

444 1011 644 1056 taretur
670 1000 829 1068 (nam
858 993 922 1049 ad
949 993 1065 1047 haec
1094 1004 1259 1061 usque
1285 989 1445 1043 etiam
1485 983 1733 1056 progredi
1776 980 1947 1047 solet,
1977 985 2035 1031 ut

446 1091 639 1161 aiunt),
668 1102 828 1144 cursu
873 1082 1003 1156 petit
1050 1091 1285 1138 montem
1317 1078 1502 1134 Nitria:
1549 1077 1614 1130 ad
1651 1072 2033 1130 monachorum

450 1183 693 1239 ordinem
721 1222 736 1248 ,
768 1179 859 1234 ubi
899 1183 1260 1232 commoratus
1303 1172 1475 1227 fuerat
1516 1168 1944 1224 adolescenszet
1983 1162 2037 1216 in

450 1274 582 1328 cella
609 1287 707 1327 sua
732 1270 927 1325 sedens
953 1310 966 1333 ,
995 1265 1310 1337 precabatur
1329 1303 1345 1328 ,
1376 1259 1823 1327 patientissimum
1866 1254 2039 1309 Deum

456 1366 821 1436 interpellans.
851 1362 1023 1431 Super
1053 1360 1134 1413 his
1166 1358 1430 1412 indecora:
1456 1363 1508 1408 et
1552 1354 1768 1407 incerta:
1803 1346 2043 1403 victoria:

459 1459 562 1513 sibi
613 1455 860 1511 conscius
902 1451 1271 1521 Theophilus,
1330 1447 1495 1501 tnittit
1556 1445 1738 1498 literas
1793 1439 1860 1494 ad
1909 1438 2042 1492 viei-

457 1565 557 1605 nos
618 1549 929 1620 episcopos,
982 1551 1036 1598 ct
1086 1542 1239 1612 jubet
1299 1536 1562 1609 quosdam
1613 1549 1645 1589 e
1697 1529 1962 1602 primariis
2015 1544 2045 1582 a

461 1646 642 1693 monte
678 1645 732 1692 et
773 1636 840 1689 ab
870 1633 1108 1688 interiori
1150 1644 1333 1686 eremo
1361 1626 1586 1698 expelli,
1617 1637 1817 1693 eosque
1863 1620 2051 1690 pacci-

469 1744 604 1800 pnos
648 1727 968 1789 monachos,
999 1722 1214 1776 minime
1253 1719 1434 1773 addita
1461 1714 1756 1781 causa.Qui
1802 1711 2049 1766 monachi

463 1836 583 1874 cum
632 1817 933 1873 senioribus
989 1810 1366 1868 Alexandriam
1423 1823 1544 1863 cum
1604 1804 2045 1868 descendisseut,

463 1912 688 1966 orabant
725 1907 1080 1978 Theophilum
1106 1945 1121 1971 ,
1167 1917 1383 1958 causam
1422 1909 1482 1955 ut
1514 1898 1753 1962 diceret,
1786 1897 1856 1951 ob
1893 1910 2052 1965 quam

463 2004 803 2059 condemnati
849 1999 1112 2069 ejectique
1153 2004 1355 2051 essent.
1399 1994 1490 2048 Ille
1537 2000 1715 2046 autem
1765 1986 2056 2057 sanguino-

466 2096 629 2151 lentis
674 2094 845 2149 oculis
892 2092 1184 2145 draconum
1235 2088 1410 2142 instar
1461 2083 1783 2148 intendens,
1840 2089 2055 2134 torvum

470 2187 680 2241 taurino
707 2198 855 2239 more
877 2180 1215 2245 intuebatur;
1241 2178 1401 2234 modo
1426 2176 1639 2247 quidem
1667 2172 1880 2238 lividus,
1899 2167 2062 2223 modo

474 2278 700 2347 pallidus
722 2320 737 2344 ,
766 2274 925 2331 modo
953 2283 1127 2328 autem
1153 2286 1336 2327 amare
1361 2269 1665 2332 subridens,
1689 2266 1756 2321 ab
1778 2261 2062 2319 immodica

471 2371 547 2423 ira
596 2368 878 2437 abreptus,
931 2365 1251 2431 Ammonio,
1280 2363 1397 2416 vita
1437 2359 1725 2431 grandmvo
1748 2398 1763 2423 ,
1801 2352 2062 2423 omopho-

471 2462 610 2515 rium
642 2458 888 2513 manibus
914 2457 1026 2526 ipse
1054 2458 1165 2512 suis
1196 2455 1361 2525 injicit
1394 2454 1443 2507 in
1474 2452 1671 2507 collum
1696 2491 1711 2517 ,
1741 2464 1864 2504 cum
1908 2446 2063 2501 malis

471 2551 591 2619 ejus
617 2549 796 2619 plagas
821 2546 1133 2612 inﬂexisset,
1161 2554 1215 2601 et
1243 2544 1433 2615 pugnis
1462 2556 1618 2597 nares
1644 2541 1758 2610 ejus
1786 2545 2065 2594 cruentas-

477 2652 560 2695 sct
584 2684 598 2707 ,
630 2641 925 2695 inclamans
956 2638 1037 2692 his
1059 2637 1279 2693 vocibus
1305 2654 1318 2691 :
1348 2635 1643 2701 Ilacretice,
1671 2629 2064 2685 anathematiza

473 2732 757 2801 ()rigenem
787 2748 800 2784 :
830 2745 952 2783 cum
998 2728 1130 2783 nihil
1171 2737 1316 2783 esset
1355 2726 1687 2796 propositum
1723 2723 1792 2778 de
1836 2722 2068 2793 Origene

476 2831 669 2889 praeter
691 2821 1100 2891 postulationem
1125 2818 1309 2873 lsidori
1332 2832 1512 2872 causa.
1534 2816 1681 2871 Talis
1700 2816 1841 2870 enim
1864 2815 1941 2868 ira
1962 2822 2064 2877 est,

476 2913 638 2967 veluti
667 2925 862 2977 canes,
890 2925 1030 2966 caeca
1069 2920 1123 2965 et
1152 2909 1292 2963 dicta
1332 2916 1386 2963 et
1433 2908 1568 2962 facta
1598 2906 1758 2977 parit.
1791 2905 1955 2976 Igitur
1991 2904 2070 2959 sic

480 3005 740 3075 sanguine
768 3002 1042 3073 adspersi,
1074 3012 1129 3057 et
1164 3004 1279 3057 sine
1324 3016 1586 3071 responso
1625 3001 1824 3057 reversi
1872 3001 1938 3057 ad
1972 3013 2066 3053 sua

479 3095 800 3149 monasteria
855 3095 1183 3166 prepositum
1237 3095 1357 3148 vine
1415 3094 1711 3149 institutum
1778 3106 2069 3162 perseque-

479 3188 692 3252 bantur,
715 3185 1107 3257 Scripturarum
1129 3186 1347 3240 scientia
1384 3185 1653 3255 ingenium
1675 3191 1949 3249 acuentes,
1975 3198 2070 3253 per

480 3291 615 3346 quas
658 3277 800 3331 salus
845 3277 1171 3347 acquiritur,
1203 3276 1343 3332 illius
1394 3276 1655 3331 insaniam
1709 3290 1776 3331 eo
1819 3283 2069 3330 curantes

480 3370 687 3436 mitius,
718 3370 859 3442 quod
889 3371 1085 3425 nullius
1105 3370 1231 3424 mali
1262 3370 1364 3424 sibi
1391 3371 1593 3425 conscii
1623 3380 1827 3426 essent.

547 3459 676 3516 Car.
706 3475 800 3514 vn.
828 3489 904 3499 —
931 3460 1022 3515 llis
1047 3474 1151 3513 non
1181 3460 1530 3529 adquiescens
1559 3460 1908 3529 Theophilus,
1943 3460 2068 3514 mit-

480 3554 543 3607 tit
569 3552 635 3606 ad
667 3552 868 3606 vicinos
896 3551 1176 3621 episcopos
1195 3592 1211 3616 ,
1240 3560 1294 3606 et
1322 3552 1578 3607 adversus
1606 3554 1901 3607 monachos
1930 3554 2073 3624 cogit

479 3643 759 3698 concilium
782 3683 795 3706 ,
829 3657 999 3711 neque
1036 3641 1103 3696 ad
1142 3640 1507 3697 defensionem
1540 3645 1740 3697 vocatis
1767 3643 1894 3712 ipsis
1919 3686 1933 3707 ,
1973 3659 2072 3699 nec

480 3735 613 3789 facta
646 3734 750 3788 illis
769 3734 978 3791 dicendi
1006 3744 1286 3805 potestate,
1312 3744 1419 3789 tres
1444 3736 1585 3790 viros
1616 3751 1647 3791 e
1674 3737 1955 3807 praecipuis
1974 3753 2070 3792 ex-

480 3826 839 3881 eoutmuuicat
860 3868 876 3893 ,
902 3827 1103 3881 veritus
1129 3827 1287 3882 simul
1317 3836 1502 3881 contra
1531 3827 1924 3883 muttitndinem
1957 3844 2071 3899 pa:-

484 3931 603 3970 nani
630 3916 941 3983 decernere,
969 3927 1270 3987 prmtexens
1296 3916 1601 3988 dogmatum
1630 3919 2067 3987 perversitatem;

481 4018 534 4063 et
558 4022 691 4077 quos
711 4024 852 4080 scepe
874 4012 990 4079 plus
1010 4024 1165 4078 quam
1186 4010 1468 4080 episcopos
1497 4009 1852 4065 honoraverat
1874 4021 1931 4065 ut
1958 4028 2072 4066 ma-

480 4101 692 4171 gistros,
726 4110 942 4171 prepter
968 4102 1152 4167 vitam,
1174 4101 1472 4157 doctrinam
1504 4110 1558 4157 et
1583 4111 1815 4169 aetatem,
1844 4118 1937 4157 eos
1963 4118 2069 4157 non

484 4193 668 4262 puduit
696 4194 963 4264 appellare
1005 4196 1419 4267 prcestigiatores
1443 4239 1456 4265 ,
1488 4212 1552 4251 eo
1580 4196 1721 4268 quod
1750 4213 1875 4269 erga
1905 4198 2073 4253 Isido-

482 4298 599 4338 rum
629 4286 830 4355 Optime
859 4285 1033 4342 atl'ecti
1073 4296 1270 4344 essent.
1307 4286 1376 4343 Et
1415 4297 1533 4358 post
1569 4290 2073 4345 excommunicatio-

483 4388 604 4430 nem
633 4389 699 4431 ex
726 4376 841 4446 ipso
871 4387 1054 4433 monte
1083 4378 1296 4435 instruit
1322 4377 1675 4435 homunculos
1699 4382 1951 4453 quinque,
1981 4382 2073 4452 qui

484 4482 773 4536 numquam
805 4468 855 4522 in
887 4480 1028 4525 ccetu
1051 4470 1322 4525 seniorum
1350 4472 1514 4526 eremi
1547 4481 1823 4537 steterant,
1849 4483 1903 4531 et
1929 4474 2071 4529 indi-

481 4559 568 4627 gni
589 4567 762 4625 erant,
790 4561 932 4629 piget
955 4560 1152 4627 dicere,
1171 4563 1263 4632 qui
1286 4562 1369 4619 vel
1397 4564 1599 4619 ostiarii
1620 4575 1830 4620 essent:
1855 4576 1909 4621 et
1932 4566 2073 4625 hunc

480 4648 693 4718 quidem
721 4650 930 4705 ordinat
950 4652 1281 4724 cpisc0pum,
1306 4653 1480 4709 viculo
1511 4656 1826 4726 pneficiens,
1850 4673 1970 4713 cum
1993 4660 2070 4713 ci-

483 4743 698 4797 vitatem
723 4758 827 4797 non
853 4742 1069 4800 haberet
1092 4745 1313 4817 (ctenim
1343 4746 1459 4803 sine
1481 4748 1589 4803 ullo
1615 4748 1818 4819 pudore
1841 4752 1955 4807 illas
1978 4768 2073 4807 no-

477 4834 670 4891 vitates
699 4834 927 4890 audebat
951 4878 966 4903 ,
999 4852 1058 4893 se
1092 4838 1321 4893 alterum
1362 4838 1597 4913 Moyscm
1626 4845 1883 4915 vocans),
1922 4845 2068 4901 illum

478 4942 607 4983 vero
633 4926 1025 5002 presbyterum,
1049 4939 1101 4987 et
1129 4940 1236 4988 tres
1261 4932 1395 4988 alios
1421 4933 1675 4989 diaconos
1704 4934 1950 5005 ordinat,
1978 4939 2070 5009 qui

480 5034 595 5074 non-
624 5030 777 5076 erant
814 5019 1050 5097 Egypt‘ii
1076 5065 1091 5090 ,
1138 5024 1233 5079 sed
1258 5040 1289 5080 c
1318 5023 1543 5082 diversis
1583 5026 1734 5083 locis.
1770 5027 1899 5083 Erat
1926 5031 2068 5085 enim

434 5118 439 5133 '
479 5125 615 5165 unus
640 5126 824 5168 eorum
854 5113 1016 5186 Libys
1036 5156 1050 5178 ,
1080 5115 1216 5171 alius
1241 5115 1635 5174 Alexandrinus
1653 5161 1670 5188 ,
1698 5120 1835 5175 alius
1865 5119 2067 5175 Phara-

480 5203 651 5270 nites,
694 5205 831 5260 alius
873 5221 1003 5262 vero
1047 5206 1375 5266 Paraleotes.
1408 5210 1577 5280 Quam
1608 5214 1678 5269 ob
1704 5229 1921 5270 causam
1950 5217 2068 5285 ejus

480 5305 612 5347 vano
634 5294 801 5350 labori
823 5307 1233 5366 consenserunt,
1256 5313 1374 5354 cum
1402 5300 1607 5357 nullum
1637 5304 1911 5373 prmmium
1929 5321 1959 5361 e
1976 5321 2067 5377 pa-

482 5379 579 5429 tria
606 5386 925 5453 sperandum
960 5386 1235 5445 baberent.
1270 5388 1376 5445 Eos
1407 5392 1585 5463 itaque
1610 5393 1887 5463 subornat,
1920 5407 1979 5451 ut
2006 5399 2070 5453 li-

484 5465 653 5526 bellos
681 5477 868 5537 darent
896 5481 1153 5537 adversus
1182 5492 1288 5537 tres
1319 5482 1443 5538 illos
1479 5500 1635 5541 senes
1669 5505 1679 5536 :
1714 5497 1766 5540 et
1797 5488 1943 5545 falsa:
1973 5506 2066 5546 ac-

485 5560 773 5643 Cttsationis
801 5573 959 5626 verba
986 5572 1098 5643 ipse
1122 5575 1413 5642 contexuit,
1442 5577 1526 5632 cui
1558 5594 1721 5631 unum
1750 5579 1800 5634 id
1827 5580 1912 5636 isti
1940 5598 2068 5641 con-

482 5642 717 5747 tule‘rpnt
739 5694 754 5719 ,
786 5665 845 5709 ut
889 5642 1306 5722 subscriberent.
1349 5666 1549 5723 Deinde
1574 5710 1588 5734 ,
1631 5671 1865 5736 acceptis
1892 5673 1959 5728 ab
1988 5676 2067 5730 eis

482 5728 669 5790 libellis
699 5756 875 5798 coram
906 5748 1159 5819 Ecclesia,
1194 5756 1485 5826 ingreditur
1512 5728 1587 5813 ad.
1607 5728 1949 5828 Augustalcm
1973 5728 2067 5832 ,iel

2132 698 2469 769 expellantur
2501 697 2535 750 ii
2564 696 2807 750 homines
2835 709 2904 748 ex
2934 692 3183 747 universa
3211 688 3467 761 Egypto.
3496 690 3738 759 Accepto

2135 792 2294 862 igitur
2321 791 2371 845 in
2402 791 2636 859 Speciem
2669 788 2836 842 milite
2861 801 2967 845 una
2993 800 3115 840 cum
3145 783 3417 849 mandato,
3445 781 3741 837 scelerato-

2136 900 2255 939 rum
2276 880 2668 937 multitudinem
2690 886 3000 949 congregat,
3020 876 3110 947 qui
3132 876 3274 931 circa
3304 883 3599 945 potestates
3620 889 3741 928 ver-

2139 984 2326 1031 santur
2351 975 2416 1029 ad
2443 975 2619 1029 onttiia
2654 975 2855 1042 parati;
2886 981 2941 1026 et
2968 978 3191 1042 repente
3219 970 3544 1025 monasteria
3578 977 3744 1023 noctu

2143 1067 2365 1134 invadit,
2397 1081 2519 1122 cum
2545 1067 2693 1135 prius
2722 1078 2940 1134 pueros,
2967 1064 3057 1133 qui
3089 1077 3271 1117 secum
3297 1069 3473 1126 erant,
3501 1060 3633 1115 vino
3656 1060 3744 1113 in-

2142 1159 2482 1230 gurgitasset.
2525 1157 2592 1211 Et
2620 1156 2850 1226 primum
2878 1153 3095 1225 quidem
3122 1153 3333 1208 illorum
3364 1151 3584 1207 fratrem
3614 1151 3747 1205 Dio-

2146 1266 2382 1315 scoruai,
2415 1257 2656 1304 sanetum
2684 1248 3016 1317 episcopum,
3050 1246 3138 1317 qui
3168 1253 3285 1300 erat
3304 1258 3372 1299 ex
3399 1244 3489 1298 illo
3518 1253 3744 1309 monte,

2145 1340 2295 1412 jubet
2317 1340 2509 1395 throno
2529 1339 2673 1409 ejiei,
2702 1349 2927 1392 tractum
2946 1352 2975 1391 a
2997 1338 3168 1391 servis
3184 1336 3545 1405 Aithiopibus,
3575 1335 3752 1405 iisque

2149 1432 2375 1487 fortasse
2415 1431 2651 1487 nandum
2689 1429 3007 1500 baptizatis;
3041 1428 3141 1483 sibi
3181 1427 3459 1482 vindicans
3496 1428 3615 1496 ejus
3654 1441 3749 1495 pa-

2150 1526 2393 1591 rmciam,
2424 1539 2581 1594 quam
2612 1538 2640 1575 a
2670 1522 2868 1577 Christi
2895 1521 3125 1575 adventu
3158 1521 3387 1575 habebat
3410 1520 3599 1573 civitas
3626 1516 3752 1573 Dio-
3832 1550 3840 1558 ο

2153 1619 2312 1673 scori.
2346 1616 2473 1671 lude
2503 1615 2770 1686 praedatur
2797 1623 3031 1669 montem
3054 1653 3068 1679 ,
3111 1612 3499 1668 monachorum
3542 1611 3753 1667 reculas

2151 1709 2453 1780 junioribus
2496 1707 2729 1778 prmdam
2767 1706 3041 1761 addicens.
3088 1704 3345 1773 Expilatis
3386 1702 3628 1768 cellulis,
3674 1702 3753 1755 in-

2156 1801 2319 1870 quirit
2350 1809 2459 1855 tres
2489 1800 2607 1854 illos
2636 1812 2771 1869 quos
2801 1798 2853 1852 in
2884 1805 3100 1867 puteum
3129 1795 3475 1858 demiserunt,
3508 1793 3753 1864 imposita

2158 1893 2236 1947 ori
2283 1892 2428 1962 putei
2477 1901 2655 1946 storea
2689 1908 2702 1943 :
2743 1906 2864 1945 cum
2910 1900 3091 1945 autem
3136 1903 3231 1944 eos
3270 1903 3376 1943 non
3418 1888 3754 1953 invenisset,

2160 1998 2346 2039 eorum
2376 1983 2597 2037 cellulas
2621 1982 2909 2037 sarmentis
2940 1979 3212 2047 incendit,
3238 1979 3531 2035 combustis
3559 1994 3666 2034 una
3692 1979 3759 2033 li-

2162 2074 2275 2129 bris
2298 2073 2546 2128 omnibus
2560 2074 2760 2129 veteris
2784 2086 2847 2127 ac
2867 2074 2990 2126 novi
3007 2070 3358 2136 Testamenti,
3374 2070 3599 2139 aliisque
3620 2069 3761 2139 opti-

2164 2168 2267 2224 mis
2295 2168 2599 2232 codicibus,
2632 2176 2688 2222 et
2713 2181 2880 2237 puero
2900 2180 3007 2221 uno
3032 2207 3046 2232 ,
3079 2167 3217 2221 sicut
3252 2164 3450 2219 oculati
3482 2172 3653 2220 testes
3676 2163 3760 2219 dio

2165 2276 2313 2327 rere,
2343 2269 2397 2316 et
2419 2275 2569 2316 sacra
2598 2259 2954 2315 Eucliaristia.
2984 2259 3115 2314 Cum
3143 2266 3321 2313 autem
3354 2258 3620 2327 impotens
3646 2258 3764 2327 ejus

2166 2352 2242 2407 ira
2266 2352 2532 2423 paululum
2556 2351 2933 2417 deferbuisset,
2957 2350 3328 2406 Alexandriam
3354 2351 3567 2419 repetit,
3587 2350 3781 2403 locum-

2167 2444 2291 2517 fuge
2315 2444 2450 2500 dans
2475 2445 2675 2500 sanctis
2704 2446 2811 2499 illis
2832 2443 2959 2498 viris
2980 2462 2994 2499 :
3016 2444 3105 2514 qui
3137 2444 3362 2512 sumptis
3391 2443 3574 2496 statim
3593 2442 3763 2498 melo-

2170 2537 2237 2591 tis
2282 2537 2395 2592 suis
2426 2539 2479 2591 in
2519 2538 2860 2593 Palaestinam
2909 2536 3171 2607 profecti,
3217 2534 3411 2590 Eliam
3454 2535 3763 2590 adventant.

2168 2626 2300 2683 Cum
2334 2630 2400 2684 iis
2429 2630 2631 2699 egressi
2661 2636 2806 2694 sunt,
2850 2639 3044 2698 praeter
3074 2628 3415 2698 presbyteros
3439 2638 3493 2681 et
3513 2627 3767 2684 diaconos

2170 2723 2313 2778 illius
2340 2724 2536 2778 montis
2559 2763 2573 2787 ,
2607 2722 2829 2777 trecenti
2859 2722 3182 2791 eptimorum
3214 2721 3601 2775 monachorum
3635 2738 3649 2775 :
3678 2720 3765 2775 alii

2172 2827 2301 2868 vero
2330 2828 2425 2883 per
2452 2812 2662 2868 diversa
2690 2813 2805 2868 loca
2831 2812 3059 2882 dispersi
3089 2822 3233 2866 sunt.
3266 2811 3547 2867 Secessum
3580 2827 3767 2867 eormn

2172 2920 2279 2959 non
2310 2904 2488 2961 ferens
2512 2905 2711 2976 obliqui
2740 2919 2928 2960 cursus
2955 2905 3196 2970 coluber,
3230 2919 3418 2960 rursus
3446 2915 3634 2960 contra
3675 2919 3771 2961 eos

2172 2996 2525 3067 Theophilum
2558 2998 2781 3052 suscitat
2809 3014 2823 3051 :
2851 2998 2939 3067 qui
2969 2997 3042 3051 ira
3070 3011 3362 3053 succensus
3387 2999 3567 3053 literas
3587 3006 3771 3054 examt

2172 3087 2240 3143 ad
2282 3089 2563 3161 episcopos
2606 3089 2949 3144 Palmstiuie:
2986 3105 3089 3145 non
3132 3090 3450 3161 oportebat,
3483 3091 3729 3162 inquiens
3751 3134 3766 3159 ,

2175 3199 2269 3240 vos
2296 3193 2493 3257 praeter
2523 3184 2849 3239 voluntatem
2893 3199 3066 3239 meam
3094 3183 3147 3238 in
3178 3184 3419 3239 civitates
3445 3194 3651 3239 vestras
3672 3183 3771 3240 hos

2174 3278 2447 3347 recipere;
2478 3274 2570 3331 sed
2600 3275 2852 3346 quoniam
2885 3275 3054 3344 ignari
3087 3275 3137 3329 id
3166 3274 3368 3330 fecistis
3394 3317 3410 3342 ,
3438 3268 3590 3329 vobis
3618 3276 3774 3346 igno-

2173 3383 2288 3424 sco.
2318 3368 2373 3422 In
2404 3377 2678 3437 posterum
2711 3367 2871 3437 igitur
2895 3375 3099 3433 cavete,
3131 3382 3197 3420 ne
3235 3367 3355 3421 illos
3386 3375 3478 3421 aut
3508 3370 3558 3420 in
3592 3367 3765 3422 ccclev

2174 3459 2444 3515 siasticum
2473 3468 2567 3513 aut
2592 3459 2643 3513 in
2672 3458 2933 3529 privatum
2963 3459 3192 3529 aliquem
3225 3460 3403 3514 locum
3428 3459 3723 3517 admittatis
3758 3478 3774 3515 :

2173 3552 2334 3608 deum
2359 3567 2479 3607 csse
2506 3567 2565 3606 se
2590 3568 2696 3605 non
2725 3550 2908 3607 dicens
2938 3559 3143 3608 tantum
3164 3592 3179 3614 ,
3216 3550 3309 3606 sed
3341 3542 3499 3605 etiam
3529 3568 3639 3622 pra:
3670 3553 3774 3606 im-

2176 3645 2387 3701 modica
2427 3646 2731 3714 arrogantia
2771 3645 3083 3716 imaginans.
3129 3644 3207 3699 llli
3249 3645 3415 3700 multa
3453 3648 3775 3702 necessitate

2175 3738 2300 3804 acti,
2333 3752 2455 3792 cum
2489 3736 2540 3790 in
2567 3736 2669 3789 alia
2701 3751 2765 3792 ex
2797 3736 2915 3791 aliis
2940 3737 3054 3791 loca
3100 3736 3392 3805 migrarent
3416 3777 3430 3801 ,
3466 3738 3681 3793 tandem
3719 3744 3772 3793 in

2173 3829 2496 3883 Comitatum
2542 3829 2801 3896 veniunt,
2844 3828 2931 3882 ubi
2960 3828 3138 3883 divina
3181 3844 3341 3882 manu
3371 3828 3436 3882 ad
3467 3843 3651 3883 curam
3682 3846 3775 3900 po-

2178 3920 2402 3975 tentium
2433 3920 2692 3992 agendam
2718 3920 2952 3976 Joannes
2991 3920 3283 3975 collocatus
3310 3929 3425 3975 erat
3450 3922 3772 3992 episcopus;

2176 4024 2336 4087 atque
2374 4014 2441 4069 ad
2470 4015 2586 4087 ejus
2623 4029 2794 4086 genua
2838 4014 3145 4086 provoluti,
3175 4014 3402 4069 orabant
3440 4025 3779 4070 succurreret

2175 4102 2456 4160 animabus
2475 4104 2794 4159 calumniam
2828 4119 2921 4173 pas
2938 4104 2997 4157 -is
3017 4144 3031 4170 ,
3057 4113 3109 4159 ct
3138 4102 3432 4159 devastatis
3456 4104 3522 4157 ab
3553 4105 3617 4159 iis
3638 4149 3653 4171 ,
3684 4107 3778 4177 qui

2177 4196 2228 4252 id
2259 4197 2433 4267 potius
2452 4211 2611 4267 quam
2637 4193 2956 4250 benefacere
2982 4195 3405 4250 consuevisscnt.
3435 4193 3592 4250 Stetit
3613 4196 3779 4252 Joan-

2178 4303 2274 4345 nes
2304 4305 2318 4341 :
2348 4296 2506 4357 atque
2533 4296 2590 4342 ut
2616 4287 2746 4342 vidit
2767 4287 3145 4357 quinquaginta
3174 4285 3465 4341 electorum
3497 4286 3776 4342 hominum

2177 4380 2448 4446 mnitiem,
2481 4379 2649 4433 sacris
2676 4377 2948 4434 laboribus
2978 4378 3197 4432 tinctam
3227 4387 3282 4433 et
3310 4387 3577 4445 ornatam,
3614 4380 3778 4434 veluti

2175 4472 2398 4543 Ioseph,
2432 4471 2650 4527 fraterni
2678 4472 2878 4527 amoris
2909 4470 3017 4524 aeri
3043 4469 3228 4525 dolore
3257 4470 3583 4536 stimulatus,
3617 4472 3667 4524 in
3702 4472 3782 4525 la-

2176 4579 2389 4636 crynias
2416 4562 2616 4619 effusus
2645 4570 2748 4630 est,
2779 4571 3134 4631 percunctans
3159 4577 3224 4616 ex
3250 4562 3351 4628 eis,
3376 4562 3623 4632 quisnam
3649 4579 3779 4634 aper

2176 4658 2244 4713 de
2282 4658 2412 4713 silva
2447 4667 2539 4711 aut
2580 4655 2865 4727 singt‘iaris
2899 4655 3043 4711 ferus
3072 4656 3195 4710 huic
3233 4654 3654 4713 ftecundissimre
3683 4659 3779 4713 viti

2177 4750 2471 4804 invidisset.
2506 4747 2584 4802 Illi
2615 4757 2794 4802 autem
2827 4765 2839 4800 :
2872 4745 3013 4802 Sede
3034 4788 3048 4813 ,
3073 4740 3251 4812 Pater,
3282 4755 3336 4801 et
3376 4746 3531 4800 nobis
3558 4748 3780 4805 medere

2178 4858 2283 4897 non
2315 4842 2655 4897 mediocriter
2681 4840 2975 4895 vulneratis
3001 4854 3030 4893 a
3062 4838 3343 4910 TheOphili
3377 4853 3528 4909 papae.
3560 4839 3743 4895 furore
3765 4886 3778 4906 ,

2177 4935 2220 4991 si
2250 4945 2425 4989 tamen
2456 4932 2658 5004 poteris
2686 4931 2969 4987 vulnerum
3003 4939 3309 4985 nostrorum
3339 4940 3578 4987 tumores
3606 4932 3672 4985 ad
3705 4933 3783 4989 tio,

2175 5027 2429 5082 ratricem
2456 5023 2768 5096 perducere.
2791 5021 2925 5077 Nam
2943 5021 2988 5077 si
3007 5030 3062 5076 et
3083 5021 3197 5091 ipse
3220 5036 3319 5076 nos
3336 5021 3578 5091 negligis,
3599 5020 3779 5076 Theo-

2177 5119 2304 5190 phili
2322 5135 2415 5173 seu
2434 5117 2732 5173 reverentia
2751 5130 2845 5171 seu
2866 5115 3057 5170 timore
3077 5113 3289 5179 ductus,
3307 5123 3365 5168 ut
3392 5113 3481 5167 alii
3510 5114 3775 5183 episcOpi,

2177 5212 2306 5268 nihil
2329 5212 2437 5282 jam
2468 5210 2658 5282 reliqui
2697 5208 2853 5264 nobis
2881 5208 2939 5263 lit
2980 5222 3008 5260 a
3036 5206 3187 5261 vobis
3210 5248 3224 5273 ,
3257 5206 3360 5260 nisi
3401 5215 3459 5260 ut
3484 5205 3778 5275 Imperato-

2175 5320 2290 5360 rem
2321 5303 2577 5358 adeamus
2601 5343 2615 5368 ,
2647 5309 2703 5358 et
2743 5314 2905 5370 prava
2945 5298 3089 5353 illius
3129 5296 3264 5352 facta
3314 5298 3365 5351 in
3394 5297 3781 5353 contumeliam

2177 5396 2430 5461 Ecclesia:
2456 5409 2808 5467 exponamus.
2836 5392 2891 5448 Si
2919 5406 3048 5463 ergo
3072 5391 3451 5447 ecclesiasticae
3476 5389 3569 5445 tibi
3593 5391 3778 5446 existi-

2174 5490 2425 5544 mationis
2452 5503 2582 5545 cura
2613 5494 2731 5555 est,
2763 5485 2921 5540 nobis
2943 5500 3139 5549 annue,
3172 5483 3380 5554 ipsique
3405 5483 3692 5554 persuade,
3722 5493 3779 5539 ιιι

2176 5582 2332 5636 nobis
2362 5590 2605 5638 nostrum
2637 5578 2692 5633 in
2723 5576 2959 5650 Egypto
2988 5576 3319 5632 domicilium
3361 5576 3655 5642 concedat,
3684 5576 3781 5647 qui

2173 5672 2307 5729 nihil
2334 5673 2691 5742 peccavimus,
2718 5684 2893 5740 neque
2918 5678 3104 5723 contra
3135 5654 3305 5739 legem
3331 5668 3651 5734 Servatoris,
3682 5685 3781 5724 ne-

2174 5781 2276 5834 quc
2304 5765 2355 5818 in
2387 5779 2508 5818 cum
2537 5763 2732 5833 ipsum.
2764 5760 2844 5815 Ad
2873 5759 2988 5815 hac
3017 5758 3253 5814 Joannes
3283 5774 3505 5830 sperans
3531 5757 3687 5815 facile
3716 5775 3778 5816 se
