4018 6456
259 397 327 453 εδ
1213 395 1300 450 DE
1343 396 1499 452 VITA
1541 398 1598 452 S.
1639 398 1915 454 JOANNiS
1953 399 2446 459 (IllRYSOSTOlll.
3476 421 3546 480 26

260 506 546 576 Theophtti
578 506 839 564 adversus
863 521 955 562 eos
984 505 1161 560 odium
1189 507 1602 573 demutaturnm,
1636 510 1856 564 libenter

261 597 535 669 negotium
566 598 792 669 arripit,
825 597 1118 652 admonens
1143 612 1236 653 eos
1264 607 1321 651 ut
1357 598 1495 667 apud
1522 614 1708 653 omnes
1735 601 1857 653 reli-

257 693 403 761 gioso
446 691 679 746 silentio
704 690 961 746 adventus
998 690 1080 745 sui
1120 703 1333 751 causam
1383 699 1652 759 tegerent,
1686 690 1857 745 donec

259 787 397 854 ipse,
423 783 628 853 inquit,
664 783 859 837 misero
882 782 948 837 ad
981 781 1201 836 fratrem
1232 781 1607 851 Theophilum.
1641 781 1706 836 Et
1729 782 1855 837 dato

257 876 331 930 eis
356 876 407 929 in
436 875 678 930 ecclesia
698 875 836 930 dicta
863 873 1139 929 Anastasia
1171 873 1398 943 hospitio
1422 874 1487 929 ad
1514 876 1855 945 requiescen-

258 967 401 1031 dum,
429 966 548 1035 ipse
572 965 790 1036 quidem
818 981 922 1019 non
949 965 1318 1034 suppeditabat
1341 980 1460 1035 qua:
1479 966 1546 1020 ad
1569 982 1721 1021 tlsum
1748 967 1851 1022 illis

260 1056 565 1110 necessaria
592 1064 783 1121 erant;
810 1055 903 1110 sed
933 1054 1196 1125 religiosa:
1224 1056 1474 1110 mulieres
1501 1058 1693 1110 victum
1724 1057 1851 1126 ipsis

260 1146 762 1212 subministrabant,
794 1156 849 1201 et
874 1145 973 1216 ipsi
999 1159 1210 1216 quoque
1239 1145 1477 1200 nonnihil
1504 1148 1851 1202 conferebant

260 1253 321 1291 ex
346 1253 511 1308 opere
549 1252 829 1292 manuum.
867 1237 1170 1307 Contigerat
1207 1245 1387 1291 autem
1416 1238 1514 1290 sub
1550 1238 1601 1291 id
1642 1246 1848 1307 tempus

262 1339 310 1382 ut
338 1329 521 1384 clerici
547 1328 769 1399 quidam
786 1329 1064 1398 Theophili
1093 1328 1548 1398 Constantinopoli
1572 1330 1841 1397 adessent,

263 1421 672 1490 magistratuum
718 1421 806 1491 qui
857 1420 1103 1491 regenda:
1154 1420 1387 1490 Egypto
1435 1421 1846 1492 designabantur

263 1513 626 1582 promotiones
650 1521 1063 1582 praemcrcantes
1086 1551 1101 1578 ,
1134 1520 1187 1566 et
1216 1512 1643 1566 benevolentiam
1670 1512 1845 1567 Theo-

264 1604 399 1672 philo
419 1603 772 1658 coneiliantes
793 1604 846 1658 in
870 1603 1156 1672 perniciem
1183 1618 1368 1657 eorum
1393 1604 1481 1672 qui
1514 1604 1586 1657 illi
1623 1604 1842 1659 minime

262 1695 551 1764 placebant.
578 1694 692 1750 llos
718 1694 873 1764 igitur
893 1693 957 1748 ad
978 1709 1036 1748 se
1055 1694 1253 1749 accitos
1274 1693 1507 1750 Joannes
1536 1704 1841 1763 percuncta-

262 1792 429 1850 batur,
451 1801 519 1838 an
546 1795 844 1854 praesentes
870 1785 1158 1841 monachos
1185 1785 1479 1841 novissent.
1514 1785 1589 1844 Illi
1616 1787 1839 1842 candide

260 1875 323 1929 de
351 1876 476 1944 ipsis
497 1877 865 1932 testimonium
891 1877 1227 1947 perhibuere,
1250 1878 1486 1932 dicentes
1508 1877 1698 1932 .loanni
1730 1897 1743 1933 :
1773 1879 1839 1932 Et

265 1966 494 2021 novimus
520 1981 652 2032 eos,
688 1975 743 2020 et
782 1968 886 2020 vim
935 1982 1176 2036 magnam
1223 1968 1459 2037 perpessi
1502 1978 1624 2022 sunt
1657 1987 1669 2022 :
1702 1984 1763 2023 ac
1792 1971 1835 2023 si

264 2055 452 2124 placet,
480 2055 736 2121 domine,
766 2056 1057 2126 spiritalem
1079 2058 1157 2111 eis
1180 2057 1610 2112 communionem
1642 2059 1837 2129 imper-

268 2149 357 2200 tire
381 2147 486 2201 noli
510 2186 527 2214 ,
560 2163 632 2203 ne
655 2146 893 2202 oil’endas
922 2147 1271 2216 Theophilum
1302 2166 1314 2200 :
1347 2148 1398 2203 in
1442 2152 1649 2205 etctcris
1688 2150 1838 2206 beni-

264 2253 411 2305 gnum
458 2248 509 2293 te
555 2239 783 2309 prtebe;
832 2240 933 2294 hoc
973 2239 1114 2294 enim
1159 2247 1210 2294 te
1241 2247 1295 2294 ut
1321 2241 1628 2310 episcopum
1657 2241 1831 2296 decet.

264 2332 342 2386 Sic
365 2331 594 2389 Joannes
624 2346 721 2389 eos
746 2332 957 2402 quidem
984 2331 1052 2386 ad
1076 2332 1505 2388 communionem
1536 2348 1638 2387 non
1667 2333 1834 2387 admi-

264 2426 324 2477 sit
356 2444 367 2478 :
398 2425 699 2496 Theophilo
727 2433 904 2481 autem
926 2425 1150 2491 scribit,
1179 2440 1337 2479 orans
1368 2441 1381 2477 :
1415 2425 1469 2478 ln
1500 2424 1599 2478 hoc
1627 2425 1753 2478 mihi
1780 2435 1835 2479 ut

267 2515 363 2570 hlio
386 2526 437 2573 et
465 2517 615 2572 fratri
647 2516 946 2587 gratifieare
964 2557 978 2582 ,
1011 2517 1174 2571 hosce
1200 2517 1344 2571 viros
1367 2517 1721 2586 amplectitur.
1754 2518 1831 2572 Ad

263 2608 366 2662 haec
404 2608 775 2680 Theophilus,
819 2609 1041 2679 gratiam
1085 2608 1301 2679 quidem
1349 2610 1557 2679 negavit
1597 2609 1828 2675 Joanni;

261 2699 405 2754 mittit
432 2710 617 2755 autem
645 2700 903 2771 quosdam
928 2700 994 2754 ad
1024 2699 1381 2754 contentiosas
1416 2699 1698 2754 verborum
1738 2715 1833 2769 pu-

264 2804 379 2859 gnas
406 2791 750 2852 exercitatos,
781 2790 849 2844 de
876 2790 1068 2859 quibus
1097 2788 1341 2859 superius
1366 2788 1623 2855 diximus,
1645 2800 1697 2844 ct
1718 2805 1832 2844 mo-

264 2889 361 2943 net,
387 2878 510 2934 dent
535 2879 622 2934 illi
648 2879 856 2935 libellos
878 2894 1117 2948 precum,
1146 2894 1281 2949 quos
1310 2895 1456 2934 more
1481 2896 1579 2935 suo
1610 2881 1722 2950 ipse
1751 2881 1833 2934 di-

263 2978 525 3026 ctaverat:
563 2971 650 3041 qui
694 2969 1037 3026 continebant
1072 2979 1313 3040 apertum
1354 2970 1565 3039 quidem
1614 2971 1832 3027 menda-

261 3060 423 3126 cimn,
472 3061 733 3117 amictum
778 3075 905 3117 vero
945 3060 1095 3115 varia
1142 3069 1196 3116 et
1243 3061 1521 3131 multiplici
1568 3062 1828 3116 calumnia

262 3166 431 3206 eorum
459 3168 585 3224 quae
610 3162 734 3209 sunt
762 3153 1073 3220 invisibilia,
1102 3169 1222 3208 cum
1264 3154 1398 3208 nihil
1443 3154 1662 3210 haberet
1690 3154 1830 3210 unde

261 3256 428 3297 eorum
471 3246 639 3299 vitam
686 3244 1145 3310 calumniaretur;
1184 3243 1411 3315 facitque
1455 3254 1513 3299 ut
1552 3244 1603 3298 in
1637 3245 1829 3313 palatio

262 3336 396 3400 quasi
424 3336 838 3407 praestigiatores
859 3336 1022 3406 digito
1039 3345 1482 3392 monstrarentur.
1508 3336 1746 3392 Monachi
1771 3347 1830 3392 ut

263 3426 488 3484 \iderttnt
516 3445 581 3485 se
606 3444 713 3484 non
741 3430 916 3484 solum
944 3428 1298 3500 Theophilum
1326 3444 1430 3484 non
1462 3430 1703 3499 placare,
1732 3430 1827 3485 sed

263 3516 308 3568 in
328 3520 579 3589 majorem
601 3520 733 3575 iram
757 3520 1052 3590 impellere,
1072 3519 1197 3575 dum
1226 3520 1420 3575 multos
1444 3521 1828 3577 intercessores

265 3610 322 3663 ad
359 3611 497 3667 illum
551 3613 804 3679 mittunt,
847 3613 1065 3683 insuper
1107 3621 1320 3683 paratos
1352 3627 1410 3668 se
1437 3628 1556 3668 esse
1588 3614 1827 3670 dicentes

266 3700 429 3757 falsam
457 3719 679 3760 omnem
718 3704 1013 3760 doctrinam
1039 3704 1486 3760 anathematizare
1516 3722 1529 3759 :
1561 3707 1827 3776 supplices

266 3792 449 3850 lbcllos
471 3796 671 3852 Joanni
697 3797 927 3851 oll'erunt
949 3838 963 3861 ,
991 3796 1201 3852 diversa
1223 3798 1500 3867 Theophili
1533 3800 1826 3871 tyrannidis

265 3897 435 3951 genera
474 3887 797 3943 denotantes
821 3930 834 3953 ,
882 3887 1147 3956 adjunctis
1187 3889 1501 3957 quibusdam
1532 3890 1781 3960 capitulis
1805 3932 1819 3957 ,

263 3988 365 4041 tlttze
394 3976 555 4044 pudet
577 3991 755 4032 coram
782 3977 1197 4047 simplicioribus
1221 3977 1420 4045 dicere,
1451 3995 1519 4034 ne
1544 3994 1637 4034 eos
1656 3994 1684 4033 a
1710 3995 1828 4036 cre-

264 4063 418 4121 dendo
438 4069 762 4134 deterream,
794 4067 1022 4123 fortasse
1047 4069 1205 4122 etiam
1230 4069 1367 4138 apud
1396 4071 1741 4139 perfectiores
1765 4070 1827 4125 fi-

263 4152 368 4208 dem
390 4174 490 4213 non
517 4159 849 4214 inventurus.
868 4159 1072 4214 Rursus
1093 4168 1145 4214 et
1163 4175 1254 4228 per
1273 4161 1507 4229 scipsutn
1526 4170 1577 4215 et
1600 4176 1693 4230 per
1709 4161 1826 4217 illos

263 4246 525 4317 episcopos
570 4249 812 4304 hortatur
838 4265 932 4304 eos
969 4249 1236 4315 Joannes,
1271 4259 1328 4304 ut
1367 4249 1616 4305 desinant
1652 4252 1824 4320 ipsum

262 4346 495 4394 accusare
541 4339 611 4392 ob
653 4340 947 4394 molestiam
992 4355 1109 4408 quae
1156 4354 1219 4393 ex
1268 4339 1572 4409 hujusmodi
1613 4342 1825 4410 judiciis

264 4429 390 4482 nasci
428 4431 608 4486 solet:
641 4441 697 4486 et
736 4433 923 4488 scribit
951 4431 1248 4502 TheOphilo
1278 4452 1290 4485 :
1325 4433 1401 4487 Eo
1441 4433 1825 4504 desperationis

265 4514 487 4577 homines
512 4522 772 4592 ejusmodi
800 4524 1067 4579 devenere
1090 4565 1105 4590 ,
1147 4533 1205 4579 ut
1239 4525 1438 4595 scripto
1472 4534 1526 4581 te
1551 4535 1822 4581 accusent.

262 4608 505 4670 Czcterum
536 4617 677 4684 quod
706 4616 799 4670 tibi
838 4617 1048 4671 videtur
1085 4618 1318 4673 rescribe
1350 4636 1362 4670 :
1397 4634 1502 4672 non
1549 4619 1691 4673 enim
1739 4634 1825 4674 me

263 4704 461 4761 audiunt
484 4749 500 4774 ,
540 4716 598 4762 ut
623 4723 653 4762 a
679 4708 944 4763 Comitatu
980 4708 1275 4764 discedant.
1302 4710 1382 4764 0b
1406 4710 1666 4781 ejusmodi
1694 4715 1826 4766 scri-

265 4803 339 4863 pta
367 4806 508 4855 totus
534 4798 611 4854 ira
641 4801 889 4856 incensus
911 4801 1257 4870 Theophilus,
1286 4803 1354 4858 ab
1380 4803 1617 4859 Ecclesia
1647 4805 1827 4860 exclu-

265 4882 331 4938 dit
355 4887 569 4945 fratrem
598 4893 977 4948 monachorum
1017 4893 1331 4949 Dioscorum
1365 4896 1671 4964 episcopum
1692 4938 1708 4962 ,
1734 4898 1824 4966 qui

264 4972 310 5026 in
333 4976 559 5034 Ecclesia
585 4989 834 5036 senuerat
861 5000 873 5036 :
903 4991 957 5037 et
984 4982 1050 5036 ad
1074 4981 1332 5038 Joannem
1362 4986 1668 5054 episcopum
1693 4988 1828 5041 seri-

264 5064 365 5124 bit:
396 5072 638 5127 Arbitror
670 5073 918 5144 equidem
948 5090 1054 5130 non
1081 5076 1327 5145 ignorare
1363 5084 1414 5131 te
1439 5092 1702 5132 canonum
1737 5078 1825 5134 Ni-

264 5171 516 5218 caznornm
546 5163 839 5231 decretum,
862 5181 966 5236 quo
996 5167 1251 5233 sancitur,
1277 5184 1344 5222 ne
1368 5168 1649 5239 episcopus
1676 5170 1821 5224 litem

264 5257 394 5306 extra
424 5252 558 5308 fines
585 5267 710 5309 suos
730 5254 933 5325 judicet
957 5273 970 5309 :
999 5259 1043 5311 si
1074 5266 1252 5310 autem
1283 5257 1494 5328 ignoras
1515 5300 1530 5325 ,
1563 5259 1709 5315 disce
1728 5303 1744 5326 ,
1772 5270 1826 5315 et

263 5350 286 5389 a
325 5339 507 5397 libellis
538 5344 793 5400 adversus
834 5362 919 5401 me
954 5346 1181 5401 abstine.
1218 5345 1351 5401 Nam
1392 5348 1436 5401 si
1481 5348 1697 5416 iudicari
1739 5365 1825 5405 me

265 5438 558 5499 oporteret,
600 5434 666 5489 ab
704 5434 969 5506 ZEgyptiis
1009 5435 1274 5506 episcopis
1311 5436 1629 5505 judicandus
1664 5454 1823 5509 sum,

265 5529 357 5572 non
381 5536 410 5576 a
438 5533 488 5578 te
514 5525 603 5594 qui
631 5526 961 5597 septuaginta
983 5526 1216 5596 quinque
1240 5527 1444 5582 dierum
1476 5527 1664 5584 itinere
1703 5531 1826 5585 hinc

265 5608 390 5666 abes.

326 5703 440 5761 Car.
487 5725 596 5762 \‘lll.
625 5740 695 5749 —
718 5711 949 5778 Accepta
981 5711 1219 5781 lectaque
1250 5727 1313 5766 ea
1339 5711 1559 5782 epistola
1591 5710 1823 5766 Joannes

266 5802 365 5845 eam
389 5799 595 5868 quidem
619 5814 782 5869 penes
804 5816 861 5855 se
910 5802 1157 5867 servavit,
1192 5802 1463 5855 monachis
1493 5811 1666 5855 autem
1696 5818 1819 5871 par-

1970 511 2036 564 tis
2067 513 2341 583 mriusque
2369 531 2431 570 ea
2471 517 2603 573 dixit
2631 536 2748 589 quae
2786 523 2853 578 ad
2901 539 3082 595 pacem
3130 541 3301 587 erant.
3342 533 3540 600 Quibus

1964 603 2176 667 auditis,
2211 617 2523 675 exasperata
2558 621 2643 664 est
2668 620 2891 683 utraque
2930 632 3072 685 pars,
3132 620 3218 675 illa
3244 624 3455 691 quidem
3483 637 3538 679 ιιι

1966 692 2241 762 tyrannide
2268 711 2544 765 oppressa,
2590 700 2757 755 altera
2798 718 2926 759 vero
2965 708 3104 776 quod
3135 710 3335 780 absque
3359 713 3537 769 Theo-

1965 784 2109 853 philo
2137 784 2441 843 facultatem
2474 804 2577 845 non
2611 791 2829 848 haberet
2884 797 3126 855 ineunda:
3176 803 3340 870 pacis,
3386 806 3537 873 cujus

1955 873 2109 943 jussu
2136 876 2357 933 dederat
2395 880 2604 936 libellos
2632 884 2912 940 calumniis
2957 889 3160 956 plenos.
3197 894 3284 947 Sic
3304 893 3537 951 Joannes

1960 964 2083 1021 dato
2101 968 2177 1022 cis
2204 984 2479 1040 responso,
2501 986 2594 1026 eos
2620 974 2686 1028 ab
2705 989 2797 1030 sua
2816 992 2941 1032 cura
2968 988 3021 1033 et
3041 984 3355 1052 cogitatione
3377 986 3533 1040 dimi-

1957 1059 2045 1112 sit.
2077 1060 2201 1115 Post
2217 1060 2331 1116 luce
2358 1064 2624 1132 monachi,
2648 1071 2735 1136 qui
2763 1069 2953 1139 injuria
2983 1072 3154 1127 allecti
3184 1074 3410 1143 fuerant,
3440 1093 3526 1132 re-

1956 1152 2226 1216 cedentes,
2276 1154 2488 1211 libellos
2509 1159 2738 1227 grandes
2764 1170 2816 1214 et
2850 1162 3106 1218 verbosos
3159 1180 3484 1236 componunt
3515 1188 3527 1222 :

1953 1243 2245 1298 monachos
2268 1245 2485 1315 quidem
2537 1257 2803 1319 tamquam
2831 1252 3243 1309 calumniatores
3270 1271 3515 1312 accusan-

1955 1340 2055 1398 tes,
2088 1333 2344 1390 adversus
2371 1336 2721 1407 Theophilum
2750 1357 2897 1408 vero,
2931 1357 2997 1398 ne
3020 1344 3145 1414 quid
3163 1345 3303 1399 aliud
3331 1347 3522 1412 dicam,

1952 1438 2012 1477 ea
2042 1423 2391 1482 inscribentes
2419 1444 2536 1497 qua:
2566 1440 2719 1484 erant
2738 1431 3037 1502 Theophili,
3060 1444 3114 1489 et
3138 1444 3267 1505 quot
3283 1446 3337 1491 et
3356 1453 3525 1506 quan-

1953 1523 2002 1566 ta
2023 1516 2248 1583 quisque
2278 1527 2520 1572 noverat.
2554 1520 2790 1591 Cumque
2841 1523 3049 1578 libellos
3074 1527 3390 1581 obtulissent
3412 1529 3524 1581 Au-

1947 1606 2136 1673 gustis,
2162 1605 2557 1675 lmperatricem
2584 1611 2781 1666 adeunt
2808 1613 2859 1666 in
2880 1613 3130 1686 Martyrio
3169 1617 3337 1671 sancti
3360 1617 3523 1673 Joan-

1949 1698 2051 1761 nis,
2082 1708 2360 1768 orantque,
2383 1711 2439 1755 ut
2460 1702 2887 1759 adversariorum
2905 1707 3118 1774 quidem
3140 1709 3521 1763 monachorum

1953 1788 2165 1855 libellus
2216 1791 2358 1858 apud
2416 1792 2696 1860 prtefectos
2769 1797 3197 1862 examinaretur,
3250 1797 3525 1867 Theophi-

1950 1877 2031 1932 lus
2060 1894 2187 1934 vero
2217 1880 2300 1934 vel
2340 1880 2536 1934 invitus
2579 1881 2820 1949 adesset,
2851 1892 2904 1937 et
2947 1899 3128 1940 coram
3154 1886 3522 1955 Joannejudi-

1943 1977 2177 2025 caretur.
2204 1970 2452 2026 Admissa
2474 1981 2556 2027 est
2580 1974 2883 2042 postulatio,
2912 1991 3029 2045 qua:
3078 1977 3179 2032 hoc
3210 1993 3520 2047 responsum

1943 2058 2096 2113 tulit:
2122 2058 2189 2114 Ut
2220 2059 2554 2130 Theophilus.
2578 2062 2764 2118 volens
2792 2064 2982 2120 nolens
3007 2066 3272 2123 exhibitus
3298 2083 3392 2138 per
3415 2069 3524 2124 Ma-

1939 2150 2187 2218 gistrum,
2217 2165 2397 2206 coram
2417 2151 2623 2208 Joanne
2642 2169 2857 2209 causam
2881 2157 3121 2224 diceret;
3156 2160 3401 2215 monachi
3420 2177 3517 2216 au-

1942 2248 2048 2294 tem
2080 2255 2146 2295 ex
2186 2242 2425 2311 partibus
2457 2242 2742 2314 Theophili
2769 2254 2824 2301 ut
2857 2247 2957 2302 sibi
2999 2258 3306 2304 constarent
3330 2250 3379 2304 iu
3412 2251 3512 2315 his,

1940 2344 2165 2398 quorum
2190 2341 2403 2388 sanctos
2428 2348 2584 2388 senes
2633 2346 3032 2405 accusaverunt,
3064 2339 3516 2395 autcaluntniato-

1940 2434 2057 2473 rum
2086 2435 2272 2489 poenas
2296 2422 2555 2478 subirent.
2587 2424 2676 2479 Sic
2720 2426 2876 2496 igitur
2907 2427 3281 2482 Alexandriam
3326 2430 3519 2484 missus

1939 2519 2016 2564 est
2049 2511 2325 2580 Elaphius,
2375 2516 2463 2582 qui
2489 2531 2631 2570 nunc
2670 2532 2735 2570 ex
2764 2517 3092 2586 principibus
3116 2529 3217 2583 cst,
3251 2529 3306 2574 ut
3336 2520 3514 2574 Theo-

1938 2602 2141 2670 philum
2184 2603 2474 2659 adduceret
2503 2623 2514 2658 :
2546 2607 2748 2675 reliqua
2789 2609 3027 2676 responsi
3060 2610 3347 2679 imperialis
3376 2625 3514 2679 prte-

1937 2693 2061 2747 fccti
2083 2696 2360 2763 exsequuti
2391 2704 2535 2750 sunt.
2558 2696 2691 2751 Cum
2729 2698 2998 2752 accusatio
3040 2699 3434 2753 exaniinaretur
3461 2710 3517 2754 et

1938 2786 1990 2840 in
2008 2786 2267 2841 incertum
2283 2787 2571 2853 desineret,
2597 2788 2739 2859 leges
2760 2790 2970 2859 quidem
2999 2791 3262 2846 instabant
3283 2791 3512 2861 gladium

1937 2876 2287 2943 renudanles;
2314 2878 2492 2933 miseri
2522 2893 2697 2933 autem
2722 2882 2797 2935 illi
2824 2895 3072 2936 eventum
3088 2884 3264 2949 veriti,
3295 2884 3507 2937 dilatio-

1937 2984 2059 3024 nem
2087 2979 2272 3038 petnnt
2295 2987 2460 3041 usque
2475 2972 2543 3024 ad
2569 2973 2849 3043 TheOphili
2878 2973 3181 3039 adventum,
3201 2975 3396 3044 quippe
3425 2975 3514 3043 qui

1937 3062 2082 3131 ipsos
2127 3063 2473 3118 subornasset
2527 3073 2582 3119 et
2616 3065 3028 3134 supplicationes
3076 3065 3398 3120 dictavi.~,set.
3440 3064 3513 3118 lta

1935 3150 2189 3206 ofﬁciales
2213 3167 2307 3206 eos
2329 3152 2380 3204 in
2403 3167 2677 3210 carcerem
2702 3154 2990 3222 conjiciunt
3021 3169 3187 3223 usque
3217 3152 3283 3207 ad
3307 3153 3508 3208 adven-

1937 3251 2047 3298 tum
2076 3242 2379 3312 TheOpbili,
2401 3243 2641 3298 noleutes
2669 3244 2722 3296 in
2753 3244 2841 3296 tali
2868 3259 3026 3298 causa
3044 3244 3211 3300 vades
3242 3245 3506 3313 accipere.

1939 3332 2009 3386 Et
2035 3331 2220 3385 horum
2251 3330 2463 3401 quidem
2485 3331 2784 3385 moriuntur
2818 3332 3055 3385 nonnulli
3088 3334 3138 3386 in
3171 3332 3398 3386 vinculis
3418 3331 3508 3386 diu

1934 3423 2195 3479 demorati
2216 3422 2284 3477 ob
2320 3421 2577 3477 adventus
2610 3421 2886 3492 Theophili
2907 3422 3205 3477 tardltatem
3238 3441 3250 3477 :
3281 3422 3511 3476 aliivcro

1934 3523 2057 3583 pust
2082 3512 2367 3567 adventum
2399 3511 2696 3582 Theophili,
2730 3513 2818 3581 qui
2865 3527 2976 3567 rem
3032 3512 3250 3580 pecunia
3301 3511 3505 3566 facilem

1933 3604 2265 3671 reddiderat,
2289 3605 2343 3659 in
2366 3613 2630 3674 postrema
2662 3605 3090 3674 interrogatione,
3125 3614 3391 3673 tamquam
3415 3619 3509 3658 ca-

1933 3700 2300 3762 lumniatores,
2329 3699 2727 3753 Proconnesum
2749 3714 2778 3751 a
2803 3698 3072 3767 judicibus
3116 3698 3331 3767 relegati
3365 3705 3506 3751 sunt.

1932 3789 2021 3846 Sic
2042 3789 2330 3845 adveniens
2359 3788 2683 3858 Theophilus
2713 3789 2874 3844 veluti
2899 3789 3199 3844 scarabzrus
3222 3790 3347 3841 limo
3373 3804 3509 3842 onu-

1932 3892 2046 3939 stus
2087 3882 2561 3954 pulcherrimarum
2602 3896 2917 3950 rerumqute
2946 3881 2998 3934 in
3043 3878 3277 3950 IEgypto
3319 3888 3443 3933 sunt
3462 3891 3515 3933 et

1933 3975 1983 4028 in
2017 3974 2128 4043 ipsa
2155 3972 2300 4027 lndia
2325 3974 2695 4027 suaviSsimum
2729 3972 2948 4027 odorem
2995 3987 3092 4043 pro
3114 3971 3294 4027 ftetida
3320 3971 3513 4024 invidia

1932 4082 2211 4137 spargens,
2240 4074 2389 4120 sexta
2422 4065 2573 4132 hora,
2602 4066 2785 4135 quinta
2813 4065 3019 4120 sabbati
3059 4063 3511 4129 Constantinopo-

1932 4159 2025 4211 lim
2051 4158 2213 4223 venit,
2244 4159 2418 4211 nautis
2462 4156 3062 4227 circumplaudentibus,
3092 4155 3341 4209 infamem
3370 4151 3513 4208 refe-

1931 4264 2054 4303 rens
2101 4247 2344 4317 gloriam,
2373 4246 2441 4301 de
2493 4263 2592 4315 qua
2651 4247 2817 4303 multo
2866 4257 2989 4300 ante
3018 4246 3156 4300 dixit
3193 4244 3510 4313 apostolus;

1936 4340 2164 4405 Quorum
2211 4338 2375 4407 gloria
2412 4339 2464 4390 in
2508 4338 2804 4407 confusione
2846 4337 3069 4406 ipsorum
3096 4351 3115 4390 ξ
3155 4334 3374 4399 addens,
3411 4333 3510 4400 Qui

1933 4440 2128 4483 terrena
2178 4428 2422 4501 δαρίιιιιι(
2448 4428 2679 4499 Philipp.
2732 4430 2784 4484 5.
2828 4428 2978 4497 19);
3030 4438 3085 4483 et
3131 4427 3506 4497 hospitaturin

1933 4523 2172 4577 tentoriis
2194 4522 2531 4591 injustorum,
2559 4520 2763 4592 fugiens
2805 4522 3087 4578 ecclesiam
3118 4522 3353 4577 :ohlitus
3405 4523 3508 4576 Da-
3564 4590 3571 4598 Ι

1933 4613 2088 4669 vidici
2136 4614 2319 4669 illius:
2370 4614 2759 4685 Elegiabjcctus
2799 4632 2904 4670 esse
2958 4617 3009 4669 in
3054 4615 3203 4669 domo
3260 4614 3350 4668 Dei
3395 4618 3510 4679 mei,

1932 4707 2091 4775 magis
2116 4720 2268 4774 quam
2291 4706 2515 4759 habitare
2539 4707 2591 4759 in
2618 4707 2953 4761 tabernaculis
2980 4717 3294 4775 peccatorum
3321 4707 3339 4777 (
3368 4705 3508 4759 Paul.

1931 4798 2020 4852 85.
2039 4800 2061 4851 l
2081 4799 2096 4850 l
2121 4795 2141 4869 )
2166 4815 2180 4863 ;
2209 4797 2303 4853 sed
2317 4798 2383 4852 ab
2402 4797 2633 4852 ecclesia
2654 4813 2773 4852 eum
2805 4798 3020 4852 arcebat
3048 4812 3140 4851 sua
3159 4797 3507 4851 conscientia.

1930 4887 2304 4961 Commoratus
2333 4887 2489 4956 igitur
2508 4895 2617 4942 tres
2645 4891 2990 4958 septimanas,
3014 4902 3188 4957 neque
3207 4901 3326 4941 cum
3353 4885 3516 4941 Joan-

1932 4996 1998 5035 ne
2019 4980 2268 5049 episcopo
2294 4993 2612 5049 congressus
2639 4987 2741 5044 est,
2768 4988 2824 5033 ιιι
2844 4979 3018 5034 solent
3036 4977 3293 5049 episcopi,
3337 4991 3513 5046 neque

1931 5072 2149 5126 omnino
2176 5069 2403 5125 accessit
2426 5070 2492 5124 ad
2513 5071 2791 5125 ecclesiam
2826 5089 2840 5125 :
2870 5086 3055 5126 verum
3101 5069 3315 5124 assidue
3344 5069 3513 5123 inter-

1931 5162 2019 5215 ditt
2058 5169 2112 5215 et
2135 5170 2294 5215 noctu
2325 5161 2681 5216 contendebat
2711 5177 2905 5215 novum
2933 5161 3110 5216 odium
3147 5159 3313 5217 veteri
3345 5158 3509 5212 θροη-

1933 5254 2162 5319 mulans,
2196 5251 2529 5308 utJoannem
2556 5252 2867 5323 episcopum
2910 5268 3013 5309 non
3062 5253 3235 5307 solum
3272 5249 3510 5304 Ecclesia

1931 5346 2241 5415 expelleret,
2264 5345 2358 5400 sed
2389 5346 2500 5415 ipsa
2541 5346 2649 5401 vita
2702 5347 2955 5416 privaret,
3004 5345 3196 5415 partim
3229 5340 3509 5409 largitione

1931 5436 2046 5490 auri
2072 5446 2254 5490 contra
2282 5437 2559 5491 veritatem
2589 5437 2988 5507 superstitiosos
3008 5450 3039 5489 e
3067 5431 3369 5501 potentibus
3392 5433 3514 5487 red-

1934 5529 2125 5594 imens,
2164 5528 2356 5596 partim
2412 5529 2722 5585 lautioribus
2777 5527 2951 5597 epulis
2994 5524 3132 5594 gulae
3172 5523 3381 5579 deditos
3409 5525 3515 5580 sibi

1932 5622 2262 5691 mzmcipans,
2292 5623 2479 5691 partim
2510 5622 2776 5678 blanditiis
2802 5628 2856 5674 et
2882 5633 2977 5688 spe
3002 5617 3218 5688 majoris
3243 5618 3513 5687 dignitatis

1934 5715 2013 5766 sui
2042 5713 2245 5768 similes
2276 5715 2593 5782 impostores
2613 5727 2642 5765 e
2671 5710 2880 5765 clericis
2910 5710 2960 5763 in
2984 5723 3109 5765 suas
3128 5719 3309 5781 partes
3333 5707 3502 5763 abdu-

1933 5821 2077 5859 ccns.
2114 5805 2244 5862 Istos
2266 5819 2384 5859 cum
2421 5805 2535 5859 sine
2573 5802 2804 5856 funiculo
2830 5801 3186 5873 voluptatibus
3211 5800 3511 5868 colligasth
