4018 6474
450 404 526 457 δὶτ
1744 396 2059 457 FALIAD“
2100 397 2441 472 DIALOGUS
3676 400 3757 456 28

452 526 661 576 euntes,
690 510 848 564 veluti
875 506 1123 563 seductor
1138 505 1351 577 quidam
1373 507 1601 573 daemon,
1625 508 2028 578 animorumque

450 604 704 672 judicium
731 600 1059 665 fascinasset,
1077 600 1143 653 ad
1175 599 1364 654 fabula:
1384 600 2034 655 ministeriumdmmonia-

453 707 570 745 cam
620 703 895 758 personam
940 690 1150 758 quaesiit
1179 708 1193 742 :
1225 705 1383 759 quam
1410 690 1625 759 quidem
1655 692 1812 745 etiam
1841 702 1923 745 est
1948 706 2034 744 as-

453 789 726 846 seqnntus.
757 779 890 836 Nam
946 795 1067 838 cum
1109 781 1320 839 diaconi
1347 782 1451 835 duo
1492 797 1523 835 a
1552 781 1755 836 Joanne
1784 783 2038 851 episcoiio

453 870 608 936 ejecti
628 880 807 924 essent
851 887 914 925 ex
947 871 1185 927 Ecclesia
1223 873 1291 926 ob
1316 873 1554 926 enormia
1584 874 1809 938 scelera,
1849 872 2039 927 horum

460 961 542 1012 ille
576 958 790 1015 levitate
837 962 1055 1029 abusus,
1100 964 1385 1033 persuadet
1428 972 1484 1017 ut
1532 964 1738 1019 libellos
1786 964 2043 1019 adversus

463 1048 715 1106 Joannem
742 1051 888 1117 dent,
917 1054 1181 1123 pollicitus
1238 1068 1333 1109 eos
1357 1055 1408 1109 in
1449 1054 1627 1109 locum
1657 1054 1939 1109 ministerii
1963 1056 2045 1109 sui

464 1154 520 1195 te
541 1143 954 1215 restituturum(
992 1155 1106 1200 erat
1152 1158 1328 1201 autem
1379 1162 1566 1202 eorum
1616 1148 1842 1214 crimen,
1888 1146 2048 1216 hujus

463 1232 677 1300 quidem
715 1235 1056 1301 adulterium,
1088 1237 1229 1293 illius
1269 1254 1395 1293 vero
1448 1239 1830 1309 homicidium)
1866 1258 1879 1293 :
1908 1239 2048 1309 quod

465 1331 518 1375 et
540 1324 802 1390 praestitit.
844 1324 971 1379 Nam
1010 1335 1132 1397 post
1156 1328 1401 1382 exsiliunt
1458 1328 1680 1383 Joannis
1704 1343 1799 1384 eos
1830 1329 1880 1382 in
1932 1331 2046 1383 loca

466 1426 562 1471 sua
590 1416 841 1483 reposuit.
872 1429 992 1469 cum
1024 1418 1227 1473 scilicet
1258 1418 1466 1480 libellos
1490 1419 1780 1487 dedissent,
1811 1435 1944 1490 quos
1965 1420 2053 1474 ille

471 1504 582 1569 ipse
606 1504 916 1569 dictaverat,
946 1507 1075 1560 nihil
1095 1508 1305 1576 quidem
1329 1509 1438 1563 veri
1474 1510 1829 1575 continentes,
1860 1520 2055 1578 prazter

470 1593 573 1648 hoc
598 1612 781 1662 unum,
811 1597 954 1667 quod
981 1598 1298 1653 admonebat
1349 1610 1407 1654 ut
1440 1615 1627 1656 omnes
1668 1610 1787 1671 post
1811 1616 2054 1656 commu-

474 1685 683 1740 nionem
707 1702 899 1756 aquam
927 1698 1019 1743 aut
1042 1691 1311 1758 pastillum
1333 1690 1696 1761 degustarent,
1722 1706 1790 1747 ne
1817 1706 1940 1746 cum
1970 1706 2057 1745 sa-

470 1774 575 1833 liva
603 1788 693 1832 aut
710 1781 894 1848 pituita
915 1780 1113 1850 aliquid
1136 1796 1167 1835 e
1212 1782 1458 1852 symbolo
1507 1784 1831 1839 sacramenti
1862 1793 2059 1855 praeter

475 1869 797 1925 voluntatem
817 1881 1137 1941 exspuereut
1169 1889 1181 1927 :
1213 1872 1355 1942 quod
1398 1873 1599 1942 primus
1652 1875 1767 1942 ipse
1809 1874 2056 1941 faciebat,

474 1971 530 2015 et
553 1977 648 2017 eos
675 1964 766 2033 qui
786 1965 982 2020 vellent
1005 1965 1071 2020 ad
1103 1966 1414 2035 religionem
1451 1983 1515 2021 ac
1541 1968 1892 2023 reverentiam
1932 1984 2062 2023 eru-

477 2052 676 2107 diebat.
724 2056 971 2124 Acceptis
1008 2055 1220 2119 libellis,
1251 2057 1362 2111 coit
1399 2058 1451 2110 in
1497 2058 1700 2112 :edibus
1746 2057 2064 2129 Engraphite

479 2161 601 2199 eum
628 2144 942 2214 Severiano,
975 2148 1258 2214 Antiocho,
1292 2150 1506 2211 Acacio,
1535 2159 1589 2205 et
1629 2150 1850 2221 reliquis
1873 2151 2064 2206 J0anui

480 2234 704 2291 infensis
731 2246 949 2305 propter
976 2238 1246 2294 modcsuts
1269 2240 1386 2309 ejus
1408 2241 1821 2298 admonitiones.
1852 2243 2069 2299 Solebat

480 2324 624 2382 enim
641 2325 827 2382 beatus
852 2329 940 2383 ille
963 2330 1209 2399 exemplo
1244 2332 1393 2386 Pauli
1419 2341 1476 2387 et
1500 2332 1710 2402 publice
1729 2343 1783 2388 et
1825 2334 2067 2404 privatim

484 2416 766 2474 honestum
782 2418 1099 2474 etdecorum
1121 2420 1366 2494 educere,
1388 2423 1682 2491 prtesertim
1702 2424 1832 2481 tales
1857 2424 2071 2482 assidue

488 2508 803 2577 increpans:
830 2510 966 2577 Quid
992 2513 1281 2582 mtate-jam
1308 2529 1462 2578 anus,
1496 2515 1657 2569 etiam
1685 2528 1881 2584 corpus
1914 2531 2073 2586 repu-

486 2596 708 2655 bescere
736 2602 943 2672 cogitis,
968 2603 1241 2665 cincinnos
1272 2605 1430 2663 veluti
1457 2607 1810 2662 meretriculae
1825 2617 2072 2677 gerentes

487 2686 545 2741 itt
570 2686 757 2751 fron’te.
786 2694 1104 2748 contumelia
1133 2694 1427 2751 ai‘licientes
1462 2697 1622 2751 etiam
1648 2696 1901 2753 honestas
1950 2699 2074 2757 reli-

490 2782 1060 2852 quas,etdecipientes
1084 2802 1179 2841 eos
1212 2788 1300 2856 qui
1334 2788 1608 2842 vobiscum
1655 2769 1964 2859 loquuntur,
1989 2790 2074 2845 id-

493 2888 594 2942 qnc
620 2874 832 2929 vidum?
867 2876 1184 2946 Congrcgati
1232 2889 1407 2933 autem
1454 2881 1765 2950 qumrebant
1807 2883 2075 2951 quomodo

487 2966 745 3038 judicium
764 2968 1084 3035 ordirentur.
1110 2970 1254 3026 Unus
1271 2987 1400 3026 vero
1416 2988 1480 3027 ex
1500 2974 1562 3026 iis
1581 2974 1669 3044 qui
1683 2973 1923 3039 aderant,
1953 2989 2080 3045 sug-

493 3057 700 3119 gessit:
735 3059 924 3113 darent
972 3061 1179 3116 libellos
1218 3061 1548 3132 Imperatori,
1582 3075 1634 3120 et
1680 3065 1938 3122 Joannem
1989 3068 2077 3123 vel

495 3148 717 3211 invitum
741 3150 806 3204 ad
861 3167 1169 3211 consessum
1200 3155 1491 3213 traherent.
1522 3158 1576 3212 ld
1634 3158 1791 3229 igitur
1819 3160 1897 3226 ﬁt,
1943 3161 2081 3225 sicut

496 3238 622 3292 olim
639 3240 777 3310 apud
797 3240 1029 3308 Judxos,
1054 3259 1187 3300 auro
1202 3246 1377 3303 omnia
1396 3262 1561 3318 prona
1584 3256 1639 3303 et
1663 3247 1834 3305 facilia
1852 3250 2080 3307 redden-

498 3340 569 3383 te.
599 3330 820 3387 Eranms
844 3334 1192 3406 quadraginta
1219 3337 1455 3407 episcopi
1481 3353 1602 3393 cum
1640 3338 1847 3395 Joanne
1872 3342 2083 3411 episco-

500 3437 586 3492 po,
617 3425 865 3481 sedentes
913 3427 965 3481 in
1011 3428 1242 3482 triclinio
1297 3430 1594 3501 episcopii;
1638 3439 1914 3501 stupentes
1946 3449 2079 3503 quo-

476 3513 657 3596 modo
679 3530 821 3591 reus,
850 3525 905 3569 et
926 3525 1141 3586 propter
1166 3519 1326 3588 impia
1377 3520 1599 3574 crimina
1630 3522 1774 3577 solus
1804 3523 1871 3576 ad
1896 3523 2083 3579 Comi-

497 3616 666 3680 tatum
693 3607 876 3663 venire
898 3607 1100 3678 jussus,
1142 3622 1262 3663 cum
1308 3617 1389 3664 tot
1412 3610 1677 3682 episcopis
1730 3611 2078 3669 advenisset:

500 3715 606 3770 quo
629 3709 781 3769 pacto
810 3702 1107 3770 principum
1137 3713 1191 3757 et
1231 3704 1634 3773 magistratuum
1666 3708 1960 3762 sententias
1985 3724 2081 3774 su:-

502 3789 610 3842 bito
639 3800 1037 3859 commutasset,
1085 3792 1349 3863 plerisque
1392 3793 1460 3848 de
1500 3794 1647 3850 clero
1702 3796 1753 3850 in
1778 3798 1928 3867 pejus
1958 3815 2083 3867 pcr-

501 3880 685 3946 vcrsis.
716 3880 979 3939 (Steternm
1002 3883 1384 3940 admirantibus
1401 3888 1575 3951 nobis,
1607 3888 1698 3942 Dei
1715 3890 1904 3958 spiritu
1929 3890 2083 3946 afﬂa-

501 3979 590 4035 tus
613 3970 845 4029 Joannes
861 3975 1108 4031 omnibus
1128 3976 1263 4030 dixit
1294 3994 1306 4029 :
1335 3978 1516 4043 Orate,
1537 3976 1747 4045 fratres,
1764 3990 1816 4034 et
1843 3980 1887 4034 si
1925 3997 2076 4036 ama-

501 4064 571 4118 tis
593 4060 883 4128 Christum,
916 4079 1073 4134 nemo
1099 4059 1205 4121 mei
1244 4080 1403 4122 causa
1429 4068 1723 4123 Ecclesiam
1752 4086 1902 4124 suam
1923 4071 2084 4126 dese-

499 4160 586 4219 rat
614 4169 632 4210 :
658 4153 767 4225 Ego
790 4156 921 4209 enim
940 4158 1054 4227 jam
1079 4156 1290 4226 delibor,
1311 4170 1359 4213 et
1383 4169 1575 4231 tempus
1608 4163 1928 4216 resolutionis
1965 4179 2088 4217 mea:

504 4245 777 4318 instat(2.
807 4245 940 4301 Tim.
996 4251 1047 4304 4.
1094 4250 1128 4305 ϐ
1162 4250 1367 4321 ),jnxla
1409 4252 1626 4307 Paulum
1654 4255 1808 4324 cujus
1851 4270 1913 4310 ea
1963 4265 2087 4309 sunt

503 4335 664 4409 verba
698 4347 788 4390 :et
814 4338 1007 4393 multas
1037 4352 1323 4410 perpessus
1360 4342 1697 4408 afﬂictiones,
1744 4346 1904 4399 vitam
1934 4356 1990 4399 ut
2012 4345 2089 4400 vi-

502 4426 604 4480 deo
632 4428 914 4483 relicturus
956 4446 1096 4487 sum.
1146 4433 1279 4487 Novi
1305 4436 1447 4493 enim
1502 4445 1702 4490 satana:
1750 4438 1991 4505 insidias,
2019 4454 2086 4495 co

504 4520 642 4586 quod
675 4536 778 4574 non
807 4523 1037 4590 amplius
1071 4525 1333 4585 sustineat
1386 4527 1591 4595 pondus
1636 4542 1875 4582 meorum
1892 4529 2084 4584 adver-

503 4625 597 4665 sus
626 4611 795 4680 ipsum
821 4627 1149 4667 sermonum.
1196 4615 1271 4669 Ita
1318 4616 1736 4672 misericordiam
1784 4632 2086 4689 consequa-

505 4701 654 4755 mini.
716 4701 771 4755 ln
822 4702 1154 4758 orationibus
1195 4705 1388 4761 vestris
1434 4722 1698 4764 memores
1741 4717 1915 4764 estote
1960 4711 2083 4763 mei.

502 4793 808 4853 Incredibili
852 4794 1012 4866 igitur
1051 4812 1283 4854 maerore
1320 4801 1574 4869 correpti,
1633 4801 1725 4856 alii
1766 4800 1978 4873 quidem
2008 4802 2089 4857 la-

502 4886 904 4963 ciymabantur,
958 4887 1049 4945 alii
1113 4904 1242 4946 vero
1294 4890 1704 4961 egrediebantur
1734 4909 1765 4949 e
1807 4909 2084 4959 consessu,

501 4977 687 5033 oculos
716 4988 769 5034 et
790 4994 1000 5057 sacrum
1030 4992 1187 5051 caput
1236 4994 1395 5055 atque
1438 4984 1718 5039 facundum
1769 5001 1833 5042 ac
1873 4987 2085 5042 beatum

499 5068 616 5137 ejus
642 5084 703 5129 os
732 5070 1197 5139 deosculabantnr,
1231 5076 1282 5128 in
1319 5075 1583 5148 lacrymas
1622 5077 1772 5132 emisi
1802 5087 1856 5134 et
1881 5079 2083 5149 singul-

502 5175 605 5219 tus.
654 5164 928 5223 Cumvero
949 5183 1045 5225 eos
1085 5169 1421 5227 obsecrasset
1458 5171 1711 5242 Joannes,
1755 5184 1805 5228 ut
1837 5173 1900 5228 ad
1956 5189 2087 5228 con-

501 5266 709 5311 sessum
757 5257 1016 5324 redirent,
1059 5260 1159 5316 buc
1211 5263 1339 5320 illuc
1374 5263 1694 5329 volitantes,
1754 5264 1917 5320 veluti
1960 5279 2090 5336 apes

506 5351 643 5403 circa
691 5349 921 5405 alvearia
974 5352 1389 5423 obstrepentes:
1430 5353 1669 5421 Sedete,
1730 5356 1823 5422 ait,
1876 5356 2087 5428 fratres,

503 5453 550 5494 et
585 5440 715 5495 flere
742 5444 970 5500 desinite
1049 5460 1114 5500 eo
1156 5449 1384 5518 amplius
1431 5463 1518 5502 me
1557 5447 1892 5501 emollientes
1920 5464 1935 5500 :
1960 5445 2092 5500 Mihi

499 5534 635 5581 enim
661 5533 818 5589 vivere
845 5539 1051 5597 Christe
1101 5550 1173 5594 est
1196 5582 1207 5602 ,
1238 5550 1284 5593 et
1310 5541 1438 5593 mori
1469 5540 1666 5594 lucrum
1702 5538 1722 5609 (
1749 5538 1995 5611 Philipp.
2028 5539 2079 5593 i.

505 5620 566 5672 2|
590 5621 632 5691 ).
667 5621 796 5676 Nam
824 5634 1192 5694 percrebuerat
1218 5632 1362 5684 illum
1391 5632 1563 5686 securi
1594 5635 1904 5700 permissum
1937 5630 2000 5684 iri
2022 5630 2090 5684 ob

507 5709 725 5762 nimiam
749 5712 990 5780 loutiendi
1019 5720 1337 5778 libertatem.
1363 5723 1427 5777 Et
1454 5725 1497 5776 si
1527 5719 1864 5782 meministis,
1890 5736 2092 5774 memo-

511 5798 614 5857 tias
650 5809 849 5858 γεθιωδ
900 5809 1146 5876 γνιιιὶιτεςῑε
1188 5811 1329 5880 quod
1373 5828 1583 5884 semper
1625 5808 1775 5865 vobis
1818 5808 2041 5864 dixerim
2077 5828 2087 5861 :

2152 508 2247 563 Via
2273 519 2356 563 est
2385 510 2486 561 vita
2515 521 2783 577 przesens,
2818 509 2970 577 cujus
3012 508 3129 562 lmta
3172 517 3333 579 atque
3363 509 3589 564 molesta
3624 525 3753 579 pcr-

2152 608 2427 654 trauseunt
2445 618 2457 653 :
2481 608 2535 653 et
2551 608 2815 653 mercatus
2829 609 2913 654 est
2927 612 3167 668 praesens
3186 600 3437 656 saeculum
3461 616 3477 655 :
3495 601 3752 664 emimus.

2151 690 2506 754 vendidimus,
2530 699 2585 744 et
2613 689 2960 745 discedimus.
2987 689 3121 744 Num
3151 691 3402 746 meliores
3432 704 3621 751 sumus
3649 706 3751 761 pa-

2155 782 2420 848 triarehis,
2449 781 2745 850 prophetis,
2774 781 3052 849 apostolis,
3086 789 3140 834 st
3165 782 3320 836 nobis
3349 781 3451 836 hoc
3482 782 3605 835 vitae
3636 782 3742 835 im-

2154 871 2380 927 mortale
2405 870 2752 941 pcrmaneat?
2778 871 2928 926 'l'unc
2952 870 3169 941 quidam
3196 887 3263 926 ex
3290 872 3356 926 iis
3380 872 3470 941 qui
3500 870 3752 937 aderant,

2153 964 2360 1032 cjulans
2394 960 2697 1017 dixit:Sed
2743 962 3100 1016 lamentamur
3140 962 3422 1017 orbitatem
3467 970 3750 1028 nostram,

2158 1053 2415 1109 Ecclesia:
2443 1051 2754 1106 viduitatem
2777 1092 2795 1121 ,
2841 1066 3111 1106 sacrarum
3158 1053 3332 1121 legum
3373 1052 3708 1106 eversionem
3735 1093 3749 1119 τ

2157 1146 2501 1200 ambitionem
2526 1159 2711 1198 eorum
2740 1144 2829 1213 qui
2858 1159 2964 1198 non
2995 1144 3184 1198 timent
3215 1144 3496 1197 Dominum
3518 1184 3534 1208 ,
3561 1151 3617 1197 ct
3651 1143 3752 1196 Ec-

2159 1239 2337 1293 clesia:
2378 1235 2737 1306 gubernacula
2791 1235 3084 1299 invadunt,
3127 1236 3271 1289 omni
3317 1249 3419 1305 ope
3466 1234 3756 1290 destitutos

2162 1344 2457 1400 pauperes,
2490 1338 2545 1383 et
2571 1327 2830 1382 doctrinm
2871 1326 3165 1395 penuriam.
3206 1326 3339 1379 Cum
3377 1333 3556 1378 autem
3585 1323 3757 1392 digito

2164 1421 2337 1476 indice
2363 1421 2591 1490 palmam
2622 1419 2853 1472 sinistra:
2883 1432 3070 1472 manus
3099 1417 3450 1487 percussisset
3480 1416 3753 1484 (consue-

2163 1523 2316 1570 verat
2343 1514 2484 1568 euim
2513 1511 2712 1566 Christi
2742 1525 2926 1564 amans
2952 1509 3205 1574 Joannes,
3229 1523 3349 1563 cum
3379 1516 3524 1561 esset
3550 1507 3757 1577 cogita-

2165 1605 2379 1669 bundus
2408 1602 2460 1657 id
2490 1603 2720 1672 facere),
2744 1616 2804 1656 se
2829 1599 3119 1671 alloquenti
3147 1601 3220 1654 ait
3246 1617 3258 1653 :
3289 1598 3496 1654 Sufﬁcit
3515 1639 3531 1663 ,
3567 1600 3755 1663 frater,

2166 1714 2234 1760 ne
2261 1697 2412 1767 plura
2443 1695 2681 1764 loquere,
2712 1694 2805 1747 sed
2832 1693 2971 1763 quod
2995 1692 3104 1747 dixi
3132 1732 3147 1759 ,
3171 1692 3436 1747 Ecclesias
3461 1699 3670 1746 vestras
3691 1707 3759 1746 ne

2166 1788 2438 1853 dimittite,
2462 1786 2643 1857 Neque
2666 1786 2807 1841 enim
2835 1799 2864 1838 a
2888 1800 2976 1838 me
3000 1785 3195 1854 incepit
3219 1784 3614 1854 praedicationis
3637 1798 3759 1836 mu-

2167 1897 2291 1947 nus,
2320 1894 2493 1949 neque
2521 1880 2573 1935 iu
2604 1893 2690 1932 me
2717 1876 2892 1931 desiit.
2913 1873 3103 1930 Nonne
3132 1884 3373 1930 mortuus
3399 1883 3483 1928 est
3509 1873 3760 1946 Moyses?

2168 1984 2224 2028 et
2250 1988 2355 2028 non
2383 1972 2627 2027 inventus
2657 1978 2739 2025 est
2762 1968 2953 2022 Jesns?
2971 1966 3161 2023 Nonne
3180 1965 3409 2021 decessit
3430 1965 3686 2020 Samuel?
3707 1973 3761 2018 et

2171 2079 2279 2118 non
2308 2070 2500 2116 unctus
2524 2067 2607 2115 est
2625 2059 2822 2114 David?
2846 2058 3018 2113 Vitam
3042 2056 3257 2127 reliquit
3274 2056 3555 2120 Jeremias,
3581 2070 3762 2109 nonne

2172 2155 2375 2209 exstitit
2402 2151 2651 2207 Baruch?
2675 2152 2994 2220 Assumptus
3018 2159 3100 2204 est
3120 2149 3285 2214 Elius,
3313 2162 3493 2203 nonne
3519 2146 3760 2217 prorite-

2176 2246 2307 2301 tavit
2329 2246 2552 2300 Elismus
2572 2245 2596 2297 ἲ
2617 2244 2781 2299 Paulo
2807 2249 3137 2311 amputatum
3163 2249 3247 2297 est
3269 2248 3447 2309 caput,
3476 2253 3656 2293 nonne
3679 2252 3763 2292 re-

2178 2338 2332 2407 liquit
2351 2334 2715 2397 Timotheum,
2745 2332 2945 2397 Titum,
2973 2331 3165 2402 Apollo
3185 2339 3239 2385 et
3262 2331 3395 2384 alios
3415 2329 3761 2383 innumeros?

2177 2428 2306 2483 Post
2338 2428 2453 2484 lucc
2480 2426 2662 2489 verba,
2688 2424 2957 2495 Eulysius,
2985 2424 3268 2492 episcopus
3295 2421 3547 2490 Apamea:
3589 2419 3641 2473 in
3674 2419 3761 2472 Bi-

2180 2518 2395 2589 thynia.
2427 2517 2501 2571 ait
2527 2534 2539 2570 :
2564 2515 2795 2570 Necesse
2837 2523 2919 2568 est
2959 2527 3058 2567 nos
3092 2511 3356 2567 Ecclesias
3386 2518 3602 2564 nostras
3626 2509 3765 2564 obtio

2179 2619 2369 2665 nentes
2417 2609 2532 2678 cogi
2579 2616 2635 2662 et
2681 2605 3082 2660 communicare
3120 2612 3176 2658 et
3219 2602 3575 2658 subscribere.
3621 2602 3761 2656 Dixit

2180 2707 2393 2756 sanctus
2421 2698 2656 2754 Joannes
2680 2713 2695 2752 :
2719 2695 3124 2751 Communicate
3149 2693 3384 2764 quidem,
3412 2707 3479 2747 ne
3508 2690 3764 2747 scindatis

2184 2792 2497 2857 Ecclesiam,
2528 2790 2622 2846 sed
2652 2791 2815 2844 nolite
2844 2788 3177 2844 subscribere
3202 2806 3216 2842 :
3245 2785 3608 2841 nullinseuim
3636 2784 3762 2838 l’aei-

2182 2883 2330 2938 noris
2357 2881 2485 2936 mihi
2515 2880 2761 2935 conscius
2789 2894 2906 2933 sum
2926 2919 2942 2944 ,
2985 2886 3203 2947 propter
3231 2875 3374 2945 quod
3410 2874 3606 2942 deponi
3651 2889 3765 2928 me-

2183 2973 2402 3028 ruerim.
2444 2971 2571 3026 Haec
2610 2984 2730 3025 cum
2777 2970 2847 3023 ita
2891 2982 3010 3023 sese
3042 2967 3331 3031 haberent,
3365 2965 3664 3019 nuntiatum
3690 2975 3770 3020 est

2185 3065 2399 3122 adstare
2422 3064 2511 3134 qui
2560 3078 2591 3117 a
2617 3060 2915 3131 Theophila
2960 3060 3106 3113 missi
3148 3066 3348 3111 essent.
3380 3056 3537 3115 lubet
3563 3071 3658 3110 eos
3686 3057 3768 3108 iu-

2185 3159 2379 3223 troire,
2429 3155 2701 3225 ingressos
2744 3153 3069 3220 interrogat,
3112 3149 3272 3221 cujus
3312 3147 3511 3218 gradus
3550 3157 3765 3201 essent:

2185 3250 2400 3314 dicunt,
2426 3245 2695 3316 Episcopi.
2732 3244 2822 3298 Ille
2851 3250 2969 3298 orat
3002 3241 3258 3305 sedeant,
3304 3248 3360 3293 et
3402 3238 3581 3292 dicant
3622 3239 3770 3305 (ejus

2185 3353 2345 3411 caiisa
2366 3321 2561 3398 adsint.
2586 3336 2663 3391 llli
2687 3343 2862 3389 autem
2884 3333 3099 3388 dicunt:
3124 3331 3230 3410 Has
3251 3328 3585 3384 solummodo
3612 3329 3770 3383 scite-

2186 3431 2340 3498 dnlas
2363 3429 2612 3500 legendas
2639 3427 2896 3482 habemus
2917 3444 2928 3478 :
2949 3423 3133 3494 jubete
3151 3424 3309 3493 igitur
3329 3422 3448 3477 illas
3473 3422 3593 3491 legi.
3617 3420 3773 3476 Jubet

2187 3521 2423 3579 Joannes
2450 3519 2573 3588 legi.
2602 3518 2738 3572 Tum
2783 3517 2866 3571 isti
2912 3516 3177 3585 imperant
3203 3508 3485 3582 TlteOphili
3525 3525 3690 3580 puero
3717 3521 3773 3567 ut

2188 3613 2388 3668 dictata
2415 3612 2502 3683 illa
2530 3611 2733 3687 legeret
2760 3626 2775 3665 :
2804 3618 2858 3664 et
2888 3609 3035 3677 legit.
3060 3608 3261 3662 Textus
3290 3613 3468 3660 autem
3495 3613 3611 3660 erat
3635 3606 3773 3673 ejus-

2190 3705 2335 3779 modi
2363 3723 2376 3760 :
2407 3703 2596 3775 Sancta
2624 3703 2865 3774 Synodus
2889 3703 2957 3754 ad
2987 3700 3236 3766 Quercum
3261 3707 3563 3770 congregata
3591 3696 3611 3765 (
3630 3698 3774 3751 locus

2189 3807 2274 3854 est
2298 3798 2376 3852 sic
2400 3796 2574 3863 dictus
2597 3804 2743 3853 trans
2774 3809 2941 3861 mare,
2968 3792 3143 3847 Rutilii
3173 3790 3557 3854 suburbanum,
3588 3792 3641 3841 in
3670 3804 3774 3859 quo

2191 3900 2347 3944 erant
2373 3887 2722 3958 congregati)
2759 3884 2954 3939 Joanm'
2990 3883 3346 3955 (omittebant
3374 3881 3425 3940 id
3467 3878 3607 3951 quod
3640 3887 3772 3945 erat,

2193 3980 2471 4051 Episcopo.
2511 3979 2658 4035 Solet
2700 3978 2844 4041 enim
2888 3975 3056 4031 ferme
3096 3977 3400 4030 obcaecatus
3436 3973 3643 4027 animus
3673 3989 3773 4025 non

2193 4079 2340 4126 recte
2363 4086 2608 4136 cernere,
2637 4069 2731 4125 sed
2756 4052 2818 4124 ea
2843 4067 2945 4124 sibi
2972 4066 3251 4141 imaginari
3271 4080 3391 4135 quae
3418 4063 3639 4118 allectus
3678 4063 3772 4130 ipsi

2190 4162 2484 4233 suggerit).
2512 4160 2728 4215 Libellos
2764 4160 3047 4229 accepimus
3072 4156 3312 4215 adversus
3343 4163 3420 4219 te,
3451 4154 3653 4222 inﬁnita
3681 4154 3777 4205 cri-

2194 4257 2331 4309 mina
2361 4256 2686 4308 continentes.
2720 4251 2902 4307 Adesto
2928 4251 3103 4321 igitur,
3136 4257 3296 4302 tecum
3324 4246 3579 4300 adducens
3622 4243 3781 4299 Sara-

2197 4352 2396 4419 pionem
2421 4359 2467 4404 et
2497 4349 2721 4421 Tigriunt
2743 4347 3054 4417 presbyteros
3073 4362 3090 4396 :
3109 4344 3168 4396 iis
3192 4343 3324 4396 enim
3347 4356 3477 4410 opus
3498 4346 3591 4395 est.
3616 4338 3778 4392 Erant

2195 4448 2372 4495 autem
2398 4439 2486 4508 qui
2513 4439 2579 4492 ad
2608 4452 2729 4492 eum
2760 4441 3040 4498 venerant,
3068 4434 3351 4487 Dioscorus
3374 4440 3428 4485 et
3451 4429 3667 4493 Paulus,
3693 4433 3778 4498 qui

2196 4544 2365 4598 nuper
2388 4528 2439 4583 in
2465 4525 2630 4596 Libya
2656 4526 2885 4581 ordinati
2916 4525 3144 4589 fuerant,
3168 4522 3410 4591 juvenes.
3438 4520 3614 4575 Lectis
3636 4521 3806 4601 cliar-g

2197 4621 2322 4675 tulis
2341 4661 2357 4686 ,
2396 4620 2483 4690 qui
2526 4633 2646 4673 cum
2679 4618 2835 4672 beato
2864 4616 3070 4671 Joanne
3096 4620 3249 4669 erant
3277 4612 3546 4682 episcopi,
3570 4614 3806 4689 contraf

2199 4710 2415 4776 dicunt,
2445 4709 2821 4764 denuntiantes
2845 4706 3147 4775 Theopliilo
3178 4719 3274 4774 per
3317 4713 3428 4771 tres
3469 4701 3780 4770 episcopos,

2199 4802 2514 4871 Lupicinum
2535 4842 2550 4867 ,
2583 4798 2909 4854 Demetrium
2938 4806 2992 4852 et
3022 4796 3298 4868 Eulysinm
3319 4836 3333 4861 ,
3363 4803 3422 4850 'et
3451 4793 3784 4863 presbyteros

2198 4894 2355 4958 duos,
2386 4893 2710 4948 Germanum
2742 4899 2904 4959 atque
2930 4889 3217 4952 Severum,
3251 4901 3442 4955 omnes
3468 4884 3679 4954 quidem
3711 4884 3783 4936 vi-

2201 4999 2290 5040 ros
2318 4992 2531 5038 sanctos
2556 4991 2610 5037 et
2638 4981 2741 5035 lide
2766 4981 2954 5050 dignos
2979 4997 2992 5033 :
3015 4978 3134 5034 Noli
3167 4993 3253 5033 res
3287 4978 3541 5053 Ecclesia:
3564 4975 3783 5029 subver-

2201 5087 2314 5129 tere
2338 5114 2353 5138 ,
2402 5088 2502 5127 nec
2546 5070 2836 5126 Ecclesiam
2867 5069 3050 5124 scinde
3088 5076 3306 5139 prepter
3347 5080 3506 5138 quam
3549 5065 3689 5120 Deus
3736 5068 3785 5118 in

2198 5179 2419 5221 carnem
2451 5164 2748 5219 descendit.
2785 5162 2841 5217 Si
2882 5172 3059 5216 autem
3102 5160 3400 5215 inordinate
3426 5158 3669 5225 Nicmnos
3700 5171 3786 5212 ca-

2204 5272 2373 5313 nones
2397 5257 2663 5311 subvertis
2690 5266 3050 5312 trecentorum
3074 5253 3260 5310 decem
3288 5264 3341 5309 ct
3365 5263 3487 5309 octo
3514 5253 3787 5323 episcopo—

2203 5366 2320 5406 rum
2342 5393 2356 5416 ,
2403 5360 2455 5404 et
2495 5358 2644 5404 extra
2689 5349 2888 5403 limites
2917 5348 3062 5401 litem
3106 5346 3356 5416 judicas:
3388 5355 3440 5398 tu
3474 5343 3698 5398 transito
3727 5340 3789 5395 ad

2201 5455 2303 5497 nos
2325 5442 2378 5495 in
2405 5442 2589 5495 urbem
2615 5440 2831 5510 eptimis
2861 5438 3066 5508 legibus
3098 5436 3367 5490 fundatam
3393 5476 3406 5498 ,
3439 5450 3544 5488 non
3588 5446 3780 5501 provo-

2202 5548 2332 5604 cans
2362 5544 2511 5586 mere
2539 5530 2687 5585 Caini
2719 5530 2939 5584 Abelem
2974 5530 3024 5582 in
3056 5542 3324 5596 campum,
3356 5534 3411 5578 ιιι
3438 5537 3535 5577 nos
3564 5531 3617 5578 te
3649 5522 3787 5591 prius

2203 5624 2500 5679 audiamus.
2525 5623 2795 5678 llabemns
2816 5622 2957 5676 enim
2984 5619 3241 5673 adversus
3268 5628 3319 5673 te
3350 5616 3558 5671 libellos
3580 5620 3790 5683 septua»

2205 5721 2350 5787 ginta
2402 5719 2671 5789 capitum,
2727 5713 3009 5770 manifcsm
3058 5713 3264 5782 piacula
3319 5709 3655 5764 continentes
3685 5721 3697 5733 ’
3739 5713 3791 5757 et

2213 5815 2385 5880 plures
2413 5827 2597 5867 Sumus
2628 5826 2781 5879 quam
2813 5804 3178 5875 tua-Synodns
3200 5847 3212 5868 ,
3244 5802 3332 5854 Dei
3364 5801 3529 5869 gratia
3570 5806 3787 5865 congre-
