4018 6442
266 372 331 426 9.7
1287 389 1376 445 DE
1413 390 1578 448 VITA
1619 392 1678 448 S.
1720 391 2010 454 JOA‘N‘NIS
2045 397 2559 459 CHRYSOSTOMI.
3505 411 3578 472 23

265 487 574 582 λαοπλάνος
600 507 691 556 τις
743 491 976 568 δαίμων,
1013 497 1072 551 τὺ
1121 503 1366 570 κριτικόν
1411 503 1521 558 τῶν
1564 505 1752 582 ψυχῶν
1781 525 1879 562 κα-

263 579 667 670 ταγοητεύσας,
698 585 884 656 ἐζήτει
923 588 1217 658 πρόσωπον
1251 591 1606 664 δαιμονιῶδες
1641 579 1740 661 ἐἰς
1777 597 1876 669 τὴν

263 665 352 719 τοῦ
376 663 659 751 δράματος
692 669 1022 742 ὑπηρεσίαν,
1076 671 1106 726 6
1147 673 1213 745 δὴ
1247 687 1274 715 ιι
1324 663 1418 732 καὶ
1449 677 1734 751 ἐπέτυχεν.
1771 663 1877 736 Δύο

260 752 369 821 γξιρ
402 749 675 808 διακόνων
701 752 1079 826 ἐκϐληθέντων
1121 756 1223 827 τῆς
1264 757 1598 832 Ἐκκλησίας
1622 749 1746 817 νύπὸ
1777 763 1873 817 τοῦ

245 833 569 916 ,ἐπισκόπου
617 833 870 889 Ἰωάννου
899 839 992 891 ἐπὶ
1025 839 1466 914 πλημμελήμασι
1499 845 1872 918 παρανόμοις,

241 919 621 997 ἰἀπεχρήσατο
653 922 721 992 τῇ
771 923 1090 995 κουφότητι,
1149 925 1244 978 καὶ
1285 925 1464 980 πείθει
1515 929 1713 994 αὐτοὺς
1747 933 1872 990 ἐπι-

256 1000 444 1054 δοῦναι
501 1002 782 1068 λιϐέλλους
814 1004 957 1060 κατὰ
1015 1006 1108 1061 τοῦ
1161 1008 1435 1077 Ἰωάννου,
1501 1011 1873 1086 ὑποσχόμενος

257 1087 444 1166 αὐτοῖς
473 1086 930 1159 ἀποκαταστῆσαι
960 1090 1042 1154 εἰς
1063 1090 1154 1144 τὸν
1173 1095 1275 1164 τῆς
1305 1092 1650 1166 λειτουργίας
1682 1097 1866 1155 τόπον.

257 1163 368 1222 Ἦν
397 1169 455 1224 δὲ
487 1169 672 1224 αὐτῶν
707 1171 777 1224 τά
827 1174 1171 1245 πταίσματα,
1205 1163 1302 1230 τοῦ
1340 1177 1441 1249 μὲν
1475 1163 1655 1250 φόνος,
1686 1181 1780 1234 τοῦ
1810 1183 1868 1236 δὲ

261 1253 506 1324 μοιχεία·
537 1254 566 1308 6
597 1255 662 1326 δὴ
693 1255 788 1310 καὶ
817 1257 1108 1330 πεποίηκε.
1155 1261 1312 1314 Μετὰ
1353 1261 1464 1336 γὰρ
1517 1265 1616 1335 τὴν
1651 1265 1868 1336 ἐξορίαν

271 1339 523 1392 Ἰωάννου
555 1341 1008 1412 ἀποκατέστησεν
1033 1345 1236 1409 αὐτοὺς
1267 1347 1348 1410 είς
1380 1348 1508 1412 τοὺς
1533 1349 1732 1413 τόπους
1765 1351 1866 1404 αὒ-

255 1422 387 1487 τῶν,
411 1422 618 1494 δηλαδὴ
639 1424 765 1488 τοὺς
795 1424 1074 1491 λιϐέλλους
1105 1427 1412 1494 ἐπιδόντας,
1441 1431 1536 1494 οὒς
1565 1433 1868 1506 ὑπηγόρευ-

256 1524 350 1591 σεν
374 1508 540 1572 αὐτὸς
571 1509 804 1575 ἐκεῖνος,
837 1509 1060 1582 ἔχοντας
1097 1512 1196 1584 μὲν
1237 1513 1440 1586 ἀληθὲς
1491 1517 1665 1584 οὐδὲν,
1720 1519 1860 1591 πλὴν

252 1589 471 1656 τούτου,
509 1592 592 1646 ὃτι
621 1595 859 1666 παρῄνει
919 1597 1055 1648 πᾶσι
1099 1597 1242 1667 μετά
1273 1598 1373 1670 τὴν
1407 1601 1692 1656 κοινωνίαν
1721 1589 1860 1660 ἀπο·-

253 1674 518 1743 γεύεσθαι
544 1676 806 1750 ῦδατοςῆ
867 1678 1156 1746 παστίλου,
1201 1680 1289 1735 ἵνα
1349 1684 1424 1755 μὴ
1487 1684 1758 1750 ἀκουσίως
1783 1684 1860 1758 τῷ

254 1759 423 1832 σιέλῳ
451 1763 484 1833 ἢ
511 1762 588 1834 τῷ
607 1763 880 1835 φλέγματι
909 1765 1324 1822 συνεκπτύσωσί
1351 1785 1405 1822 τι
1446 1767 1540 1823 τοῦ
1565 1770 1858 1842 συμϐόλου·

250 1846 418 1910 αύτὸς
473 1847 691 1920 πρῶτος
743 1849 914 1902 ποιῶν
965 1849 1028 1904 τὸ
1091 1853 1347 1923 πρᾶγμα,
1377 1851 1666 1907 εὐλάϐειαν
1712 1853 1856 1913 ἐκδι-

251 1931 469 1986 δάσκων
502 1933 629 1997 τοὺς
671 1933 1050 2008 βουλομένους.
1081 1936 1239 1990 Μετὰ
1269 1937 1328 1990 δέ
1359 1937 1420 1990 τὸ
1440 1936 1698 2002 δέξασθαι
1728 1939 1858 2004 τοὺς

250 2013 566 2082 λιϐέλλους,
621 2018 984 2088 συστρέφεται
1049 2019 1202 2093 παρά
1265 2024 1332 2092 τῇ
1375 2019 1684 2093 Εύγραφίᾳ,
1743 2022 1858 2092 ἄμα

249 2099 588 2174 Σευηριανῷ,
621 2101 717 2156 καὶ
758 2103 1035 2176 Ἀντιόχῳ,
1073 2105 1170 2158 καὶ
1211 2104 1476 2178 Ἀκακίῳ,
1513 2105 1610 2158 καὶ
1647 2105 1858 2170 λοιποῖς

250 2183 436 2256 έχουσι
479 2185 850 2257 μνησικακίαν
878 2187 1020 2242 κατὰ
1051 2185 1148 2242 τοῦ
1177 2187 1428 2246 Ἰωάννου
1451 2189 1544 2244 ἐπὶ
1573 2190 1693 2252 ταῖς
1713 2206 1859 2260 παρ-

251 2269 497 2322 αινέσεσι
555 2272 679 2332 ταῖς
742 2270 1021 2342 κοσμίαις.
1073 2267 1272 2324 Εἰώθει
1324 2271 1434 2344 γάρ
1481 2274 1510 2326 6
1551 2272 1853 2344 μακάριος,

249 2353 394 2416 κατά
421 2354 514 2408 τὸν
542 2353 778 2418 Παῦλον,
802 2356 1041 2428 δημοσίᾳ
1071 2373 1133 2410 τε
1166 2358 1261 2415 καὶ
1293 2357 1414 2414 κατ’
1447 2357 1630 2422 οἴκους
1656 2375 1854 2429 σεμνο-

249 2440 528 2511 πρέπειαν
555 2440 918 2504 ἐκδιδάσκειν,
969 2443 1207 2514 μάλιστα
1247 2442 1492 2514 συνεχῶς
1518 2445 1641 2508 ταῖς
1667 2442 1856 2496 τοιαύοο

245 2539 369 2587 ταις
403 2525 760 2596 ἐπισκήπτων
779 2565 794 2586 .
837 2526 920 2580 ὅτι
952 2523 1180 2598 Γραῖδες
1213 2521 1371 2580 οὖσαι
1399 2526 1488 2580 διά
1518 2525 1610 2580 τὸν
1639 2526 1852 2597 χρόνον,

243 2608 298 2660 τί
346 2607 560 2680 ἀνηϐᾷν
608 2607 1016 2680 παραϐιάζεσθε
1071 2609 1134 2662 τὺ
1171 2609 1352 2682 σῶμα,
1399 2606 1730 2682 βοστρύχους
1761 2610 1854 2662 ἐπὶ

249 2690 507 2760 μετώπου
568 2691 834 2764 φέρουσαι
885 2691 1142 2764 καθάπερ
1189 2692 1482 2764 ἐταιρίδες,
1529 2691 1853 2764 ὑϐρίζουσαι

244 2777 343 2829 καὶ
365 2775 466 2840 τάς
493 2775 687 2842 λοιπάς
716 2777 1034 2850 ἐλευθέρας,
1065 2779 1158 2832 ἐπὶ
1197 2779 1386 2851 ἀπάτῃ
1413 2777 1522 2835 τῶν
1555 2793 1854 2849 συντυγχα-

241 2862 468 2924 νόντων,
493 2861 776 2916 καὶτοῦτο
827 2864 1030 2936 χῆραις
1073 2861 1441 2940 Συναχθέντες
1487 2861 1566 2928 δὲ,
1623 2859 1852 2936 ἐζήτουν

241 2945 450 3016 τρόπον
483 2946 600 3010 πῶς
637 2946 892 3017 ἄρξονται
923 2951 1024 3020 τῆς
1043 2947 1220 3020 δίκης.
1255 2943 1350 3014 Εἷς
1379 2947 1435 3004 δέ
1463 2963 1550 3013 τις
1578 2947 1688 3004 τῶν
1717 2965 1855 3020 παρ-

241 3031 416 3084 όντων
470 3029 721 3094 ὑπέθετο,
785 3029 977 3096 δόντας
1035 3032 1252 3102 δεήσεις
1321 3030 1400 3102 τῷ
1454 3030 1704 3102 βασιλεῖ,
1757 3031 1852 3085 καὶ

243 3116 452 3170 ἄκοντα
497 3116 661 3170 αὑτὸν
713 3115 940 3170 ἑλκύσαι
991 3117 1071 3180 είς
1100 3115 1160 3168 τὸ
1221 3115 1518 3188 συνέδριον.
1553 3113 1726 3169 Τοῦτο
1757 3111 1852 3170 οὖν

242 3200 459 3268 γίνεται
482 3198 732 3270 καθάπερ
756 3201 852 3253 ἐπὶ
877 3197 986 3252 τῶν
1016 3197 1308 3262 Ἰουδαίων,
1326 3197 1554 3270 χρυσίου
1575 3197 1644 3251 τὰ
1674 3197 1855 3254 πάντα

244 3283 434 3346 αὑτοῖς
462 3281 898 3355 ἐξομαλίζοντος.
935 3279 1121 3356 Ἦμεν
1149 3281 1205 3334 δὲ
1246 3281 1410 3353 ἡμεῖς
1439 3281 1853 3354 τεσσαράκοντα

245 3369 539 3424 ἐπίσκοποι
578 3367 934 3440 καθεζόμενοι
969 3368 1068 3420 σὺν
1097 3367 1176 3438 τῷ
1205 3365 1496 3437 ἐπισκόπῳ
1532 3365 1758 3438 Ἰωάννῃ
1793 3367 1852 3419 ἐν

243 3453 324 3524 τῷ
373 3453 637 3525 τρικλίνῳ
693 3453 790 3506 τοῦ
843 3452 1222 3518 ἐπισκοπείου,
1286 3450 1634 3522 ἐξιστάμενοι
1679 3449 1852 3514 πῶς-ό

243 3537 536 3608 ἀγώγιμος
563 3537 660 3593 καὶ
701 3537 862 3610 μόνος
922 3537 1239 3602 κελευσθεὶς
1281 3535 1633 3609 παραστῆναι
1664 3537 1746 3600 είς
1791 3534 1853 3590 τὸ

245 3621 616 3694 στρατόπεδον
637 3621 727 3675 ἐπ’
761 3621 1103 3692 ἐγκλήμασιν
1131 3619 1390 3684 ἀνοσίοις,
1415 3617 1557 3691 μετὰ
1580 3617 1852 3672 τοσούτων

244 3704 588 3776 παρεγένετο
619 3705 961 3760 ἐπισκόπων·
993 3703 1111 3768 πῶς
1150 3721 1212 3758 τε
1269 3703 1466 3776 ἀθρόον
1515 3700 1852 3774 μετεκέρασε

240 3789 345 3852 τὰς
373 3787 487 3842 τῶν
512 3787 862 3860 κρατούντων
891 3786 1142 3860 γνώμας,
1168 3789 1262 3844 ἐπὶ
1304 3782 1367 3841 τὸ
1395 3787 1580 3858 χεῖρον
1602 3783 1853 3856 διαστρέ-

241 3875 358 3942 ψας
405 3873 533 3936 τοὺς
589 3872 843 3938 πλείονας
896 3871 993 3926 τοῦ
1053 3871 1281 3946 κλήρου.
1338 3867 1748 3942 Διαπορούντων
1793 3869 1853 3927 δὲ

242 3954 430 4026 ἡμῶν,
455 3955 819 4022 ἐμπνευσθεὶς
847 3956 875 4008 6
919 3956 1176 4026 Ἰωάννης
1229 3951 1306 4026 τῷ
1359 3953 1666 4025 Πνεύματι,
1702 3951 1852 4021 λέγει

239 4041 360 4105 τοῖς
387 4041 575 4094 πᾶσιν·
603 4037 872 4106 Εὖξασθε,
893 4039 1132 4110 ἀδελφοὶ,
1161 4042 1258 4094 καὶ
1291 4041 1338 4094 εί
1367 4039 1571 4112 φιλεῖτε
1595 4037 1688 4092 τὸν
1719 4037 1761 4090 Χ
1771 4053 1854 4108 ρι-

245 4123 396 4184 στὸν,
432 4121 566 4196 ἐμοῦ
620 4123 808 4178 ἕνεκεν
847 4125 920 4194 μή
969 4135 1052 4187 τις
1083 4121 1358 4202 ἀπολείπῃ
1402 4123 1502 4194 τὴν
1532 4115 1726 4174 ἐαυτοῦ
1757 4119 1864 4200 ἐκέ

242 4207 502 4280 κλησίαν·
545 4206 688 4278 Ἐγὼ
727 4207 839 4279 γὰρ
868 4207 986 4277 ἤδη
1032 4205 1406 4277 σπένδομαι,
1439 4205 1541 4260 καὶ
1582 4209 1616 4260 ό
1645 4203 1854 4272 καιρὸς

242 4291 360 4360 τῆς
384 4293 746 4360 ἀναλύσεώς
764 4309 888 4364 μου
922 4291 1242 4362 ἐφέστηκε,
1294 4291 1437 4346 κατά
1480 4291 1571 4345 τὸν
1603 4289 1848 4354 εἰπόντα,

240 4379 340 4432 καὶ
375 4375 576 4442 πολλάς
612 4375 822 4449 θλίψεις
869 4376 1132 4442 ὑποστὰς,
1173 4376 1457 4446 ἀπολείψω
1515 4375 1576 4428 τὸ
1623 4375 1746 4446 ζῇν,
1777 4375 1853 4440 ὡς

239 4462 377 4535 ὁρῶ.
408 4456 542 4516 Οἶδα
563 4459 676 4534 γὰρ
727 4461 826 4534 τὴν
881 4461 1190 4534 σκευωρίαν
1236 4459 1332 4514 τοῦ
1369 4459 1608 4527 Σατανᾶ,
1641 4461 1726 4516 ὅτι
1751 4463 1850 4516 οὐκ

242 4547 326 4602 ἔτι
363 4547 519 4618 φέρει
571 4563 673 4618 μου
705 4546 807 4619 τὴν
857 4546 1156 4618 ἐπάχθειαν
1209 4545 1318 4601 τῶν
1358 4545 1532 4616 λόγων
1593 4545 1703 4602 τῶν
1731 4557 1865 4600 κατ’

245 4629 412 4685 αὐτοῦ
471 4629 796 4700 γινομένων.
855 4631 969 4684 Καὶ
1045 4627 1221 4694 οὕτως
1279 4629 1572 4701 ἐλεηθῆτε·
1627 4631 1685 4683 ἐν
1731 4631 1853 4695 ταῖς

246 4717 580 4788 προσευχαῖς
607 4711 763 4785 ὑμῶν
796 4712 1168 4785 μνημονεύετέ
1213 4729 1339 4784 μου.
1399 4711 1762 4785 Συσχεθέντες
1793 4713 1854 4769 δέ

242 4799 440 4870 orgia?
464 4798 694 4872 ἀθυμίᾳ,
731 4800 782 4852 οἱ
822 4798 922 4870 μὲν
963 4797 1334 4870 ἐδακρύομεν,
1383 4799 1561 4872 ἕτεροι
1599 4799 1656 4854 δὲ
1688 4799 1852 4872 ἑξήρη

239 4899 401 4954 χοντο
433 4882 528 4936 τοῦ
563 4883 870 4954 συνεδρίου,
899 4885 1026 4948 τοὺς
1062 4881 1376 4954 ὀφθαλμοὺς
1428 4882 1526 4936 καὶ
1566 4882 1666 4954 τὴν
1700 4883 1850 4954 ἱεράν

239 4966 490 5038 κεφαλὴν
528 4967 627 5022 σὺν
681 4967 761 5037 τῷ
809 4967 1054 5040 εὐστόχῳ
1095 4967 1124 5008 b
1157 4967 1253 5022 καὶ
1313 4967 1568 5040 μακαρίῳ
1619 4967 1850 5038 στόματι

236 5051 556 5125 ἠσπάζοντο
617 5049 1011 5124 δεδακρυμένοι
1052 5053 1148 5106 καὶ
1208 5052 1537 5124 κεκομμένῳ
1573 5049 1650 5122 τῷ
1689 5051 1853 5104 πνεύ-

243 5151 404 5210 ματι.
435 5133 838 5207 Παρακαλέσας
868 5134 926 5188 δὲ
974 5135 1296 5190 ἐπανελθεῖν
1347 5137 1427 5198 εἰς
1477 5133 1541 5189 τὸ
1577 5133 1853 5209 συνέδριον

239 5213 352 5274 ὧδε
413 5219 642 5276 κάκεῖσε
712 5219 1208 5290 περιπετομένους,
1276 5216 1530 5282 καθάπερ
1591 5217 1853 5294 μελίσσας

241 5300 678 5376 περιϐομϐώσας
713 5313 737 5342 ο
782 5303 1013 5376 κυψέλῃ,
1059 5301 1231 5373 λέγει·
1267 5301 1569 5368 Καθίσατε,
1593 5295 1848 5376 ἀδελφοὶ,

241 5387 344 5441 καὶ
371 5387 445 5460 μὴ
469 5385 708 5447 κλαίετε,
744 5385 838 5440 ἐπὶ
862 5387 1024 5440 πλέον
1053 5401 1121 5458 με
1152 5381 1506 5458 θρύπτοντες.
1545 5382 1712 5456 Ἐμοὶ
1741 5388 1852 5458 γὰρ

239 5472 312 5526 τὸ
343 5469 450 5540 ζῇν
475 5471 735 5541 Χριστὸς
759 5471 859 5526 καὶ
903 5473 970 5528 τὸ
1001 5471 1331 5527 ἀποθανεῖν
1361 5469 1593 5540 κέρδος.
1629 5471 1852 5544 Ἐθρυλ-

237 5555 388 5610 λεῖτο
419 5555 531 5629 γὰρ
601 5555 1037 5629 καρατομεῖσθαι
1095 5557 1186 5611 διὰ
1235 5557 1334 5629 τὴν
1389 5553 1696 5628 ὑπερϐολὴν
1749 5557 1851 5628 τῆς

239 5639 582 5712 παρρησίας.
623 5641 734 5695 Καὶ
787 5644 836 5694 εἰ
882 5641 1270 5714 μνημονεύετε,
1303 5641 1649 5706 άναπτύξατε
1698 5641 1850 5714 ὑμῶν

306 5761 336 5823 ξ
360 5763 495 5814 Fort.
534 5765 590 5814 οὗ
615 5765 693 5823 δὴ.

305 5822 704 5892 ξιοίξὶιάπέτῳ
727 5825 893 5892 Georg
921 5865 932 5884 ,
949 5827 1159 5892 εὐτρόχῳ
1181 5829 1258 5892 νει
1288 5827 1508 5890 εύστόμῳ
1535 5825 1736 5884 conﬁcit
1769 5829 1848 5877 Bi-

241 5884 410 5952 gogigs
427 5879 551 5946 {sed
577 5879 966 5952 ἱῖεείιιιιιειιῖὃιίο
991 5879 1402 5952 I:(':c"c'onjoclura
1426 5879 1550 5950 bp'ns'
1572 5879 1664 5936 es}.

308 5949 335 5982 δ
360 5949 458 5999 l‘m
479 5950 837 6013 περιεομέῖοίισα
847 5969 878 6006 ς.

1985 511 2086 576 τὰς
2120 515 2362 584 μνήμας,
2389 515 2471 567 ὅτι
2514 514 2742 571 πάντοτε
2775 515 2959 586 ἔλεγον
2997 518 3148 590 ὑμῖν·
3193 521 3341 588 Ὀδὸς
3377 527 3526 580 ἐστιν
3547 529 3580 584 6

1978 594 2170 682 παρὼν
2187 595 2320 666 βίος,
2339 597 2436 682 καὶ
2457 595 2526 652 τὰ
2550 597 2764 668 χρηστά
2790 600 2955 654 αὐτοῦ
2979 603 3074 656 καὶ
3093 603 3161 658 τὰ
3183 605 3405 679 λυπηρά
3435 626 3578 682 παρ-

1976 677 2242 764 οδεύεται·
2290 681 2386 736 καὶ
2446 683 2754 754 πανήγυρις
2794 683 2864 737 τὰ
2900 687 3164 758 παρόντα·
3197 677 3573 764 ἠγοράσαμεν,

1975 761 2366 848 ὲπωλήσαμεν,
2404 763 2771 848 καταλύομεν.
2817 769 2909 840 Μὴ
2945 771 3203 840 ἀμείνους
3244 761 3414 848 ἐσμὲν
3453 761 3575 834 τῶν

1975 846 2360 919 πατριαρχῶν,
2419 845 2529 899 τῶν
2575 849 2894 921 προφητῶν,
2927 852 3036 906 τῶν
3097 845 3434 924 ἀποστόλων,
3485 860 3573 916 ἵνα

1973 931 2242 988 ἀθάνατον
2261 934 2396 1004 ἡμῖν
2427 933 2742 1008 παραμείνῃ
2775 935 2934 991 τοῦτο
2967 936 3028 990 τδ
3050 936 3186 1010 ζῇν;
3215 941 3573 1010 Ἐπολολύξας

1971 1015 2028 1100 δέ
2065 1033 2150 1080 τις
2177 1017 2287 1069 τῶν
2325 1015 2608 1088 παρόντων
2663 1013 2837 1072 εἶπεν·
2903 1021 3065 1076 Ἀλλὰ
3117 1023 3424 1098 θρηνοῦμεν
3473 1027 3572 1100 τὴν

1971 1099 2130 1186 ἡμῶν
2154 1100 2440 1186 ὀρφανίαν,
2496 1107 2597 1172 τὴν
2649 1103 2750 1174 τῆς
2807 1104 3138 1178 Ἐκκλησίας
3185 1112 3444 1182 χηρείαν,
3471 1099 3572 1186 τὴν

1968 1181 2080 1236 τῶν
2109 1183 2328 1256 θεσμῶν
2359 1183 2644 1256 σύγχυσιν,
2679 1187 2780 1258 τὴν
2805 1189 3100 1262 φιλαρχίαν
3133 1191 3242 1245 τῶν
3375 1181 3570 1263 φοϐου-

1972 1267 2152 1352 μένων
2200 1267 2294 1322 τὸν
2345 1267 2568 1341 Κύριον,
2609 1270 2704 1324 καὶ
2753 1273 2876 1336 ταῖς
2937 1275 3299 1346 προστασίαις
3365 1281 3568 1352 ἐπιπη-

1967 1351 2186 1407 δὼντων
2213 1353 2264 1418 ἀ,
2299 1353 2410 1409 τῶν
2461 1355 2694 1426 πτωχῶν
2731 1357 2792 1410 τὸ
2844 1357 3306 1430 ἀπροστάτευτον,
3336 1361 3440 1432 τῆς
3491 1351 3570 1418 δι-

1966 1435 2265 1520 δασκαλίας
2305 1437 2405 1510 τὴν
2445 1439 2703 1512 ἐρημίαν.
2745 1438 3114 1512 Ἐπικρούσας
3142 1441 3201 1498 δὲ
3253 1444 3331 1516 τῷ
3363 1444 3568 1520 λιχανῷ

1963 1519 2211 1595 δακτύλῳ
2228 1521 2322 1576 τὸν
2342 1523 2546 1596 ταρσὸν
2572 1523 2672 1594 τῆς
2700 1524 3000 1596 ἀριστερᾶς
3023 1525 3206 1598 χειρὸς
3232 1525 3432 1597 (εἰώθει
3457 1519 3568 1602 γάρ

1963 1605 1992 1658 6
2022 1605 2371 1677 φιλόχριστος
2435 1610 2493 1660 ἐν
2543 1609 2666 1670 ταῖς
2729 1607 2870 1664 κατά
2917 1608 3043 1663 νοῦν
3097 1612 3378 1682 φροντίσιν
3434 1615 3569 1667 αὐτὸ

1963 1691 2182 1760 ποιεῖν),
2211 1689 2292 1762 τῷ
2327 1688 2608 1760 ὁμιλοῦντι
2653 1689 2804 1760 αύτῷ
2859 1685 3034 1747 εἶπεν·
3085 1694 3300 1766 Ἀρκεῖ,
3345 1693 3562 1765 ἀδελφέ,

1963 1773 2039 1844 μὴ
2066 1772 2240 1826 πολλά
2270 1773 2417 1842 λέγε,
2444 1773 2558 1827 ἀλλ’
2591 1774 2620 1826 6
2665 1769 2840 1838 εἷπον,
2903 1774 3004 1839 τὰς
3043 1773 3374 1849 Ἐκκλησίας
3411 1777 3565 1848 ὑμῶν

1964 1853 2040 1926 μὴ
2078 1855 2278 1925 ἀφῆτε.
2315 1854 2454 1908 Οὔτε
2501 1855 2610 1927 γὰρ
2661 1856 2758 1909 ἀπ’
2794 1855 2930 1928 ἐμοῦ
2975 1857 3182 1930 ἤρξατο
3209 1859 3270 1912 τὺ
3310 1857 3565 1914 διδασκάο

1957 1937 2093 2004 λιον,
2119 1937 2246 1991 οὕτε
2274 1941 2354 2002 εἰς
2383 1939 2486 2009 ἐμὲ
2506 1937 2850 2009 ἐτελεύτησε.
2882 1939 2976 2012 Μὴ
3001 1941 3102 1994 οὐκ
3127 1938 3368 1995 ἀπέθανε
3400 1940 3564 1996 Μωῦο

1960 2021 2102 2093 σῆς;
2155 2021 2256 2092 οὐχ
2317 2019 2547 2092 εὓρηται
2615 2021 2866 2092 Ἰησοῦς;
2919 2024 3036 2076 Οὐκ
3088 2023 3407 2096 ἐτελεύτησε
3461 2025 3564 2078 Σαο

1961 2104 2172 2180 μουήλ;
2208 2106 2269 2159 ού
2321 2107 2611 2176 κέχρισται
2659 2107 2688 2160 ό
2740 2105 2948 2172 Δαυῖδς
2998 2107 3260 2162 Ἀπέλιπε
3308 2109 3400 2162 τὸν
3449 2107 3562 2179 βίον

1967 2189 2264 2261 Ἱερεμίας,
2291 2191 2393 2244 οὐκ
2425 2185 2494 2262 ἦν
2546 2191 2576 2243 6
2605 2189 2822 2262 Βαρούχ
2848 2207 2864 2256 ;
2913 2191 3216 2264 Ἀνελήφθη
3265 2193 3470 2256 Ἠλίας,
3498 2193 3560 2248 οὐ

1957 2276 2368 2346 προεφήτευσεν
2439 2275 2782 2340 Ἐλισσαῖος;
2830 2275 3258 2349 Ἐκαρατομήθη
3314 2277 3558 2341 Παῦλος,

1953 2358 2056 2412 οὐκ
2083 2359 2319 2412 ἀπέλιπε
2380 2357 2670 2430 Τιμόθεον,
2721 2358 2899 2422 Τίτον,
2953 2361 3195 2415 Ἀπολλὼ
3235 2363 3331 2416 καὶ
3368 2361 3560 2426 ἄλλους

1958 2441 2227 2513 μυρίους;
2258 2442 2416 2496 Μετὰ
2438 2441 2665 2506 τούτους
2699 2445 2825 2509 τοὺς
2857 2443 3052 2512 λόγους
3099 2444 3246 2514 λέγει
3297 2443 3560 2509 Εὑλύσιος

1949 2527 1981 2580 6
2018 2525 2322 2597 Ἀπαμείας
2372 2526 2474 2596 τῆς
2530 2525 2810 2590 Βιθυνίας·
2871 2525 3214 2597 Ἑπάναγκες
3265 2529 3412 2600 ἡμᾶς
3441 2531 3557 2584 ἐστι

1953 2610 2284 2682 κατέχοντας
2306 2607 2409 2674 τάς
2443 2608 2774 2680 Ἐκκλησίας
2807 2611 3224 2682 ἀναγκασθῆναι
3251 2613 3348 2666 καὶ
3373 2629 3560 2667 κοινωιο

1952 2695 2115 2767 νῆσαι
2142 2697 2238 2750 καὶ
2293 2695 2638 2767 ὑπογράψαι.
2679 2697 2826 2766 Ἔφη
2855 2698 2884 2749 ὁ
2911 2697 3066 2765 ὅίγιος
3107 2698 3380 2768 Ἰωάννης·
3428 2697 3558 2750 Κοι-

1953 2779 2233 2852 νωνήσατε
2274 2781 2395 2851 μὲν,
2430 2781 2516 2832 ἵνα
2553 2779 2628 2851 μὴ
2681 2779 2904 2851 σχίσητε
2950 2779 3048 2850 τὴν
3091 2778 3439 2849 Ἐκκλησίαν,
3477 2779 3554 2852 μὴ

1953 2862 2308 2935 ὑπογράψητε
2339 2861 2418 2918 δέ·
2485 2863 2638 2916 οὐδὲν
2699 2861 2808 2934 γάρ
2845 2861 3072 2934 ἐμαυτῷ
3126 2861 3344 2916 σύνοιδα
3397 2861 3546 2926 ἄξιον

1952 2945 2332 3020 καθαιρέσεως
2357 2948 2639 3018 ἐννοήσας.
2661 2947 2880 3001 Τούτων
2910 2945 3082 3007 οὕτως
3107 2945 3341 3017 ἐχόντων
3358 2942 3558 3016 ἐδηλώ-

1953 3030 2126 3101 θησαν
2154 3032 2204 3085 οῖ
2235 3031 2634 3094 ἀποσταλέντες
2655 3030 2761 3082 ὑπὸ
2789 3029 3074 3098 Θεοφίλου·
3118 3027 3329 3082 κελεύει
3360 3027 3555 3089 αὐτοὺς

1952 3111 2236 3166 εἰσελθεῖν·
2275 3111 2618 3175 εἰσελθόντας
2654 3113 2840 3182 ἤρετο,
2876 3112 3032 3164 ποίου
3065 3105 3174 3163 εἷεν
3208 3108 3440 3180 βαθμοῦ·
3468 3107 3557 3161 λέ-

1951 3212 2169 3265 γουσιν·
2225 3195 2571 3248 Ἐπίσκοποι.
2624 3193 2947 3264 Παρακαλεῖ
2994 3191 3330 3256 καθίσαντας
3379 3191 3555 3243 εἰπεῖν

1953 3281 2039 3350 ἐφ’
2183 3278 2458 3350 πάρεισιν.
2517 3273 2666 3330 Οἱδέ
2715 3273 2974 3344 λέγουσι·
3023 3272 3553 3346 Παραναγνωστικὸν

1951 3363 2146 3434 ἔχομεν
2181 3362 2362 3434 μόνον·
2395 3361 2659 3432 ποιήσατε
2693 3357 2786 3414 οὖν
2813 3361 2946 3414 αὐτὸ
2973 3358 3409 3428 ἀναγνωσθῆναι.
3439 3355 3550 3409 Κε-

1950 3445 2098 3502 λεύει
2148 3449 2177 3504 6
2217 3444 2475 3515 Ἰωάννης
2525 3443 2966 3514 ἀναγνωσθῆναι.
3031 3441 3445 3514 Προστάσσουσι
3473 3438 3554 3511 τῷ

1951 3529 2225 3602 παιδαρίῳ
2262 3527 2358 3583 τοῦ
2391 3525 2654 3598 Θεοφίλου
2710 3526 3021 3600 ἀναγνῶναι
3070 3527 3171 3596 τὴν
3205 3524 3514 3596 ὑπηγορίαν
3535 3562 3550 3586 ,

1952 3613 2046 3667 καὶ
2073 3613 2306 3682 ἀνέγνω.
2333 3607 2444 3666 Ἦν
2469 3611 2526 3665 δέ
2576 3609 2640 3664 τὸ
2695 3609 2832 3680 ὕφος
2870 3610 3068 3664 ’τοῦτο’
3111 3607 3175 3664 Ἠ
3200 3605 3464 3674 σύνοδος
3509 3607 3550 3675 ἡ

1951 3697 2092 3767 ἁγία
2122 3697 2162 3766 ἡ
2195 3693 2296 3750 ἐπὶ
2332 3695 2490 3765 Δρῦν
2519 3694 2902 3764 συναχθεῖσα
2932 3693 3118 3764 (τόπος
3142 3691 3200 3744 δέ
3236 3693 3382 3744 ἐστιν
3409 3688 3553 3743 οὕτω

1951 3777 2286 3850 καλούμενος
2309 3777 2486 3850 πέραν
2518 3777 2818 3847 θαλάσσης,
2861 3774 3145 3845 Ῥουφίνου
3201 3773 3548 3846 προάστειον,

1951 3864 2008 3915 ἐν
2041 3856 2086 3931 ᾧ
2117 3859 2258 3934 ἦσαν
2301 3860 2772 3934 συνηθροισμένοι)
2817 3857 3056 3927 Ἰωάννῃ
3091 3856 3552 3930 (παραλείψαντες

1949 3947 1978 4000 ὃ
2014 3943 2103 4019 ἦν,
2141 3947 2222 4014 τῷ
2253 3945 2583 4010 ἑπισκόπῳ·
2620 3943 2766 4015 φιλεῖ
2797 3943 2906 4016 γάρ
2936 3959 3054 4006 πως
3099 3943 3134 4014 ἡ
3183 3940 3549 4012 ὲσκοτισμένη

1949 4033 2096 4104 ψυχὴ
2119 4033 2218 4086 οὐκ
2245 4029 2555 4094 ἀκολούθως
2591 4029 2832 4101 βλέπειν,
2869 4027 3005 4082 ἀλλά
3034 4025 3404 4097 φαντάζεσθαι
3429 4024 3466 4080 δι
3489 4024 3552 4078 τὸ

1953 4116 2126 4180 πάθος
2170 4115 2564 4188 ,ὑπαγορεύειν
2623 4113 2960 4181 Λιϐέλλους
3019 4109 3349 4177 ἐδεξάμεθα
3399 4107 3551 4162 κατὰ

1949 4199 2089 4264 σοῦ,
2125 4199 2518 4267 περιέχοντας
2555 4197 2744 4266 μυρία
2799 4195 2974 4250 κακά.
3012 4193 3399 4261 Ἀπάντησον
3426 4191 3550 4245 τοι·

1949 4301 2086 4346 νυν,
2115 4285 2486 4352 ἐπαγόμενος
2511 4281 2870 4350 Σαραπίωνα
2921 4279 3023 4332 καί
3062 4279 3345 4347 Τίγριονιο
3404 4273 3550 4342 τοὺς

1950 4365 2415 4436 πρεσϐυτέρους·
2448 4363 2582 4419 ἐστι
2615 4363 2727 4432 γὰρ
2753 4361 2957 4417 αὐτῶν
2983 4361 3174 4431 χρεία.
3202 4356 3385 4414 Ἶῐσαν
3413 4357 3467 4412 δέ
3498 4361 3547 4412 οί

1950 4449 2200 4514 ἐλθόντες
2237 4449 2376 4522 πρὸς
2394 4447 2560 4503 αὑτὸν
2587 4447 2880 4519 Διόσκορος
2905 4447 3002 4500 καὶ
3031 4441 3245 4506 Παῦλος
3271 4443 3328 4497 ἐν
3370 4440 3547 4515 Λιϐύῃ

1951 4533 2187 4604 ὑπόγυον
2242 4533 2617 4597 καταστάντες
2638 4533 2770 4587 νέοι.
2812 4529 2970 4586 Μετά
3007 4529 3068 4584 τό
3119 4523 3547 4598 ἀναγνωσθῆναι

1949 4619 2050 4689 τὴν
2069 4617 2276 4682 δέλτον,
2305 4616 2678 4687 ἀντιλέγουσιν
2709 4616 2759 4670 οἱ
2791 4616 2888 4670 σὺν
2910 4614 2988 4686 τῷ
3011 4613 3296 4684 ἐπισκὸπῳ
3325 4609 3550 4683 Ἰωάννῃ

1951 4703 2262 4770 ἐπίσκοποι,
2296 4701 2640 4774 δηλώσαντες
2677 4701 2756 4772 τῷ
2783 4701 3028 4771 Θεοφίλῳ
3065 4697 3154 4752 διὰ
3197 4695 3369 4770 τριῶν
3427 4696 3552 4748 ἐπι-

1953 4787 2194 4853 σκόπων,
2229 4783 2606 4842 Λουππικίνου
2639 4787 2732 4840 καὶ
2762 4783 3077 4856 Δημητρίου
3116 4783 3212 4838 καὶ
3259 4775 3544 4842 Εύλυσίου,

1951 4873 2046 4928 καὶ
2080 4870 2470 4946 πρεσϐυτέρων
2527 4869 2624 4925 δύο
2653 4867 2939 4940 Γερμανοῦ
2981 4871 3078 4924 καὶ
3135 4865 3402 4940 Σευήρου,
3439 4856 3544 4918 τῶν

1954 4957 2171 5011 πάντων
2194 4955 2368 5025 ἁγίων
2416 4953 2629 5026 ἀνδρῶν
2685 4953 2781 5007 καὶ
2810 4951 3127 5023 ἀξιολόγων·
3161 4950 3254 5024 Μή
3311 4947 3544 5004 κατάλυε

1951 5041 2020 5096 τὰ
2053 5040 2356 5112 πράγματα
2415 5037 2518 5110 τῆς
2552 5036 2902 5109 Ἑκκλησίας,
2969 5036 3063 5091 καὶ
3121 5033 3197 5107 μὴ
3253 5031 3405 5104 σχίζε
3449 5031 3546 5102 τὴν

1965 5124 2314 5197 Ἐκκλησίαν.
2346 5123 2414 5178 δι’
2443 5123 2510 5195 ἢν
2532 5121 2716 5186 όΘεδς
2753 5123 2835 5186 είς
2863 5121 3044 5194 σάρκα
3077 5118 3369 5192 κατῆλθεν·
3405 5117 3452 5170 εἰ
3487 5113 3546 5197 δέ

1952 5193 2234 5264 ἀστεκτῶν
2270 5205 2290 5246 τ
2326 5193 2618 5272 καταλύεις
2649 5206 2779 5270 τοὺς
2821 5206 2880 5261 ἐν
2921 5193 3131 5277 Νικαία
3180 5200 3412 5264 κανόνας
3437 5193 3546 5252 τῶν

1950 5299 2054 5366 τιη⁹
2085 5294 2422 5357 ἐπισκόπων,
2475 5293 2571 5346 καὶ
2629 5289 2922 5365 ὑπερόριον
2963 5289 3208 5356 δικάζεις
3261 5282 3438 5366 δίκην,
3479 5282 3544 5366 σε)

1952 5363 2194 5446 πέρασον
2219 5374 2356 5445 πρὸς
2389 5374 2540 5446 ἡμᾶς
2567 5373 2650 5438 εἰς
2693 5363 2794 5445 τήν
2810 5363 3235 5446 εὐνομουμένην
3257 5363 3436 5446 πόλιν,
3467 5363 3544 5435 μὴ

1953 5441 2521 5524 προκαλούμενοςτδν
2553 5447 2720 5503 ’Λϐελ
2748 5441 2896 5503 κατὰ
2938 5441 3030 5502 τὸν
3070 5441 3220 5500 Κάῖν
3249 5443 3330 5507 εἰς
3355 5441 3418 5494 τὺ
3449 5455 3546 5524 πε-

1951 5521 2084 5597 δίον,
2115 5531 2206 5585 ἴνα
2237 5521 2333 5584 σου
2363 5531 2526 5603 ἡμεῖς
2557 5530 2768 5604 πρῶτοι
2791 5527 3136 5604 ἀκούσωμεν.
3168 5524 3410 5595 Ἔχομεν
3433 5521 3543 5592 γὰρ

1951 5613 2095 5668 κατά
2127 5609 2222 5665 σοῦ
2270 5603 2648 5683 ἐϐδομήκοντα
2697 5607 3011 5679 κεφαλαίων
3059 5603 3335 5668 λιϐέλλους
3353 5639 3368 5666 ,
3409 5615 3546 5674 προ-

1950 5698 2144 5768 δήλους
2181 5697 2610 5770 ἀθεμιτουργίας
2660 5694 2903 5765 ῑχοντας,
2964 5691 3062 5745 καὶ
3113 5689 3334 5756 πλείους
3374 5685 3542 5760 ἐσμὲν

2016 5822 2040 5862 δ
2077 5824 2260 5874 Georg.
2285 5821 2603 5871 ἐπιδιδόντων.

2011 5887 2032 5908 ο
2066 5885 2162 5908 Ι¹ΑΔ
2210 5885 2266 5908 Q‘.’

2021 5946 2039 5986 ῐ
2066 5885 2545 6010 ἱῗὲεξᾶίιῗίινρτοωι
2568 5940 2718 5992 dubiu
2747 5942 2966 5992 ἄταλτών
2986 5949 3096 5992 cum
3118 5944 3299 6005 Georg.
