4018 6410
254 384 322 439 29
1232 374 1321 430 DE
1358 372 1517 429 VITA
1559 371 1617 426 S.
1658 366 1939 426 JOANNIS
1973 367 2463 429 CllRYSOSTOllI.
3494 390 3559 445 50

257 499 362 567 εειιὶ
413 510 526 550 non
577 494 646 551 ad
675 494 1010 550 eversionem
1041 490 1336 553 Ecclesize,
1380 489 1473 543 sed
1508 489 1560 542 in
1601 502 1751 557 pace.
1786 485 1865 539 Tu

260 588 401 642 enim
432 584 748 640 tricesimus
799 591 983 637 sextus
1016 596 1076 636 es
1116 596 1180 635 ex
1219 581 1374 635 unica
1414 577 1717 648 provincia;
1768 589 1865 629 nos

261 695 385 734 vero
416 692 616 733 smnus
640 676 993 748 quadraginta
1035 689 1065 729 e
1094 674 1324 729 diversis
1365 671 1654 743 provinciis
1677 713 1692 737 ,
1727 671 1867 725 inter

261 788 391 843 quos
421 784 619 827 sumus
643 770 805 825 etiam
834 776 1040 838 septem
1066 765 1417 836 Metmpolitm
1444 782 1456 818 :
1481 772 1537 820 et
1574 772 1863 820 consenta-

262 882 419 921 neum
461 874 552 921 est
595 873 651 919 ut
695 864 874 919 minor
909 875 1166 916 numerus
1196 874 1227 914 a
1255 859 1444 929 majori
1475 867 1637 928 atque
1669 857 1863 927 potiori

263 955 563 1013 secundum
589 969 824 1012 canones
848 953 1139 1024 judicetur.
1191 950 1463 1006 Habemus
1492 950 1636 1004 enim
1663 958 1716 1004 et
1747 950 1863 1017 epi-

264 1048 456 1104 stolam
485 1056 655 1111 tuam,
685 1061 786 1118 per
813 1060 974 1116 quam
1005 1058 1194 1099 mones
1218 1042 1598 1112 coepiscopum
1621 1050 1861 1095 nostrum

263 1141 528 1199 Joannem
573 1140 968 1197 accusationem
999 1147 1146 1194 extra
1185 1135 1384 1192 limites
1412 1150 1516 1191 non
1544 1134 1744 1191 debere
1769 1135 1863 1190 ad-

266 1235 498 1289 mittere.
532 1232 690 1289 Unde
732 1231 942 1302 legibus
980 1228 1357 1285 ecclesiaSticis
1388 1241 1616 1298 parens,
1645 1239 1866 1281 accusa-

269 1339 406 1383 tores
436 1336 564 1382 tuos
593 1341 687 1381 ora
711 1369 726 1394 ,
758 1335 817 1380 ut
841 1325 911 1379 ab
939 1321 1242 1379 accusando
1270 1330 1321 1377 te
1347 1320 1642 1386 desistant,
1675 1326 1769 1373 aut
1796 1318 1864 1373 ab

269 1436 481 1477 accessu
524 1430 581 1476 et
624 1419 866 1490 perfugio
892 1417 959 1473 ad
993 1417 1276 1473 Joannem.
1320 1414 1400 1470 Ad
1436 1413 1552 1469 haec
1588 1421 1863 1483 permotus

267 1514 529 1579 Joannes,
579 1511 846 1584 episcopis
893 1509 1107 1582 quidem
1154 1522 1369 1563 suarum
1411 1506 1642 1578 partium
1687 1504 1860 1559 dixit:

269 1607 404 1673 Vos,
450 1604 603 1676 quod
647 1602 800 1659 vobis
828 1603 1060 1669 videtur,
1111 1600 1729 1672 significatezcmterum
1776 1612 1863 1652 me

268 1707 473 1769 oportet
499 1696 570 1751 ad
595 1711 657 1752 ea
681 1710 802 1767 quae
826 1693 955 1750 mihi
985 1691 1159 1749 delat'a
1186 1699 1313 1748 sunt
1337 1690 1656 1747 rescribere.
1685 1690 1863 1745 Theo-

271 1794 390 1862 phili
412 1800 598 1847 autem
620 1790 852 1862 partium
875 1787 1144 1859 episcopis
1171 1787 1285 1842 hare
1309 1784 1587 1855 rescripsit
1616 1802 1630 1839 :
1662 1783 1772 1854 Ego
1793 1798 1860 1837 an

271 1884 382 1955 quis
406 1891 600 1938 contra
627 1897 715 1936 me
745 1878 1033 1941 dicendum
1076 1876 1278 1948 aliquid
1326 1876 1561 1941 habeat,
1604 1873 1862 1929 hactenus

273 1976 486 2030 omnino
518 1972 737 2029 nescius
763 1987 882 2036 sum
909 1989 922 2026 :
948 1971 992 2027 si
1022 1971 1142 2041 quis
1166 1984 1295 2026 vero
1320 1968 1577 2025 adversus
1600 1981 1686 2021 me
1708 1965 1861 2020 dixe-

275 2071 356 2134 rit,
379 2078 431 2124 et
459 2068 660 2123 adesse
685 2081 772 2122 me
802 2065 986 2131 vultis,
1030 2063 1344 2119 manifestos
1384 2060 1630 2116 inimicos
1677 2073 1857 2123 meos,

274 2163 355 2230 qui
384 2177 447 2223 ex
477 2175 580 2221 sua
608 2158 932 2231 negligentia
959 2171 1081 2227 erga
1105 2170 1192 2211 me
1215 2155 1354 2209 male
1381 2152 1597 2207 animati
1625 2160 1768 2215 sunt,
1794 2165 1862 2205 ex

273 2268 530 2310 conventu
561 2261 744 2310 vestro
782 2253 981 2323 ejicite.
1012 2250 1196 2321 Neque
1225 2249 1292 2304 de
1320 2249 1440 2304 loco
1472 2244 1739 2301 contendo
1759 2287 1774 2309 ,
1808 2246 1860 2299 in

274 2346 654 2416 quojndieium
682 2344 864 2400 subire
894 2358 981 2397 me
1009 2348 1254 2412 oportet,
1287 2339 1389 2395 etsi
1436 2337 1490 2393 id
1534 2337 1765 2391 maxime
1808 2337 1860 2391 in

273 2439 477 2493 civitate
510 2435 629 2492 ﬁeri
651 2435 908 2507 oportuit.
932 2433 1068 2490 Sunt
1096 2440 1272 2487 autem
1296 2444 1431 2501 quos
1451 2427 1659 2498 rcjicio,
1686 2426 1864 2481 Theo-

275 2530 479 2598 philus,
512 2543 679 2600 quem
723 2526 940 2582 revinco
982 2524 1183 2580 dixisse
1223 2530 1280 2578 et
1320 2519 1660 2576 Alexandria:
1703 2527 1759 2574 et
1808 2518 1859 2572 in

274 2623 459 2695 Lycia:
485 2623 543 2676 In
577 2618 887 2675 comitatum
928 2615 1255 2687 proficiscor,
1302 2621 1360 2667 ut
1400 2612 1661 2667 Joannem
1698 2608 1864 2679 depo-

272 2732 408 2771 nam.
431 2714 483 2769 ld
506 2722 694 2769 autem
718 2726 901 2767 verum
927 2719 1007 2765 est
1033 2724 1104 2764 ex
1129 2722 1194 2763 eo
1211 2704 1349 2778 quod
1379 2712 1659 2776 postquam
1682 2718 1863 2759 acces-

271 2807 351 2874 sit,
384 2821 559 2876 neque
591 2820 676 2860 me
703 2803 1010 2874 alloquutus
1039 2808 1152 2864 est,
1186 2813 1361 2869 neque
1387 2810 1595 2851 mecum
1622 2809 1863 2850 commu-

270 2899 473 2952 nicavit.
498 2897 605 2964 Qui
628 2896 785 2967 igitur
804 2901 929 2948 ante
952 2889 1279 2946 auditionem
1304 2887 1566 2942 hostiliter
1592 2901 1651 2941 sc
1671 2883 1858 2956 gessit,

268 2992 383 3061 quid
417 3001 540 3062 post
578 2988 836 3060 judicium
883 2986 1118 3041 facturus
1160 2983 1280 3038 est?
1323 2981 1584 3038 Similiter
1620 2986 1677 3035 et
1720 2979 1863 3034 Aca-

268 3087 399 3140 cium
426 3098 685 3153 coargno,
715 3081 804 3152 qui
833 3080 1030 3136 dixerit
1060 3097 1071 3133 :
1106 3077 1222 3147 Ego
1243 3076 1319 3131 illi
1349 3076 1509 3131 ollam
1547 3072 1760 3129 condio.
1789 3072 1863 3128 De

267 3177 554 3231 Severiano
583 3182 634 3229 et
665 3172 928 3228 Antiocho
948 3170 1076 3241 quid
1099 3170 1287 3224 attinet
1317 3167 1519 3232 dicere,
1553 3181 1689 3236 quos
1705 3164 1863 3218 citius

267 3268 490 3339 excipiet
531 3266 712 3323 divina
739 3265 976 3335 justitia,
1005 3276 1232 3334 quorum
1279 3259 1596 3316 temerarios
1641 3266 1862 3312 conatus

268 3360 418 3413 etiam
446 3357 731 3414 saecularia
757 3355 960 3411 theatra
981 3352 1213 3409 canunt?
1232 3352 1393 3423 Igitur
1407 3351 1449 3406 si
1468 3365 1654 3405 revera
1675 3348 1863 3402 adesse

268 3468 348 3506 me
374 3452 537 3508 vultis
557 3492 575 3521 ,
600 3465 784 3522 qurcso
812 3464 907 3505 eos
935 3457 1163 3518 quatuor
1182 3488 1196 3513 ,
1227 3444 1272 3499 si
1299 3443 1514 3515 quidem
1542 3449 1601 3497 ut
1620 3440 1825 3511 judices
1845 3480 1860 3505 ,

269 3563 326 3601 ex
352 3560 613 3602 consessu
635 3545 810 3616 ejicitc
833 3560 848 3610 ;
874 3542 954 3598 sin
985 3551 1041 3596 ut
1061 3546 1418 3603 accusatores,
1444 3535 1647 3606 judicio
1669 3532 1860 3599 sistite,

269 3646 324 3691 ut
348 3639 513 3693 sciam
543 3634 817 3707 quomodo
843 3648 928 3690 me
950 3630 1018 3687 ad
1048 3639 1319 3687 certamen
1350 3629 1608 3683 iustruam
1634 3667 1649 3691 ,
1692 3639 1759 3678 an
1809 3632 1865 3677 ut

268 3740 447 3787 contra
477 3730 822 3785 adversarios
842 3769 857 3795 ,
887 3742 955 3782 an
982 3733 1041 3780 ut
1068 3733 1253 3780 contra
1289 3720 1498 3793 judices
1525 3738 1538 3774 :
1567 3728 1621 3774 et
1646 3718 1864 3773 omnino

269 3824 470 3878 veniam
521 3836 629 3878 non
676 3822 851 3877 solum
892 3818 960 3874 ad
1005 3825 1238 3873 vestram
1266 3816 1567 3882 caritatem,
1593 3810 1685 3867 sed
1716 3820 1771 3866 et
1797 3810 1863 3865 ad

267 3917 512 3985 quamvis
550 3912 698 3970 orbis
740 3922 1003 3968 terrarum
1042 3908 1328 3982 synodum.
1368 3906 1570 3961 Scitote
1600 3919 1728 3974 ergo
1753 3945 1768 3970 ,
1816 3902 1861 3957 si

267 4008 440 4064 decies
474 4006 671 4062 millies
707 4004 775 4060 ad
803 4019 888 4060 me
918 4002 1169 4058 miseritis
1190 4043 1205 4069 ,
1252 4000 1384 4056 nihil
1422 3999 1654 4070 ampiius
1684 4012 1750 4052 cx
1779 4011 1865 4052 me

268 4116 358 4156 vos
394 4098 702 4155 audituros.
750 4096 857 4152 Illis
901 4094 1167 4167 egressis,
1210 4092 1357 4149 venit
1398 4092 1576 4146 statim
1619 4088 1866 4144 Notarius

271 4190 472 4248 habens
504 4191 822 4260 rescriptum
851 4185 1218 4257 Imperatoris,
1250 4184 1334 4240 cui
1364 4184 1565 4238 inserta
1587 4189 1706 4237 erat
1734 4195 1864 4250 sup-

271 4287 488 4357 plicatio
510 4283 882 4356 episcoporum
906 4280 1198 4353 petentium
1222 4287 1279 4332 ut
1303 4274 1540 4332 Joannes
1572 4272 1773 4328 invitus
1798 4272 1863 4326 ad

266 4377 527 4448 judicium
575 4375 875 4440 sisteretur,
922 4386 1154 4442 eumque
1204 4367 1271 4423 ad
1316 4364 1575 4437 judicium
1624 4362 1864 4433 urgebat.

271 4468 392 4523 l‘ost
421 4466 625 4522 factum
661 4464 872 4524 notario
899 4476 1239 4533 responsum,
1273 4456 1589 4528 prodierunt
1617 4452 1723 4508 dno
1751 4467 1869 4522 prc-

270 4561 471 4635 shyteri
526 4558 784 4623 Joannis,
836 4554 1107 4627 Eugenius
1154 4550 1412 4623 quidam,
1460 4547 1549 4620 qui
1594 4544 1870 4600 Heracleae

269 4660 641 4728 episcopatum
679 4644 1097 4719 conspirationis
1126 4639 1431 4700 mercedem
1462 4644 1783 4708 acceperat,
1818 4643 1873 4690 ct

272 4753 513 4807 lsaacius
540 4744 834 4803 monachus
855 4784 870 4812 ,
902 4758 973 4798 ne
998 4739 1127 4810 quid
1163 4736 1309 4792 aliud
1346 4733 1522 4790 dicam
1543 4774 1559 4798 ,
1591 4730 1831 4787 dicentes
1855 4748 1868 4782 :

272 4844 507 4914 Scripsit
538 4841 632 4896 tibi
655 4837 904 4913 Synodus
935 4854 947 4890 :
977 4832 1171 4889 Transi
1202 4830 1267 4885 ad
1293 4844 1412 4893 nos,
1445 4836 1506 4883 ut
1531 4825 1743 4895 objecta
1767 4823 1872 4878 cri-

272 4938 417 4991 mina
441 4935 640 4990 diluas.
662 4930 744 4988 Ad
770 4929 886 4985 haec
910 4928 1149 4984 Joannes
1178 4938 1274 4993 per
1311 4919 1447 4976 alios
1476 4918 1757 4988 episcopos
1785 4931 1873 4970 re-

275 5030 570 5085 nuntiavit:
585 5026 828 5095 Quonam
847 5020 1058 5076 tandem
1076 5018 1265 5074 ordine
1290 5014 1561 5086 judicatis,
1590 5011 1679 5081 qui
1704 5023 1874 5078 neque

278 5123 527 5179 inimicos
572 5131 721 5174 meos
760 5114 1062 5187 ejeceritis,
1104 5122 1159 5168 et
1206 5126 1292 5166 me
1338 5125 1433 5180 per
1461 5106 1688 5163 clericos
1726 5117 1876 5158 meos

276 5209 605 5270 aceersatis?
632 5208 713 5265 llli
746 5217 925 5263 autem
956 5202 1187 5273 arreptis
1224 5200 1491 5270 epiSCOpis
1511 5239 1525 5263 ,
1556 5196 1720 5250 alium
1750 5209 1876 5249 ver-

279 5307 505 5362 beribus
549 5302 879 5365 all‘ecerunt,
929 5296 1151 5352 alterius
1192 5302 1372 5349 vestes
1427 5294 1876 5359 concerpscrunt,

278 5399 434 5454 alteri
455 5396 888 5452 ferreascatenas
908 5390 1047 5446 collo
1068 5389 1517 5455 circumposucre,
1542 5395 1675 5451 quas
1695 5386 1881 5434 sancto

280 5491 479 5547 Joanni
504 5496 862 5560 paraverant,
900 5494 958 5538 ut
992 5483 1071 5537 sic
1098 5478 1376 5548 conjectus
1412 5476 1464 5530 in
1496 5471 1795 5528 naviculam
1829 5486 1880 5523 ιη

283 5584 526 5653 ignotum
574 5582 753 5637 locum
797 5575 1205 5639 amandaretur,
1255 5570 1501 5625 dmmone
1553 5567 1672 5621 illos
1723 5563 1882 5618 veluti

289 5676 480 5729 leones
500 5672 776 5729 etl'erante.
806 5668 876 5723 Et
904 5668 1090 5721 beatus
1112 5662 1328 5733 quidem
1349 5658 1562 5728 cognito
1591 5653 1883 5726 impudenti

288 5782 478 5821 eorum
518 5763 746 5821 consilio
790 5760 1024 5829 seipsum
1068 5753 1324 5811 cohibuit.
1366 5750 1445 5805 llli
1479 5763 1605 5803 vero
1641 5743 1885 5815 generosi

290 5856 515 5921 scilicet,
545 5853 806 5910 confectis
836 5850 967 5904 dicis
995 5862 1151 5901 causa
1185 5844 1334 5911 actis,
1371 5856 1577 5896 arancre
1603 5837 1704 5894 tela
1730 5835 1879 5890 infir-

1979 485 2256 552 mioribus,
2288 488 2585 547 decernunt
2604 494 2859 552 adversus
2880 499 3162 570 Joannem,
3184 505 3333 576 cujus
3360 508 3556 565 vultum

1973 592 2041 631 ne
2069 577 2312 635 viderant
2341 581 2577 651 quidem,
2609 600 2779 656 neque
2806 604 2988 644 vocem
3015 592 3359 660 audiverant,
3404 599 3558 668 longo

1976 678 2218 741 tempore
2262 684 2564 729 contextam
2621 678 2875 734 malitiam
2919 698 3024 737 uno
3075 685 3160 740 die
3214 689 3557 744 terminante:

1979 760 2326 831 (dtemoniaca
2355 766 2497 820 enim
2546 767 2765 824 audacia
2796 772 3036 828 cohiberi
3074 792 3177 831 non
3221 787 3426 847 potest,
3462 796 3556 835 nec

1978 853 2555 928 consilium-admittit).
2581 859 2823 917 Etmissa
2853 863 2919 917 ad
2944 864 3317 936 Imperatorem
3346 871 3556 926 relatio-

1971 959 2058 1012 ne,
2087 944 2165 1000 sic
2192 946 2300 1001 orsi
2326 956 2452 1002 sunt
2479 966 2493 1003 :
2518 949 2777 1017 Quoniam
2799 957 3144 1025 quorumdam
3166 962 3441 1016 criminum
3470 981 3555 1018 ac.

1975 1044 2192 1092 eusatus
2218 1036 2453 1094 Joannes
2483 1049 2537 1096 et
2561 1041 2661 1096 sibi
2691 1045 2957 1111 conscius,
2982 1048 3147 1102 noluit
3174 1051 3382 1120 adesse,
3416 1055 3553 1125 leges

1973 1126 2130 1182 talem
2176 1127 2488 1199 deponunt:
2519 1133 2661 1202 quod
2707 1143 2760 1189 et
2803 1135 2914 1205 ipse
2942 1137 3122 1194 subiit.
3151 1140 3336 1197 Libelli
3381 1155 3554 1199 autem

1968 1218 2128 1272 etiam
2162 1220 2303 1274 lzesa:
2328 1221 2622 1290 majestatis
2651 1224 2851 1281 crimen
2879 1228 3172 1284 continent.
3201 1231 3414 1288 Jubebit
3457 1236 3554 1306 igi-

1972 1319 2057 1363 tur
2078 1310 2252 1366 Pietas
2281 1322 2456 1367 vestra
2478 1329 2598 1369 eum
2623 1318 2709 1371 vel
2733 1316 2952 1373 invitum
2971 1321 3112 1390 ejici,
3134 1333 3186 1376 et
3210 1338 3394 1395 poenas
3416 1327 3555 1382 la-sa:

1970 1400 2270 1469 majestatis
2299 1402 2461 1470 dare;
2491 1405 2919 1476 quandoquidem
2946 1411 2996 1463 in
3028 1412 3140 1466 haec
3168 1413 3432 1483 inquirere
3463 1433 3554 1470 nou

1969 1492 2051 1547 bis
2078 1507 2182 1546 non
2214 1492 2357 1548 licet.
2382 1496 2427 1549 Ο
2450 1503 2531 1551 ter
2556 1496 2770 1552 miseri!
2796 1512 2917 1569 qua:
2940 1501 3184 1571 cogitatis
3209 1513 3262 1558 ct
3289 1502 3477 1572 facitis,
3494 1521 3555 1561 ea

1968 1598 2065 1637 vos
2092 1585 2252 1654 pudet
2277 1588 2518 1657 exsequi,
2552 1603 2658 1642 non
2686 1589 2871 1655 Deum,
2903 1591 2997 1646 scd
3026 1592 3266 1650 homines
3290 1597 3440 1650 veriti
3467 1608 3552 1652 aut

1969 1677 2432 1746 pertimescentcs.
2467 1679 2593 1735 Erat
2633 1681 2831 1736 crimen
2875 1682 3016 1737 laesae
3053 1685 3340 1755 majestatis
3379 1689 3544 1742 convi-

1966 1768 2107 1823 cium
2138 1770 2190 1823 in
2223 1770 2534 1840 Augustam,
2559 1779 2617 1825 ut
2648 1771 2745 1841 ipsi
2774 1773 3105 1838 retulerunt,
3137 1775 3278 1845 quod
3304 1793 3418 1830 eam
3459 1794 3553 1833 vos

1968 1871 2144 1917 casset
2170 1860 2402 1918 Jezabel.
2440 1863 2506 1918 Et
2536 1862 2610 1918 illi
2638 1864 2849 1934 quidem
2892 1867 3161 1922 mirabiles
3203 1869 3336 1935 viri,
3383 1870 3552 1939 ipsum

1967 1954 2143 2025 gladio
2185 1964 2484 2010 truncatum
2528 1957 2803 2026 cupientes
2842 1957 3057 2024 videre,
3106 1959 3181 2014 sic
3224 1960 3550 2014 retulerunt:

1966 2063 2154 2103 verum
2180 2048 2321 2103 Deus
2356 2049 2721 2104 absconditam
2760 2064 2945 2104 eorum
2989 2050 3241 2104 malitiam
3273 2050 3552 2119 patefecit,

1967 2148 2020 2194 et
2050 2139 2348 2210 principum
2376 2155 2471 2195 cor
2494 2140 2749 2195 emollivit
2774 2159 2787 2195 :
2816 2148 2874 2194 ut
2903 2141 3103 2196 Danieli
3133 2141 3399 2214 Babylone
3421 2159 3551 2197 con-

1970 2233 2104 2304 tigit.
2140 2232 2250 2288 illic
2277 2234 2419 2288 enim
2445 2233 2629 2288 leones
2650 2232 2865 2287 cicurati
2896 2241 3040 2301 sunt,
3067 2247 3343 2303 parcentes
3369 2234 3553 2290 Danie.

1970 2324 2034 2388 li;
2066 2324 2313 2379 homines
2344 2333 2520 2380 autem
2545 2323 2748 2380 ell'erati
2770 2366 2783 2390 ,
2809 2339 2915 2377 non
2940 2332 3216 2394 parcentes
3245 2324 3520 2394 propheta:
3540 2344 3555 2370 π

1967 2422 2021 2468 et
2047 2415 2250 2485 pudore
2277 2415 2453 2472 alTecit
2487 2416 2624 2470 Deus
2656 2415 2898 2471 homines
2930 2424 3120 2485 praeter
3149 2425 3388 2470 naturam
3429 2416 3561 2471 cile-

1967 2517 2135 2570 ratos,
2166 2521 2261 2575 per
2289 2505 2538 2560 animalia
2566 2515 2760 2574 prmter
2785 2516 3024 2560 naturam
3053 2507 3303 2561 cicurata.

2038 2598 2167 2652 CAP.
2203 2614 2277 2652 tx.
2309 2628 2381 2638 —
2422 2595 2509 2651 Sic
2545 2595 2612 2649 ab
2645 2595 2881 2650 Ecclesia
2911 2596 3163 2665 expulsus
3190 2605 3274 2651 est
3297 2596 3548 2664 Joannes,

1969 2691 2137 2745 misso
2166 2690 2232 2745 ad
2263 2690 2313 2745 id
2340 2688 2551 2746 Comite
2581 2703 2701 2743 cum
2751 2688 2966 2742 militari
3001 2704 3161 2743 manu
3188 2730 3202 2757 ,
3250 2704 3359 2744 non
3397 2704 3549 2745 secus

1967 2799 2030 2838 ac
2070 2783 2137 2839 ad
2180 2784 2424 2854 prmlium
2457 2781 2710 2836 adversus
2756 2779 3032 2835 barbaros.
3078 2780 3290 2851 Ejectus
3322 2783 3468 2838 venit
3495 2783 3547 2836 in

1971 2875 2224 2946 prmdiola
2249 2877 2317 2932 ad
2344 2877 2648 2932 Prmnetum
2672 2873 2952 2944 Bithynia).
3000 2872 3117 2929 Una
3149 2889 3274 2928 vero
3312 2873 3427 2931 dies
3468 2870 3547 2927 ini

1965 2968 2300 3028 terccsserat,
2330 2976 2449 3015 cum
2484 2965 2691 3032 plagam
2722 2961 3006 3032 quamdam
3038 2964 3088 3015 in
3122 2964 3265 3033 regio
3296 2965 3542 3018 cubiculo

1961 3053 2077 3109 ﬁeri
2106 3054 2346 3123 contigit.
2389 3054 2468 3108 Eo
2513 3055 2777 3122 perterriti
2824 3069 3019 3122 paucos
3064 3063 3181 3123 post
3222 3055 3336 3110 dies
3374 3056 3537 3111 Joan—

1960 3158 2082 3198 nem
2111 3150 2367 3199 revocant
2392 3159 2486 3212 per
2512 3143 2864 3198 domesticum
2884 3145 3171 3212 notarium,
3200 3163 3426 3215 eumque
3443 3164 3540 3202 suo

1960 3232 2153 3296 throno
2204 3234 2567 3289 reddiderunt.
2623 3234 2697 3288 ita
2728 3235 3057 3305 Theophilus
3103 3254 3223 3292 cum
3276 3239 3539 3310 A‘Zgyptiis

1969 3337 2081 3393 suis
2104 3335 2221 3407 fuga
2247 3333 2470 3391 salutem
2497 3340 2689 3405 quaerit
2710 3356 2722 3391 :
2744 3340 2889 3394 cives
2910 3340 3050 3393 cnim
3069 3356 3190 3395 cum
3217 3344 3543 3409 qumrchant,

1971 3437 2028 3483 ut
2074 3431 2125 3482 in
2174 3442 2322 3483 mare
2363 3425 2761 3500 demergercnt.
2816 3429 2946 3485 Post
2985 3431 3117 3486 duos
3148 3449 3358 3488 menses
3381 3449 3550 3487 munia

1970 3522 2122 3593 plaga
2150 3522 2411 3577 tantillum
2443 3526 2833 3594 respirassent,
2882 3525 3058 3580 denuo
3098 3527 3353 3581 adversus
3392 3528 3550 3583 Jozm-

1970 3631 2091 3670 nem
2127 3615 2360 3671 fremunt
2385 3634 2396 3668 :
2424 3632 2522 3671 nec
2546 3617 2800 3672 habentes
2813 3619 2950 3672 unde
2971 3620 3209 3688 speciose
3229 3620 3547 3688 ordirentur,

1970 3707 2187 3763 mittunt
2211 3708 2588 3763 Alexandriam
2603 3708 2668 3763 ad
2693 3710 2873 3763 talium
2896 3711 3152 3766 artiticem
3177 3711 3549 3781 TheOphilum,

1972 3804 2268 3859 scribentes
2302 3821 2313 3857 :
2344 3804 2449 3857 Aut
2495 3818 2681 3858 rursus
2724 3818 2944 3858 accurre
2987 3804 3244 3858 adversus
3287 3804 3548 3860 Joannem

1971 3894 2077 3950 dux
2107 3896 2345 3961 futurus;
2388 3902 2513 3961 aut,
2556 3894 2600 3949 si
2630 3894 2838 3963 plebem
2881 3893 3228 3970 reformidas,
3261 3896 3414 3950 nobis
3442 3912 3554 3950 mo-

1972 3987 2098 4042 dum
2136 3985 2420 4058 quemdam
2466 4000 2720 4057 suggere,
2764 3985 2903 4041 unde
2937 3999 3209 4041 sumamus
3254 3986 3549 4043 exordium.

1972 4078 2055 4133 Ad
2088 4076 2206 4133 hazc
2231 4075 2561 4146 Theophilus
2599 4077 2712 4144 ipse
2739 4076 2952 4146 quidem
2982 4090 3085 4130 non
3119 4075 3296 4141 venit,
3344 4092 3547 4130 memor

1973 4168 2245 4240 quomodo
2265 4168 2571 4237 ell‘ugisset;
2604 4166 2747 4219 misit
2767 4175 2945 4220 autem
2966 4166 3297 4220 miserabiles
3318 4174 3423 4219 tres
3438 4164 3552 4233 epi-

1974 4275 2196 4329 scopos,
2229 4255 2448 4311 Paulum
2471 4298 2485 4321 ,
2509 4256 2838 4320 Pmmenem,
2868 4265 2921 4310 et
2940 4254 3101 4307 alium
3128 4269 3315 4308 recens
3341 4255 3552 4308 ordina-

1977 4361 2107 4405 tum.
2138 4350 2268 4405 Cum
2294 4346 2356 4401 iis
2384 4347 2527 4401 misit
2550 4357 2604 4401 et
2629 4344 2889 4415 quosdam
2917 4358 3174 4410 canones,
3201 4359 3333 4413 quos
3359 4343 3549 4398 adver-

1976 4459 2066 4498 sus
2124 4442 2338 4497 beatum
2391 4436 2742 4494 Athanasium
2795 4435 2977 4490 Ariani
3032 4434 3392 4489 conﬂaverant
3436 4451 3450 4487 :
3498 4445 3554 4488 ut

1978 4532 2239 4604 ejusmodi
2271 4531 2567 4586 canonilms
2593 4536 2806 4584 utentes
2829 4566 2846 4595 ,
2889 4525 3080 4582 Joanni
3108 4526 3230 4581 lites
3263 4534 3556 4590 necterent,

1978 4628 2119 4699 quod
2152 4635 2268 4696 post
2293 4623 2678 4694 depositionem
2707 4635 2802 4691 per
2825 4635 2885 4675 se
2903 4618 3171 4673 rediisset.
3202 4618 3389 4673 Audax
3416 4619 3555 4672 enim

1980 4731 2167 4774 natura
2195 4728 2273 4773 est
2301 4714 2630 4784 Theophilus
2652 4754 2666 4779 ,
2699 4725 2940 4781 praeceps
2963 4750 2979 4774 ,
3009 4709 3328 4765 temerarius
3353 4751 3366 4773 ,
3396 4718 3448 4762 ct
3469 4710 3559 4762 ad-

1980 4810 2199 4866 modum
2246 4806 2614 4863 eontentiosns
2647 4819 2660 4856 :
2691 4818 2813 4856 nam
2860 4800 2988 4855 nihil
3017 4808 3099 4855 est
3144 4799 3284 4869 quod
3320 4800 3416 4867 ipsi
3462 4799 3560 4852 sub

1981 4902 2292 4973 adspeetum
2322 4898 2567 4962 venerit,
2609 4892 2751 4964 quod
2790 4891 2947 4946 citius
2979 4906 3136 4961 quam
3166 4905 3262 4959 par
3284 4898 3365 4944 est
3394 4889 3560 4957 impa-

1984 4999 2179 5053 tienter
2206 5010 2313 5049 non
2341 4998 2555 5063 appetat
2580 5029 2594 5054 ,
2624 4988 2676 5041 in
2702 4986 2881 5055 seipse
2908 4998 3080 5055 neque
3103 4982 3358 5052 judicium
3389 4997 3561 5049 neque

1984 5085 2314 5145 deliberandi
2363 5097 2567 5137 moram
2622 5079 2915 5134 sustinens.
2971 5073 3326 5130 lrrationabili
3382 5082 3561 5128 autem

1987 5183 2187 5251 impetu
2224 5178 2478 5245 abreptus
2499 5214 2514 5240 ,
2557 5170 2859 5227 inordinate
2888 5167 2956 5222 ad
2984 5168 3099 5238 ejus
3128 5164 3564 5236 approbationem

1989 5275 2186 5339 fertur,
2214 5279 2269 5326 et
2302 5267 2532 5323 decreta:
2558 5261 2840 5320 sententiae
2868 5260 3092 5315 ﬁrmiter
3122 5259 3376 5312 insistens
3401 5295 3415 5319 ,
3447 5269 3568 5321 per-

1991 5545 2437 5621 atque'sententia
2459 5544 2638 5598 vincat
2666 5547 2719 5594 et
2755 5535 3009 5592 obtineat.
3056 5526 3209 5593 Quod
3239 5536 3385 5581 certe
3410 5526 3568 5579 etiam

1994 5616 2233 5697 fec-erunt
2257 5637 2345 5708 qui
2371 5632 2638 5705 ingenium
2661 5629 2775 5698 ejus
2804 5629 3015 5678 norant.
3043 5616 3177 5674 Nam
3209 5629 3516 5672 convocans
3541 5629 3571 5667 c

1994 5735 2180 5805 Syria,
2203 5706 2539 5799 Cappadocia
2560 5763 2573 5786 ,
2610 5719 2777 5773 Ponto
2809 5723 2860 5768 et
2912 5710 3137 5781 Phrygia
3171 5706 3439 5761 universis
3470 5718 3574 5757 me-

2005 5797 2337 5890 ιιῗυροιιιςηίῖς
2388 5826 2439 5870 (ιι
2484 5808 2750 5881 episcopis
2778 5847 2790 5868 ,
2842 5797 3307 5867 Constantinopoli
3335 5811 3426 5850 eos
3452 5810 3574 5847 con-
