4018 6470
400 421 468 475 ει
1673 376 1987 439 PALLADII
2028 373 2364 431 DIALOGUS
3601 372 3666 427 3!

396 535 635 601 grcgant.
670 524 744 579 Illi
772 534 890 577 cum
930 515 1231 576 venissent,
1269 509 1417 580 juxta
1444 516 1708 561 canonum
1731 498 1972 600 ordinem

402 589 861 675 communicarunt
904 623 1025 663 cum
1063 606 1309 668 Joanne,
1360 616 1427 656 ne
1455 596 1639 651 eadem
1685 607 1801 662 qua:
1832 589 1977 659 prius

392 710 807 769 committerem.
863 700 1016 768 Quod
1060 697 1152 752 ubi
1199 694 1470 750 rescivere
1498 689 1763 759 principes
1787 723 1804 750 ,
1837 693 1978 751 :rgre

393 800 634 858 tulerunt
650 809 836 850 eorum
864 807 984 847 cum
1006 789 1209 845 Joanne
1229 781 1678 840 communionem.
1708 775 1777 829 Et
1803 773 1983 828 Theo-

391 894 566 945 dorus
610 885 858 956 quidem,
911 881 1217 952 Tyanorum
1261 874 1587 943 episcopus,
1630 866 1710 920 vir
1738 871 1975 924 ornatus,

420 979 666 1035 ntelleeta
713 973 1112 1044 conspiratione
1158 983 1224 1022 ex
1278 966 1361 1019 his
1398 977 1516 1033 qua:
1547 959 1614 1014 ad
1658 957 1775 1026 ejus
1821 967 1980 1008 aures

401 1078 691 1134 venerant,
734 1082 803 1122 ne
830 1062 1115 1133 TheOphiIi
1144 1056 1499 1114 temeritatem
1526 1057 1838 1120 sequeretur
1856 1086 1871 1109 ,
1902 1045 1981 1096 in-

399 1161 644 1214 salutatis
691 1157 891 1212 relictis
938 1153 1184 1209 omnibus
1229 1145 1520 1202 Ecclesiam
1549 1155 1700 1197 suam
1743 1135 1976 1207 repetiit,

404 1249 617 1320 longum
648 1248 766 1303 vale
791 1247 975 1301 dicens
1001 1239 1285 1299 Comitatui
1308 1280 1322 1306 ,
1368 1248 1625 1304 suamque
1653 1227 1979 1302 provinciam

406 1338 613 1407 pictatis
637 1352 788 1391 mlII‘O
819 1333 1178 1405 permuniens,
1205 1328 1272 1385 ad
1304 1328 1460 1381 tinem
1480 1337 1649 1394 usque
1670 1322 1723 1376 in
1744 1333 1985 1375 commu-

407 1429 566 1483 nione
608 1422 840 1481 ﬁdeliUm
870 1424 1235 1479 Romanorum
1286 1428 1663 1486 perseverans;
1702 1410 1768 1465 de
1791 1407 1985 1479 quibus

410 1519 603 1573 Paulus
645 1526 870 1571 testatur
898 1532 910 1567 :
941 1512 1098 1567 Fides
1127 1520 1290 1564 vestra
1325 1508 1379 1561 in
1417 1505 1647 1559 universo
1672 1500 1858 1555 mundo
1886 1514 1983 1551 an-

408 1609 668 1662 nuntiatur
691 1598 864 1675 (Rom.
894 1604 950 1657 I.
981 1603 1060 1672 8).
1118 1597 1428 1655 Pharetrius
1456 1604 1631 1649 autem
1651 1633 1667 1659 ,
1705 1591 1987 1660 episcopus

410 1697 670 1749 Caesarea:
707 1708 823 1763 qu:e
850 1701 933 1747 est
958 1691 1023 1744 ad
1052 1691 1297 1758 Argzeum
1320 1726 1335 1750 ,
1373 1700 1533 1753 supra
1566 1682 1778 1736 modum
1803 1678 1988 1733 formi-

409 1785 573 1848 dans,
621 1793 677 1837 ut
722 1782 894 1837 larvas
944 1778 1183 1850 pueruli,
1228 1792 1324 1831 sua
1368 1774 1584 1829 civitate
1631 1787 1697 1826 ne
1740 1782 1988 1838 egressus

410 1876 622 1945 quidem
641 1916 655 1940 ,
702 1889 795 1943 per
823 1871 1005 1927 literas
1028 1884 1149 1925 cum
1171 1865 1490 1922 adversariis
1517 1861 1737 1918 Joannis
1763 1873 1990 1913 consen-

412 1968 513 2031 tit,
567 1968 807 2032 quamvis
857 1977 965 2017 non
1010 1966 1230 2014 vocatus
1278 1957 1330 2009 in
1377 1954 1613 2009 medium
1641 1993 1656 2017 ,
1704 1952 1884 2019 inepte
1935 1948 1989 2002 iu

411 2057 717 2124 episcopatu
747 2067 870 2107 sese
898 2063 1089 2120 gerens
1113 2089 1128 2113 ,
1170 2047 1452 2101 meliorum
1492 2042 1720 2097 inscitia.
1755 2040 1993 2108 Denique

414 2148 667 2202 Leontius
687 2186 702 2211 ,
731 2147 956 2217 Ancyra:
986 2141 1206 2198 Galatia:
1232 2141 1515 2209 episcopus
1534 2178 1549 2202 ,
1574 2133 1888 2203 conjunctus
1912 2137 1994 2185 est

414 2255 537 2293 eum
566 2236 876 2301 Ammonio,
906 2235 1160 2303 episcopo
1190 2228 1466 2285 Laodicea:
1491 2225 1695 2281 adusta:
1722 2264 1736 2288 ,
1768 2231 1823 2279 et
1849 2236 1997 2277 com-

416 2331 625 2384 bustam
656 2324 884 2383 reddidit
913 2323 1229 2379 Ecclesiam.
1258 2319 1323 2379 Ili
1348 2334 1455 2373 non
1481 2317 1655 2371 solum
1688 2310 1812 2369 victi
1850 2310 1998 2381 prin-

430 2422 605 2490 cipum
636 2418 824 2483 miuis,
857 2414 949 2471 sed
977 2429 1008 2470 e
1048 2409 1317 2469 contrario
1348 2407 1703 2479 lmperialium
1733 2403 1994 2458 donorum

417 2528 514 2581 spe
548 2510 796 2579 decepti,
832 2507 886 2563 in
919 2505 1156 2561 secunda
1184 2502 1402 2577 Synodo
1442 2498 1738 2570 improbam
1778 2504 1995 2551 senten-

419 2604 543 2656 tiam
574 2600 765 2655 Acacio
789 2607 843 2653 et
868 2595 1127 2651 Antiocho
1151 2599 1477 2665 suggerunt,
1508 2601 1565 2645 ut
1590 2589 1789 2643 valeret
1817 2584 1996 2642 Theo-

421 2695 546 2764 phili
591 2707 693 2747 non
738 2686 1023 2761 juridicum
1065 2688 1345 2758 judicium,
1374 2695 1429 2740 et
1461 2684 1607 2738 nullo
1646 2681 1806 2737 modo
1852 2681 1999 2735 locus

419 2787 634 2837 daretur
688 2774 878 2836 Joanni
928 2777 1288 2843 defensionis,
1337 2775 1652 2845 allegatione
1679 2785 1997 2828 canonuma

420 2873 714 2942 'I'heophilo
744 2873 1047 2936 missurum,
1069 2884 1202 2939 quos
1221 2873 1633 2935 composuerant
1655 2862 1998 2932 quadraginta

420 2969 490 3023 de
518 2967 629 3021 Arii
677 2962 1083 3027 communione,
1135 2960 1223 3031 qui
1271 2959 1348 3013 sic
1393 2957 1624 3012 habent:
1654 2955 1708 3009 Si
1739 2953 1855 3025 quis
1882 2952 2000 3023 epi-

423 3072 616 3127 scopus
643 3066 733 3110 aut
760 3056 1037 3125 presbyter
1064 3052 1183 3122 jure
1208 3059 1297 3105 aut
1337 3049 1525 3119 injuria
1552 3047 1821 3116 depositus
1843 3087 1858 3110 ,
1906 3061 2000 3115 per

424 3165 483 3204 se
506 3148 683 3203 redeat
708 3145 773 3201 ad
804 3145 1095 3201 Ecclesiam
1118 3153 1317 3215 aluique
1340 3140 1557 3214 Synodo
1580 3182 1592 3204 ,
1625 3140 1742 3194 talis
1774 3156 1876 3192 non
1902 3138 2000 3192 ha-

425 3242 546 3296 beat
573 3239 801 3310 amplius
837 3238 1011 3293 locum
1039 3234 1362 3292 defensionis
1381 3277 1395 3300 ,
1427 3235 1522 3290 sed
1552 3233 1794 3287 absolute
1821 3230 2002 3301 expel-

427 3333 583 3386 latur.
630 3332 695 3386 Et
739 3331 823 3385 hic
850 3327 1061 3400 quidem
1091 3343 1260 3383 canon
1291 3337 1348 3380 ut
1378 3326 1569 3394 impius
1595 3326 1660 3378 ab
1688 3323 1863 3392 impiis
1890 3321 2004 3377 edi-

426 3431 530 3487 tus,
563 3423 612 3475 in
638 3420 938 3477 Sardiccnsi
967 3419 1203 3473 Concilio
1231 3431 1259 3470 a
1286 3417 1558 3482 Romanis,
1591 3414 1753 3479 Italis,
1787 3410 2002 3483 Illyriis,

427 3508 795 3566 Macedonibus
840 3518 997 3579 atque
1023 3507 1224 3564 Grzccis
1268 3507 1551 3575 abrogatas
1578 3515 1660 3559 est
1682 3546 1695 3569 ,
1731 3515 1787 3559 ut
1817 3505 2004 3558 melius

428 3617 513 3658 me
547 3602 659 3671 ipse
702 3603 872 3665 nosti,
917 3616 948 3651 o
974 3601 1148 3669 magni
1178 3598 1406 3652 nominis
1427 3596 1709 3652 Theodore
1737 3639 1751 3663 ,
1794 3595 2005 3666 quando

430 3692 671 3746 Liberius
721 3701 811 3745 aut
851 3690 1022 3747 Julius
1045 3731 1059 3755 ,
1090 3688 1394 3744 Constantis
1424 3687 1737 3757 principatu,
1770 3687 2005 3741 Athana-

429 3784 563 3837 sium
582 3781 632 3835 in
655 3780 1076 3837 communionem
1106 3777 1338 3844 admisit,
1353 3786 1404 3833 et
1423 3776 1726 3834 Marcellum
1744 3778 1868 3834 Gala
1878 3787 2003 3843 tam,

431 3881 647 3941 propter
669 3887 800 3942 quos
826 3881 881 3927 et
921 3871 1007 3926 hic
1044 3885 1215 3927 canon
1260 3871 1426 3925 factus
1452 3867 1644 3923 fuerat.
1696 3869 2009 3924 Ammonius

434 3976 607 4019 tamen
634 3973 686 4018 et
710 3963 981 4025 Leontius,
1023 3977 1118 4031 par
1140 3959 1468 4026 admirabile,
1492 3960 1761 4028 conjuncti
1791 3959 2007 4026 Acacio,

432 4056 695 4112 Antiocho
718 4095 734 4121 ,
773 4054 971 4125 Cyrino
996 4052 1417 4109 Chalcedonensi
1454 4066 1517 4106 ac
1540 4051 1829 4107 Severiano
1858 4092 1874 4117 ,
1925 4050 2003 4104 in-

430 4147 596 4217 grcssi
622 4155 747 4199 sunt
775 4144 838 4198 ad
863 4145 1261 4213 Imperatorem,
1290 4144 1539 4198 monituri
1563 4143 1864 4198 evocandos
1892 4158 2010 4198 esse

431 4252 498 4293 ex
557 4250 706 4308 parte
753 4235 970 4292 Joannis
1021 4236 1207 4292 decem
1261 4237 1571 4308 episcopos,
1620 4237 1792 4308 (erant
1833 4245 2008 4291 autem

435 4332 611 4398 plures
635 4327 1043 4401 quadraginta),
1092 4328 1158 4385 ad
1185 4329 1568 4385 conciliandam
1596 4331 1887 4385 canonibus
1917 4346 2011 4383 au.

433 4421 764 4485 claritatem;
812 4421 931 4474 aliis
974 4421 1186 4490 quidem
1216 4420 1660 4474 contendentibus
1685 4419 2012 4475 orthodoxo-

436 4524 553 4564 rum
588 4525 681 4564 eos
716 4524 870 4576 esse,
914 4510 1032 4564 aliis
1074 4517 1249 4563 autem
1281 4511 1596 4564 Arianorum
1629 4525 1749 4565 esse
1787 4510 2012 4565 demon-

435 4601 740 4656 sttantihus.
772 4600 999 4670 Iugressi
1025 4607 1200 4654 autem
1228 4597 1484 4669 Elpidius,
1513 4601 1793 4670 epISCOpus
1819 4601 2013 4656 Laodi-

435 4707 546 4748 (εοω
584 4688 773 4764 Syria),
813 4704 974 4745 senex
1005 4699 1060 4747 et
1106 4700 1283 4747 mente
1308 4701 1362 4746 et
1385 4693 1579 4747 canitie
1604 4735 1619 4760 ,
1662 4702 1820 4763 atque
1848 4693 2015 4747 Tran-

435 4783 662 4856 quillus,
705 4783 999 4840 suadebant
1027 4785 1337 4855 Imperatori
1381 4802 1486 4839 non
1532 4797 1778 4855 oportere
1822 4786 2013 4841 indicta

435 4890 593 4934 causa
640 4877 761 4948 ejici
809 4874 1089 4932 Joannem.
1141 4872 1323 4947 Neque
1365 4878 1506 4933 enim
1555 4880 1701 4948 prius
1741 4877 2017 4948 depositus

436 4969 626 5035 fuerat,
659 4968 752 5026 sed
787 4969 989 5040 ejectus
1022 4983 1051 5023 a
1089 4966 1293 5025 Comite
1314 5012 1329 5036 ,
1367 4984 1536 5041 neque
1563 4988 1655 5040 per
1683 4987 1740 5025 sc
1764 4968 2012 5031 redierat.

436 5061 530 5118 sed
555 5062 705 5130 jussu
730 5071 831 5119 tute
857 5062 1072 5134 pietatis
1094 5105 1109 5129 ,
1150 5065 1314 5119 misso
1348 5061 1414 5117 ad
1445 5064 1496 5118 td
1524 5063 1730 5119 notario
1760 5082 1772 5118 :
1803 5074 1857 5119 et
1884 5080 2017 5133 quos

437 5164 578 5209 nunc
600 5152 875 5225 proferunt
898 5166 1151 5220 canOnes,
1177 5152 1547 5210 hzereticorum
1566 5171 1657 5211 eos
1686 5170 1804 5211 esse
1834 5166 2017 5211 osten-

437 5244 631 5298 dimus.
685 5242 819 5299 Cum
873 5254 1049 5301 antem
1103 5240 1324 5302 JOannis
1376 5246 1667 5302 adversarii
1719 5244 2016 5302 inordinate

438 5336 683 5391 altercari
711 5336 1056 5406 persisterent
1076 5378 1091 5401 ,
1141 5337 1230 5391 alii
1262 5337 1474 5408 quidem
1506 5338 1826 5394 contentiori
1859 5346 2013 5401 vucc,

440 5424 531 5477 alii
593 5430 914 5483 tumultuoso
968 5428 1201 5500 pectoris
1250 5441 1393 5484 motu
1450 5430 1784 5499 impudenter
1836 5432 2016 5501 agitati

440 5522 622 5566 coram
652 5514 972 5582 Imperatore
1002 5530 1300 5575 :cauOnum
1323 5520 1706 5575 scientissimus
1732 5530 1891 5590 atque
1917 5521 2016 5576 ob-

442 5602 871 5659 servantissimus
895 5607 1134 5679 Elpidius
1160 5651 1175 5676 ,
1208 5610 1411 5665 modica
1454 5612 1584 5666 facta
1614 5611 1790 5681 quiete
1810 5653 1825 5679 ,
1859 5615 2017 5669 veluti

444 5689 701 5758 malacia,
748 5690 939 5752 leniter
985 5700 1295 5771 Imperatori
1346 5703 1479 5759 dixit
1525 5722 1539 5757 :
1580 5700 1905 5774 Imperator,
1952 5726 2017 5766 ne

446 5776 644 5834 diutius
675 5787 1127 5842 mansuetudinem
1154 5800 1295 5850 tuam
1332 5808 1581 5853 vexemus
1606 5838 1619 5865 ,
1652 5795 1744 5853 sed
1775 5813 1935 5853 unum
1967 5801 2017 5856 id

2085 492 2177 547 Iiat
2205 510 2219 557 ;
2243 492 2577 548 subscribam
2602 491 2792 547 fratres
2812 494 2980 547 nostri
3009 493 3235 549 Aeacius
3262 502 3317 550 et
3346 496 3663 561 Antiochus,

2082 582 2321 654 ejusdem
2351 597 2470 637 esse
2513 598 2572 637 sc
2612 582 2732 636 Iidei
2760 598 2821 637 ac
2850 599 2945 639 eos
2970 584 3062 655 qui
3088 600 3321 640 canones
3359 585 3662 648 ediderunt,

2082 691 2220 746 quos
2267 685 2514 744 tanquam
2559 674 2626 727 ab
2662 674 2978 729 orthodoxis
3020 676 3192 730 editos
3234 687 3535 745 proponunt
3568 695 3581 730 :
3613 688 3666 733 et

2083 766 2255 820 soluta
2283 765 2644 819 controversia
2674 774 2774 819 est.
2818 764 3115 834 Imperator
3139 767 3508 823 animadversa
3539 783 3667 837 pro-

2086 854 2360 923 positionis
2399 854 2776 923 simplicitate,
2832 856 3114 910 subridens
3165 856 3301 912 dixit
3353 858 3667 914 Antiocho.

2087 942 2222 998 Nihil
2254 945 2356 998 isto
2385 944 2513 999 mihi
2560 944 2769 999 videtur
2804 947 3002 1001 utilius.
3052 948 3181 1007 Erat
3222 958 3395 1005 autem
3426 951 3669 1007 omnium

2085 1049 2205 1103 qua:
2233 1043 2349 1088 acta
2399 1043 2522 1088 sunt
2571 1035 2754 1089 insons
2796 1035 3127 1105 Imperator,
3175 1037 3293 1093 aliis
3337 1040 3671 1095 mutantibus

2087 1139 2205 1192 quze
2248 1122 2384 1178 bene
2423 1125 2713 1180 constituta
2761 1133 2936 1180 erant.
3007 1125 3279 1197 Vertigine
3329 1128 3488 1198 igitur
3536 1131 3665 1193 acti,

2086 1224 2243 1286 atque
2275 1216 2325 1269 iu
2358 1230 2416 1270 se
2445 1216 2687 1270 conversi
2710 1216 2796 1286 qui
2827 1232 2948 1271 cum
2975 1216 3264 1273 Severiano
3289 1228 3459 1284 erant,
3502 1222 3672 1275 instar

2088 1322 2239 1375 aqure
2265 1307 2544 1371 instabilis,
2572 1308 2640 1362 ob
2668 1307 2718 1362 id
2740 1307 2881 1377 quod
2908 1307 3080 1364 fuerat
3106 1310 3394 1378 prudenter
3417 1311 3484 1365 ab
3514 1311 3670 1381 Elpi-

2097 1397 2188 1453 dio
2219 1398 2416 1453 dictum
2442 1439 2456 1463 ,
2509 1407 2562 1453 et
2606 1398 2947 1466 Imperatoris
2996 1398 3196 1468 Iudicio
3239 1400 3668 1469 comprobatum.

2090 1490 2425 1544 obticuerunt
2467 1488 2602 1544 facie
2648 1490 2935 1545 Iivescente
2973 1508 2986 1543 :
3033 1491 3291 1561 angustiis
3341 1502 3516 1547 tamen
3567 1493 3673 1548 lcri

2091 1584 2401 1650 constricti,
2451 1585 2612 1637 etiam
2663 1584 2904 1638 nolentes
2953 1585 3267 1652 promittunt
3308 1585 3669 1640 subscribere.

2091 1674 2177 1731 Sic
2203 1675 2401 1745 egressi
2428 1716 2443 1741 ,
2475 1674 2794 1745 promissum
2824 1674 3037 1743 quidem
3065 1689 3168 1729 nou
3198 1676 3458 1745 implent,
3488 1687 3674 1746 utpote

2093 1768 2505 1823 involuntarium
2531 1808 2545 1831 ,
2576 1775 2874 1821 metuentes
2898 1782 2964 1822 ne
2996 1768 3362 1832 vincerentur;
3395 1767 3674 1823 machina-

2092 1861 2286 1915 bantur
2324 1867 2500 1913 autem
2525 1874 2631 1928 quo
2662 1868 2816 1927 pacto
2853 1858 3210 1927 expelleretur
3230 1858 3481 1913 Joannes.
3536 1859 3673 1913 Dum

2096 1951 2210 2005 hate
2247 1950 2326 2005 sic
2349 1957 2509 2019 atque
2536 1948 2637 2002 alia
2666 1950 2819 2004 aliter
2843 1957 3120 2020 geruntur,
3152 1966 3339 2004 novem
3368 1960 3459 2005 aut
3483 1950 3675 2005 decem

2097 2059 2308 2101 menses
2354 2046 2762 2116 praeterierunt,
2809 2060 2929 2100 cum
2974 2044 3209 2100 Joannes
3251 2046 3534 2116 cpiscopus
3576 2046 3676 2100 ad-

2091 2139 2290 2209 junctis
2308 2139 2648 2210 quadraginta
2666 2140 2870 2195 duobus
2885 2140 3147 2209 episcopis
3164 2148 3454 2194 conventus
3471 2149 3675 2209 ageret,

2097 2239 2151 2285 et
2177 2231 2401 2300 populus
2427 2245 2615 2301 magna
2647 2246 2766 2285 cum
2806 2231 2968 2284 animi
2995 2230 3267 2285 alacritate
3294 2230 3408 2299 ejus
3434 2229 3676 2283 doctrina

2100 2321 2381 2377 frueretur.
2415 2320 2564 2377 Solet
2593 2322 2734 2377 enim
2764 2336 2912 2375 vana:
2935 2320 3120 2390 gloria:
3141 2335 3332 2390 expers
3356 2320 3585 2383 animus,
3623 2320 3676 2373 in

2098 2413 2471 2469 afﬂictionibus
2506 2412 2878 2482 jucundiorem
2904 2420 2960 2467 et
2995 2413 3345 2481 potentiorem
3372 2425 3678 2465 sermonem

2100 2504 2390 2560 etl‘underc.
2438 2503 2642 2559 Interea
2670 2502 2901 2557 efﬂoruit
2930 2503 3259 2557 Dominicum
3281 2500 3561 2572 jejunium,
3594 2502 3681 2555 in-

2101 2604 2212 2652 star
2254 2596 2395 2650 veris
2425 2603 2545 2665 post.
2584 2609 2780 2647 annum
2829 2592 3136 2648 adveniens.
3188 2591 3463 2662 Ingressus
3522 2591 3682 2661 igitur

2100 2687 2348 2758 privatim
2389 2702 2511 2741 cum
2555 2687 2665 2740 suis
2692 2685 2985 2740 Antiochus
3010 2727 3024 2751 ,
3053 2687 3130 2740 sic
3158 2684 3225 2740 de
3257 2684 3463 2740 Joanne
3501 2684 3679 2753 Impe-

2101 2781 2264 2836 ratori
2291 2779 2499 2834 locutus
2527 2788 2610 2833 est
2634 2820 2647 2843 ,
2699 2788 2945 2848 tanquam
2992 2779 3037 2834 is
3074 2779 3183 2848 jam
3211 2778 3376 2833 victus
3406 2785 3582 2841 esset,
3626 2785 3685 2829 ut

2103 2873 2413 2927 imminente
2454 2871 2656 2926 Pascha
2695 2870 2908 2941 juberct
2947 2871 3087 2939 ejici.
3142 2871 3433 2939 Imperator
3468 2884 3589 2924 cum
3616 2869 3685 2924 ab

2103 2962 2209 3017 illis
2236 2971 2512 3031 urgeretur
2536 3002 2550 3026 ,
2594 2961 2658 3015 iis
2695 2971 2876 3030 utpote
2902 2960 3170 3029 episcopis
3196 2959 3353 3014 [idem
3382 2959 3685 3014 neces~ario

2104 3052 2364 3106 adhibuit.
2392 3051 2492 3120 Qui
2523 3052 2663 3106 enim
2690 3066 2815 3106 vere
2847 3051 3126 3121 presbyter
3151 3058 3242 3104 aut
3268 3050 3556 3119 episcOpus
3579 3057 3681 3114 est.

2105 3138 2438 3197 mendacium
2489 3157 2592 3196 non
2639 3141 2805 3196 novit.
2873 3141 2947 3195 Ea
2990 3141 3134 3195 enim
3186 3139 3399 3194 nomina
3456 3139 3688 3194 ca-lcstis

2105 3235 2336 3306 regionis
2362 3243 2505 3299 sunt,
2535 3248 2653 3288 cum
2684 3234 2753 3287 sit
2775 3233 2882 3287 Deo
2909 3232 3037 3287 nihil
3065 3233 3351 3303 antiquius,
3383 3233 3510 3286 nihil
3541 3232 3681 3300 quod

2110 3327 2411 3398 vigilantius
2451 3326 2698 3397 inspiciat
2728 3344 2740 3379 :
2776 3342 2897 3380 nam
2945 3328 3086 3381 Deus
3112 3326 3163 3379 in
3189 3325 3367 3380 omnia
3397 3324 3610 3393 inspicit
3637 3332 3690 3377 ct

2107 3416 2520 3489 contemplatur.
2575 3418 2738 3488 Igitur
2792 3419 3073 3488 cpiscopus
3124 3426 3216 3471 aut
3263 3415 3578 3488 presbyter,
3620 3423 3693 3467 ut

2109 3509 2384 3564 nominum
2408 3551 2423 3573 ,
2457 3509 2533 3563 sic
2560 3518 2613 3563 et
2638 3522 2816 3563 rerum
2851 3510 3118 3577 particeps
3144 3522 3263 3562 esse
3287 3505 3465 3561 debet.
3496 3504 3690 3561 Joanni

2108 3606 2236 3671 ergo
2267 3600 2545 3655 denuntiat
2574 3599 2867 3670 Imperator
2892 3607 2948 3653 ut
2987 3599 3223 3653 Ecclesia
3245 3598 3568 3669 egrediatur.
3600 3597 3693 3652 Ille

2109 3694 2420 3749 renuntiat:
2465 3686 2578 3764 Ego
2614 3708 2645 3748 a
2685 3692 2793 3747 Deo
2839 3691 3125 3747 Servatore
3165 3692 3342 3761 accepi
3393 3690 3687 3745 Ecclesiam

2112 3785 2283 3849 hanc,
2335 3794 2395 3841 ut
2436 3800 2619 3840 curam
2654 3800 2834 3854 geram
2866 3785 3051 3840 salutis
3081 3784 3261 3854 populi
3288 3826 3301 3850 ,
3344 3800 3444 3838 nec
3474 3798 3691 3852 possum

2112 3893 2229 3932 eam
2259 3877 2580 3948 relinquere.
2625 3876 2680 3933 Si
2715 3885 2893 3930 autem
2925 3876 2973 3931 id
3007 3876 3083 3930 vis
3115 3876 3214 3945 (ad
3261 3885 3310 3929 te
3336 3874 3474 3929 enim
3505 3875 3695 3928 civitas

2113 3967 2373 4038 pertinet)
2400 4010 2414 4033 ,
2462 3966 2514 4020 vi
2542 3984 2625 4022 me
2646 3967 2825 4033 ejicito
2850 4008 2863 4033 ,
2914 3975 2971 4021 ut
3006 3964 3200 4020 deserti
3229 3965 3432 4019 ordinis
3466 3979 3696 4018 excusa-

2115 4062 2317 4112 tionem
2369 4055 2593 4112 habeam
2650 4066 2791 4111 tuam
2842 4057 3238 4112 auctoritatem.
3297 4054 3369 4108 Ita
3423 4071 3543 4109 cum
3598 4071 3697 4110 ve-

2115 4148 2364 4204 recundia
2413 4147 2639 4218 quadam
2689 4148 2959 4202 mittentes
2984 4163 3048 4201 ex
3094 4146 3325 4218 palatio,
3366 4162 3485 4200 eum
3524 4160 3696 4215 expu-

2115 4243 2328 4310 lerunt,
2389 4241 2635 4312 jubentes
2692 4240 2902 4295 interim
2966 4249 3023 4294 ut
3084 4240 3135 4293 in
3189 4237 3350 4294 dumo
3406 4239 3698 4307 episcopali

2117 4341 2376 4399 maneret,
2404 4332 2595 4386 divina:
2627 4331 2720 4385 ira:
2746 4336 2991 4385 eventum
3021 4330 3250 4397 aliquem
3281 4338 3657 4399 exspectantes
3683 4348 3697 4384 :

2118 4434 2193 4492 ut,
2226 4426 2271 4481 si
2299 4425 2425 4496 quid
2452 4425 2581 4495 ipsis
2608 4425 2758 4479 triste
2787 4424 3073 4489 accideret,
3097 4425 3252 4479 citius
3275 4422 3418 4477 illum
3446 4420 3700 4476 Ecclesiae

2119 4516 2435 4583 redderent,
2462 4525 2516 4570 et
2548 4515 2711 4571 Deum
2744 4516 3010 4584 placarent
3046 4531 3060 4564 :
3088 4514 3167 4569 sin
3196 4515 3399 4577 minus,
3431 4522 3489 4567 ut
3515 4528 3706 4566 rursus

2119 4610 2339 4665 insidias
2360 4617 2647 4674 struerent,
2678 4608 2839 4663 veluti
2866 4604 3073 4663 Pharao
3100 4604 3288 4679 Moysi.
3322 4605 3528 4659 Interea
3555 4604 3703 4658 venit

2122 4702 2298 4772 magni
2347 4699 2553 4756 sabbati
2590 4700 2705 4756 dies
2725 4742 2740 4766 ,
2769 4716 2875 4771 quo
2918 4700 3173 4755 Servatur
3198 4696 3483 4753 crucifixus
3512 4710 3706 4763 exspo-

2123 4793 2268 4848 Iiavit
2296 4791 2557 4847 infernum
2593 4811 2605 4846 :
2637 4807 2955 4860 rursumque
2980 4790 3053 4844 illi
3082 4786 3413 4848 denuntiant.
3442 4793 3498 4839 ut
3524 4784 3704 4839 eccle-

2123 4886 2200 4940 sia
2228 4880 2588 4955 egrederetur.
2623 4882 2988 4937 Rcscribilille
3006 4898 3122 4952 qua:
3149 4886 3508 4935 consentanea
3528 4887 3703 4932 erant.

2123 4977 2387 5031 Caeterum
2408 4977 2610 5031 veritus
2643 4971 2935 5043 Imperator
2955 4968 3058 5026 diei
3087 4971 3489 5025 sanctimoniam
3517 4979 3563 5022 ct
3594 4983 3707 5021 mo-
3734 4968 3746 5031 ἶ

2125 5077 2236 5122 tum
2268 5066 2516 5131 civitatis,
2545 5065 2771 5120 accersit
2803 5065 3049 5119 Acacium
3094 5072 3148 5116 et
3190 5060 3525 5121 Antiochum,
3575 5060 3705 5128 ipsis

2124 5158 2308 5212 dicens
2339 5174 2352 5212 :
2380 5155 2515 5223 Quid
2556 5155 2694 5210 faeto
2736 5163 2817 5209 est
2860 5153 3034 5224 opus?
3086 5151 3263 5207 videte
3302 5168 3368 5205 ne
3410 5162 3511 5204 nOn
3560 5159 3709 5204 recte

2124 5248 2519 5305 consulueritis.
2536 5242 2686 5303 Tunc
2711 5246 2956 5317 generosi
2988 5242 3064 5299 illi
3090 5251 3143 5298 et
3168 5250 3325 5313 supra
3353 5242 3565 5296 modum
3592 5254 3706 5294 ma-

2125 5342 2362 5415 gnanimi
2389 5342 2641 5397 dixerunt
2677 5336 2989 5409 Imperatori
3022 5356 3033 5391 :
3068 5337 3393 5407 Imperator,
3446 5336 3496 5389 in
3549 5344 3710 5404 caput

2126 5445 2368 5493 nostrum
2412 5436 2479 5490 sit
2527 5432 2745 5490 Joannis
2774 5430 3058 5501 depositio.
3090 5426 3340 5485 Ultimum
3368 5427 3660 5483 subsidium
3690 5466 3705 5493 ,

2125 5528 2214 5599 qui
2241 5536 2359 5582 cum
2390 5526 2593 5581 Joanne
2618 5530 2770 5578 erant
2799 5521 3036 5591 episcopi
3062 5519 3428 5590 quadraginta,
3459 5517 3596 5572 sacri
3618 5518 3702 5588 ,ξος

2123 5618 2258 5691 junii
2280 5620 2464 5673 diebus
2489 5626 2714 5670 numero
2744 5626 2914 5681 pares.
2954 5608 3202 5667 adierunt
3229 5611 3525 5680 Augustum
3550 5617 3711 5676 atque

2127 5714 2419 5782 Augustam
2469 5712 2521 5764 iu
2578 5708 2868 5780 martyriis,
2914 5714 3129 5762 orantes
3178 5718 3297 5761 etnn
3349 5705 3598 5776 Iaet‘yntis
3654 5711 3710 5757 ut

2130 5801 2327 5857 Christi
2357 5800 2607 5857 Ecclesiae
2643 5804 2942 5869 parcerent,
2988 5798 3217 5853 maxime
3259 5805 3475 5867 propter
3506 5794 3707 5850 Pascha
