  <div class='ocr_page' id='page_1' title='image "/cluster/home/n/w/nwhite01/storage/ocr_20150623/47:no.1:pt.1/coo.31924054869460/088.png"; bbox 0 0 4018 6410; ppageno 0'>
   <div class='ocr_carea' id='block_1_1' title="bbox 257 273 1852 366">
    <p class='ocr_par' dir='ltr' id='par_1_1' title="bbox 257 273 1852 337">
     <span class='ocr_line' id='line_1_1' title="bbox 257 273 1852 337; baseline 0.004 -7"><span class='ocrx_word' id='word_1_1' title='bbox 257 274 314 330; x_wconf 72' lang='grc' dir='ltr'>ἰι</span> <span class='ocrx_word' id='word_1_2' title='bbox 1274 273 1360 329; x_wconf 83' lang='lat' dir='ltr'>DE</span> <span class='ocrx_word' id='word_1_3' title='bbox 1400 274 1563 330; x_wconf 75' lang='grc' dir='ltr'>ΠΤᾹ</span> <span class='ocrx_word' id='word_1_4' title='bbox 1608 277 1666 332; x_wconf 90' lang='lat' dir='ltr'>S.</span> <span class='ocrx_word' id='word_1_5' title='bbox 1709 277 1852 337; x_wconf 77' lang='lat' dir='ltr'>JOAI</span> 
     </span>
    </p>
   </div>
   <div class='ocr_carea' id='block_1_2' title="bbox 1957 273 3548 366">
    <p class='ocr_par' dir='ltr' id='par_1_2' title="bbox 1961 284 3548 366">
     <span class='ocr_line' id='line_1_2' title="bbox 1961 284 3548 366; baseline 0.005 -26"><span class='ocrx_word' id='word_1_6' title='bbox 1961 284 2000 340; x_wconf 73' lang='grc' dir='ltr'>ε</span> <span class='ocrx_word' id='word_1_7' title='bbox 2037 284 2551 344; x_wconf 65' lang='lat' dir='ltr'>cumsosrom.</span> <span class='ocrx_word' id='word_1_8' title='bbox 3474 311 3548 366; x_wconf 64' lang='grc' dir='ltr'>ω</span> 
     </span>
    </p>
   </div>
   <div class='ocr_carea' id='block_1_3' title="bbox 241 387 1846 466">
    <p class='ocr_par' dir='ltr' id='par_1_3' title="bbox 241 387 1846 466">
     <span class='ocr_line' id='line_1_3' title="bbox 241 387 1846 466; baseline 0.006 -24"><span class='ocrx_word' id='word_1_9' title='bbox 241 387 565 444; x_wconf 74' lang='grc' dir='ltr'>ἀκολουθίαν</span> <span class='ocrx_word' id='word_1_10' title='bbox 593 389 964 460; x_wconf 73' lang='grc' dir='ltr'>ἐκοινώνησαν</span> <span class='ocrx_word' id='word_1_11' title='bbox 1001 389 1076 460; x_wconf 80' lang='grc' dir='ltr'>τῷ</span> <span class='ocrx_word' id='word_1_12' title='bbox 1111 389 1352 465; x_wconf 78' lang='grc' dir='ltr'>Ἰωάννῃ,</span> <span class='ocrx_word' id='word_1_13' title='bbox 1386 392 1472 449; x_wconf 78' lang='grc' dir='ltr'>ἵνα</span> <span class='ocrx_word' id='word_1_14' title='bbox 1505 393 1582 466; x_wconf 83' lang='grc' dir='ltr'>μὴ</span> <span class='ocrx_word' id='word_1_15' title='bbox 1606 395 1676 451; x_wconf 79' lang='grc' dir='ltr'>τά</span> <span class='ocrx_word' id='word_1_16' title='bbox 1705 397 1846 456; x_wconf 75' lang='grc' dir='ltr'>αὐτά</span> 
     </span>
    </p>
   </div>
   <div class='ocr_carea' id='block_1_4' title="bbox 241 473 1847 550">
    <p class='ocr_par' dir='ltr' id='par_1_4' title="bbox 241 473 1847 550">
     <span class='ocr_line' id='line_1_4' title="bbox 241 473 1847 550; baseline 0.018 -42"><span class='ocrx_word' id='word_1_17' title='bbox 241 479 352 540; x_wconf 69' lang='grc' dir='ltr'>τοῖς</span> <span class='ocrx_word' id='word_1_18' title='bbox 384 473 634 544; x_wconf 63' lang='grc' dir='ltr'>πρώτως</span> <span class='ocrx_word' id='word_1_19' title='bbox 679 475 1042 546; x_wconf 75' lang='grc' dir='ltr'>ἐργάσωνται.</span> <span class='ocrx_word' id='word_1_20' title='bbox 1088 473 1312 538; x_wconf 81' lang='grc' dir='ltr'>Γνόντες</span> <span class='ocrx_word' id='word_1_21' title='bbox 1339 475 1397 529; x_wconf 71' lang='grc' dir='ltr'>δὲ</span> <span class='ocrx_word' id='word_1_22' title='bbox 1429 478 1478 529; x_wconf 78' lang='grc' dir='ltr'>οἱ</span> <span class='ocrx_word' id='word_1_23' title='bbox 1515 481 1847 550; x_wconf 68' lang='grc' dir='ltr'>κρατοῦντες</span> 
     </span>
    </p>
   </div>
   <div class='ocr_carea' id='block_1_5' title="bbox 239 557 1844 636">
    <p class='ocr_par' dir='ltr' id='par_1_5' title="bbox 239 557 1844 636">
     <span class='ocr_line' id='line_1_5' title="bbox 239 557 1844 636; baseline 0.017 -44"><span class='ocrx_word' id='word_1_24' title='bbox 239 557 531 630; x_wconf 49' lang='grc' dir='ltr'>ἧγανάχτη</span> <span class='ocrx_word' id='word_1_25' title='bbox 541 573 642 612; x_wconf 82' lang='grc' dir='ltr'>σαν</span> <span class='ocrx_word' id='word_1_26' title='bbox 677 559 770 610; x_wconf 85' lang='grc' dir='ltr'>ἐπὶ</span> <span class='ocrx_word' id='word_1_27' title='bbox 803 560 870 629; x_wconf 86' lang='grc' dir='ltr'>τῇ</span> <span class='ocrx_word' id='word_1_28' title='bbox 913 557 1168 628; x_wconf 64' lang='grc' dir='ltr'>κοινωνίᾳ</span> <span class='ocrx_word' id='word_1_29' title='bbox 1197 558 1378 612; x_wconf 78' lang='grc' dir='ltr'>αὐτῶν</span> <span class='ocrx_word' id='word_1_30' title='bbox 1399 577 1411 590; x_wconf 92' lang='grc'>·</span> <span class='ocrx_word' id='word_1_31' title='bbox 1450 561 1544 616; x_wconf 74' lang='grc' dir='ltr'>καὶ</span> <span class='ocrx_word' id='word_1_32' title='bbox 1568 562 1844 636; x_wconf 83' lang='grc' dir='ltr'>Θεόδωρος</span> 
     </span>
    </p>
   </div>
   <div class='ocr_carea' id='block_1_6' title="bbox 244 640 1843 719">
    <p class='ocr_par' dir='ltr' id='par_1_6' title="bbox 244 640 1843 719">
     <span class='ocr_line' id='line_1_6' title="bbox 244 640 1843 719; baseline 0.004 -23"><span class='ocrx_word' id='word_1_33' title='bbox 244 644 340 716; x_wconf 77' lang='grc' dir='ltr'>μὲν</span> <span class='ocrx_word' id='word_1_34' title='bbox 366 643 397 696; x_wconf 99' lang='lat'>6</span> <span class='ocrx_word' id='word_1_35' title='bbox 421 641 654 694; x_wconf 87' lang='grc' dir='ltr'>Τυάνων</span> <span class='ocrx_word' id='word_1_36' title='bbox 687 640 1006 705; x_wconf 83' lang='grc' dir='ltr'>ἐπίσκοπος,</span> <span class='ocrx_word' id='word_1_37' title='bbox 1029 641 1168 712; x_wconf 77' lang='grc' dir='ltr'>ἀνὴρ</span> <span class='ocrx_word' id='word_1_38' title='bbox 1195 641 1509 713; x_wconf 71' lang='grc' dir='ltr'>εὐσχήμων,</span> <span class='ocrx_word' id='word_1_39' title='bbox 1537 647 1717 710; x_wconf 74' lang='grc' dir='ltr'>συνεὶς</span> <span class='ocrx_word' id='word_1_40' title='bbox 1746 647 1843 719; x_wconf 84' lang='grc' dir='ltr'>τὴν</span> 
     </span>
    </p>
   </div>
   <div class='ocr_carea' id='block_1_7' title="bbox 242 718 1842 802">
    <p class='ocr_par' dir='ltr' id='par_1_7' title="bbox 242 718 1842 802">
     <span class='ocr_line' id='line_1_7' title="bbox 242 718 1842 802; baseline 0.002 -21"><span class='ocrx_word' id='word_1_41' title='bbox 242 726 553 797; x_wconf 75' lang='grc' dir='ltr'>σκευωρίαν</span> <span class='ocrx_word' id='word_1_42' title='bbox 584 726 643 792; x_wconf 79' lang='grc' dir='ltr'>ἐξ</span> <span class='ocrx_word' id='word_1_43' title='bbox 679 718 754 778; x_wconf 83' lang='grc' dir='ltr'>ὧν</span> <span class='ocrx_word' id='word_1_44' title='bbox 800 720 966 796; x_wconf 77' lang='grc' dir='ltr'>ἦλθεν</span> <span class='ocrx_word' id='word_1_45' title='bbox 1014 726 1093 788; x_wconf 87' lang='grc' dir='ltr'>εἰς</span> <span class='ocrx_word' id='word_1_46' title='bbox 1141 725 1209 778; x_wconf 76' lang='grc' dir='ltr'>τὰ</span> <span class='ocrx_word' id='word_1_47' title='bbox 1243 719 1358 779; x_wconf 80' lang='grc' dir='ltr'>ὦτα</span> <span class='ocrx_word' id='word_1_48' title='bbox 1396 727 1585 791; x_wconf 80' lang='grc' dir='ltr'>αὑτοῦ,</span> <span class='ocrx_word' id='word_1_49' title='bbox 1633 729 1721 784; x_wconf 84' lang='grc' dir='ltr'>ἵνα</span> <span class='ocrx_word' id='word_1_50' title='bbox 1766 718 1842 802; x_wconf 76' lang='grc' dir='ltr'>μὴ</span> 
     </span>
    </p>
   </div>
   <div class='ocr_carea' id='block_1_8' title="bbox 240 808 1843 881">
    <p class='ocr_par' dir='ltr' id='par_1_8' title="bbox 240 808 1843 881">
     <span class='ocr_line' id='line_1_8' title="bbox 240 808 1843 881; baseline 0.001 -16"><span class='ocrx_word' id='word_1_51' title='bbox 240 809 652 880; x_wconf 76' lang='grc' dir='ltr'>ἐξακολουθήσῃ</span> <span class='ocrx_word' id='word_1_52' title='bbox 699 809 765 880; x_wconf 85' lang='grc' dir='ltr'>τῇ</span> <span class='ocrx_word' id='word_1_53' title='bbox 809 808 1112 881; x_wconf 72' lang='grc' dir='ltr'>προπετείᾳ</span> <span class='ocrx_word' id='word_1_54' title='bbox 1152 808 1436 876; x_wconf 76' lang='grc' dir='ltr'>Θεοφίλου,</span> <span class='ocrx_word' id='word_1_55' title='bbox 1485 813 1843 878; x_wconf 79' lang='grc' dir='ltr'>ἀσυντάκτως</span> 
     </span>
    </p>
   </div>
   <div class='ocr_carea' id='block_1_9' title="bbox 241 891 1844 968">
    <p class='ocr_par' dir='ltr' id='par_1_9' title="bbox 241 891 1844 968">
     <span class='ocr_line' id='line_1_9' title="bbox 241 891 1844 968; baseline 0.001 -19"><span class='ocrx_word' id='word_1_56' title='bbox 241 893 564 950; x_wconf 73' lang='grc' dir='ltr'>καταλιπὼν</span> <span class='ocrx_word' id='word_1_57' title='bbox 595 894 722 956; x_wconf 84' lang='grc' dir='ltr'>τοὺς</span> <span class='ocrx_word' id='word_1_58' title='bbox 753 893 982 956; x_wconf 83' lang='grc' dir='ltr'>πάντας,</span> <span class='ocrx_word' id='word_1_59' title='bbox 1021 891 1320 946; x_wconf 89' lang='grc' dir='ltr'>κατέλαϐεν</span> <span class='ocrx_word' id='word_1_60' title='bbox 1356 893 1551 948; x_wconf 81' lang='grc' dir='ltr'>ἑαυτοῦ</span> <span class='ocrx_word' id='word_1_61' title='bbox 1581 895 1678 968; x_wconf 82' lang='grc' dir='ltr'>τὴν</span> <span class='ocrx_word' id='word_1_62' title='bbox 1723 897 1844 950; x_wconf 86' lang='grc' dir='ltr'>Ἐκ-</span> 
     </span>
    </p>
   </div>
   <div class='ocr_carea' id='block_1_10' title="bbox 241 973 1837 1051">
    <p class='ocr_par' dir='ltr' id='par_1_10' title="bbox 241 973 1837 1051">
     <span class='ocr_line' id='line_1_10' title="bbox 241 973 1837 1051; baseline 0.002 -21"><span class='ocrx_word' id='word_1_63' title='bbox 241 977 498 1048; x_wconf 84' lang='grc' dir='ltr'>κλησίαν,</span> <span class='ocrx_word' id='word_1_64' title='bbox 539 975 758 1048; x_wconf 78' lang='grc' dir='ltr'>μακράν</span> <span class='ocrx_word' id='word_1_65' title='bbox 784 976 996 1046; x_wconf 76' lang='grc' dir='ltr'>χαίρειν</span> <span class='ocrx_word' id='word_1_66' title='bbox 1031 973 1202 1028; x_wconf 83' lang='grc' dir='ltr'>εἰπὼν</span> <span class='ocrx_word' id='word_1_67' title='bbox 1225 974 1302 1046; x_wconf 82' lang='grc' dir='ltr'>τῷ</span> <span class='ocrx_word' id='word_1_68' title='bbox 1333 978 1632 1049; x_wconf 84' lang='grc' dir='ltr'>κομιτάτῳ,</span> <span class='ocrx_word' id='word_1_69' title='bbox 1661 981 1837 1051; x_wconf 83' lang='grc' dir='ltr'>ἀσφα-</span> 
     </span>
    </p>
   </div>
   <div class='ocr_carea' id='block_1_11' title="bbox 241 1057 1842 1134">
    <p class='ocr_par' dir='ltr' id='par_1_11' title="bbox 241 1057 1842 1134">
     <span class='ocr_line' id='line_1_11' title="bbox 241 1057 1842 1134; baseline 0.001 -19"><span class='ocrx_word' id='word_1_70' title='bbox 241 1062 540 1134; x_wconf 76' lang='grc' dir='ltr'>λισάμενος</span> <span class='ocrx_word' id='word_1_71' title='bbox 587 1057 780 1112; x_wconf 90' lang='grc' dir='ltr'>ἐαυτοῦ</span> <span class='ocrx_word' id='word_1_72' title='bbox 815 1061 913 1130; x_wconf 77' lang='grc' dir='ltr'>τὴν</span> <span class='ocrx_word' id='word_1_73' title='bbox 947 1059 1218 1132; x_wconf 76' lang='grc' dir='ltr'>ἐπαρχίαν</span> <span class='ocrx_word' id='word_1_74' title='bbox 1248 1059 1326 1130; x_wconf 80' lang='grc' dir='ltr'>τῷ</span> <span class='ocrx_word' id='word_1_75' title='bbox 1355 1061 1524 1131; x_wconf 87' lang='grc' dir='ltr'>τείχει</span> <span class='ocrx_word' id='word_1_76' title='bbox 1556 1063 1655 1132; x_wconf 83' lang='grc' dir='ltr'>τῆς</span> <span class='ocrx_word' id='word_1_77' title='bbox 1687 1064 1842 1116; x_wconf 85' lang='grc' dir='ltr'>εὑσε-</span> 
     </span>
    </p>
   </div>
   <div class='ocr_carea' id='block_1_12' title="bbox 241 1143 1844 1216">
    <p class='ocr_par' dir='ltr' id='par_1_12' title="bbox 241 1143 1844 1216">
     <span class='ocr_line' id='line_1_12' title="bbox 241 1143 1844 1216; baseline -0.001 -18"><span class='ocrx_word' id='word_1_78' title='bbox 241 1146 417 1210; x_wconf 80' lang='grc' dir='ltr'>ϐείας,</span> <span class='ocrx_word' id='word_1_79' title='bbox 463 1143 629 1216; x_wconf 82' lang='grc' dir='ltr'>μέχρι</span> <span class='ocrx_word' id='word_1_80' title='bbox 678 1143 867 1204; x_wconf 77' lang='grc' dir='ltr'>τέλους</span> <span class='ocrx_word' id='word_1_81' title='bbox 908 1143 1174 1213; x_wconf 79' lang='grc' dir='ltr'>ἐμμείνας</span> <span class='ocrx_word' id='word_1_82' title='bbox 1219 1145 1286 1214; x_wconf 81' lang='grc' dir='ltr'>τῇ</span> <span class='ocrx_word' id='word_1_83' title='bbox 1321 1143 1429 1196; x_wconf 90' lang='grc' dir='ltr'>τῶν</span> <span class='ocrx_word' id='word_1_84' title='bbox 1465 1145 1671 1198; x_wconf 87' lang='grc' dir='ltr'>πιστῶν</span> <span class='ocrx_word' id='word_1_85' title='bbox 1713 1145 1844 1202; x_wconf 85' lang='grc' dir='ltr'>Ῥω-</span> 
     </span>
    </p>
   </div>
   <div class='ocr_carea' id='block_1_13' title="bbox 247 1221 1847 1302">
    <p class='ocr_par' dir='ltr' id='par_1_13' title="bbox 247 1221 1847 1302">
     <span class='ocr_line' id='line_1_13' title="bbox 247 1221 1847 1302; baseline 0.001 -19"><span class='ocrx_word' id='word_1_86' title='bbox 247 1231 426 1302; x_wconf 89' lang='grc' dir='ltr'>μαίων</span> <span class='ocrx_word' id='word_1_87' title='bbox 457 1225 734 1298; x_wconf 74' lang='grc' dir='ltr'>κοινωνία,</span> <span class='ocrx_word' id='word_1_88' title='bbox 765 1221 848 1288; x_wconf 74' lang='grc' dir='ltr'>οἷς</span> <span class='ocrx_word' id='word_1_89' title='bbox 891 1228 1159 1298; x_wconf 77' lang='grc' dir='ltr'>μαρτυρεῖ</span> <span class='ocrx_word' id='word_1_90' title='bbox 1193 1229 1221 1279; x_wconf 90' lang='lat'>6</span> <span class='ocrx_word' id='word_1_91' title='bbox 1267 1226 1480 1290; x_wconf 79' lang='grc' dir='ltr'>Παῦλος</span> <span class='ocrx_word' id='word_1_92' title='bbox 1523 1227 1698 1297; x_wconf 87' lang='grc' dir='ltr'>λέγων</span> <span class='ocrx_word' id='word_1_93' title='bbox 1721 1245 1734 1260; x_wconf 92' lang='grc'>·</span> <span class='ocrx_word' id='word_1_94' title='bbox 1775 1231 1847 1285; x_wconf 82' lang='grc' dir='ltr'>ἸΙ</span> 
     </span>
    </p>
   </div>
   <div class='ocr_carea' id='block_1_14' title="bbox 243 1307 1839 1382">
    <p class='ocr_par' dir='ltr' id='par_1_14' title="bbox 243 1307 1839 1382">
     <span class='ocr_line' id='line_1_14' title="bbox 243 1307 1839 1382; baseline -0.001 -12"><span class='ocrx_word' id='word_1_95' title='bbox 243 1317 452 1380; x_wconf 72' lang='grc' dir='ltr'>πίστις</span> <span class='ocrx_word' id='word_1_96' title='bbox 490 1308 662 1381; x_wconf 82' lang='grc' dir='ltr'>ὑμῶν</span> <span class='ocrx_word' id='word_1_97' title='bbox 699 1311 768 1364; x_wconf 80' lang='grc' dir='ltr'>ἐν</span> <span class='ocrx_word' id='word_1_98' title='bbox 802 1309 925 1378; x_wconf 78' lang='grc' dir='ltr'>ὅλῳ</span> <span class='ocrx_word' id='word_1_99' title='bbox 968 1307 1048 1375; x_wconf 82' lang='grc' dir='ltr'>τῷ</span> <span class='ocrx_word' id='word_1_100' title='bbox 1093 1310 1300 1380; x_wconf 78' lang='grc' dir='ltr'>κόσμῳ</span> <span class='ocrx_word' id='word_1_101' title='bbox 1352 1311 1839 1382; x_wconf 72' lang='grc' dir='ltr'>καταγγέλλεται.</span> 
     </span>
    </p>
   </div>
   <div class='ocr_carea' id='block_1_15' title="bbox 242 1391 1841 1469">
    <p class='ocr_par' dir='ltr' id='par_1_15' title="bbox 242 1391 1841 1469">
     <span class='ocr_line' id='line_1_15' title="bbox 242 1391 1841 1469; baseline 0.001 -23"><span class='ocrx_word' id='word_1_102' title='bbox 242 1398 543 1469; x_wconf 70' lang='grc' dir='ltr'>Φαρέτριος</span> <span class='ocrx_word' id='word_1_103' title='bbox 571 1393 649 1456; x_wconf 74' lang='grc' dir='ltr'>δὲ,</span> <span class='ocrx_word' id='word_1_104' title='bbox 691 1395 718 1446; x_wconf 89' lang='lat'>6</span> <span class='ocrx_word' id='word_1_105' title='bbox 753 1391 1095 1462; x_wconf 74' lang='grc' dir='ltr'>Καισαρείας</span> <span class='ocrx_word' id='word_1_106' title='bbox 1134 1393 1232 1464; x_wconf 86' lang='grc' dir='ltr'>τῆς</span> <span class='ocrx_word' id='word_1_107' title='bbox 1268 1393 1409 1466; x_wconf 74' lang='grc' dir='ltr'>πρὸς</span> <span class='ocrx_word' id='word_1_108' title='bbox 1453 1394 1532 1466; x_wconf 83' lang='grc' dir='ltr'>τῷ</span> <span class='ocrx_word' id='word_1_109' title='bbox 1579 1396 1841 1468; x_wconf 81' lang='grc' dir='ltr'>Ἀργαίῳ,</span> 
     </span>
    </p>
   </div>
   <div class='ocr_carea' id='block_1_16' title="bbox 244 1476 1845 1552">
    <p class='ocr_par' dir='ltr' id='par_1_16' title="bbox 244 1476 1845 1552">
     <span class='ocr_line' id='line_1_16' title="bbox 244 1476 1845 1552; baseline 0 -16"><span class='ocrx_word' id='word_1_110' title='bbox 244 1481 525 1552; x_wconf 79' lang='grc' dir='ltr'>ὑπερϐολῇ</span> <span class='ocrx_word' id='word_1_111' title='bbox 573 1477 878 1540; x_wconf 85' lang='grc' dir='ltr'>δειλιάσας,</span> <span class='ocrx_word' id='word_1_112' title='bbox 926 1476 1177 1548; x_wconf 79' lang='grc' dir='ltr'>καθάπερ</span> <span class='ocrx_word' id='word_1_113' title='bbox 1214 1478 1262 1530; x_wconf 87' lang='grc' dir='ltr'>οἱ</span> <span class='ocrx_word' id='word_1_114' title='bbox 1311 1477 1508 1550; x_wconf 82' lang='grc' dir='ltr'>κομιδῇ</span> <span class='ocrx_word' id='word_1_115' title='bbox 1556 1479 1744 1544; x_wconf 84' lang='grc' dir='ltr'>παῖδες</span> <span class='ocrx_word' id='word_1_116' title='bbox 1775 1482 1845 1536; x_wconf 83' lang='grc' dir='ltr'>τὰ</span> 
     </span>
    </p>
   </div>
   <div class='ocr_carea' id='block_1_17' title="bbox 246 1559 1844 1640">
    <p class='ocr_par' dir='ltr' id='par_1_17' title="bbox 246 1559 1844 1640">
     <span class='ocr_line' id='line_1_17' title="bbox 246 1559 1844 1640; baseline -0.002 -20"><span class='ocrx_word' id='word_1_117' title='bbox 246 1565 645 1640; x_wconf 83' lang='grc' dir='ltr'>μορμολύκεια,</span> <span class='ocrx_word' id='word_1_118' title='bbox 691 1561 815 1633; x_wconf 83' lang='grc' dir='ltr'>μηδ’</span> <span class='ocrx_word' id='word_1_119' title='bbox 851 1559 1084 1625; x_wconf 79' lang='grc' dir='ltr'>ἐξελθὼν</span> <span class='ocrx_word' id='word_1_120' title='bbox 1130 1560 1326 1614; x_wconf 85' lang='grc' dir='ltr'>ἐαυτοῦ</span> <span class='ocrx_word' id='word_1_121' title='bbox 1358 1563 1458 1633; x_wconf 82' lang='grc' dir='ltr'>τὴν</span> <span class='ocrx_word' id='word_1_122' title='bbox 1495 1563 1675 1627; x_wconf 87' lang='grc' dir='ltr'>πόλιν,</span> <span class='ocrx_word' id='word_1_123' title='bbox 1715 1581 1844 1618; x_wconf 91' lang='grc' dir='ltr'>συν-</span> 
     </span>
    </p>
   </div>
   <div class='ocr_carea' id='block_1_18' title="bbox 243 1645 1842 1722">
    <p class='ocr_par' dir='ltr' id='par_1_18' title="bbox 243 1645 1842 1722">
     <span class='ocr_line' id='line_1_18' title="bbox 243 1645 1842 1722; baseline -0.004 -16"><span class='ocrx_word' id='word_1_124' title='bbox 243 1653 454 1706; x_wconf 82' lang='grc' dir='ltr'>τίθεται</span> <span class='ocrx_word' id='word_1_125' title='bbox 490 1650 602 1712; x_wconf 80' lang='grc' dir='ltr'>τοῖς</span> <span class='ocrx_word' id='word_1_126' title='bbox 634 1645 906 1710; x_wconf 79' lang='grc' dir='ltr'>ἐναντίοις</span> <span class='ocrx_word' id='word_1_127' title='bbox 931 1645 1018 1698; x_wconf 69' lang='grc' dir='ltr'>διὰ</span> <span class='ocrx_word' id='word_1_128' title='bbox 1061 1647 1433 1718; x_wconf 71' lang='grc' dir='ltr'>γραμμάτων,</span> <span class='ocrx_word' id='word_1_129' title='bbox 1465 1649 1670 1719; x_wconf 84' lang='grc' dir='ltr'>καίπερ</span> <span class='ocrx_word' id='word_1_130' title='bbox 1707 1649 1842 1722; x_wconf 68' lang='grc' dir='ltr'>μηδὲ</span> 
     </span>
    </p>
   </div>
   <div class='ocr_carea' id='block_1_19' title="bbox 245 1730 1842 1806">
    <p class='ocr_par' dir='ltr' id='par_1_19' title="bbox 245 1730 1842 1806">
     <span class='ocr_line' id='line_1_19' title="bbox 245 1730 1842 1806; baseline -0.002 -17"><span class='ocrx_word' id='word_1_131' title='bbox 245 1735 472 1806; x_wconf 72' lang='grc' dir='ltr'>κληθεὶς</span> <span class='ocrx_word' id='word_1_132' title='bbox 519 1735 598 1796; x_wconf 80' lang='grc' dir='ltr'>εἰς</span> <span class='ocrx_word' id='word_1_133' title='bbox 644 1732 705 1786; x_wconf 78' lang='grc' dir='ltr'>τὸ</span> <span class='ocrx_word' id='word_1_134' title='bbox 741 1730 926 1803; x_wconf 83' lang='grc' dir='ltr'>μέσον,</span> <span class='ocrx_word' id='word_1_135' title='bbox 963 1731 1346 1802; x_wconf 79' lang='grc' dir='ltr'>ἀπειροκάλως</span> <span class='ocrx_word' id='word_1_136' title='bbox 1385 1733 1524 1802; x_wconf 76' lang='grc' dir='ltr'>ἔχων</span> <span class='ocrx_word' id='word_1_137' title='bbox 1581 1736 1710 1806; x_wconf 73' lang='grc' dir='ltr'>περὶ</span> <span class='ocrx_word' id='word_1_138' title='bbox 1742 1735 1842 1805; x_wconf 76' lang='grc' dir='ltr'>τὴν</span> 
     </span>
    </p>
   </div>
   <div class='ocr_carea' id='block_1_20' title="bbox 247 1815 1845 1894">
    <p class='ocr_par' dir='ltr' id='par_1_20' title="bbox 247 1815 1845 1894">
     <span class='ocr_line' id='line_1_20' title="bbox 247 1815 1845 1894; baseline -0.003 -17"><span class='ocrx_word' id='word_1_139' title='bbox 247 1819 545 1894; x_wconf 83' lang='grc' dir='ltr'>προεδρίαν</span> <span class='ocrx_word' id='word_1_140' title='bbox 595 1816 787 1890; x_wconf 80' lang='grc' dir='ltr'>ἀγνοίᾳ</span> <span class='ocrx_word' id='word_1_141' title='bbox 835 1815 943 1870; x_wconf 87' lang='grc' dir='ltr'>τῶν</span> <span class='ocrx_word' id='word_1_142' title='bbox 1000 1817 1345 1886; x_wconf 78' lang='grc' dir='ltr'>κρειττόνων.</span> <span class='ocrx_word' id='word_1_143' title='bbox 1393 1818 1644 1882; x_wconf 81' lang='grc' dir='ltr'>Λεόντιος</span> <span class='ocrx_word' id='word_1_144' title='bbox 1689 1817 1770 1886; x_wconf 78' lang='grc' dir='ltr'>δέ,</span> <span class='ocrx_word' id='word_1_145' title='bbox 1817 1821 1845 1872; x_wconf 90' lang='lat'>6</span> 
     </span>
    </p>
   </div>
   <div class='ocr_carea' id='block_1_21' title="bbox 258 1900 1846 1976">
    <p class='ocr_par' dir='ltr' id='par_1_21' title="bbox 258 1900 1846 1976">
     <span class='ocr_line' id='line_1_21' title="bbox 258 1900 1846 1976; baseline -0.004 -16"><span class='ocrx_word' id='word_1_146' title='bbox 258 1905 536 1976; x_wconf 82' lang='grc' dir='ltr'>’Δγκύρας</span> <span class='ocrx_word' id='word_1_147' title='bbox 565 1902 666 1975; x_wconf 77' lang='grc' dir='ltr'>τῆς</span> <span class='ocrx_word' id='word_1_148' title='bbox 687 1900 974 1965; x_wconf 81' lang='grc' dir='ltr'>Γαλατίας,</span> <span class='ocrx_word' id='word_1_149' title='bbox 1006 1901 1376 1970; x_wconf 72' lang='grc' dir='ltr'>συγκλωσθεὶς</span> <span class='ocrx_word' id='word_1_150' title='bbox 1416 1901 1716 1974; x_wconf 79' lang='grc' dir='ltr'>Ἀμμωνίῳ</span> <span class='ocrx_word' id='word_1_151' title='bbox 1767 1901 1846 1974; x_wconf 81' lang='grc' dir='ltr'>τῷ</span> 
     </span>
    </p>
   </div>
   <div class='ocr_carea' id='block_1_22' title="bbox 248 1983 1844 2057">
    <p class='ocr_par' dir='ltr' id='par_1_22' title="bbox 248 1983 1844 2057">
     <span class='ocr_line' id='line_1_22' title="bbox 248 1983 1844 2057; baseline -0.005 -11"><span class='ocrx_word' id='word_1_152' title='bbox 248 1988 576 2048; x_wconf 83' lang='grc' dir='ltr'>Λαοδικείας</span> <span class='ocrx_word' id='word_1_153' title='bbox 621 1987 720 2056; x_wconf 81' lang='grc' dir='ltr'>τῆς</span> <span class='ocrx_word' id='word_1_154' title='bbox 763 1983 1130 2056; x_wconf 84' lang='grc' dir='ltr'>κεκαυμένης,</span> <span class='ocrx_word' id='word_1_155' title='bbox 1181 1985 1528 2057; x_wconf 89' lang='grc' dir='ltr'>κεκαυμένην</span> <span class='ocrx_word' id='word_1_156' title='bbox 1579 1986 1844 2055; x_wconf 87' lang='grc' dir='ltr'>ἐποίησαν</span> 
     </span>
    </p>
   </div>
   <div class='ocr_carea' id='block_1_23' title="bbox 249 2067 1847 2144">
    <p class='ocr_par' dir='ltr' id='par_1_23' title="bbox 249 2067 1847 2144">
     <span class='ocr_line' id='line_1_23' title="bbox 249 2067 1847 2144; baseline -0.001 -18"><span class='ocrx_word' id='word_1_157' title='bbox 249 2074 348 2144; x_wconf 68' lang='grc' dir='ltr'>τὴν</span> <span class='ocrx_word' id='word_1_158' title='bbox 383 2069 736 2140; x_wconf 82' lang='grc' dir='ltr'>Ἐκκλησίαν.</span> <span class='ocrx_word' id='word_1_159' title='bbox 763 2069 838 2120; x_wconf 84' lang='grc' dir='ltr'>Ού</span> <span class='ocrx_word' id='word_1_160' title='bbox 873 2068 1032 2139; x_wconf 91' lang='grc' dir='ltr'>μόνον</span> <span class='ocrx_word' id='word_1_161' title='bbox 1067 2068 1394 2140; x_wconf 78' lang='grc' dir='ltr'>ἡττηθέντες</span> <span class='ocrx_word' id='word_1_162' title='bbox 1422 2071 1543 2132; x_wconf 82' lang='grc' dir='ltr'>ταῖς</span> <span class='ocrx_word' id='word_1_163' title='bbox 1573 2067 1682 2124; x_wconf 88' lang='grc' dir='ltr'>τῶν</span> <span class='ocrx_word' id='word_1_164' title='bbox 1711 2087 1847 2142; x_wconf 88' lang='grc' dir='ltr'>κρα-</span> 
     </span>
    </p>
   </div>
   <div class='ocr_carea' id='block_1_24' title="bbox 249 2151 1846 2226">
    <p class='ocr_par' dir='ltr' id='par_1_24' title="bbox 249 2151 1846 2226">
     <span class='ocr_line' id='line_1_24' title="bbox 249 2151 1846 2226; baseline -0.003 -15"><span class='ocrx_word' id='word_1_165' title='bbox 249 2156 488 2211; x_wconf 85' lang='grc' dir='ltr'>τούντων</span> <span class='ocrx_word' id='word_1_166' title='bbox 541 2153 822 2218; x_wconf 79' lang='grc' dir='ltr'>ἀπειλαῖς,</span> <span class='ocrx_word' id='word_1_167' title='bbox 873 2151 1010 2205; x_wconf 86' lang='grc' dir='ltr'>ἀλλά</span> <span class='ocrx_word' id='word_1_168' title='bbox 1055 2153 1368 2206; x_wconf 88' lang='grc' dir='ltr'>τούναντίον</span> <span class='ocrx_word' id='word_1_169' title='bbox 1421 2152 1598 2206; x_wconf 89' lang='grc' dir='ltr'>ἐλπίδι</span> <span class='ocrx_word' id='word_1_170' title='bbox 1655 2151 1846 2226; x_wconf 82' lang='grc' dir='ltr'>δώρων</span> 
     </span>
    </p>
   </div>
   <div class='ocr_carea' id='block_1_25' title="bbox 251 2234 1846 2312">
    <p class='ocr_par' dir='ltr' id='par_1_25' title="bbox 251 2234 1846 2312">
     <span class='ocr_line' id='line_1_25' title="bbox 251 2234 1846 2312; baseline -0.003 -18"><span class='ocrx_word' id='word_1_171' title='bbox 251 2238 552 2312; x_wconf 75' lang='grc' dir='ltr'>βασιλικῶν</span> <span class='ocrx_word' id='word_1_172' title='bbox 600 2234 974 2308; x_wconf 79' lang='grc' dir='ltr'>ἀπατηθέντες</span> <span class='ocrx_word' id='word_1_173' title='bbox 1007 2237 1066 2289; x_wconf 92' lang='grc' dir='ltr'>ἐν</span> <span class='ocrx_word' id='word_1_174' title='bbox 1098 2237 1165 2308; x_wconf 84' lang='grc' dir='ltr'>τῇ</span> <span class='ocrx_word' id='word_1_175' title='bbox 1199 2236 1432 2308; x_wconf 63' lang='grc' dir='ltr'>δευτέρα</span> <span class='ocrx_word' id='word_1_176' title='bbox 1477 2236 1701 2309; x_wconf 81' lang='grc' dir='ltr'>συνόδῳ,</span> <span class='ocrx_word' id='word_1_177' title='bbox 1737 2239 1846 2290; x_wconf 86' lang='grc' dir='ltr'>είσ-</span> 
     </span>
    </p>
   </div>
   <div class='ocr_carea' id='block_1_26' title="bbox 251 2317 1848 2394">
    <p class='ocr_par' dir='ltr' id='par_1_26' title="bbox 251 2317 1848 2394">
     <span class='ocr_line' id='line_1_26' title="bbox 251 2317 1848 2394; baseline -0.002 -17"><span class='ocrx_word' id='word_1_178' title='bbox 251 2325 476 2394; x_wconf 81' lang='grc' dir='ltr'>φέρουσι</span> <span class='ocrx_word' id='word_1_179' title='bbox 511 2319 738 2392; x_wconf 82' lang='grc' dir='ltr'>γνώμην</span> <span class='ocrx_word' id='word_1_180' title='bbox 791 2317 1073 2390; x_wconf 73' lang='grc' dir='ltr'>μοχθηρὰν</span> <span class='ocrx_word' id='word_1_181' title='bbox 1115 2321 1230 2382; x_wconf 83' lang='grc' dir='ltr'>τοῖς</span> <span class='ocrx_word' id='word_1_182' title='bbox 1273 2319 1404 2392; x_wconf 80' lang='grc' dir='ltr'>περὶ</span> <span class='ocrx_word' id='word_1_183' title='bbox 1451 2319 1708 2374; x_wconf 82' lang='grc' dir='ltr'>’Λκάκιον</span> <span class='ocrx_word' id='word_1_184' title='bbox 1753 2321 1848 2374; x_wconf 72' lang='grc' dir='ltr'>καὶ</span> 
     </span>
    </p>
   </div>
   <div class='ocr_carea' id='block_1_27' title="bbox 262 2401 1844 2478">
    <p class='ocr_par' dir='ltr' id='par_1_27' title="bbox 262 2401 1844 2478">
     <span class='ocr_line' id='line_1_27' title="bbox 262 2401 1844 2478; baseline -0.003 -16"><span class='ocrx_word' id='word_1_185' title='bbox 262 2408 564 2478; x_wconf 75' lang='grc' dir='ltr'>Ἀντίοχον,</span> <span class='ocrx_word' id='word_1_186' title='bbox 611 2403 886 2476; x_wconf 83' lang='grc' dir='ltr'>κρατῆσαι</span> <span class='ocrx_word' id='word_1_187' title='bbox 919 2403 1019 2474; x_wconf 80' lang='grc' dir='ltr'>τὴν</span> <span class='ocrx_word' id='word_1_188' title='bbox 1059 2401 1321 2473; x_wconf 73' lang='grc' dir='ltr'>Θεοφίλου</span> <span class='ocrx_word' id='word_1_189' title='bbox 1371 2403 1594 2474; x_wconf 85' lang='grc' dir='ltr'>ἄκριτον</span> <span class='ocrx_word' id='word_1_190' title='bbox 1642 2404 1844 2476; x_wconf 78' lang='grc' dir='ltr'>κρίσιν,</span> 
     </span>
    </p>
   </div>
   <div class='ocr_carea' id='block_1_28' title="bbox 249 2486 1844 2564">
    <p class='ocr_par' dir='ltr' id='par_1_28' title="bbox 249 2486 1844 2564">
     <span class='ocr_line' id='line_1_28' title="bbox 249 2486 1844 2564; baseline -0.004 -15"><span class='ocrx_word' id='word_1_191' title='bbox 249 2496 344 2550; x_wconf 79' lang='grc' dir='ltr'>καὶ</span> <span class='ocrx_word' id='word_1_192' title='bbox 383 2491 508 2564; x_wconf 84' lang='grc' dir='ltr'>μηδ’</span> <span class='ocrx_word' id='word_1_193' title='bbox 534 2491 672 2555; x_wconf 73' lang='grc' dir='ltr'>ὅλως</span> <span class='ocrx_word' id='word_1_194' title='bbox 711 2489 892 2542; x_wconf 86' lang='grc' dir='ltr'>δοῦναι</span> <span class='ocrx_word' id='word_1_195' title='bbox 937 2489 1102 2541; x_wconf 86' lang='grc' dir='ltr'>τόπον</span> <span class='ocrx_word' id='word_1_196' title='bbox 1142 2486 1441 2556; x_wconf 79' lang='grc' dir='ltr'>ἀπολογίας</span> <span class='ocrx_word' id='word_1_197' title='bbox 1482 2489 1561 2558; x_wconf 87' lang='grc' dir='ltr'>τῷ</span> <span class='ocrx_word' id='word_1_198' title='bbox 1603 2488 1844 2561; x_wconf 81' lang='grc' dir='ltr'>Ἰωάννῃ,</span> 
     </span>
    </p>
   </div>
   <div class='ocr_carea' id='block_1_29' title="bbox 248 2570 1847 2646">
    <p class='ocr_par' dir='ltr' id='par_1_29' title="bbox 248 2570 1847 2646">
     <span class='ocr_line' id='line_1_29' title="bbox 248 2570 1847 2646; baseline -0.004 -13"><span class='ocrx_word' id='word_1_199' title='bbox 248 2576 590 2646; x_wconf 74' lang='grc' dir='ltr'>δικαιολογία</span> <span class='ocrx_word' id='word_1_200' title='bbox 643 2578 711 2646; x_wconf 83' lang='grc' dir='ltr'>τῇ</span> <span class='ocrx_word' id='word_1_201' title='bbox 776 2573 884 2627; x_wconf 89' lang='grc' dir='ltr'>τῶν</span> <span class='ocrx_word' id='word_1_202' title='bbox 937 2572 1179 2626; x_wconf 85' lang='grc' dir='ltr'>κανόνων</span> <span class='ocrx_word' id='word_1_203' title='bbox 1247 2570 1357 2626; x_wconf 90' lang='grc' dir='ltr'>τῶν</span> <span class='ocrx_word' id='word_1_204' title='bbox 1423 2571 1530 2626; x_wconf 81' lang='grc' dir='ltr'>ὑπὸ</span> <span class='ocrx_word' id='word_1_205' title='bbox 1587 2571 1847 2642; x_wconf 85' lang='grc' dir='ltr'>Θεοφίλου</span> 
     </span>
    </p>
   </div>
   <div class='ocr_carea' id='block_1_30' title="bbox 247 2655 1851 2729">
    <p class='ocr_par' dir='ltr' id='par_1_30' title="bbox 247 2655 1851 2729">
     <span class='ocr_line' id='line_1_30' title="bbox 247 2655 1851 2729; baseline -0.003 -13"><span class='ocrx_word' id='word_1_206' title='bbox 247 2660 690 2722; x_wconf 79' lang='grc' dir='ltr'>ἀποσταλέντων,</span> <span class='ocrx_word' id='word_1_207' title='bbox 731 2656 826 2720; x_wconf 82' lang='grc' dir='ltr'>οὒς</span> <span class='ocrx_word' id='word_1_208' title='bbox 857 2657 1154 2710; x_wconf 83' lang='grc' dir='ltr'>ἐθέσπισαν</span> <span class='ocrx_word' id='word_1_209' title='bbox 1201 2655 1251 2708; x_wconf 90' lang='grc' dir='ltr'>οί</span> <span class='ocrx_word' id='word_1_210' title='bbox 1283 2656 1699 2729; x_wconf 87' lang='grc' dir='ltr'>τεσσαράκοντα</span> <span class='ocrx_word' id='word_1_211' title='bbox 1739 2655 1851 2712; x_wconf 90' lang='grc' dir='ltr'>τῶν</span> 
     </span>
    </p>
   </div>
   <div class='ocr_carea' id='block_1_31' title="bbox 261 2739 1848 2818">
    <p class='ocr_par' dir='ltr' id='par_1_31' title="bbox 261 2739 1848 2818">
     <span class='ocr_line' id='line_1_31' title="bbox 261 2739 1848 2818; baseline -0.003 -20"><span class='ocrx_word' id='word_1_212' title='bbox 261 2744 477 2818; x_wconf 83' lang='grc' dir='ltr'>Ἀρείου</span> <span class='ocrx_word' id='word_1_213' title='bbox 512 2739 866 2805; x_wconf 82' lang='grc' dir='ltr'>κοινωνικῶν,</span> <span class='ocrx_word' id='word_1_214' title='bbox 904 2740 1240 2812; x_wconf 68' lang='grc' dir='ltr'>γράψαντες·</span> <span class='ocrx_word' id='word_1_215' title='bbox 1271 2739 1342 2794; x_wconf 78' lang='grc' dir='ltr'><strong>Εἴ</strong></span> <span class='ocrx_word' id='word_1_216' title='bbox 1379 2757 1464 2804; x_wconf 90' lang='grc' dir='ltr'>τις</span> <span class='ocrx_word' id='word_1_217' title='bbox 1492 2741 1848 2813; x_wconf 87' lang='grc' dir='ltr'>ἐπίσκοποςῆ</span> 
     </span>
    </p>
   </div>
   <div class='ocr_carea' id='block_1_32' title="bbox 249 2821 1853 2900">
    <p class='ocr_par' dir='ltr' id='par_1_32' title="bbox 249 2821 1853 2900">
     <span class='ocr_line' id='line_1_32' title="bbox 249 2821 1853 2900; baseline -0.002 -18"><span class='ocrx_word' id='word_1_218' title='bbox 249 2827 646 2900; x_wconf 82' lang='grc' dir='ltr'>πρεσϐύτερος,</span> <span class='ocrx_word' id='word_1_219' title='bbox 681 2823 882 2888; x_wconf 84' lang='grc' dir='ltr'>ἀδίκως</span> <span class='ocrx_word' id='word_1_220' title='bbox 925 2824 958 2894; x_wconf 85' lang='grc' dir='ltr'>ἢ</span> <span class='ocrx_word' id='word_1_221' title='bbox 989 2823 1216 2888; x_wconf 79' lang='grc' dir='ltr'>δικαίως</span> <span class='ocrx_word' id='word_1_222' title='bbox 1251 2821 1624 2894; x_wconf 69' lang='grc' dir='ltr'>καθαιρεθεὶς,</span> <span class='ocrx_word' id='word_1_223' title='bbox 1672 2824 1853 2897; x_wconf 80' lang='grc' dir='ltr'>ἐαυτῷ</span> 
     </span>
    </p>
   </div>
   <div class='ocr_carea' id='block_1_33' title="bbox 249 2903 1852 2980">
    <p class='ocr_par' dir='ltr' id='par_1_33' title="bbox 249 2903 1852 2980">
     <span class='ocr_line' id='line_1_33' title="bbox 249 2903 1852 2980; baseline -0.003 -14"><span class='ocrx_word' id='word_1_224' title='bbox 249 2911 560 2966; x_wconf 83' lang='grc' dir='ltr'>ἐπεισέλθοι</span> <span class='ocrx_word' id='word_1_225' title='bbox 611 2909 734 2980; x_wconf 87' lang='grc' dir='ltr'>δίχα</span> <span class='ocrx_word' id='word_1_226' title='bbox 791 2903 1011 2962; x_wconf 88' lang='grc' dir='ltr'>συνόδου</span> <span class='ocrx_word' id='word_1_227' title='bbox 1070 2908 1150 2971; x_wconf 85' lang='grc' dir='ltr'>είς</span> <span class='ocrx_word' id='word_1_228' title='bbox 1196 2906 1296 2977; x_wconf 77' lang='grc' dir='ltr'>τὴν</span> <span class='ocrx_word' id='word_1_229' title='bbox 1354 2905 1708 2980; x_wconf 79' lang='grc' dir='ltr'>Ἐκκλησίαν,</span> <span class='ocrx_word' id='word_1_230' title='bbox 1759 2908 1852 2962; x_wconf 80' lang='grc' dir='ltr'>τὸν</span> 
     </span>
    </p>
   </div>
   <div class='ocr_carea' id='block_1_34' title="bbox 249 2989 1853 3066">
    <p class='ocr_par' dir='ltr' id='par_1_34' title="bbox 249 2989 1853 3066">
     <span class='ocr_line' id='line_1_34' title="bbox 249 2989 1853 3066; baseline -0.003 -17"><span class='ocrx_word' id='word_1_231' title='bbox 249 2995 492 3049; x_wconf 83' lang='grc' dir='ltr'>τοιοῦτον</span> <span class='ocrx_word' id='word_1_232' title='bbox 522 2993 719 3066; x_wconf 81' lang='grc' dir='ltr'>μηκέτι</span> <span class='ocrx_word' id='word_1_233' title='bbox 755 2991 898 3062; x_wconf 80' lang='grc' dir='ltr'>ἔχειν</span> <span class='ocrx_word' id='word_1_234' title='bbox 934 2989 1118 3062; x_wconf 87' lang='grc' dir='ltr'>χώραν</span> <span class='ocrx_word' id='word_1_235' title='bbox 1149 2989 1472 3058; x_wconf 80' lang='grc' dir='ltr'>ἀπολογίας,</span> <span class='ocrx_word' id='word_1_236' title='bbox 1502 2990 1643 3044; x_wconf 82' lang='grc' dir='ltr'>ἀλλὰ</span> <span class='ocrx_word' id='word_1_237' title='bbox 1669 2991 1853 3045; x_wconf 88' lang='grc' dir='ltr'>τέλεον</span> 
     </span>
    </p>
   </div>
   <div class='ocr_carea' id='block_1_35' title="bbox 251 3068 1854 3146">
    <p class='ocr_par' dir='ltr' id='par_1_35' title="bbox 251 3068 1854 3146">
     <span class='ocr_line' id='line_1_35' title="bbox 251 3068 1854 3146; baseline -0.005 -12"><span class='ocrx_word' id='word_1_238' title='bbox 251 3077 596 3145; x_wconf 82' lang='grc' dir='ltr'>ἐξωθεῖσθαι.</span> <span class='ocrx_word' id='word_1_239' title='bbox 627 3076 738 3131; x_wconf 74' lang='grc' dir='ltr'>Καὶ</span> <span class='ocrx_word' id='word_1_240' title='bbox 779 3068 934 3139; x_wconf 74' lang='grc' dir='ltr'>οὗτος</span> <span class='ocrx_word' id='word_1_241' title='bbox 971 3075 1069 3146; x_wconf 84' lang='grc' dir='ltr'>μὲν</span> <span class='ocrx_word' id='word_1_242' title='bbox 1110 3075 1139 3127; x_wconf 91' lang='lat'>6</span> <span class='ocrx_word' id='word_1_243' title='bbox 1175 3071 1357 3128; x_wconf 88' lang='grc' dir='ltr'>κανὼν</span> <span class='ocrx_word' id='word_1_244' title='bbox 1379 3115 1394 3140; x_wconf 94' lang='grc'>,</span> <span class='ocrx_word' id='word_1_245' title='bbox 1427 3073 1503 3138; x_wconf 84' lang='grc' dir='ltr'>ὡς</span> <span class='ocrx_word' id='word_1_246' title='bbox 1536 3075 1854 3144; x_wconf 87' lang='grc' dir='ltr'>παράνομος</span> 
     </span>
    </p>
   </div>
   <div class='ocr_carea' id='block_1_36' title="bbox 251 3157 1849 3232">
    <p class='ocr_par' dir='ltr' id='par_1_36' title="bbox 251 3157 1849 3232">
     <span class='ocr_line' id='line_1_36' title="bbox 251 3157 1849 3232; baseline -0.004 -15"><span class='ocrx_word' id='word_1_247' title='bbox 251 3163 360 3218; x_wconf 74' lang='grc' dir='ltr'>ὑπὸ</span> <span class='ocrx_word' id='word_1_248' title='bbox 395 3161 737 3232; x_wconf 88' lang='grc' dir='ltr'>παρανόμων</span> <span class='ocrx_word' id='word_1_249' title='bbox 790 3159 991 3223; x_wconf 76' lang='grc' dir='ltr'>τεθεὶς,</span> <span class='ocrx_word' id='word_1_250' title='bbox 1035 3157 1452 3229; x_wconf 77' lang='grc' dir='ltr'>ἐξωστρακίσθη</span> <span class='ocrx_word' id='word_1_251' title='bbox 1508 3159 1566 3211; x_wconf 89' lang='grc' dir='ltr'>ἐν</span> <span class='ocrx_word' id='word_1_252' title='bbox 1612 3157 1849 3229; x_wconf 82' lang='grc' dir='ltr'>Σαρδικῇ</span> 
     </span>
    </p>
   </div>
   <div class='ocr_carea' id='block_1_37' title="bbox 253 3241 1854 3318">
    <p class='ocr_par' dir='ltr' id='par_1_37' title="bbox 253 3241 1854 3318">
     <span class='ocr_line' id='line_1_37' title="bbox 253 3241 1854 3318; baseline -0.006 -14"><span class='ocrx_word' id='word_1_253' title='bbox 253 3249 360 3304; x_wconf 64' lang='grc' dir='ltr'>ὑπὸ</span> <span class='ocrx_word' id='word_1_254' title='bbox 397 3245 686 3318; x_wconf 87' lang='grc' dir='ltr'>Ῥωμαίων</span> <span class='ocrx_word' id='word_1_255' title='bbox 734 3245 831 3298; x_wconf 72' lang='grc' dir='ltr'>καὶ</span> <span class='ocrx_word' id='word_1_256' title='bbox 879 3243 1100 3298; x_wconf 84' lang='grc' dir='ltr'>Ἰταλῶν</span> <span class='ocrx_word' id='word_1_257' title='bbox 1141 3243 1234 3296; x_wconf 75' lang='grc' dir='ltr'>καὶ</span> <span class='ocrx_word' id='word_1_258' title='bbox 1274 3241 1544 3313; x_wconf 91' lang='grc' dir='ltr'>Ἰλλυρίων</span> <span class='ocrx_word' id='word_1_259' title='bbox 1593 3241 1688 3296; x_wconf 79' lang='grc' dir='ltr'>καὶ</span> <span class='ocrx_word' id='word_1_260' title='bbox 1739 3241 1854 3295; x_wconf 82' lang='grc' dir='ltr'>Μα-</span> 
     </span>
    </p>
   </div>
   <div class='ocr_carea' id='block_1_38' title="bbox 252 3321 1852 3395">
    <p class='ocr_par' dir='ltr' id='par_1_38' title="bbox 252 3321 1852 3395">
     <span class='ocr_line' id='line_1_38' title="bbox 252 3321 1852 3395; baseline -0.005 -8"><span class='ocrx_word' id='word_1_261' title='bbox 252 3331 493 3387; x_wconf 83' lang='grc' dir='ltr'>κεδόνων</span> <span class='ocrx_word' id='word_1_262' title='bbox 544 3330 640 3383; x_wconf 75' lang='grc' dir='ltr'>καὶ</span> <span class='ocrx_word' id='word_1_263' title='bbox 681 3326 1031 3391; x_wconf 83' lang='grc' dir='ltr'>Ἑλλαδικῶν,</span> <span class='ocrx_word' id='word_1_264' title='bbox 1071 3325 1148 3389; x_wconf 83' lang='grc' dir='ltr'>ὡς</span> <span class='ocrx_word' id='word_1_265' title='bbox 1197 3325 1399 3395; x_wconf 85' lang='grc' dir='ltr'>μᾶλλον</span> <span class='ocrx_word' id='word_1_266' title='bbox 1457 3323 1620 3388; x_wconf 85' lang='grc' dir='ltr'>αὐτὸς</span> <span class='ocrx_word' id='word_1_267' title='bbox 1676 3321 1852 3391; x_wconf 82' lang='grc' dir='ltr'>οἶσθα,</span> 
     </span>
    </p>
   </div>
   <div class='ocr_carea' id='block_1_39' title="bbox 256 3409 1856 3489">
    <p class='ocr_par' dir='ltr' id='par_1_39' title="bbox 256 3409 1856 3489">
     <span class='ocr_line' id='line_1_39' title="bbox 256 3409 1856 3489; baseline -0.003 -20"><span class='ocrx_word' id='word_1_268' title='bbox 256 3415 620 3489; x_wconf 85' lang='grc' dir='ltr'>μεγαλώνυμε</span> <span class='ocrx_word' id='word_1_269' title='bbox 670 3413 937 3485; x_wconf 85' lang='grc' dir='ltr'>Θεόδωρε,</span> <span class='ocrx_word' id='word_1_270' title='bbox 969 3412 1210 3483; x_wconf 85' lang='grc' dir='ltr'>ὁπηνίκα</span> <span class='ocrx_word' id='word_1_271' title='bbox 1252 3409 1506 3482; x_wconf 86' lang='grc' dir='ltr'>Λιϐέριος</span> <span class='ocrx_word' id='word_1_272' title='bbox 1551 3410 1586 3481; x_wconf 77' lang='grc' dir='ltr'>ἦ</span> <span class='ocrx_word' id='word_1_273' title='bbox 1640 3411 1856 3476; x_wconf 81' lang='grc' dir='ltr'>Ἰούλιος</span> 
     </span>
    </p>
   </div>
   <div class='ocr_carea' id='block_1_40' title="bbox 255 3493 1856 3570">
    <p class='ocr_par' dir='ltr' id='par_1_40' title="bbox 255 3493 1856 3570">
     <span class='ocr_line' id='line_1_40' title="bbox 255 3493 1856 3570; baseline -0.005 -14"><span class='ocrx_word' id='word_1_274' title='bbox 255 3503 352 3556; x_wconf 75' lang='grc' dir='ltr'>ἐπὶ</span> <span class='ocrx_word' id='word_1_275' title='bbox 403 3502 764 3564; x_wconf 78' lang='grc' dir='ltr'>Κώνσταντος</span> <span class='ocrx_word' id='word_1_276' title='bbox 819 3497 1088 3570; x_wconf 88' lang='grc' dir='ltr'>βασιλέως</span> <span class='ocrx_word' id='word_1_277' title='bbox 1139 3493 1359 3561; x_wconf 75' lang='grc' dir='ltr'>ἐδέξατο</span> <span class='ocrx_word' id='word_1_278' title='bbox 1408 3493 1501 3549; x_wconf 80' lang='grc' dir='ltr'>τὸν</span> <span class='ocrx_word' id='word_1_279' title='bbox 1539 3494 1856 3550; x_wconf 83' lang='grc' dir='ltr'>’Λθανάσιον</span> 
     </span>
    </p>
   </div>
   <div class='ocr_carea' id='block_1_41' title="bbox 257 3580 1857 3656">
    <p class='ocr_par' dir='ltr' id='par_1_41' title="bbox 257 3580 1857 3656">
     <span class='ocr_line' id='line_1_41' title="bbox 257 3580 1857 3656; baseline -0.002 -18"><span class='ocrx_word' id='word_1_280' title='bbox 257 3591 339 3654; x_wconf 78' lang='grc' dir='ltr'>είς</span> <span class='ocrx_word' id='word_1_281' title='bbox 380 3585 689 3652; x_wconf 86' lang='grc' dir='ltr'>κοινωνίαν,</span> <span class='ocrx_word' id='word_1_282' title='bbox 733 3585 828 3640; x_wconf 74' lang='grc' dir='ltr'>καὶ</span> <span class='ocrx_word' id='word_1_283' title='bbox 865 3583 1188 3656; x_wconf 82' lang='grc' dir='ltr'>Μάρκελλον</span> <span class='ocrx_word' id='word_1_284' title='bbox 1231 3583 1326 3635; x_wconf 74' lang='grc' dir='ltr'>τὸν</span> <span class='ocrx_word' id='word_1_285' title='bbox 1365 3581 1636 3653; x_wconf 85' lang='grc' dir='ltr'>Γαλάτην,</span> <span class='ocrx_word' id='word_1_286' title='bbox 1673 3581 1740 3635; x_wconf 84' lang='grc' dir='ltr'>δι’</span> <span class='ocrx_word' id='word_1_287' title='bbox 1765 3580 1857 3646; x_wconf 81' lang='grc' dir='ltr'>οὓς</span> 
     </span>
    </p>
   </div>
   <div class='ocr_carea' id='block_1_42' title="bbox 255 3665 1858 3738">
    <p class='ocr_par' dir='ltr' id='par_1_42' title="bbox 255 3665 1858 3738">
     <span class='ocr_line' id='line_1_42' title="bbox 255 3665 1858 3738; baseline -0.006 -10"><span class='ocrx_word' id='word_1_288' title='bbox 255 3675 354 3729; x_wconf 72' lang='grc' dir='ltr'>καὶ</span> <span class='ocrx_word' id='word_1_289' title='bbox 387 3673 417 3726; x_wconf 89' lang='lat'>6</span> <span class='ocrx_word' id='word_1_290' title='bbox 447 3669 632 3726; x_wconf 84' lang='grc' dir='ltr'>κανὼν</span> <span class='ocrx_word' id='word_1_291' title='bbox 670 3671 876 3733; x_wconf 87' lang='grc' dir='ltr'>ἐκεῖνος</span> <span class='ocrx_word' id='word_1_292' title='bbox 903 3667 1086 3738; x_wconf 88' lang='grc' dir='ltr'>ἐτέθη.</span> <span class='ocrx_word' id='word_1_293' title='bbox 1123 3666 1188 3721; x_wconf 85' lang='grc' dir='ltr'><strong>Ἦ</strong></span> <span class='ocrx_word' id='word_1_294' title='bbox 1219 3666 1403 3738; x_wconf 89' lang='grc' dir='ltr'>μέντοι</span> <span class='ocrx_word' id='word_1_295' title='bbox 1431 3665 1563 3730; x_wconf 79' lang='grc' dir='ltr'>δυὰς</span> <span class='ocrx_word' id='word_1_296' title='bbox 1591 3666 1702 3720; x_wconf 87' lang='grc' dir='ltr'>τῶν</span> <span class='ocrx_word' id='word_1_297' title='bbox 1729 3665 1858 3720; x_wconf 89' lang='grc' dir='ltr'>θαυ-</span> 
     </span>
    </p>
   </div>
   <div class='ocr_carea' id='block_1_43' title="bbox 259 3748 1858 3828">
    <p class='ocr_par' dir='ltr' id='par_1_43' title="bbox 259 3748 1858 3828">
     <span class='ocr_line' id='line_1_43' title="bbox 259 3748 1858 3828; baseline -0.005 -18"><span class='ocrx_word' id='word_1_298' title='bbox 259 3757 482 3828; x_wconf 87' lang='grc' dir='ltr'>μασίων.</span> <span class='ocrx_word' id='word_1_299' title='bbox 518 3755 624 3807; x_wconf 89' lang='grc' dir='ltr'>τῶν</span> <span class='ocrx_word' id='word_1_300' title='bbox 666 3752 796 3824; x_wconf 74' lang='grc' dir='ltr'>περὶ</span> <span class='ocrx_word' id='word_1_301' title='bbox 835 3749 1142 3822; x_wconf 83' lang='grc' dir='ltr'>Ἀμμώνιον</span> <span class='ocrx_word' id='word_1_302' title='bbox 1175 3751 1269 3803; x_wconf 74' lang='grc' dir='ltr'>καὶ</span> <span class='ocrx_word' id='word_1_303' title='bbox 1297 3749 1569 3815; x_wconf 89' lang='grc' dir='ltr'>Λεόντιον,</span> <span class='ocrx_word' id='word_1_304' title='bbox 1604 3748 1858 3820; x_wconf 86' lang='grc' dir='ltr'>συμπλα-</span> 
     </span>
    </p>
   </div>
   <div class='ocr_carea' id='block_1_44' title="bbox 259 3831 1860 3908">
    <p class='ocr_par' dir='ltr' id='par_1_44' title="bbox 259 3831 1860 3908">
     <span class='ocr_line' id='line_1_44' title="bbox 259 3831 1860 3908; baseline -0.006 -13"><span class='ocrx_word' id='word_1_305' title='bbox 259 3837 732 3908; x_wconf 76' lang='grc' dir='ltr'>κέντεςἈκακίῳ,</span> <span class='ocrx_word' id='word_1_306' title='bbox 765 3835 858 3896; x_wconf 71' lang='grc' dir='ltr'>καὶ</span> <span class='ocrx_word' id='word_1_307' title='bbox 873 3832 1151 3904; x_wconf 81' lang='grc' dir='ltr'>Ἀντιόχῳ,</span> <span class='ocrx_word' id='word_1_308' title='bbox 1183 3831 1278 3887; x_wconf 56' lang='grc' dir='ltr'>κοιλ⁵</span> <span class='ocrx_word' id='word_1_309' title='bbox 1307 3833 1530 3905; x_wconf 84' lang='grc' dir='ltr'>Κυρίνῳ</span> <span class='ocrx_word' id='word_1_310' title='bbox 1555 3832 1632 3904; x_wconf 76' lang='grc' dir='ltr'>τῷ</span> <span class='ocrx_word' id='word_1_311' title='bbox 1646 3831 1860 3902; x_wconf 86' lang='grc' dir='ltr'>Χαλκη-</span> 
     </span>
    </p>
   </div>
   <div class='ocr_carea' id='block_1_45' title="bbox 255 3911 1858 3990">
    <p class='ocr_par' dir='ltr' id='par_1_45' title="bbox 255 3911 1858 3990">
     <span class='ocr_line' id='line_1_45' title="bbox 255 3911 1858 3990; baseline -0.008 -11"><span class='ocrx_word' id='word_1_312' title='bbox 255 3923 434 3988; x_wconf 78' lang='grc' dir='ltr'>δόνος,</span> <span class='ocrx_word' id='word_1_313' title='bbox 489 3923 584 3975; x_wconf 76' lang='grc' dir='ltr'>καὶ</span> <span class='ocrx_word' id='word_1_314' title='bbox 631 3915 969 3990; x_wconf 79' lang='grc' dir='ltr'>Σευηριανῷ,</span> <span class='ocrx_word' id='word_1_315' title='bbox 1001 3911 1249 3986; x_wconf 73' lang='grc' dir='ltr'>εἰσῆλθον</span> <span class='ocrx_word' id='word_1_316' title='bbox 1312 3912 1446 3983; x_wconf 81' lang='grc' dir='ltr'>πρὸς</span> <span class='ocrx_word' id='word_1_317' title='bbox 1495 3913 1585 3965; x_wconf 79' lang='grc' dir='ltr'>τὸν</span> <span class='ocrx_word' id='word_1_318' title='bbox 1635 3912 1858 3982; x_wconf 79' lang='grc' dir='ltr'>βασιλέα</span> 
     </span>
    </p>
   </div>
   <div class='ocr_carea' id='block_1_46' title="bbox 259 3995 1855 4072">
    <p class='ocr_par' dir='ltr' id='par_1_46' title="bbox 259 3995 1855 4072">
     <span class='ocr_line' id='line_1_46' title="bbox 259 3995 1855 4072; baseline -0.008 -10"><span class='ocrx_word' id='word_1_319' title='bbox 259 4006 678 4072; x_wconf 81' lang='grc' dir='ltr'>ἀναδιδάξοντες</span> <span class='ocrx_word' id='word_1_320' title='bbox 719 3999 1080 4071; x_wconf 81' lang='grc' dir='ltr'>είσκληθῆναι</span> <span class='ocrx_word' id='word_1_321' title='bbox 1116 3995 1212 4050; x_wconf 89' lang='grc' dir='ltr'>τοῦ</span> <span class='ocrx_word' id='word_1_322' title='bbox 1246 3996 1448 4068; x_wconf 81' lang='grc' dir='ltr'>μέρους</span> <span class='ocrx_word' id='word_1_323' title='bbox 1474 3995 1570 4050; x_wconf 88' lang='grc' dir='ltr'>τοῦ</span> <span class='ocrx_word' id='word_1_324' title='bbox 1609 3997 1855 4050; x_wconf 84' lang='grc' dir='ltr'>Ἰωάννου</span> 
     </span>
    </p>
   </div>
   <div class='ocr_carea' id='block_1_47' title="bbox 255 4079 1858 4158">
    <p class='ocr_par' dir='ltr' id='par_1_47' title="bbox 255 4079 1858 4158">
     <span class='ocr_line' id='line_1_47' title="bbox 255 4079 1858 4158; baseline -0.009 -11"><span class='ocrx_word' id='word_1_325' title='bbox 255 4091 396 4147; x_wconf 81' lang='grc' dir='ltr'>δέκα</span> <span class='ocrx_word' id='word_1_326' title='bbox 452 4089 787 4150; x_wconf 84' lang='grc' dir='ltr'>ἐπισκόπους</span> <span class='ocrx_word' id='word_1_327' title='bbox 827 4081 1002 4158; x_wconf 78' lang='grc' dir='ltr'>(ἦσαν</span> <span class='ocrx_word' id='word_1_328' title='bbox 1047 4081 1104 4135; x_wconf 81' lang='grc' dir='ltr'>δὲ</span> <span class='ocrx_word' id='word_1_329' title='bbox 1154 4080 1376 4146; x_wconf 88' lang='grc' dir='ltr'>πλείους</span> <span class='ocrx_word' id='word_1_330' title='bbox 1427 4081 1536 4134; x_wconf 88' lang='grc' dir='ltr'>τῶν</span> <span class='ocrx_word' id='word_1_331' title='bbox 1584 4079 1858 4151; x_wconf 84' lang='grc' dir='ltr'>τεσσαρά-</span> 
     </span>
    </p>
   </div>
   <div class='ocr_carea' id='block_1_48' title="bbox 255 4163 1860 4246">
    <p class='ocr_par' dir='ltr' id='par_1_48' title="bbox 255 4163 1860 4246">
     <span class='ocr_line' id='line_1_48' title="bbox 255 4163 1860 4246; baseline -0.009 -17"><span class='ocrx_word' id='word_1_332' title='bbox 255 4175 472 4246; x_wconf 84' lang='grc' dir='ltr'>κοντα),</span> <span class='ocrx_word' id='word_1_333' title='bbox 506 4174 600 4225; x_wconf 75' lang='grc' dir='ltr'>ἐπὶ</span> <span class='ocrx_word' id='word_1_334' title='bbox 640 4170 898 4224; x_wconf 83' lang='grc' dir='ltr'>συστάσει</span> <span class='ocrx_word' id='word_1_335' title='bbox 936 4167 1046 4220; x_wconf 89' lang='grc' dir='ltr'>τῶν</span> <span class='ocrx_word' id='word_1_336' title='bbox 1073 4164 1340 4229; x_wconf 87' lang='grc' dir='ltr'>κανόνων,</span> <span class='ocrx_word' id='word_1_337' title='bbox 1372 4163 1480 4218; x_wconf 89' lang='grc' dir='ltr'>τῶν</span> <span class='ocrx_word' id='word_1_338' title='bbox 1513 4163 1613 4236; x_wconf 84' lang='grc' dir='ltr'>μὲν</span> <span class='ocrx_word' id='word_1_339' title='bbox 1651 4163 1860 4232; x_wconf 78' lang='grc' dir='ltr'>διισχυο</span> 
     </span>
    </p>
   </div>
   <div class='ocr_carea' id='block_1_49' title="bbox 259 4245 1860 4332">
    <p class='ocr_par' dir='ltr' id='par_1_49' title="bbox 259 4245 1860 4332">
     <span class='ocr_line' id='line_1_49' title="bbox 259 4245 1860 4332; baseline -0.007 -20"><span class='ocrx_word' id='word_1_340' title='bbox 259 4258 568 4332; x_wconf 85' lang='grc' dir='ltr'>ριζομένων</span> <span class='ocrx_word' id='word_1_341' title='bbox 601 4254 896 4330; x_wconf 76' lang='grc' dir='ltr'>ὀρθοδόξων</span> <span class='ocrx_word' id='word_1_342' title='bbox 929 4252 1130 4316; x_wconf 84' lang='grc' dir='ltr'>αὐτοὺς</span> <span class='ocrx_word' id='word_1_343' title='bbox 1167 4245 1330 4316; x_wconf 80' lang='grc' dir='ltr'>εἶναι,</span> <span class='ocrx_word' id='word_1_344' title='bbox 1364 4248 1474 4302; x_wconf 86' lang='grc' dir='ltr'>τῶν</span> <span class='ocrx_word' id='word_1_345' title='bbox 1525 4248 1584 4301; x_wconf 87' lang='grc' dir='ltr'>δέ</span> <span class='ocrx_word' id='word_1_346' title='bbox 1635 4248 1860 4332; x_wconf 80' lang='grc' dir='ltr'>ἀποδει-</span> 
     </span>
    </p>
   </div>
   <div class='ocr_carea' id='block_1_50' title="bbox 257 4331 1860 4409">
    <p class='ocr_par' dir='ltr' id='par_1_50' title="bbox 257 4331 1860 4409">
     <span class='ocr_line' id='line_1_50' title="bbox 257 4331 1860 4409; baseline -0.009 -11"><span class='ocrx_word' id='word_1_347' title='bbox 257 4331 539 4398; x_wconf 80' lang='grc' dir='ltr'>κνυόντων</span> <span class='ocrx_word' id='word_1_348' title='bbox 585 4340 782 4404; x_wconf 80' lang='grc' dir='ltr'>αὑτοὺς</span> <span class='ocrx_word' id='word_1_349' title='bbox 831 4334 1127 4409; x_wconf 79' lang='grc' dir='ltr'>’Ᾱρειανῶν</span> <span class='ocrx_word' id='word_1_350' title='bbox 1175 4334 1465 4404; x_wconf 81' lang='grc' dir='ltr'>ὑπάρχειν.</span> <span class='ocrx_word' id='word_1_351' title='bbox 1512 4331 1860 4396; x_wconf 87' lang='grc' dir='ltr'>Είσελθόντες</span> 
     </span>
    </p>
   </div>
   <div class='ocr_carea' id='block_1_51' title="bbox 257 4416 1858 4500">
    <p class='ocr_par' dir='ltr' id='par_1_51' title="bbox 257 4416 1858 4500">
     <span class='ocr_line' id='line_1_51' title="bbox 257 4416 1858 4500; baseline -0.008 -17"><span class='ocrx_word' id='word_1_352' title='bbox 257 4429 320 4483; x_wconf 82' lang='grc' dir='ltr'>δέ</span> <span class='ocrx_word' id='word_1_353' title='bbox 348 4430 399 4482; x_wconf 67' lang='lat' dir='ltr'><strong>oi</strong></span> <span class='ocrx_word' id='word_1_354' title='bbox 429 4427 559 4500; x_wconf 78' lang='grc' dir='ltr'>περὶ</span> <span class='ocrx_word' id='word_1_355' title='bbox 586 4425 679 4479; x_wconf 88' lang='grc' dir='ltr'>τδν</span> <span class='ocrx_word' id='word_1_356' title='bbox 709 4424 945 4496; x_wconf 87' lang='grc' dir='ltr'>γέροντα</span> <span class='ocrx_word' id='word_1_357' title='bbox 971 4421 1117 4492; x_wconf 78' lang='grc' dir='ltr'>ψυχῇ</span> <span class='ocrx_word' id='word_1_358' title='bbox 1150 4437 1208 4474; x_wconf 91' lang='grc' dir='ltr'>τε</span> <span class='ocrx_word' id='word_1_359' title='bbox 1245 4420 1340 4473; x_wconf 77' lang='grc' dir='ltr'>καὶ</span> <span class='ocrx_word' id='word_1_360' title='bbox 1375 4418 1537 4490; x_wconf 75' lang='grc' dir='ltr'>πολιᾷ</span> <span class='ocrx_word' id='word_1_361' title='bbox 1570 4416 1858 4482; x_wconf 87' lang='grc' dir='ltr'>Ἐλπίδιον,</span> 
     </span>
    </p>
   </div>
   <div class='ocr_carea' id='block_1_52' title="bbox 256 4501 1860 4590">
    <p class='ocr_par' dir='ltr' id='par_1_52' title="bbox 256 4501 1860 4590">
     <span class='ocr_line' id='line_1_52' title="bbox 256 4501 1860 4590; baseline -0.009 -21"><span class='ocrx_word' id='word_1_362' title='bbox 256 4515 354 4569; x_wconf 74' lang='grc' dir='ltr'>τὸν</span> <span class='ocrx_word' id='word_1_363' title='bbox 389 4511 710 4572; x_wconf 84' lang='grc' dir='ltr'>Λαοδικείας</span> <span class='ocrx_word' id='word_1_364' title='bbox 742 4509 841 4578; x_wconf 80' lang='grc' dir='ltr'>τῆς</span> <span class='ocrx_word' id='word_1_365' title='bbox 867 4507 1090 4590; x_wconf 81' lang='grc' dir='ltr'>Συρίας,</span> <span class='ocrx_word' id='word_1_366' title='bbox 1119 4507 1213 4560; x_wconf 77' lang='grc' dir='ltr'>καὶ</span> <span class='ocrx_word' id='word_1_367' title='bbox 1245 4503 1610 4590; x_wconf 15' lang='grc' dir='ltr'>Τραγκρύλιονᾲ.</span> <span class='ocrx_word' id='word_1_368' title='bbox 1642 4501 1860 4590; x_wconf 76' lang='grc' dir='ltr'>ἔπειθον</span> 
     </span>
    </p>
   </div>
   <div class='ocr_carea' id='block_1_53' title="bbox 261 4585 1861 4668">
    <p class='ocr_par' dir='ltr' id='par_1_53' title="bbox 261 4585 1861 4668">
     <span class='ocr_line' id='line_1_53' title="bbox 261 4585 1861 4668; baseline -0.006 -16"><span class='ocrx_word' id='word_1_369' title='bbox 261 4597 356 4652; x_wconf 73' lang='grc' dir='ltr'>τὸν</span> <span class='ocrx_word' id='word_1_370' title='bbox 396 4595 626 4668; x_wconf 79' lang='grc' dir='ltr'>βασιλέα</span> <span class='ocrx_word' id='word_1_371' title='bbox 667 4593 746 4664; x_wconf 80' lang='grc' dir='ltr'>μὴ</span> <span class='ocrx_word' id='word_1_372' title='bbox 771 4592 883 4646; x_wconf 82' lang='grc' dir='ltr'>δεῖν</span> <span class='ocrx_word' id='word_1_373' title='bbox 913 4585 1128 4658; x_wconf 82' lang='grc' dir='ltr'>ἀλόγως</span> <span class='ocrx_word' id='word_1_374' title='bbox 1159 4587 1520 4644; x_wconf 87' lang='grc' dir='ltr'>ἐκϐάλλεσθαι</span> <span class='ocrx_word' id='word_1_375' title='bbox 1552 4588 1644 4643; x_wconf 84' lang='grc' dir='ltr'>τὸν</span> <span class='ocrx_word' id='word_1_376' title='bbox 1681 4585 1861 4643; x_wconf 78' lang='grc' dir='ltr'>Ἰωάν-</span> 
     </span>
    </p>
   </div>
   <div class='ocr_carea' id='block_1_54' title="bbox 253 4669 1860 4753">
    <p class='ocr_par' dir='ltr' id='par_1_54' title="bbox 253 4669 1860 4753">
     <span class='ocr_line' id='line_1_54' title="bbox 253 4669 1860 4753; baseline -0.008 -18"><span class='ocrx_word' id='word_1_377' title='bbox 253 4701 388 4753; x_wconf 86' lang='grc' dir='ltr'>νην.</span> <span class='ocrx_word' id='word_1_378' title='bbox 429 4678 569 4734; x_wconf 84' lang='grc' dir='ltr'>Οῦτε</span> <span class='ocrx_word' id='word_1_379' title='bbox 599 4676 708 4748; x_wconf 87' lang='grc' dir='ltr'>γὰρ</span> <span class='ocrx_word' id='word_1_380' title='bbox 735 4675 798 4730; x_wconf 83' lang='grc' dir='ltr'>τὸ</span> <span class='ocrx_word' id='word_1_381' title='bbox 837 4673 1101 4744; x_wconf 84' lang='grc' dir='ltr'>πρότερον</span> <span class='ocrx_word' id='word_1_382' title='bbox 1143 4672 1473 4744; x_wconf 78' lang='grc' dir='ltr'>καθῄρηται,</span> <span class='ocrx_word' id='word_1_383' title='bbox 1509 4671 1624 4725; x_wconf 79' lang='grc' dir='ltr'>ἀλλ’</span> <span class='ocrx_word' id='word_1_384' title='bbox 1649 4669 1860 4741; x_wconf 79' lang='grc' dir='ltr'>ἐξώσθη</span> 
     </span>
    </p>
   </div>
   <div class='ocr_carea' id='block_1_55' title="bbox 258 4753 1861 4832">
    <p class='ocr_par' dir='ltr' id='par_1_55' title="bbox 258 4753 1861 4832">
     <span class='ocr_line' id='line_1_55' title="bbox 258 4753 1861 4832; baseline -0.002 -20"><span class='ocrx_word' id='word_1_385' title='bbox 258 4766 370 4822; x_wconf 70' lang='grc' dir='ltr'>ὑπὸ</span> <span class='ocrx_word' id='word_1_386' title='bbox 402 4763 497 4816; x_wconf 89' lang='grc' dir='ltr'>τοῦ</span> <span class='ocrx_word' id='word_1_387' title='bbox 535 4762 803 4832; x_wconf 82' lang='grc' dir='ltr'>κόμητος·</span> <span class='ocrx_word' id='word_1_388' title='bbox 833 4756 958 4812; x_wconf 75' lang='grc' dir='ltr'>οὔτε</span> <span class='ocrx_word' id='word_1_389' title='bbox 997 4756 1104 4829; x_wconf 78' lang='grc' dir='ltr'>μὴν</span> <span class='ocrx_word' id='word_1_390' title='bbox 1135 4755 1316 4828; x_wconf 85' lang='grc' dir='ltr'>ἐαυτῷ</span> <span class='ocrx_word' id='word_1_391' title='bbox 1346 4755 1694 4826; x_wconf 83' lang='grc' dir='ltr'>ἐπεισῆλθεν,</span> <span class='ocrx_word' id='word_1_392' title='bbox 1725 4753 1861 4808; x_wconf 83' lang='grc' dir='ltr'>ἀλλὰ</span> 
     </span>
    </p>
   </div>
   <div class='ocr_carea' id='block_1_56' title="bbox 259 4839 1952 4920">
    <p class='ocr_par' dir='ltr' id='par_1_56' title="bbox 259 4839 1952 4920">
     <span class='ocr_line' id='line_1_56' title="bbox 259 4839 1952 4920; baseline -0.006 -19"><span class='ocrx_word' id='word_1_393' title='bbox 259 4847 654 4920; x_wconf 77' lang='grc' dir='ltr'>προστάγματι</span> <span class='ocrx_word' id='word_1_394' title='bbox 685 4843 788 4914; x_wconf 78' lang='grc' dir='ltr'>τῆς</span> <span class='ocrx_word' id='word_1_395' title='bbox 825 4842 924 4912; x_wconf 85' lang='grc' dir='ltr'>σῆς</span> <span class='ocrx_word' id='word_1_396' title='bbox 968 4839 1273 4904; x_wconf 80' lang='grc' dir='ltr'>εὐσεϐείας,</span> <span class='ocrx_word' id='word_1_397' title='bbox 1313 4839 1564 4910; x_wconf 90' lang='grc' dir='ltr'>νοταρίου</span> <span class='ocrx_word' id='word_1_398' title='bbox 1614 4839 1860 4892; x_wconf 87' lang='grc' dir='ltr'>ἀποστα-</span> <span class='ocrx_word' id='word_1_399' title='bbox 1947 4887 1952 4890; x_wconf 88' lang='grc'>.</span> 
     </span>
    </p>
   </div>
   <div class='ocr_carea' id='block_1_57' title="bbox 250 4922 1864 4996">
    <p class='ocr_par' dir='ltr' id='par_1_57' title="bbox 250 4922 1864 4996">
     <span class='ocr_line' id='line_1_57' title="bbox 250 4922 1864 4996; baseline -0.008 -8"><span class='ocrx_word' id='word_1_400' title='bbox 250 4932 488 4996; x_wconf 75' lang='grc' dir='ltr'>λέντος·</span> <span class='ocrx_word' id='word_1_401' title='bbox 523 4928 620 4984; x_wconf 72' lang='grc' dir='ltr'>καὶ</span> <span class='ocrx_word' id='word_1_402' title='bbox 653 4926 748 4986; x_wconf 91' lang='grc' dir='ltr'>νῦν</span> <span class='ocrx_word' id='word_1_403' title='bbox 779 4925 838 4980; x_wconf 88' lang='grc' dir='ltr'>δέ</span> <span class='ocrx_word' id='word_1_404' title='bbox 875 4923 970 4988; x_wconf 82' lang='grc' dir='ltr'>οὓς</span> <span class='ocrx_word' id='word_1_405' title='bbox 1005 4923 1342 4996; x_wconf 77' lang='grc' dir='ltr'>προφέρουσι</span> <span class='ocrx_word' id='word_1_406' title='bbox 1379 4922 1632 4986; x_wconf 82' lang='grc' dir='ltr'>κανόνας,</span> <span class='ocrx_word' id='word_1_407' title='bbox 1663 4923 1864 4993; x_wconf 77' lang='grc' dir='ltr'>αἱρετι-</span> 
     </span>
    </p>
   </div>
   <div class='ocr_carea' id='block_1_58' title="bbox 251 5004 1864 5082">
    <p class='ocr_par' dir='ltr' id='par_1_58' title="bbox 251 5004 1864 5082">
     <span class='ocr_line' id='line_1_58' title="bbox 251 5004 1864 5082; baseline -0.007 -12"><span class='ocrx_word' id='word_1_408' title='bbox 251 5014 382 5070; x_wconf 86' lang='grc' dir='ltr'>κῶν</span> <span class='ocrx_word' id='word_1_409' title='bbox 410 5013 611 5082; x_wconf 73' lang='grc' dir='ltr'>αὐτοῦς</span> <span class='ocrx_word' id='word_1_410' title='bbox 631 5010 922 5080; x_wconf 87' lang='grc' dir='ltr'>δείκνυμεν</span> <span class='ocrx_word' id='word_1_411' title='bbox 946 5007 1124 5068; x_wconf 75' lang='grc' dir='ltr'>ὂντας.</span> <span class='ocrx_word' id='word_1_412' title='bbox 1157 5007 1242 5072; x_wconf 87' lang='grc' dir='ltr'>Ὠς</span> <span class='ocrx_word' id='word_1_413' title='bbox 1265 5005 1311 5058; x_wconf 69' lang='grc' dir='ltr'>δ’</span> <span class='ocrx_word' id='word_1_414' title='bbox 1335 5004 1630 5076; x_wconf 79' lang='grc' dir='ltr'>ἐπέμειναν</span> <span class='ocrx_word' id='word_1_415' title='bbox 1654 5005 1864 5060; x_wconf 76' lang='grc' dir='ltr'>ἄτακτα</span> 
     </span>
    </p>
   </div>
   <div class='ocr_carea' id='block_1_59' title="bbox 257 5089 1865 5173">
    <p class='ocr_par' dir='ltr' id='par_1_59' title="bbox 257 5089 1865 5173">
     <span class='ocr_line' id='line_1_59' title="bbox 257 5089 1865 5173; baseline -0.008 -19"><span class='ocrx_word' id='word_1_416' title='bbox 257 5095 710 5173; x_wconf 79' lang='grc' dir='ltr'>ζυγομαχοῦντες</span> <span class='ocrx_word' id='word_1_417' title='bbox 749 5096 798 5148; x_wconf 89' lang='grc' dir='ltr'>οἱ</span> <span class='ocrx_word' id='word_1_418' title='bbox 829 5092 969 5160; x_wconf 86' lang='grc' dir='ltr'>κατά</span> <span class='ocrx_word' id='word_1_419' title='bbox 1005 5089 1276 5155; x_wconf 79' lang='grc' dir='ltr'>Ἰωάννου,</span> <span class='ocrx_word' id='word_1_420' title='bbox 1308 5091 1358 5143; x_wconf 82' lang='grc' dir='ltr'>οί</span> <span class='ocrx_word' id='word_1_421' title='bbox 1393 5089 1491 5161; x_wconf 88' lang='grc' dir='ltr'>μὲν</span> <span class='ocrx_word' id='word_1_422' title='bbox 1517 5089 1865 5162; x_wconf 76' lang='grc' dir='ltr'>γεγωνοτέρᾳ</span> 
     </span>
    </p>
   </div>
   <div class='ocr_carea' id='block_1_60' title="bbox 260 5173 1862 5255">
    <p class='ocr_par' dir='ltr' id='par_1_60' title="bbox 260 5173 1862 5255">
     <span class='ocr_line' id='line_1_60' title="bbox 260 5173 1862 5255; baseline -0.007 -18"><span class='ocrx_word' id='word_1_423' title='bbox 260 5185 448 5255; x_wconf 73' lang='grc' dir='ltr'>φωνῇ,</span> <span class='ocrx_word' id='word_1_424' title='bbox 473 5181 527 5236; x_wconf 87' lang='grc' dir='ltr'>οἱ</span> <span class='ocrx_word' id='word_1_425' title='bbox 560 5181 618 5234; x_wconf 82' lang='grc' dir='ltr'>δέ</span> <span class='ocrx_word' id='word_1_426' title='bbox 665 5177 1024 5251; x_wconf 80' lang='grc' dir='ltr'>σεσοϐημένοι</span> <span class='ocrx_word' id='word_1_427' title='bbox 1061 5175 1302 5250; x_wconf 88' lang='grc' dir='ltr'>στέρνων</span> <span class='ocrx_word' id='word_1_428' title='bbox 1347 5175 1561 5246; x_wconf 80' lang='grc' dir='ltr'>κινήσει</span> <span class='ocrx_word' id='word_1_429' title='bbox 1610 5173 1862 5228; x_wconf 84' lang='grc' dir='ltr'>ἀνασειό-</span> 
     </span>
    </p>
   </div>
   <div class='ocr_carea' id='block_1_61' title="bbox 264 5257 1865 5340">
    <p class='ocr_par' dir='ltr' id='par_1_61' title="bbox 264 5257 1865 5340">
     <span class='ocr_line' id='line_1_61' title="bbox 264 5257 1865 5340; baseline -0.007 -18"><span class='ocrx_word' id='word_1_430' title='bbox 264 5285 427 5340; x_wconf 86' lang='grc' dir='ltr'>μενοι</span> <span class='ocrx_word' id='word_1_431' title='bbox 463 5264 674 5336; x_wconf 78' lang='grc' dir='ltr'>ἰταμῶς</span> <span class='ocrx_word' id='word_1_432' title='bbox 715 5264 809 5318; x_wconf 76' lang='grc' dir='ltr'>ἐπὶ</span> <span class='ocrx_word' id='word_1_433' title='bbox 841 5262 938 5317; x_wconf 89' lang='grc' dir='ltr'>τοῦ</span> <span class='ocrx_word' id='word_1_434' title='bbox 981 5261 1246 5334; x_wconf 82' lang='grc' dir='ltr'>βασιλέως</span> <span class='ocrx_word' id='word_1_435' title='bbox 1267 5275 1282 5290; x_wconf 90' lang='grc'>·</span> <span class='ocrx_word' id='word_1_436' title='bbox 1327 5257 1519 5330; x_wconf 80' lang='grc' dir='ltr'>πράως</span> <span class='ocrx_word' id='word_1_437' title='bbox 1545 5259 1574 5310; x_wconf 98' lang='lat'>6</span> <span class='ocrx_word' id='word_1_438' title='bbox 1605 5257 1865 5330; x_wconf 86' lang='grc' dir='ltr'>ἐνθεσμό-</span> 
     </span>
    </p>
   </div>
   <div class='ocr_carea' id='block_1_62' title="bbox 261 5340 1860 5419">
    <p class='ocr_par' dir='ltr' id='par_1_62' title="bbox 261 5340 1860 5419">
     <span class='ocr_line' id='line_1_62' title="bbox 261 5340 1860 5419; baseline 0.006 -13"><span class='ocrx_word' id='word_1_439' title='bbox 261 5367 435 5414; x_wconf 68' lang='lat' dir='ltr'>eam:</span> <span class='ocrx_word' id='word_1_440' title='bbox 484 5347 789 5412; x_wconf 78' lang='grc' dir='ltr'>Ἐλπίδιος,</span> <span class='ocrx_word' id='word_1_441' title='bbox 833 5345 1037 5419; x_wconf 75' lang='grc' dir='ltr'>μικρᾶς</span> <span class='ocrx_word' id='word_1_442' title='bbox 1091 5340 1548 5413; x_wconf 81' lang='grc' dir='ltr'>παραγενομένης</span> <span class='ocrx_word' id='word_1_443' title='bbox 1583 5341 1860 5414; x_wconf 74' lang='grc' dir='ltr'>γαλήνης.</span> 
     </span>
    </p>
   </div>
   <div class='ocr_carea' id='block_1_63' title="bbox 261 5424 1862 5508">
    <p class='ocr_par' dir='ltr' id='par_1_63' title="bbox 261 5424 1862 5508">
     <span class='ocr_line' id='line_1_63' title="bbox 261 5424 1862 5508; baseline -0.006 -19"><span class='ocrx_word' id='word_1_444' title='bbox 261 5435 444 5508; x_wconf 65' lang='grc' dir='ltr'>ἔφησε</span> <span class='ocrx_word' id='word_1_445' title='bbox 466 5433 546 5506; x_wconf 77' lang='grc' dir='ltr'>τῷ</span> <span class='ocrx_word' id='word_1_446' title='bbox 581 5431 826 5504; x_wconf 87' lang='grc' dir='ltr'>βασιλεῖ·</span> <span class='ocrx_word' id='word_1_447' title='bbox 857 5427 1112 5492; x_wconf 81' lang='grc' dir='ltr'>Βασιλεῦ,</span> <span class='ocrx_word' id='word_1_448' title='bbox 1149 5427 1223 5499; x_wconf 80' lang='grc' dir='ltr'>μὴ</span> <span class='ocrx_word' id='word_1_449' title='bbox 1257 5424 1575 5496; x_wconf 88' lang='grc' dir='ltr'>σκύλλωμεν</span> <span class='ocrx_word' id='word_1_450' title='bbox 1605 5425 1701 5479; x_wconf 75' lang='grc' dir='ltr'>ἐπὶ</span> <span class='ocrx_word' id='word_1_451' title='bbox 1728 5425 1862 5481; x_wconf 81' lang='grc' dir='ltr'>πολὺ</span> 
     </span>
    </p>
   </div>
   <div class='ocr_carea' id='block_1_64' title="bbox 259 5509 1863 5592">
    <p class='ocr_par' dir='ltr' id='par_1_64' title="bbox 259 5509 1863 5592">
     <span class='ocr_line' id='line_1_64' title="bbox 259 5509 1863 5592; baseline -0.006 -18"><span class='ocrx_word' id='word_1_452' title='bbox 259 5519 372 5592; x_wconf 75' lang='grc' dir='ltr'>τὴν</span> <span class='ocrx_word' id='word_1_453' title='bbox 415 5519 515 5590; x_wconf 76' lang='grc' dir='ltr'>σὴν</span> <span class='ocrx_word' id='word_1_454' title='bbox 559 5515 898 5590; x_wconf 81' lang='grc' dir='ltr'>ἡμερότητα,</span> <span class='ocrx_word' id='word_1_455' title='bbox 929 5512 1068 5568; x_wconf 81' lang='grc' dir='ltr'>ἀλλὰ</span> <span class='ocrx_word' id='word_1_456' title='bbox 1109 5512 1270 5566; x_wconf 90' lang='grc' dir='ltr'>τοῦτο</span> <span class='ocrx_word' id='word_1_457' title='bbox 1315 5509 1582 5580; x_wconf 82' lang='grc' dir='ltr'>γενέσθω·</span> <span class='ocrx_word' id='word_1_458' title='bbox 1617 5511 1863 5581; x_wconf 82' lang='grc' dir='ltr'>ὑπογρα-</span> 
     </span>
    </p>
   </div>
   <div class='ocr_carea' id='block_1_65' title="bbox 259 5594 1864 5676">
    <p class='ocr_par' dir='ltr' id='par_1_65' title="bbox 259 5594 1864 5676">
     <span class='ocr_line' id='line_1_65' title="bbox 259 5594 1864 5676; baseline -0.006 -17"><span class='ocrx_word' id='word_1_459' title='bbox 259 5603 533 5676; x_wconf 70' lang='grc' dir='ltr'>ψάτωσαν</span> <span class='ocrx_word' id='word_1_460' title='bbox 557 5602 610 5656; x_wconf 85' lang='grc' dir='ltr'>οἱ</span> <span class='ocrx_word' id='word_1_461' title='bbox 637 5599 766 5672; x_wconf 74' lang='grc' dir='ltr'>περὶ</span> <span class='ocrx_word' id='word_1_462' title='bbox 791 5598 884 5654; x_wconf 77' lang='grc' dir='ltr'>τὸν</span> <span class='ocrx_word' id='word_1_463' title='bbox 916 5596 1144 5666; x_wconf 74' lang='grc' dir='ltr'>ἀδελφὸν</span> <span class='ocrx_word' id='word_1_464' title='bbox 1177 5594 1431 5650; x_wconf 84' lang='grc' dir='ltr'>Ἀκάκιον</span> <span class='ocrx_word' id='word_1_465' title='bbox 1462 5594 1556 5648; x_wconf 74' lang='grc' dir='ltr'>καὶ</span> <span class='ocrx_word' id='word_1_466' title='bbox 1591 5594 1864 5665; x_wconf 83' lang='grc' dir='ltr'>Ἀντίοχον</span> 
     </span>
    </p>
   </div>
   <div class='ocr_carea' id='block_1_66' title="bbox 263 5678 1863 5758">
    <p class='ocr_par' dir='ltr' id='par_1_66' title="bbox 263 5678 1863 5758">
     <span class='ocr_line' id='line_1_66' title="bbox 263 5678 1863 5758; baseline -0.008 -17"><span class='ocrx_word' id='word_1_467' title='bbox 263 5686 364 5752; x_wconf 72' lang='grc' dir='ltr'>οὓς</span> <span class='ocrx_word' id='word_1_468' title='bbox 435 5683 834 5758; x_wconf 84' lang='grc' dir='ltr'>προϐάλλονται</span> <span class='ocrx_word' id='word_1_469' title='bbox 880 5682 956 5746; x_wconf 88' lang='grc' dir='ltr'>ὼς</span> <span class='ocrx_word' id='word_1_470' title='bbox 1003 5679 1300 5751; x_wconf 78' lang='grc' dir='ltr'>ὀρθοδόξων</span> <span class='ocrx_word' id='word_1_471' title='bbox 1343 5678 1594 5741; x_wconf 86' lang='grc' dir='ltr'>κανόνας,</span> <span class='ocrx_word' id='word_1_472' title='bbox 1637 5678 1720 5730; x_wconf 83' lang='grc' dir='ltr'>ὅτι</span> <span class='ocrx_word' id='word_1_473' title='bbox 1750 5679 1863 5750; x_wconf 80' lang='grc' dir='ltr'>Τῆς</span> 
     </span>
    </p>
   </div>
   <div class='ocr_carea' id='block_1_67' title="bbox 267 5761 1862 5842">
    <p class='ocr_par' dir='ltr' id='par_1_67' title="bbox 267 5761 1862 5842">
     <span class='ocr_line' id='line_1_67' title="bbox 267 5761 1862 5842; baseline -0.008 -13"><span class='ocrx_word' id='word_1_474' title='bbox 267 5770 507 5838; x_wconf 73' lang='grc' dir='ltr'>πίστεώς</span> <span class='ocrx_word' id='word_1_475' title='bbox 537 5771 710 5842; x_wconf 86' lang='grc' dir='ltr'>ἐσμεν</span> <span class='ocrx_word' id='word_1_476' title='bbox 749 5766 856 5820; x_wconf 84' lang='grc' dir='ltr'>τῶν</span> <span class='ocrx_word' id='word_1_477' title='bbox 893 5763 1205 5836; x_wconf 74' lang='grc' dir='ltr'>ἐκθεμένων</span> <span class='ocrx_word' id='word_1_478' title='bbox 1239 5761 1462 5826; x_wconf 72' lang='grc' dir='ltr'>αὐτοὺς,</span> <span class='ocrx_word' id='word_1_479' title='bbox 1511 5763 1602 5816; x_wconf 71' lang='grc' dir='ltr'>καὶ</span> <span class='ocrx_word' id='word_1_480' title='bbox 1647 5761 1862 5818; x_wconf 85' lang='grc' dir='ltr'>λέλυται</span> 
     </span>
    </p>
   </div>
   <div class='ocr_carea' id='block_1_68' title="bbox 1955 405 3550 499">
    <p class='ocr_par' dir='ltr' id='par_1_68' title="bbox 1955 405 3550 499">
     <span class='ocr_line' id='line_1_68' title="bbox 1955 405 3550 499; baseline 0.016 -43"><span class='ocrx_word' id='word_1_481' title='bbox 1955 405 2084 497; x_wconf 63' lang='grc' dir='ltr'>ἡμῖν</span> <span class='ocrx_word' id='word_1_482' title='bbox 2125 407 2162 480; x_wconf 76' lang='grc' dir='ltr'><strong>ἡ</strong></span> <span class='ocrx_word' id='word_1_483' title='bbox 2189 407 2510 499; x_wconf 67' lang='grc' dir='ltr'>ἀμφιϐολία.</span> <span class='ocrx_word' id='word_1_484' title='bbox 2535 411 2808 499; x_wconf 40' lang='grc' dir='ltr'>-Προσχςον</span> <span class='ocrx_word' id='word_1_485' title='bbox 2843 413 2903 469; x_wconf 71' lang='grc' dir='ltr'>δέ</span> <span class='ocrx_word' id='word_1_486' title='bbox 2939 417 2970 470; x_wconf 85' lang='grc' dir='ltr'>ὁ</span> <span class='ocrx_word' id='word_1_487' title='bbox 3002 415 3252 499; x_wconf 78' lang='grc' dir='ltr'>βασιλεὺς</span> <span class='ocrx_word' id='word_1_488' title='bbox 3282 423 3363 494; x_wconf 85' lang='grc' dir='ltr'>τῷ</span> <span class='ocrx_word' id='word_1_489' title='bbox 3389 423 3550 499; x_wconf 70' lang='grc' dir='ltr'>ἁπλῷ</span> 
     </span>
    </p>
   </div>
   <div class='ocr_carea' id='block_1_69' title="bbox 1948 489 3544 578">
    <p class='ocr_par' dir='ltr' id='par_1_69' title="bbox 1948 489 3544 578">
     <span class='ocr_line' id='line_1_69' title="bbox 1948 489 3544 578; baseline 0.014 -39"><span class='ocrx_word' id='word_1_490' title='bbox 1948 489 2490 578; x_wconf 35' lang='grc' dir='ltr'>τοῦ-προϐλήματος,</span> <span class='ocrx_word' id='word_1_491' title='bbox 2526 495 2923 578; x_wconf 79' lang='grc' dir='ltr'>ὑπομειδιάσας</span> <span class='ocrx_word' id='word_1_492' title='bbox 2972 495 3094 552; x_wconf 78' lang='grc' dir='ltr'>εἶπε</span> <span class='ocrx_word' id='word_1_493' title='bbox 3135 503 3216 572; x_wconf 80' lang='grc' dir='ltr'>τῷ</span> <span class='ocrx_word' id='word_1_494' title='bbox 3249 489 3544 578; x_wconf 49' lang='grc' dir='ltr'>Ἀντιόχῳ·</span> 
     </span>
    </p>
   </div>
   <div class='ocr_carea' id='block_1_70' title="bbox 1951 571 3548 650">
    <p class='ocr_par' dir='ltr' id='par_1_70' title="bbox 1951 571 3548 650">
     <span class='ocr_line' id='line_1_70' title="bbox 1951 571 3548 650; baseline 0.014 -28"><span class='ocrx_word' id='word_1_495' title='bbox 1951 571 2120 629; x_wconf 78' lang='grc' dir='ltr'>Οὐδὲν</span> <span class='ocrx_word' id='word_1_496' title='bbox 2149 573 2356 628; x_wconf 87' lang='grc' dir='ltr'>τούτων</span> <span class='ocrx_word' id='word_1_497' title='bbox 2387 572 2848 650; x_wconf 83' lang='grc' dir='ltr'>λυσιτελέστερον.</span> <span class='ocrx_word' id='word_1_498' title='bbox 2875 575 2986 636; x_wconf 71' lang='grc' dir='ltr'>τΗν</span> <span class='ocrx_word' id='word_1_499' title='bbox 3003 581 3047 636; x_wconf 79' lang='grc' dir='ltr'>δ’</span> <span class='ocrx_word' id='word_1_500' title='bbox 3077 583 3169 637; x_wconf 76' lang='grc' dir='ltr'>ἐπὶ</span> <span class='ocrx_word' id='word_1_501' title='bbox 3188 571 3548 647; x_wconf 19' lang='grc' dir='ltr'>ίπάντωνττῶν</span> 
     </span>
    </p>
   </div>
   <div class='ocr_carea' id='block_1_71' title="bbox 1949 657 3545 739">
    <p class='ocr_par' dir='ltr' id='par_1_71' title="bbox 1949 657 3545 739">
     <span class='ocr_line' id='line_1_71' title="bbox 1949 657 3545 739; baseline 0.013 -32"><span class='ocrx_word' id='word_1_502' title='bbox 1949 657 2333 729; x_wconf 86' lang='grc' dir='ltr'>γεγενημένων</span> <span class='ocrx_word' id='word_1_503' title='bbox 2357 658 2594 723; x_wconf 82' lang='grc' dir='ltr'>ἀναίτιος</span> <span class='ocrx_word' id='word_1_504' title='bbox 2613 664 2642 715; x_wconf 88' lang='grc' dir='ltr'>ό</span> <span class='ocrx_word' id='word_1_505' title='bbox 2667 659 2942 732; x_wconf 81' lang='grc' dir='ltr'>βασιλεὺς,</span> <span class='ocrx_word' id='word_1_506' title='bbox 2977 663 3152 720; x_wconf 72' lang='grc' dir='ltr'>ἄλλων</span> <span class='ocrx_word' id='word_1_507' title='bbox 3187 671 3545 739; x_wconf 77' lang='grc' dir='ltr'>μεταποιοῦν-</span> 
     </span>
    </p>
   </div>
   <div class='ocr_carea' id='block_1_72' title="bbox 1946 740 3544 824">
    <p class='ocr_par' dir='ltr' id='par_1_72' title="bbox 1946 740 3544 824">
     <span class='ocr_line' id='line_1_72' title="bbox 1946 740 3544 824; baseline 0.012 -32"><span class='ocrx_word' id='word_1_508' title='bbox 1946 757 2057 792; x_wconf 88' lang='grc' dir='ltr'>των</span> <span class='ocrx_word' id='word_1_509' title='bbox 2131 740 2200 796; x_wconf 67' lang='grc' dir='ltr'>τά</span> <span class='ocrx_word' id='word_1_510' title='bbox 2265 741 2447 805; x_wconf 89' lang='grc' dir='ltr'>καλῶς</span> <span class='ocrx_word' id='word_1_511' title='bbox 2495 745 2874 816; x_wconf 85' lang='grc' dir='ltr'>τετυπωμένα.</span> <span class='ocrx_word' id='word_1_512' title='bbox 2954 747 3375 818; x_wconf 72' lang='grc' dir='ltr'>’ἰλιγγιάσαντες</span> <span class='ocrx_word' id='word_1_513' title='bbox 3418 752 3544 824; x_wconf 83' lang='grc' dir='ltr'>οὖν,</span> 
     </span>
    </p>
   </div>
   <div class='ocr_carea' id='block_1_73' title="bbox 1949 824 3542 909">
    <p class='ocr_par' dir='ltr' id='par_1_73' title="bbox 1949 824 3542 909">
     <span class='ocr_line' id='line_1_73' title="bbox 1949 824 3542 909; baseline 0.011 -33"><span class='ocrx_word' id='word_1_514' title='bbox 1949 825 2045 909; x_wconf 69' lang='grc' dir='ltr'>καέ</span> <span class='ocrx_word' id='word_1_515' title='bbox 2079 825 2173 909; x_wconf 81' lang='grc' dir='ltr'>εἰς</span> <span class='ocrx_word' id='word_1_516' title='bbox 2203 824 2470 898; x_wconf 75' lang='grc' dir='ltr'>ἀλλήλους</span> <span class='ocrx_word' id='word_1_517' title='bbox 2520 827 2856 900; x_wconf 85' lang='grc' dir='ltr'>ἐλιττόμενοι</span> <span class='ocrx_word' id='word_1_518' title='bbox 2903 831 2954 883; x_wconf 84' lang='grc' dir='ltr'>οἱ</span> <span class='ocrx_word' id='word_1_519' title='bbox 3008 834 3138 903; x_wconf 75' lang='grc' dir='ltr'>περὶ</span> <span class='ocrx_word' id='word_1_520' title='bbox 3191 836 3542 909; x_wconf 76' lang='grc' dir='ltr'>Σευηριανὸν,</span> 
     </span>
    </p>
   </div>
   <div class='ocr_carea' id='block_1_74' title="bbox 1949 905 3544 992">
    <p class='ocr_par' dir='ltr' id='par_1_74' title="bbox 1949 905 3544 992">
     <span class='ocr_line' id='line_1_74' title="bbox 1949 905 3544 992; baseline 0.01 -30"><span class='ocrx_word' id='word_1_521' title='bbox 1949 905 2206 992; x_wconf 74' lang='grc' dir='ltr'>καθάπερ</span> <span class='ocrx_word' id='word_1_522' title='bbox 2229 909 2462 964; x_wconf 81' lang='grc' dir='ltr'>ἄτακτον</span> <span class='ocrx_word' id='word_1_523' title='bbox 2489 909 2654 982; x_wconf 77' lang='grc' dir='ltr'>ὕδωρ,</span> <span class='ocrx_word' id='word_1_524' title='bbox 2683 912 2778 966; x_wconf 86' lang='grc' dir='ltr'>ἐπί</span> <span class='ocrx_word' id='word_1_525' title='bbox 2806 931 2864 966; x_wconf 86' lang='grc' dir='ltr'>τε</span> <span class='ocrx_word' id='word_1_526' title='bbox 2897 913 2978 984; x_wconf 85' lang='grc' dir='ltr'>τῷ</span> <span class='ocrx_word' id='word_1_527' title='bbox 3006 916 3284 988; x_wconf 88' lang='grc' dir='ltr'>φρονίμως</span> <span class='ocrx_word' id='word_1_528' title='bbox 3319 905 3544 992; x_wconf 25' lang='grc' dir='ltr'>*ῥηθέντι</span> 
     </span>
    </p>
   </div>
   <div class='ocr_carea' id='block_1_75' title="bbox 1947 991 3548 1074">
    <p class='ocr_par' dir='ltr' id='par_1_75' title="bbox 1947 991 3548 1074">
     <span class='ocr_line' id='line_1_75' title="bbox 1947 991 3548 1074; baseline 0.01 -31"><span class='ocrx_word' id='word_1_529' title='bbox 1947 991 2044 1044; x_wconf 74' lang='grc' dir='ltr'>καὶ</span> <span class='ocrx_word' id='word_1_530' title='bbox 2075 993 2170 1044; x_wconf 74' lang='grc' dir='ltr'>ἐπὶ</span> <span class='ocrx_word' id='word_1_531' title='bbox 2199 995 2266 1063; x_wconf 84' lang='grc' dir='ltr'>τῇ</span> <span class='ocrx_word' id='word_1_532' title='bbox 2299 993 2394 1046; x_wconf 87' lang='grc' dir='ltr'>τοῦ</span> <span class='ocrx_word' id='word_1_533' title='bbox 2425 993 2692 1064; x_wconf 86' lang='grc' dir='ltr'>βασιλέως</span> <span class='ocrx_word' id='word_1_534' title='bbox 2732 995 2934 1068; x_wconf 88' lang='grc' dir='ltr'>κρίσει,</span> <span class='ocrx_word' id='word_1_535' title='bbox 2963 991 3548 1074; x_wconf 76' lang='grc' dir='ltr'>κατεσχέθησανάφα-</span> 
     </span>
    </p>
   </div>
   <div class='ocr_carea' id='block_1_76' title="bbox 1949 1075 3546 1158">
    <p class='ocr_par' dir='ltr' id='par_1_76' title="bbox 1949 1075 3546 1158">
     <span class='ocr_line' id='line_1_76' title="bbox 1949 1075 3546 1158; baseline 0.009 -31"><span class='ocrx_word' id='word_1_536' title='bbox 1949 1075 2064 1148; x_wconf 76' lang='grc' dir='ltr'>σία,</span> <span class='ocrx_word' id='word_1_537' title='bbox 2098 1077 2193 1130; x_wconf 70' lang='grc' dir='ltr'>ἐπὶ</span> <span class='ocrx_word' id='word_1_538' title='bbox 2223 1077 2285 1129; x_wconf 85' lang='grc' dir='ltr'>τὺ</span> <span class='ocrx_word' id='word_1_539' title='bbox 2340 1077 2720 1150; x_wconf 83' lang='grc' dir='ltr'>πελιδνότερον</span> <span class='ocrx_word' id='word_1_540' title='bbox 2757 1079 3157 1150; x_wconf 88' lang='grc' dir='ltr'>μεταϐαλόντες</span> <span class='ocrx_word' id='word_1_541' title='bbox 3207 1084 3388 1140; x_wconf 82' lang='grc' dir='ltr'>αὐτῶν</span> <span class='ocrx_word' id='word_1_542' title='bbox 3441 1088 3546 1158; x_wconf 77' lang='grc' dir='ltr'>τὴν</span> 
     </span>
    </p>
   </div>
   <div class='ocr_carea' id='block_1_77' title="bbox 1953 1161 3543 1240">
    <p class='ocr_par' dir='ltr' id='par_1_77' title="bbox 1953 1161 3543 1240">
     <span class='ocr_line' id='line_1_77' title="bbox 1953 1161 3543 1240; baseline 0.007 -27"><span class='ocrx_word' id='word_1_543' title='bbox 1953 1161 2172 1234; x_wconf 77' lang='grc' dir='ltr'>μορφήν</span> <span class='ocrx_word' id='word_1_544' title='bbox 2193 1177 2208 1192; x_wconf 89' lang='grc'>·</span> <span class='ocrx_word' id='word_1_545' title='bbox 2245 1163 2398 1232; x_wconf 85' lang='grc' dir='ltr'>ὅμως</span> <span class='ocrx_word' id='word_1_546' title='bbox 2433 1161 2541 1215; x_wconf 82' lang='grc' dir='ltr'>ὑπὸ</span> <span class='ocrx_word' id='word_1_547' title='bbox 2567 1163 2666 1234; x_wconf 83' lang='grc' dir='ltr'>τῆς</span> <span class='ocrx_word' id='word_1_548' title='bbox 2707 1163 2956 1236; x_wconf 76' lang='grc' dir='ltr'>ἀνάγκης</span> <span class='ocrx_word' id='word_1_549' title='bbox 2984 1163 3080 1218; x_wconf 82' lang='grc' dir='ltr'>τοῦ</span> <span class='ocrx_word' id='word_1_550' title='bbox 3110 1165 3276 1220; x_wconf 83' lang='grc' dir='ltr'>τόπου</span> <span class='ocrx_word' id='word_1_551' title='bbox 3312 1171 3543 1240; x_wconf 84' lang='grc' dir='ltr'>σφιγγό-</span> 
     </span>
    </p>
   </div>
   <div class='ocr_carea' id='block_1_78' title="bbox 1951 1244 3546 1320">
    <p class='ocr_par' dir='ltr' id='par_1_78' title="bbox 1951 1244 3546 1320">
     <span class='ocr_line' id='line_1_78' title="bbox 1951 1244 3546 1320; baseline 0.006 -24"><span class='ocrx_word' id='word_1_552' title='bbox 1951 1259 2124 1314; x_wconf 89' lang='grc' dir='ltr'>μενοι,</span> <span class='ocrx_word' id='word_1_553' title='bbox 2165 1244 2558 1315; x_wconf 87' lang='grc' dir='ltr'>ὑπισχνοῦνται</span> <span class='ocrx_word' id='word_1_554' title='bbox 2591 1245 2686 1298; x_wconf 76' lang='grc' dir='ltr'>καὶ</span> <span class='ocrx_word' id='word_1_555' title='bbox 2709 1247 2934 1312; x_wconf 78' lang='grc' dir='ltr'>ἄκοντες</span> <span class='ocrx_word' id='word_1_556' title='bbox 2975 1247 3313 1320; x_wconf 69' lang='grc' dir='ltr'>ὑπογράψαι.</span> <span class='ocrx_word' id='word_1_557' title='bbox 3343 1245 3546 1318; x_wconf 79' lang='grc' dir='ltr'>Ὀὕτως</span> 
     </span>
    </p>
   </div>
   <div class='ocr_carea' id='block_1_79' title="bbox 1947 1327 3546 1404">
    <p class='ocr_par' dir='ltr' id='par_1_79' title="bbox 1947 1327 3546 1404">
     <span class='ocr_line' id='line_1_79' title="bbox 1947 1327 3546 1404; baseline 0.004 -22"><span class='ocrx_word' id='word_1_558' title='bbox 1947 1327 2290 1394; x_wconf 78' lang='grc' dir='ltr'>ἐξελθόντες,</span> <span class='ocrx_word' id='word_1_559' title='bbox 2341 1329 2438 1400; x_wconf 82' lang='grc' dir='ltr'>τὴν</span> <span class='ocrx_word' id='word_1_560' title='bbox 2493 1329 2594 1402; x_wconf 84' lang='grc' dir='ltr'>μὲν</span> <span class='ocrx_word' id='word_1_561' title='bbox 2649 1331 2942 1402; x_wconf 76' lang='grc' dir='ltr'>ὑπόσχεσιν</span> <span class='ocrx_word' id='word_1_562' title='bbox 2998 1333 3064 1385; x_wconf 82' lang='grc' dir='ltr'>οὑ</span> <span class='ocrx_word' id='word_1_563' title='bbox 3115 1331 3416 1404; x_wconf 77' lang='grc' dir='ltr'>πληροῦσιν</span> <span class='ocrx_word' id='word_1_564' title='bbox 3468 1336 3546 1401; x_wconf 79' lang='grc' dir='ltr'>ὡς</span> 
     </span>
    </p>
   </div>
   <div class='ocr_carea' id='block_1_80' title="bbox 1946 1407 3548 1488">
    <p class='ocr_par' dir='ltr' id='par_1_80' title="bbox 1946 1407 3548 1488">
     <span class='ocr_line' id='line_1_80' title="bbox 1946 1407 3548 1488; baseline 0.006 -25"><span class='ocrx_word' id='word_1_565' title='bbox 1946 1410 2250 1482; x_wconf 86' lang='grc' dir='ltr'>ἀϐούλητον</span> <span class='ocrx_word' id='word_1_566' title='bbox 2277 1407 2466 1476; x_wconf 80' lang='grc' dir='ltr'>οὖσαν,</span> <span class='ocrx_word' id='word_1_567' title='bbox 2495 1413 2798 1478; x_wconf 83' lang='grc' dir='ltr'>δεδοικότες</span> <span class='ocrx_word' id='word_1_568' title='bbox 2832 1415 2932 1486; x_wconf 83' lang='grc' dir='ltr'>τὴν</span> <span class='ocrx_word' id='word_1_569' title='bbox 2963 1409 3155 1487; x_wconf 76' lang='grc' dir='ltr'>ἧτταν,</span> <span class='ocrx_word' id='word_1_570' title='bbox 3190 1416 3548 1488; x_wconf 84' lang='grc' dir='ltr'>ἐμηχανῶντο</span> 
     </span>
    </p>
   </div>
   <div class='ocr_carea' id='block_1_81' title="bbox 1946 1493 3546 1569">
    <p class='ocr_par' dir='ltr' id='par_1_81' title="bbox 1946 1493 3546 1569">
     <span class='ocr_line' id='line_1_81' title="bbox 1946 1493 3546 1569; baseline 0.003 -20"><span class='ocrx_word' id='word_1_571' title='bbox 1946 1493 2004 1549; x_wconf 87' lang='grc' dir='ltr'>δέ</span> <span class='ocrx_word' id='word_1_572' title='bbox 2038 1495 2180 1567; x_wconf 84' lang='grc' dir='ltr'>ποίῳ</span> <span class='ocrx_word' id='word_1_573' title='bbox 2213 1496 2404 1568; x_wconf 82' lang='grc' dir='ltr'>τρόπῳ</span> <span class='ocrx_word' id='word_1_574' title='bbox 2450 1497 2662 1568; x_wconf 52' lang='lat' dir='ltr'>gemma</span> <span class='ocrx_word' id='word_1_575' title='bbox 2713 1501 2742 1552; x_wconf 88' lang='lat'>6</span> <span class='ocrx_word' id='word_1_576' title='bbox 2784 1498 3059 1569; x_wconf 88' lang='grc' dir='ltr'>Ἰωάννης.</span> <span class='ocrx_word' id='word_1_577' title='bbox 3109 1499 3329 1553; x_wconf 82' lang='grc' dir='ltr'>Τούτων</span> <span class='ocrx_word' id='word_1_578' title='bbox 3371 1499 3546 1564; x_wconf 82' lang='grc' dir='ltr'>οὑτως</span> 
     </span>
    </p>
   </div>
   <div class='ocr_carea' id='block_1_82' title="bbox 1947 1578 3546 1656">
    <p class='ocr_par' dir='ltr' id='par_1_82' title="bbox 1947 1578 3546 1656">
     <span class='ocr_line' id='line_1_82' title="bbox 1947 1578 3546 1656; baseline 0.002 -24"><span class='ocrx_word' id='word_1_579' title='bbox 1947 1578 2122 1633; x_wconf 73' lang='grc' dir='ltr'>ἄλλων</span> <span class='ocrx_word' id='word_1_580' title='bbox 2152 1597 2211 1633; x_wconf 90' lang='grc' dir='ltr'>τε</span> <span class='ocrx_word' id='word_1_581' title='bbox 2241 1581 2418 1644; x_wconf 76' lang='grc' dir='ltr'>ἄλλως</span> <span class='ocrx_word' id='word_1_582' title='bbox 2442 1580 2950 1653; x_wconf 74' lang='grc' dir='ltr'>διαπραττομένων,</span> <span class='ocrx_word' id='word_1_583' title='bbox 2982 1583 3346 1656; x_wconf 86' lang='grc' dir='ltr'>παρίππασαν</span> <span class='ocrx_word' id='word_1_584' title='bbox 3376 1583 3546 1654; x_wconf 83' lang='grc' dir='ltr'>μῆνες</span> 
     </span>
    </p>
   </div>
   <div class='ocr_carea' id='block_1_83' title="bbox 1945 1662 3544 1738">
    <p class='ocr_par' dir='ltr' id='par_1_83' title="bbox 1945 1662 3544 1738">
     <span class='ocr_line' id='line_1_83' title="bbox 1945 1662 3544 1738; baseline 0.003 -22"><span class='ocrx_word' id='word_1_585' title='bbox 1945 1662 2106 1718; x_wconf 79' lang='grc' dir='ltr'>ἐννέα</span> <span class='ocrx_word' id='word_1_586' title='bbox 2138 1665 2172 1734; x_wconf 82' lang='grc' dir='ltr'><strong>ἢ</strong></span> <span class='ocrx_word' id='word_1_587' title='bbox 2218 1663 2373 1728; x_wconf 86' lang='grc' dir='ltr'>δέκα,</span> <span class='ocrx_word' id='word_1_588' title='bbox 2417 1665 2513 1717; x_wconf 92' lang='grc' dir='ltr'>τοῦ</span> <span class='ocrx_word' id='word_1_589' title='bbox 2547 1665 2850 1720; x_wconf 83' lang='grc' dir='ltr'>ἐπισκόπου</span> <span class='ocrx_word' id='word_1_590' title='bbox 2887 1665 3136 1720; x_wconf 84' lang='grc' dir='ltr'>Ἰωάννου</span> <span class='ocrx_word' id='word_1_591' title='bbox 3171 1667 3544 1738; x_wconf 84' lang='grc' dir='ltr'>συναγομένου</span> 
     </span>
    </p>
   </div>
   <div class='ocr_carea' id='block_1_84' title="bbox 1951 1745 3546 1818">
    <p class='ocr_par' dir='ltr' id='par_1_84' title="bbox 1951 1745 3546 1818">
     <span class='ocr_line' id='line_1_84' title="bbox 1951 1745 3546 1818; baseline 0.003 -20"><span class='ocrx_word' id='word_1_592' title='bbox 1951 1745 2048 1799; x_wconf 83' lang='grc' dir='ltr'>σὺν</span> <span class='ocrx_word' id='word_1_593' title='bbox 2086 1748 2200 1810; x_wconf 85' lang='grc' dir='ltr'>τοῖς</span> <span class='ocrx_word' id='word_1_594' title='bbox 2245 1747 2657 1818; x_wconf 73' lang='grc' dir='ltr'>τεσσαράκοντα</span> <span class='ocrx_word' id='word_1_595' title='bbox 2701 1747 3024 1810; x_wconf 82' lang='grc' dir='ltr'>ἐπισκόποις</span> <span class='ocrx_word' id='word_1_596' title='bbox 3052 1747 3150 1802; x_wconf 74' lang='grc' dir='ltr'>καὶ</span> <span class='ocrx_word' id='word_1_597' title='bbox 3187 1747 3304 1814; x_wconf 88' lang='grc' dir='ltr'>δύο,</span> <span class='ocrx_word' id='word_1_598' title='bbox 3336 1749 3448 1802; x_wconf 88' lang='grc' dir='ltr'>τῶν</span> <span class='ocrx_word' id='word_1_599' title='bbox 3485 1748 3546 1802; x_wconf 71' lang='grc' dir='ltr'>δὲ</span> 
     </span>
    </p>
   </div>
   <div class='ocr_carea' id='block_1_85' title="bbox 1948 1827 3546 1904">
    <p class='ocr_par' dir='ltr' id='par_1_85' title="bbox 1948 1827 3546 1904">
     <span class='ocr_line' id='line_1_85' title="bbox 1948 1827 3546 1904; baseline 0.004 -23"><span class='ocrx_word' id='word_1_600' title='bbox 1948 1827 2092 1882; x_wconf 85' lang='grc' dir='ltr'>λαῶν</span> <span class='ocrx_word' id='word_1_601' title='bbox 2123 1830 2506 1885; x_wconf 82' lang='grc' dir='ltr'>ἀπολαυόντων</span> <span class='ocrx_word' id='word_1_602' title='bbox 2551 1829 2690 1902; x_wconf 78' lang='grc' dir='ltr'>μετὰ</span> <span class='ocrx_word' id='word_1_603' title='bbox 2736 1830 2938 1902; x_wconf 84' lang='grc' dir='ltr'>πολλῆς</span> <span class='ocrx_word' id='word_1_604' title='bbox 2981 1831 3084 1901; x_wconf 84' lang='grc' dir='ltr'>τῆς</span> <span class='ocrx_word' id='word_1_605' title='bbox 3132 1831 3400 1902; x_wconf 74' lang='grc' dir='ltr'>εὐθυμίας</span> <span class='ocrx_word' id='word_1_606' title='bbox 3443 1834 3546 1904; x_wconf 79' lang='grc' dir='ltr'>τῆς</span> 
     </span>
    </p>
   </div>
   <div class='ocr_carea' id='block_1_86' title="bbox 1949 1912 3548 1984">
    <p class='ocr_par' dir='ltr' id='par_1_86' title="bbox 1949 1912 3548 1984">
     <span class='ocr_line' id='line_1_86' title="bbox 1949 1912 3548 1984; baseline 0.003 -19"><span class='ocrx_word' id='word_1_607' title='bbox 1949 1913 2114 1966; x_wconf 79' lang='grc' dir='ltr'>αὐτοῦ</span> <span class='ocrx_word' id='word_1_608' title='bbox 2142 1912 2510 1976; x_wconf 85' lang='grc' dir='ltr'>διδασκαλίας.</span> <span class='ocrx_word' id='word_1_609' title='bbox 2538 1913 2688 1970; x_wconf 76' lang='grc' dir='ltr'>Φιλεί</span> <span class='ocrx_word' id='word_1_610' title='bbox 2719 1913 2830 1984; x_wconf 88' lang='grc' dir='ltr'>γάρ</span> <span class='ocrx_word' id='word_1_611' title='bbox 2869 1931 2987 1978; x_wconf 88' lang='grc' dir='ltr'>πως</span> <span class='ocrx_word' id='word_1_612' title='bbox 3014 1917 3045 1970; x_wconf 81' lang='lat'>6</span> <span class='ocrx_word' id='word_1_613' title='bbox 3077 1915 3394 1982; x_wconf 80' lang='grc' dir='ltr'>ἀκενόδοξος</span> <span class='ocrx_word' id='word_1_614' title='bbox 3419 1915 3548 1980; x_wconf 72' lang='grc' dir='ltr'>νοῦς</span> 
     </span>
    </p>
   </div>
   <div class='ocr_carea' id='block_1_87' title="bbox 1949 1997 3544 2072">
    <p class='ocr_par' dir='ltr' id='par_1_87' title="bbox 1949 1997 3544 2072">
     <span class='ocr_line' id='line_1_87' title="bbox 1949 1997 3544 2072; baseline 0.003 -24"><span class='ocrx_word' id='word_1_615' title='bbox 1949 1997 2008 2050; x_wconf 91' lang='grc' dir='ltr'>ἐν</span> <span class='ocrx_word' id='word_1_616' title='bbox 2039 2000 2161 2062; x_wconf 86' lang='grc' dir='ltr'>ταῖς</span> <span class='ocrx_word' id='word_1_617' title='bbox 2205 1997 2562 2067; x_wconf 84' lang='grc' dir='ltr'>περιστάσεσι</span> <span class='ocrx_word' id='word_1_618' title='bbox 2594 1999 2954 2070; x_wconf 78' lang='grc' dir='ltr'>χαριέστερον</span> <span class='ocrx_word' id='word_1_619' title='bbox 2983 1999 3080 2052; x_wconf 69' lang='grc' dir='ltr'>καὶ</span> <span class='ocrx_word' id='word_1_620' title='bbox 3117 1997 3489 2072; x_wconf 81' lang='grc' dir='ltr'>δυνατώτερον</span> <span class='ocrx_word' id='word_1_621' title='bbox 3516 2011 3544 2042; x_wconf 74' lang='grc' dir='ltr'>ι</span> 
     </span>
    </p>
   </div>
   <div class='ocr_carea' id='block_1_88' title="bbox 1950 2081 3546 2154">
    <p class='ocr_par' dir='ltr' id='par_1_88' title="bbox 1950 2081 3546 2154">
     <span class='ocr_line' id='line_1_88' title="bbox 1950 2081 3546 2154; baseline 0 -16"><span class='ocrx_word' id='word_1_622' title='bbox 1950 2082 2244 2154; x_wconf 71' lang='grc' dir='ltr'>ἀπορρέειν</span> <span class='ocrx_word' id='word_1_623' title='bbox 2275 2081 2457 2150; x_wconf 89' lang='grc' dir='ltr'>λόγον.</span> <span class='ocrx_word' id='word_1_624' title='bbox 2493 2081 2580 2134; x_wconf 87' lang='grc' dir='ltr'>Ἐν</span> <span class='ocrx_word' id='word_1_625' title='bbox 2600 2082 2812 2144; x_wconf 83' lang='grc' dir='ltr'>τούτοις</span> <span class='ocrx_word' id='word_1_626' title='bbox 2837 2081 3144 2152; x_wconf 81' lang='grc' dir='ltr'>ἐπήνθησεν</span> <span class='ocrx_word' id='word_1_627' title='bbox 3175 2082 3208 2153; x_wconf 89' lang='grc' dir='ltr'><strong>ή</strong></span> <span class='ocrx_word' id='word_1_628' title='bbox 3237 2083 3546 2154; x_wconf 81' lang='grc' dir='ltr'>Δεσποτικὴ</span> 
     </span>
    </p>
   </div>
   <div class='ocr_carea' id='block_1_89' title="bbox 1949 2163 3544 2238">
    <p class='ocr_par' dir='ltr' id='par_1_89' title="bbox 1949 2163 3544 2238">
     <span class='ocr_line' id='line_1_89' title="bbox 1949 2163 3544 2238; baseline 0.001 -20"><span class='ocrx_word' id='word_1_629' title='bbox 1949 2165 2196 2236; x_wconf 87' lang='grc' dir='ltr'>νηστεία,</span> <span class='ocrx_word' id='word_1_630' title='bbox 2241 2163 2498 2236; x_wconf 85' lang='grc' dir='ltr'>καθάπερ</span> <span class='ocrx_word' id='word_1_631' title='bbox 2532 2164 2653 2236; x_wconf 75' lang='grc' dir='ltr'>ἔαρ,</span> <span class='ocrx_word' id='word_1_632' title='bbox 2687 2165 2756 2218; x_wconf 81' lang='grc' dir='ltr'>δι’</span> <span class='ocrx_word' id='word_1_633' title='bbox 2795 2165 3045 2222; x_wconf 88' lang='grc' dir='ltr'>ἐνιαυτοῦ</span> <span class='ocrx_word' id='word_1_634' title='bbox 3100 2167 3544 2238; x_wconf 84' lang='grc' dir='ltr'>παραγενομένη.</span> 
     </span>
    </p>
   </div>
   <div class='ocr_carea' id='block_1_90' title="bbox 1949 2247 3546 2321">
    <p class='ocr_par' dir='ltr' id='par_1_90' title="bbox 1949 2247 3546 2321">
     <span class='ocr_line' id='line_1_90' title="bbox 1949 2247 3546 2321; baseline -0.001 -17"><span class='ocrx_word' id='word_1_635' title='bbox 1949 2249 2298 2312; x_wconf 85' lang='grc' dir='ltr'>Είσελθόντες</span> <span class='ocrx_word' id='word_1_636' title='bbox 2327 2250 2384 2302; x_wconf 83' lang='grc' dir='ltr'>δέ</span> <span class='ocrx_word' id='word_1_637' title='bbox 2430 2249 2594 2304; x_wconf 82' lang='grc' dir='ltr'>πάλιν</span> <span class='ocrx_word' id='word_1_638' title='bbox 2627 2249 2750 2305; x_wconf 79' lang='grc' dir='ltr'>κατ’</span> <span class='ocrx_word' id='word_1_639' title='bbox 2791 2247 2928 2304; x_wconf 83' lang='grc' dir='ltr'>ίδίαν</span> <span class='ocrx_word' id='word_1_640' title='bbox 2971 2249 3022 2302; x_wconf 80' lang='grc' dir='ltr'>οἱ</span> <span class='ocrx_word' id='word_1_641' title='bbox 3076 2250 3208 2320; x_wconf 76' lang='grc' dir='ltr'>περὶ</span> <span class='ocrx_word' id='word_1_642' title='bbox 3249 2249 3546 2321; x_wconf 80' lang='grc' dir='ltr'>Ἀντίοχον,</span> 
     </span>
    </p>
   </div>
   <div class='ocr_carea' id='block_1_91' title="bbox 1951 2331 3546 2404">
    <p class='ocr_par' dir='ltr' id='par_1_91' title="bbox 1951 2331 3546 2404">
     <span class='ocr_line' id='line_1_91' title="bbox 1951 2331 3546 2404; baseline 0.001 -17"><span class='ocrx_word' id='word_1_643' title='bbox 1951 2333 2268 2398; x_wconf 80' lang='grc' dir='ltr'>ἁνεδίδαξαν</span> <span class='ocrx_word' id='word_1_644' title='bbox 2297 2333 2389 2388; x_wconf 83' lang='grc' dir='ltr'>τὸν</span> <span class='ocrx_word' id='word_1_645' title='bbox 2421 2333 2646 2404; x_wconf 79' lang='grc' dir='ltr'>βασιλέα</span> <span class='ocrx_word' id='word_1_646' title='bbox 2679 2334 2756 2398; x_wconf 82' lang='grc' dir='ltr'>ῶς</span> <span class='ocrx_word' id='word_1_647' title='bbox 2789 2331 3096 2404; x_wconf 73' lang='grc' dir='ltr'>ἡττηθέντα</span> <span class='ocrx_word' id='word_1_648' title='bbox 3130 2333 3224 2386; x_wconf 87' lang='grc' dir='ltr'>τὸν</span> <span class='ocrx_word' id='word_1_649' title='bbox 3269 2334 3546 2404; x_wconf 82' lang='grc' dir='ltr'>Ἰωάννην,</span> 
     </span>
    </p>
   </div>
   <div class='ocr_carea' id='block_1_92' title="bbox 1951 2416 3547 2490">
    <p class='ocr_par' dir='ltr' id='par_1_92' title="bbox 1951 2416 3547 2490">
     <span class='ocr_line' id='line_1_92' title="bbox 1951 2416 3547 2490; baseline -0.001 -18"><span class='ocrx_word' id='word_1_650' title='bbox 1951 2418 2040 2472; x_wconf 84' lang='grc' dir='ltr'>ἵνα</span> <span class='ocrx_word' id='word_1_651' title='bbox 2072 2417 2354 2490; x_wconf 74' lang='grc' dir='ltr'>προστάξῃ</span> <span class='ocrx_word' id='word_1_652' title='bbox 2397 2418 2557 2470; x_wconf 72' lang='grc' dir='ltr'>αὐτὸν</span> <span class='ocrx_word' id='word_1_653' title='bbox 2603 2417 2928 2488; x_wconf 78' lang='grc' dir='ltr'>ἐξωσθῆναι,</span> <span class='ocrx_word' id='word_1_654' title='bbox 2969 2417 3066 2470; x_wconf 90' lang='grc' dir='ltr'>τοῦ</span> <span class='ocrx_word' id='word_1_655' title='bbox 3096 2416 3289 2488; x_wconf 85' lang='grc' dir='ltr'>Πάσχα</span> <span class='ocrx_word' id='word_1_656' title='bbox 3335 2419 3547 2472; x_wconf 84' lang='grc' dir='ltr'>ἐπικει-</span> 
     </span>
    </p>
   </div>
   <div class='ocr_carea' id='block_1_93' title="bbox 1955 2500 3544 2574">
    <p class='ocr_par' dir='ltr' id='par_1_93' title="bbox 1955 2500 3544 2574">
     <span class='ocr_line' id='line_1_93' title="bbox 1955 2500 3544 2574; baseline -0.002 -19"><span class='ocrx_word' id='word_1_657' title='bbox 1955 2502 2147 2574; x_wconf 85' lang='grc' dir='ltr'>μένου·</span> <span class='ocrx_word' id='word_1_658' title='bbox 2183 2504 2214 2556; x_wconf 85' lang='grc' dir='ltr'>ὁ</span> <span class='ocrx_word' id='word_1_659' title='bbox 2239 2502 2297 2556; x_wconf 87' lang='grc' dir='ltr'>δὲ</span> <span class='ocrx_word' id='word_1_660' title='bbox 2351 2501 2608 2571; x_wconf 81' lang='grc' dir='ltr'>βασιλεὺς</span> <span class='ocrx_word' id='word_1_661' title='bbox 2659 2501 2722 2566; x_wconf 81' lang='grc' dir='ltr'>ἐξ</span> <span class='ocrx_word' id='word_1_662' title='bbox 2771 2502 3024 2574; x_wconf 83' lang='grc' dir='ltr'>ἀνάγκης</span> <span class='ocrx_word' id='word_1_663' title='bbox 3073 2500 3398 2572; x_wconf 84' lang='grc' dir='ltr'>ὀχλούμενος</span> <span class='ocrx_word' id='word_1_664' title='bbox 3451 2500 3544 2554; x_wconf 84' lang='grc' dir='ltr'>ὑπ’</span> 
     </span>
    </p>
   </div>
   <div class='ocr_carea' id='block_1_94' title="bbox 1951 2582 3546 2656">
    <p class='ocr_par' dir='ltr' id='par_1_94' title="bbox 1951 2582 3546 2656">
     <span class='ocr_line' id='line_1_94' title="bbox 1951 2582 3546 2656; baseline -0.002 -17"><span class='ocrx_word' id='word_1_665' title='bbox 1951 2585 2158 2648; x_wconf 83' lang='grc' dir='ltr'>αὐτῶν,</span> <span class='ocrx_word' id='word_1_666' title='bbox 2205 2585 2282 2648; x_wconf 79' lang='grc' dir='ltr'>ὡς</span> <span class='ocrx_word' id='word_1_667' title='bbox 2314 2584 2638 2649; x_wconf 81' lang='grc' dir='ltr'>ἐπισκόποις</span> <span class='ocrx_word' id='word_1_668' title='bbox 2687 2585 3031 2638; x_wconf 86' lang='grc' dir='ltr'>ἐπίστευσεν.</span> <span class='ocrx_word' id='word_1_669' title='bbox 3071 2584 3132 2636; x_wconf 84' lang='grc' dir='ltr'>ὐ</span> <span class='ocrx_word' id='word_1_670' title='bbox 3164 2583 3272 2656; x_wconf 77' lang='grc' dir='ltr'>γάρ</span> <span class='ocrx_word' id='word_1_671' title='bbox 3327 2582 3546 2654; x_wconf 80' lang='grc' dir='ltr'>ἀληθῶς</span> 
     </span>
    </p>
   </div>
   <div class='ocr_carea' id='block_1_95' title="bbox 1954 2669 3547 2748">
    <p class='ocr_par' dir='ltr' id='par_1_95' title="bbox 1954 2669 3547 2748">
     <span class='ocr_line' id='line_1_95' title="bbox 1954 2669 3547 2748; baseline -0.002 -19"><span class='ocrx_word' id='word_1_672' title='bbox 1954 2675 2325 2748; x_wconf 85' lang='grc' dir='ltr'>πρεσϐύτερος</span> <span class='ocrx_word' id='word_1_673' title='bbox 2373 2673 2408 2744; x_wconf 78' lang='grc' dir='ltr'>ἦ</span> <span class='ocrx_word' id='word_1_674' title='bbox 2438 2673 2736 2737; x_wconf 86' lang='grc' dir='ltr'>ἐπίσκοπος</span> <span class='ocrx_word' id='word_1_675' title='bbox 2768 2671 2962 2743; x_wconf 73' lang='grc' dir='ltr'>ψεῦδος</span> <span class='ocrx_word' id='word_1_676' title='bbox 3013 2672 3115 2726; x_wconf 86' lang='grc' dir='ltr'>οὐκ</span> <span class='ocrx_word' id='word_1_677' title='bbox 3151 2669 3289 2725; x_wconf 78' lang='grc' dir='ltr'>οἶδε·</span> <span class='ocrx_word' id='word_1_678' title='bbox 3323 2670 3393 2726; x_wconf 80' lang='grc' dir='ltr'>τὰ</span> <span class='ocrx_word' id='word_1_679' title='bbox 3435 2670 3547 2742; x_wconf 79' lang='grc' dir='ltr'>γὰρ</span> 
     </span>
    </p>
   </div>
   <div class='ocr_carea' id='block_1_96' title="bbox 1953 2759 3548 2834">
    <p class='ocr_par' dir='ltr' id='par_1_96' title="bbox 1953 2759 3548 2834">
     <span class='ocr_line' id='line_1_96' title="bbox 1953 2759 3548 2834; baseline -0.005 -14"><span class='ocrx_word' id='word_1_680' title='bbox 1953 2763 2196 2834; x_wconf 78' lang='grc' dir='ltr'>ὀνόματα</span> <span class='ocrx_word' id='word_1_681' title='bbox 2227 2761 2402 2816; x_wconf 88' lang='grc' dir='ltr'>ταῦτα</span> <span class='ocrx_word' id='word_1_682' title='bbox 2428 2763 2528 2832; x_wconf 82' lang='grc' dir='ltr'>τῆς</span> <span class='ocrx_word' id='word_1_683' title='bbox 2557 2761 2670 2816; x_wconf 83' lang='grc' dir='ltr'>ἄνω</span> <span class='ocrx_word' id='word_1_684' title='bbox 2696 2760 2903 2831; x_wconf 77' lang='grc' dir='ltr'>λήξεως</span> <span class='ocrx_word' id='word_1_685' title='bbox 2945 2761 3202 2833; x_wconf 79' lang='grc' dir='ltr'>ὑπάρχει,</span> <span class='ocrx_word' id='word_1_686' title='bbox 3235 2759 3358 2813; x_wconf 71' lang='grc' dir='ltr'>ἐπεὶ</span> <span class='ocrx_word' id='word_1_687' title='bbox 3393 2759 3548 2812; x_wconf 79' lang='grc' dir='ltr'>οὐδὲν</span> 
     </span>
    </p>
   </div>
   <div class='ocr_carea' id='block_1_97' title="bbox 1955 2849 3547 2924">
    <p class='ocr_par' dir='ltr' id='par_1_97' title="bbox 1955 2849 3547 2924">
     <span class='ocr_line' id='line_1_97' title="bbox 1955 2849 3547 2924; baseline -0.003 -18"><span class='ocrx_word' id='word_1_688' title='bbox 1955 2851 2330 2924; x_wconf 81' lang='grc' dir='ltr'>πρεσϐύτερον</span> <span class='ocrx_word' id='word_1_689' title='bbox 2375 2851 2536 2916; x_wconf 87' lang='grc' dir='ltr'>Θεοῦ,</span> <span class='ocrx_word' id='word_1_690' title='bbox 2575 2852 2698 2906; x_wconf 81' lang='grc' dir='ltr'>ούδέ</span> <span class='ocrx_word' id='word_1_691' title='bbox 2742 2851 3217 2923; x_wconf 85' lang='grc' dir='ltr'>ἐπισκοπώτερον·</span> <span class='ocrx_word' id='word_1_692' title='bbox 3263 2850 3398 2913; x_wconf 77' lang='grc' dir='ltr'>Θεὸς</span> <span class='ocrx_word' id='word_1_693' title='bbox 3435 2849 3547 2922; x_wconf 81' lang='grc' dir='ltr'>γὰρ</span> 
     </span>
    </p>
   </div>
   <div class='ocr_carea' id='block_1_98' title="bbox 1953 2940 3548 3014">
    <p class='ocr_par' dir='ltr' id='par_1_98' title="bbox 1953 2940 3548 3014">
     <span class='ocr_line' id='line_1_98' title="bbox 1953 2940 3548 3014; baseline -0.003 -18"><span class='ocrx_word' id='word_1_694' title='bbox 1953 2945 1982 2996; x_wconf 91' lang='lat'>6</span> <span class='ocrx_word' id='word_1_695' title='bbox 2012 2941 2332 2998; x_wconf 85' lang='grc' dir='ltr'>ἐπισκοπῶν</span> <span class='ocrx_word' id='word_1_696' title='bbox 2365 2941 2403 3014; x_wconf 66' lang='grc' dir='ltr'><strong>ἢ</strong></span> <span class='ocrx_word' id='word_1_697' title='bbox 2446 2940 2720 3014; x_wconf 79' lang='grc' dir='ltr'>θεώμενός</span> <span class='ocrx_word' id='word_1_698' title='bbox 2751 2944 2866 2996; x_wconf 88' lang='grc' dir='ltr'>ἐστι</span> <span class='ocrx_word' id='word_1_699' title='bbox 2916 2941 2986 2996; x_wconf 77' lang='grc' dir='ltr'>τὰ</span> <span class='ocrx_word' id='word_1_700' title='bbox 3035 2941 3234 2995; x_wconf 88' lang='grc' dir='ltr'>πάντα.</span> <span class='ocrx_word' id='word_1_701' title='bbox 3276 2940 3334 2993; x_wconf 80' lang='grc' dir='ltr'>Ὀ</span> <span class='ocrx_word' id='word_1_702' title='bbox 3366 2941 3548 2994; x_wconf 80' lang='grc' dir='ltr'>τοίνυν</span> 
     </span>
    </p>
   </div>
   <div class='ocr_carea' id='block_1_99' title="bbox 1955 3025 3549 3102">
    <p class='ocr_par' dir='ltr' id='par_1_99' title="bbox 1955 3025 3549 3102">
     <span class='ocr_line' id='line_1_99' title="bbox 1955 3025 3549 3102; baseline -0.002 -18"><span class='ocrx_word' id='word_1_703' title='bbox 1955 3031 2311 3102; x_wconf 77' lang='grc' dir='ltr'>ἐπίσκοποςῆ</span> <span class='ocrx_word' id='word_1_704' title='bbox 2359 3029 2752 3102; x_wconf 87' lang='grc' dir='ltr'>πρεσϐύτερος,</span> <span class='ocrx_word' id='word_1_705' title='bbox 2787 3029 2864 3094; x_wconf 85' lang='grc' dir='ltr'>ὡς</span> <span class='ocrx_word' id='word_1_706' title='bbox 2905 3027 3162 3090; x_wconf 80' lang='grc' dir='ltr'>κοινωνὸς</span> <span class='ocrx_word' id='word_1_707' title='bbox 3195 3025 3306 3081; x_wconf 86' lang='grc' dir='ltr'>τῶν</span> <span class='ocrx_word' id='word_1_708' title='bbox 3348 3028 3549 3097; x_wconf 81' lang='grc' dir='ltr'>ὀνομάο</span> 
     </span>
    </p>
   </div>
   <div class='ocr_carea' id='block_1_100' title="bbox 1955 3113 3550 3190">
    <p class='ocr_par' dir='ltr' id='par_1_100' title="bbox 1955 3113 3550 3190">
     <span class='ocr_line' id='line_1_100' title="bbox 1955 3113 3550 3190; baseline -0.002 -17"><span class='ocrx_word' id='word_1_709' title='bbox 1955 3137 2086 3182; x_wconf 84' lang='grc' dir='ltr'>των,</span> <span class='ocrx_word' id='word_1_710' title='bbox 2114 3119 2259 3172; x_wconf 82' lang='grc' dir='ltr'>οὕτω</span> <span class='ocrx_word' id='word_1_711' title='bbox 2311 3121 2406 3172; x_wconf 79' lang='grc' dir='ltr'>καὶ</span> <span class='ocrx_word' id='word_1_712' title='bbox 2455 3119 2565 3172; x_wconf 91' lang='grc' dir='ltr'>τῶν</span> <span class='ocrx_word' id='word_1_713' title='bbox 2598 3119 2941 3190; x_wconf 87' lang='grc' dir='ltr'>πραγμάτων</span> <span class='ocrx_word' id='word_1_714' title='bbox 2975 3118 3183 3187; x_wconf 83' lang='grc' dir='ltr'>ὀφείλει</span> <span class='ocrx_word' id='word_1_715' title='bbox 3227 3113 3390 3172; x_wconf 78' lang='grc' dir='ltr'>εἷναι.</span> <span class='ocrx_word' id='word_1_716' title='bbox 3437 3117 3550 3170; x_wconf 74' lang='grc' dir='ltr'>Καὶ</span> 
     </span>
    </p>
   </div>
   <div class='ocr_carea' id='block_1_101' title="bbox 1955 3204 3549 3279">
    <p class='ocr_par' dir='ltr' id='par_1_101' title="bbox 1955 3204 3549 3279">
     <span class='ocr_line' id='line_1_101' title="bbox 1955 3204 3549 3279; baseline -0.003 -17"><span class='ocrx_word' id='word_1_717' title='bbox 1955 3208 2106 3278; x_wconf 87' lang='grc' dir='ltr'>δηλοῖ</span> <span class='ocrx_word' id='word_1_718' title='bbox 2132 3207 2210 3278; x_wconf 79' lang='grc' dir='ltr'>τῷ</span> <span class='ocrx_word' id='word_1_719' title='bbox 2243 3207 2494 3279; x_wconf 80' lang='grc' dir='ltr'>Ἰωάννῃ·</span> <span class='ocrx_word' id='word_1_720' title='bbox 2530 3206 2753 3272; x_wconf 82' lang='grc' dir='ltr'>Ἔξελθε</span> <span class='ocrx_word' id='word_1_721' title='bbox 2783 3207 2848 3260; x_wconf 86' lang='grc' dir='ltr'>ἐκ</span> <span class='ocrx_word' id='word_1_722' title='bbox 2875 3207 2980 3276; x_wconf 84' lang='grc' dir='ltr'>τῆς</span> <span class='ocrx_word' id='word_1_723' title='bbox 3019 3204 3365 3275; x_wconf 85' lang='grc' dir='ltr'>Ἐκκλησίας.</span> <span class='ocrx_word' id='word_1_724' title='bbox 3403 3205 3466 3258; x_wconf 82' lang='lat'>&#39;0</span> <span class='ocrx_word' id='word_1_725' title='bbox 3491 3204 3549 3258; x_wconf 78' lang='grc' dir='ltr'>δὲ</span> 
     </span>
    </p>
   </div>
   <div class='ocr_carea' id='block_1_102' title="bbox 1957 3289 3550 3366">
    <p class='ocr_par' dir='ltr' id='par_1_102' title="bbox 1957 3289 3550 3366">
     <span class='ocr_line' id='line_1_102' title="bbox 1957 3289 3550 3366; baseline -0.003 -16"><span class='ocrx_word' id='word_1_726' title='bbox 1957 3295 2228 3366; x_wconf 82' lang='grc' dir='ltr'>ἀντιδηλοὶ</span> <span class='ocrx_word' id='word_1_727' title='bbox 2244 3309 2259 3326; x_wconf 77' lang='grc'><strong><em>⁸</em></strong></span> <span class='ocrx_word' id='word_1_728' title='bbox 2289 3293 2430 3364; x_wconf 86' lang='grc' dir='ltr'>Ἐγὼ</span> <span class='ocrx_word' id='word_1_729' title='bbox 2457 3293 2607 3366; x_wconf 85' lang='grc' dir='ltr'>παρά</span> <span class='ocrx_word' id='word_1_730' title='bbox 2627 3293 2722 3347; x_wconf 87' lang='grc' dir='ltr'>τοῦ</span> <span class='ocrx_word' id='word_1_731' title='bbox 2746 3293 2998 3364; x_wconf 83' lang='grc' dir='ltr'>Σωτῆρος</span> <span class='ocrx_word' id='word_1_732' title='bbox 3019 3290 3154 3345; x_wconf 87' lang='grc' dir='ltr'>Θεοῦ</span> <span class='ocrx_word' id='word_1_733' title='bbox 3179 3289 3550 3362; x_wconf 84' lang='grc' dir='ltr'>ὑποδέδεγμαι</span> 
     </span>
    </p>
   </div>
   <div class='ocr_carea' id='block_1_103' title="bbox 1957 3379 3549 3457">
    <p class='ocr_par' dir='ltr' id='par_1_103' title="bbox 1957 3379 3549 3457">
     <span class='ocr_line' id='line_1_103' title="bbox 1957 3379 3549 3457; baseline -0.003 -19"><span class='ocrx_word' id='word_1_734' title='bbox 1957 3387 2056 3457; x_wconf 81' lang='grc' dir='ltr'>τὴν</span> <span class='ocrx_word' id='word_1_735' title='bbox 2103 3383 2432 3454; x_wconf 85' lang='grc' dir='ltr'>Ἐκκλησίαν</span> <span class='ocrx_word' id='word_1_736' title='bbox 2457 3383 2663 3453; x_wconf 85' lang='grc' dir='ltr'>ταύτην</span> <span class='ocrx_word' id='word_1_737' title='bbox 2688 3382 2770 3446; x_wconf 83' lang='grc' dir='ltr'>είς</span> <span class='ocrx_word' id='word_1_738' title='bbox 2807 3381 3126 3453; x_wconf 87' lang='grc' dir='ltr'>ἐπιμέλειαν</span> <span class='ocrx_word' id='word_1_739' title='bbox 3153 3379 3255 3452; x_wconf 82' lang='grc' dir='ltr'>τῆς</span> <span class='ocrx_word' id='word_1_740' title='bbox 3289 3379 3385 3433; x_wconf 89' lang='grc' dir='ltr'>τοῦ</span> <span class='ocrx_word' id='word_1_741' title='bbox 3415 3379 3549 3434; x_wconf 88' lang='grc' dir='ltr'>λαοῦ</span> 
     </span>
    </p>
   </div>
   <div class='ocr_carea' id='block_1_104' title="bbox 1959 3469 3551 3548">
    <p class='ocr_par' dir='ltr' id='par_1_104' title="bbox 1959 3469 3551 3548">
     <span class='ocr_line' id='line_1_104' title="bbox 1959 3469 3551 3548; baseline -0.004 -18"><span class='ocrx_word' id='word_1_742' title='bbox 1959 3474 2256 3548; x_wconf 86' lang='grc' dir='ltr'>σωτηρίας,</span> <span class='ocrx_word' id='word_1_743' title='bbox 2287 3474 2380 3528; x_wconf 73' lang='grc' dir='ltr'>καὶ</span> <span class='ocrx_word' id='word_1_744' title='bbox 2417 3473 2479 3526; x_wconf 83' lang='grc' dir='ltr'>οὑ</span> <span class='ocrx_word' id='word_1_745' title='bbox 2515 3472 2755 3544; x_wconf 87' lang='grc' dir='ltr'>δύναμαι</span> <span class='ocrx_word' id='word_1_746' title='bbox 2791 3471 2962 3543; x_wconf 79' lang='grc' dir='ltr'>αὐτὴν</span> <span class='ocrx_word' id='word_1_747' title='bbox 3007 3469 3366 3540; x_wconf 78' lang='grc' dir='ltr'>καταλεῖψαι·</span> <span class='ocrx_word' id='word_1_748' title='bbox 3401 3470 3450 3523; x_wconf 84' lang='grc' dir='ltr'>εί</span> <span class='ocrx_word' id='word_1_749' title='bbox 3491 3469 3551 3524; x_wconf 77' lang='grc' dir='ltr'>δέ</span> 
     </span>
    </p>
   </div>
   <div class='ocr_carea' id='block_1_105' title="bbox 1957 3557 3552 3633">
    <p class='ocr_par' dir='ltr' id='par_1_105' title="bbox 1957 3557 3552 3633">
     <span class='ocr_line' id='line_1_105' title="bbox 1957 3557 3552 3633; baseline -0.005 -16"><span class='ocrx_word' id='word_1_750' title='bbox 1957 3562 2118 3617; x_wconf 84' lang='grc' dir='ltr'>τοῦτο</span> <span class='ocrx_word' id='word_1_751' title='bbox 2147 3561 2326 3633; x_wconf 81' lang='grc' dir='ltr'>βούλει</span> <span class='ocrx_word' id='word_1_752' title='bbox 2359 3561 2414 3632; x_wconf 81' lang='grc' dir='ltr'>(ἡ</span> <span class='ocrx_word' id='word_1_753' title='bbox 2445 3559 2556 3632; x_wconf 84' lang='grc' dir='ltr'>γὰρ</span> <span class='ocrx_word' id='word_1_754' title='bbox 2583 3559 2736 3624; x_wconf 80' lang='grc' dir='ltr'>πόλις</span> <span class='ocrx_word' id='word_1_755' title='bbox 2783 3575 2866 3613; x_wconf 91' lang='grc' dir='ltr'>σοι</span> <span class='ocrx_word' id='word_1_756' title='bbox 2893 3558 3184 3632; x_wconf 79' lang='grc' dir='ltr'>διαφέρει),</span> <span class='ocrx_word' id='word_1_757' title='bbox 3218 3558 3310 3632; x_wconf 67' lang='grc' dir='ltr'>βίᾳ</span> <span class='ocrx_word' id='word_1_758' title='bbox 3355 3574 3422 3626; x_wconf 90' lang='grc' dir='ltr'>με</span> <span class='ocrx_word' id='word_1_759' title='bbox 3464 3557 3552 3622; x_wconf 84' lang='grc' dir='ltr'>ἐξ·</span> 
     </span>
    </p>
   </div>
   <div class='ocr_carea' id='block_1_106' title="bbox 1961 3648 3550 3723">
    <p class='ocr_par' dir='ltr' id='par_1_106' title="bbox 1961 3648 3550 3723">
     <span class='ocr_line' id='line_1_106' title="bbox 1961 3648 3550 3723; baseline -0.003 -15"><span class='ocrx_word' id='word_1_760' title='bbox 1961 3654 2150 3718; x_wconf 88' lang='grc' dir='ltr'>έωσον,</span> <span class='ocrx_word' id='word_1_761' title='bbox 2181 3653 2270 3708; x_wconf 75' lang='grc' dir='ltr'>ἵνα</span> <span class='ocrx_word' id='word_1_762' title='bbox 2310 3651 2418 3723; x_wconf 79' lang='grc' dir='ltr'>ἐχω</span> <span class='ocrx_word' id='word_1_763' title='bbox 2447 3649 2744 3720; x_wconf 86' lang='grc' dir='ltr'>ἀπολογίαν</span> <span class='ocrx_word' id='word_1_764' title='bbox 2773 3649 2874 3720; x_wconf 80' lang='grc' dir='ltr'>τῆς</span> <span class='ocrx_word' id='word_1_765' title='bbox 2923 3648 3270 3716; x_wconf 80' lang='grc' dir='ltr'>λειποταξίας</span> <span class='ocrx_word' id='word_1_766' title='bbox 3296 3649 3396 3720; x_wconf 82' lang='grc' dir='ltr'>τὴν</span> <span class='ocrx_word' id='word_1_767' title='bbox 3440 3649 3550 3720; x_wconf 68' lang='grc' dir='ltr'>’σὴν</span> 
     </span>
    </p>
   </div>
   <div class='ocr_carea' id='block_1_107' title="bbox 1961 3737 3552 3812">
    <p class='ocr_par' dir='ltr' id='par_1_107' title="bbox 1961 3737 3552 3812">
     <span class='ocr_line' id='line_1_107' title="bbox 1961 3737 3552 3812; baseline -0.003 -15"><span class='ocrx_word' id='word_1_768' title='bbox 1961 3741 2296 3800; x_wconf 82' lang='grc' dir='ltr'>αὑθεντείαν.</span> <span class='ocrx_word' id='word_1_769' title='bbox 2324 3739 2512 3804; x_wconf 78' lang='grc' dir='ltr'>Οὕτως</span> <span class='ocrx_word' id='word_1_770' title='bbox 2559 3739 2698 3812; x_wconf 86' lang='grc' dir='ltr'>μετά</span> <span class='ocrx_word' id='word_1_771' title='bbox 2733 3737 2918 3806; x_wconf 71' lang='grc' dir='ltr'>αἰδοῦς</span> <span class='ocrx_word' id='word_1_772' title='bbox 2961 3756 3108 3802; x_wconf 87' lang='grc' dir='ltr'>τινος</span> <span class='ocrx_word' id='word_1_773' title='bbox 3133 3738 3552 3804; x_wconf 87' lang='grc' dir='ltr'>ἀποστείλαντες</span> 
     </span>
    </p>
   </div>
   <div class='ocr_carea' id='block_1_108' title="bbox 1961 3825 3554 3894">
    <p class='ocr_par' dir='ltr' id='par_1_108' title="bbox 1961 3825 3554 3894">
     <span class='ocr_line' id='line_1_108' title="bbox 1961 3825 3554 3894; baseline -0.004 -10"><span class='ocrx_word' id='word_1_774' title='bbox 1961 3833 2026 3884; x_wconf 89' lang='grc' dir='ltr'>ἐκ</span> <span class='ocrx_word' id='word_1_775' title='bbox 2058 3829 2152 3884; x_wconf 90' lang='grc' dir='ltr'>τοῦ</span> <span class='ocrx_word' id='word_1_776' title='bbox 2193 3828 2480 3893; x_wconf 87' lang='grc' dir='ltr'>παλατίου,</span> <span class='ocrx_word' id='word_1_777' title='bbox 2527 3828 2766 3894; x_wconf 81' lang='grc' dir='ltr'>ἐξέωσαν</span> <span class='ocrx_word' id='word_1_778' title='bbox 2800 3825 2988 3888; x_wconf 77' lang='grc' dir='ltr'>αὑτὸν,</span> <span class='ocrx_word' id='word_1_779' title='bbox 3025 3825 3383 3889; x_wconf 84' lang='grc' dir='ltr'>κελεύσαντες</span> <span class='ocrx_word' id='word_1_780' title='bbox 3413 3825 3554 3889; x_wconf 82' lang='grc' dir='ltr'>τέως</span> 
     </span>
    </p>
   </div>
   <div class='ocr_carea' id='block_1_109' title="bbox 1961 3914 3551 3989">
    <p class='ocr_par' dir='ltr' id='par_1_109' title="bbox 1961 3914 3551 3989">
     <span class='ocr_line' id='line_1_109' title="bbox 1961 3914 3551 3989; baseline -0.004 -15"><span class='ocrx_word' id='word_1_781' title='bbox 1961 3920 2169 3989; x_wconf 89' lang='grc' dir='ltr'>διάγειν</span> <span class='ocrx_word' id='word_1_782' title='bbox 2204 3919 2262 3972; x_wconf 88' lang='grc' dir='ltr'>ἐν</span> <span class='ocrx_word' id='word_1_783' title='bbox 2293 3917 2371 3989; x_wconf 79' lang='grc' dir='ltr'>τῷ</span> <span class='ocrx_word' id='word_1_784' title='bbox 2404 3917 2762 3986; x_wconf 84' lang='grc' dir='ltr'>ἐπισκοπείῳ,</span> <span class='ocrx_word' id='word_1_785' title='bbox 2811 3914 2871 3968; x_wconf 86' lang='grc' dir='ltr'>τὺ</span> <span class='ocrx_word' id='word_1_786' title='bbox 2917 3914 3264 3985; x_wconf 86' lang='grc' dir='ltr'>ἐνδεχόμενον</span> <span class='ocrx_word' id='word_1_787' title='bbox 3309 3917 3408 3986; x_wconf 75' lang='grc' dir='ltr'>τῆς</span> <span class='ocrx_word' id='word_1_788' title='bbox 3455 3915 3551 3969; x_wconf 90' lang='grc' dir='ltr'>τοῦ</span> 
     </span>
    </p>
   </div>
   <div class='ocr_carea' id='block_1_110' title="bbox 1961 4001 3554 4080">
    <p class='ocr_par' dir='ltr' id='par_1_110' title="bbox 1961 4001 3554 4080">
     <span class='ocr_line' id='line_1_110' title="bbox 1961 4001 3554 4080; baseline -0.004 -18"><span class='ocrx_word' id='word_1_789' title='bbox 1961 4007 2095 4062; x_wconf 86' lang='grc' dir='ltr'>Θεοῦ</span> <span class='ocrx_word' id='word_1_790' title='bbox 2117 4007 2288 4080; x_wconf 84' lang='grc' dir='ltr'>ὀργῆς</span> <span class='ocrx_word' id='word_1_791' title='bbox 2308 4003 2739 4076; x_wconf 84' lang='grc' dir='ltr'>προσδοκῶντες,</span> <span class='ocrx_word' id='word_1_792' title='bbox 2766 4003 2874 4066; x_wconf 82' lang='grc' dir='ltr'>ἵνα,</span> <span class='ocrx_word' id='word_1_793' title='bbox 2897 4002 2993 4057; x_wconf 79' lang='grc' dir='ltr'>ἐὰν</span> <span class='ocrx_word' id='word_1_794' title='bbox 3017 4002 3118 4072; x_wconf 77' lang='grc' dir='ltr'>μὲν</span> <span class='ocrx_word' id='word_1_795' title='bbox 3141 4001 3322 4074; x_wconf 85' lang='grc' dir='ltr'>συμϐῇ</span> <span class='ocrx_word' id='word_1_796' title='bbox 3345 4020 3398 4056; x_wconf 92' lang='grc' dir='ltr'>τι</span> <span class='ocrx_word' id='word_1_797' title='bbox 3424 4001 3554 4075; x_wconf 61' lang='grc' dir='ltr'>περὶ⁹</span> 
     </span>
    </p>
   </div>
   <div class='ocr_carea' id='block_1_111' title="bbox 1961 4089 3553 4166">
    <p class='ocr_par' dir='ltr' id='par_1_111' title="bbox 1961 4089 3553 4166">
     <span class='ocr_line' id='line_1_111' title="bbox 1961 4089 3553 4166; baseline -0.004 -16"><span class='ocrx_word' id='word_1_798' title='bbox 1961 4097 2160 4160; x_wconf 78' lang='grc' dir='ltr'>αὐτοὺς</span> <span class='ocrx_word' id='word_1_799' title='bbox 2192 4095 2456 4166; x_wconf 85' lang='grc' dir='ltr'>λυπηρὸν,</span> <span class='ocrx_word' id='word_1_800' title='bbox 2490 4091 2682 4146; x_wconf 77' lang='grc' dir='ltr'>θάττον</span> <span class='ocrx_word' id='word_1_801' title='bbox 2713 4091 2876 4145; x_wconf 81' lang='grc' dir='ltr'>αὑτὸν</span> <span class='ocrx_word' id='word_1_802' title='bbox 2911 4089 3300 4158; x_wconf 77' lang='grc' dir='ltr'>εἰσαγαγόντες</span> <span class='ocrx_word' id='word_1_803' title='bbox 3327 4091 3408 4154; x_wconf 85' lang='grc' dir='ltr'>εἰς</span> <span class='ocrx_word' id='word_1_804' title='bbox 3452 4089 3553 4160; x_wconf 74' lang='grc' dir='ltr'>τὴν</span> 
     </span>
    </p>
   </div>
   <div class='ocr_carea' id='block_1_112' title="bbox 1974 4177 3552 4253">
    <p class='ocr_par' dir='ltr' id='par_1_112' title="bbox 1974 4177 3552 4253">
     <span class='ocr_line' id='line_1_112' title="bbox 1974 4177 3552 4253; baseline -0.005 -14"><span class='ocrx_word' id='word_1_805' title='bbox 1974 4182 2328 4253; x_wconf 78' lang='grc' dir='ltr'>Ἐκκλησίαν,</span> <span class='ocrx_word' id='word_1_806' title='bbox 2376 4179 2770 4246; x_wconf 82' lang='grc' dir='ltr'>ἐξιλεώσωνται</span> <span class='ocrx_word' id='word_1_807' title='bbox 2821 4179 2883 4232; x_wconf 82' lang='grc' dir='ltr'>τὸ</span> <span class='ocrx_word' id='word_1_808' title='bbox 2915 4179 3102 4232; x_wconf 86' lang='grc' dir='ltr'>Θεῖον·</span> <span class='ocrx_word' id='word_1_809' title='bbox 3147 4180 3196 4232; x_wconf 87' lang='grc' dir='ltr'>εί</span> <span class='ocrx_word' id='word_1_810' title='bbox 3242 4178 3298 4230; x_wconf 85' lang='grc' dir='ltr'>δὲ</span> <span class='ocrx_word' id='word_1_811' title='bbox 3335 4177 3431 4248; x_wconf 83' lang='grc' dir='ltr'>μὴ,</span> <span class='ocrx_word' id='word_1_812' title='bbox 3464 4178 3552 4231; x_wconf 82' lang='grc' dir='ltr'>ἵνα</span> 
     </span>
    </p>
   </div>
   <div class='ocr_carea' id='block_1_113' title="bbox 1965 4265 3555 4338">
    <p class='ocr_par' dir='ltr' id='par_1_113' title="bbox 1965 4265 3555 4338">
     <span class='ocr_line' id='line_1_113' title="bbox 1965 4265 3555 4338; baseline -0.006 -9"><span class='ocrx_word' id='word_1_813' title='bbox 1965 4273 2126 4329; x_wconf 80' lang='grc' dir='ltr'>πάλιν</span> <span class='ocrx_word' id='word_1_814' title='bbox 2165 4269 2461 4326; x_wconf 82' lang='grc' dir='ltr'>ἐπιθῶνται</span> <span class='ocrx_word' id='word_1_815' title='bbox 2491 4268 2570 4335; x_wconf 79' lang='grc' dir='ltr'>ὡς</span> <span class='ocrx_word' id='word_1_816' title='bbox 2596 4267 2794 4338; x_wconf 76' lang='grc' dir='ltr'>Φαραὼ</span> <span class='ocrx_word' id='word_1_817' title='bbox 2822 4265 2900 4338; x_wconf 78' lang='grc' dir='ltr'>τῷ</span> <span class='ocrx_word' id='word_1_818' title='bbox 2945 4267 3185 4338; x_wconf 77' lang='grc' dir='ltr'>Μωὺσῇ.</span> <span class='ocrx_word' id='word_1_819' title='bbox 3215 4267 3304 4320; x_wconf 84' lang='grc' dir='ltr'>Ἑν</span> <span class='ocrx_word' id='word_1_820' title='bbox 3339 4265 3555 4332; x_wconf 72' lang='grc' dir='ltr'>τούτοις</span> 
     </span>
    </p>
   </div>
   <div class='ocr_carea' id='block_1_114' title="bbox 1965 4350 3556 4435">
    <p class='ocr_par' dir='ltr' id='par_1_114' title="bbox 1965 4350 3556 4435">
     <span class='ocr_line' id='line_1_114' title="bbox 1965 4350 3556 4435; baseline -0.008 -17"><span class='ocrx_word' id='word_1_821' title='bbox 1965 4363 2168 4435; x_wconf 84' lang='grc' dir='ltr'>ἐπέστη</span> <span class='ocrx_word' id='word_1_822' title='bbox 2194 4365 2230 4434; x_wconf 81' lang='grc' dir='ltr'><strong>ἡ</strong></span> <span class='ocrx_word' id='word_1_823' title='bbox 2255 4359 2349 4415; x_wconf 89' lang='grc' dir='ltr'>τοῦ</span> <span class='ocrx_word' id='word_1_824' title='bbox 2385 4358 2624 4432; x_wconf 86' lang='grc' dir='ltr'>μεγάλου</span> <span class='ocrx_word' id='word_1_825' title='bbox 2666 4356 2946 4412; x_wconf 83' lang='grc' dir='ltr'>Σαϐϐάτου</span> <span class='ocrx_word' id='word_1_826' title='bbox 2993 4355 3194 4426; x_wconf 78' lang='grc' dir='ltr'>ἡμέρα,</span> <span class='ocrx_word' id='word_1_827' title='bbox 3227 4357 3284 4408; x_wconf 89' lang='grc' dir='ltr'>ἐν</span> <span class='ocrx_word' id='word_1_828' title='bbox 3379 4357 3408 4409; x_wconf 93' lang='lat'>6</span> <span class='ocrx_word' id='word_1_829' title='bbox 3440 4357 3556 4410; x_wconf 79' lang='grc' dir='ltr'>Σω-</span> 
     </span>
    </p>
   </div>
   <div class='ocr_carea' id='block_1_115' title="bbox 1962 4444 3557 4525">
    <p class='ocr_par' dir='ltr' id='par_1_115' title="bbox 1962 4444 3557 4525">
     <span class='ocr_line' id='line_1_115' title="bbox 1962 4444 3557 4525; baseline -0.01 -12"><span class='ocrx_word' id='word_1_830' title='bbox 1962 4453 2068 4525; x_wconf 80' lang='grc' dir='ltr'>τὴρ</span> <span class='ocrx_word' id='word_1_831' title='bbox 2096 4449 2432 4522; x_wconf 76' lang='grc' dir='ltr'>σταυρωθεὶς</span> <span class='ocrx_word' id='word_1_832' title='bbox 2460 4446 2756 4504; x_wconf 82' lang='grc' dir='ltr'>ἐσκύλευσε</span> <span class='ocrx_word' id='word_1_833' title='bbox 2779 4445 2873 4500; x_wconf 78' lang='grc' dir='ltr'>τὸν</span> <span class='ocrx_word' id='word_1_834' title='bbox 2900 4444 3054 4517; x_wconf 66' lang='grc' dir='ltr'>ᾅδην.</span> <span class='ocrx_word' id='word_1_835' title='bbox 3075 4445 3184 4498; x_wconf 74' lang='grc' dir='ltr'>Καὶ</span> <span class='ocrx_word' id='word_1_836' title='bbox 3212 4444 3376 4500; x_wconf 86' lang='grc' dir='ltr'>πάλιν</span> <span class='ocrx_word' id='word_1_837' title='bbox 3403 4445 3557 4516; x_wconf 73' lang='grc' dir='ltr'>αὐτῷ</span> 
     </span>
    </p>
   </div>
   <div class='ocr_carea' id='block_1_116' title="bbox 1963 4533 3558 4611">
    <p class='ocr_par' dir='ltr' id='par_1_116' title="bbox 1963 4533 3558 4611">
     <span class='ocr_line' id='line_1_116' title="bbox 1963 4533 3558 4611; baseline -0.006 -15"><span class='ocrx_word' id='word_1_838' title='bbox 1963 4539 2214 4611; x_wconf 87' lang='grc' dir='ltr'>δηλοῦσιν</span> <span class='ocrx_word' id='word_1_839' title='bbox 2233 4558 2246 4571; x_wconf 87' lang='grc'>·</span> <span class='ocrx_word' id='word_1_840' title='bbox 2276 4537 2502 4606; x_wconf 76' lang='grc' dir='ltr'>Ἔξελθε</span> <span class='ocrx_word' id='word_1_841' title='bbox 2528 4537 2630 4608; x_wconf 76' lang='grc' dir='ltr'>τῆς</span> <span class='ocrx_word' id='word_1_842' title='bbox 2663 4533 3006 4608; x_wconf 84' lang='grc' dir='ltr'>Ἑκκλησίας.</span> <span class='ocrx_word' id='word_1_843' title='bbox 3047 4533 3346 4606; x_wconf 81' lang='grc' dir='ltr'>Ἀντιδηλοῖ</span> <span class='ocrx_word' id='word_1_844' title='bbox 3375 4533 3446 4587; x_wconf 83' lang='grc' dir='ltr'>τὰ</span> <span class='ocrx_word' id='word_1_845' title='bbox 3477 4537 3558 4588; x_wconf 73' lang='grc' dir='ltr'>εί-</span> 
     </span>
    </p>
   </div>
   <div class='ocr_carea' id='block_1_117' title="bbox 1965 4619 3550 4698">
    <p class='ocr_par' dir='ltr' id='par_1_117' title="bbox 1965 4619 3550 4698">
     <span class='ocr_line' id='line_1_117' title="bbox 1965 4619 3550 4698; baseline -0.007 -13"><span class='ocrx_word' id='word_1_846' title='bbox 1965 4631 2121 4687; x_wconf 84' lang='grc' dir='ltr'>κότα.</span> <span class='ocrx_word' id='word_1_847' title='bbox 2177 4626 2594 4698; x_wconf 78' lang='grc' dir='ltr'>Εὐλαϐούμενος</span> <span class='ocrx_word' id='word_1_848' title='bbox 2643 4622 2934 4696; x_wconf 86' lang='grc' dir='ltr'>τοιγαροῦν</span> <span class='ocrx_word' id='word_1_849' title='bbox 2973 4623 3006 4676; x_wconf 82' lang='lat'>6</span> <span class='ocrx_word' id='word_1_850' title='bbox 3039 4619 3294 4692; x_wconf 79' lang='grc' dir='ltr'>βασιλεὺς</span> <span class='ocrx_word' id='word_1_851' title='bbox 3354 4621 3418 4675; x_wconf 79' lang='grc' dir='ltr'>τὸ</span> <span class='ocrx_word' id='word_1_852' title='bbox 3463 4622 3550 4675; x_wconf 73' lang='grc' dir='ltr'>εὑ-</span> 
     </span>
    </p>
   </div>
   <div class='ocr_carea' id='block_1_118' title="bbox 1966 4709 3550 4788">
    <p class='ocr_par' dir='ltr' id='par_1_118' title="bbox 1966 4709 3550 4788">
     <span class='ocr_line' id='line_1_118' title="bbox 1966 4709 3550 4788; baseline -0.007 -14"><span class='ocrx_word' id='word_1_853' title='bbox 1966 4717 2298 4774; x_wconf 83' lang='grc' dir='ltr'>καθοσίωτον</span> <span class='ocrx_word' id='word_1_854' title='bbox 2331 4716 2430 4788; x_wconf 80' lang='grc' dir='ltr'>τῆς</span> <span class='ocrx_word' id='word_1_855' title='bbox 2451 4715 2686 4786; x_wconf 80' lang='grc' dir='ltr'>ἡμέρας,</span> <span class='ocrx_word' id='word_1_856' title='bbox 2718 4711 2812 4766; x_wconf 80' lang='grc' dir='ltr'>καὶ</span> <span class='ocrx_word' id='word_1_857' title='bbox 2838 4711 2930 4765; x_wconf 81' lang='grc' dir='ltr'>τὸν</span> <span class='ocrx_word' id='word_1_858' title='bbox 2967 4709 3070 4780; x_wconf 83' lang='grc' dir='ltr'>τῆς</span> <span class='ocrx_word' id='word_1_859' title='bbox 3109 4709 3321 4775; x_wconf 80' lang='grc' dir='ltr'>πόλεως</span> <span class='ocrx_word' id='word_1_860' title='bbox 3343 4709 3550 4780; x_wconf 70' lang='grc' dir='ltr'>κλόνον,</span> 
     </span>
    </p>
   </div>
   <div class='ocr_carea' id='block_1_119' title="bbox 1970 4797 3553 4879">
    <p class='ocr_par' dir='ltr' id='par_1_119' title="bbox 1970 4797 3553 4879">
     <span class='ocr_line' id='line_1_119' title="bbox 1970 4797 3553 4879; baseline -0.009 -18"><span class='ocrx_word' id='word_1_861' title='bbox 1970 4805 2394 4879; x_wconf 83' lang='grc' dir='ltr'>μεταστέλλεται</span> <span class='ocrx_word' id='word_1_862' title='bbox 2422 4803 2548 4866; x_wconf 84' lang='grc' dir='ltr'>τοὺς</span> <span class='ocrx_word' id='word_1_863' title='bbox 2573 4800 2704 4873; x_wconf 79' lang='grc' dir='ltr'>περὶ</span> <span class='ocrx_word' id='word_1_864' title='bbox 2733 4799 2984 4858; x_wconf 84' lang='grc' dir='ltr'>Ἀκάκιον</span> <span class='ocrx_word' id='word_1_865' title='bbox 3005 4798 3102 4852; x_wconf 79' lang='grc' dir='ltr'>καὶ</span> <span class='ocrx_word' id='word_1_866' title='bbox 3129 4797 3422 4868; x_wconf 84' lang='grc' dir='ltr'>Ἀντίοχον,</span> <span class='ocrx_word' id='word_1_867' title='bbox 3449 4799 3553 4869; x_wconf 80' lang='grc' dir='ltr'>φή-</span> 
     </span>
    </p>
   </div>
   <div class='ocr_carea' id='block_1_120' title="bbox 1969 4886 3554 4960">
    <p class='ocr_par' dir='ltr' id='par_1_120' title="bbox 1969 4886 3554 4960">
     <span class='ocr_line' id='line_1_120' title="bbox 1969 4886 3554 4960; baseline -0.008 -10"><span class='ocrx_word' id='word_1_868' title='bbox 1969 4913 2069 4959; x_wconf 89' lang='grc' dir='ltr'>σας</span> <span class='ocrx_word' id='word_1_869' title='bbox 2098 4895 2316 4958; x_wconf 77' lang='grc' dir='ltr'>αύτοϊς·</span> <span class='ocrx_word' id='word_1_870' title='bbox 2350 4891 2415 4946; x_wconf 86' lang='grc' dir='ltr'>Τί</span> <span class='ocrx_word' id='word_1_871' title='bbox 2459 4890 2569 4944; x_wconf 87' lang='grc' dir='ltr'>δέοι</span> <span class='ocrx_word' id='word_1_872' title='bbox 2614 4886 2900 4960; x_wconf 82' lang='grc' dir='ltr'>γενέσθαι;</span> <span class='ocrx_word' id='word_1_873' title='bbox 2940 4886 3169 4957; x_wconf 83' lang='grc' dir='ltr'>βλέπετε</span> <span class='ocrx_word' id='word_1_874' title='bbox 3209 4886 3421 4958; x_wconf 79' lang='grc' dir='ltr'>μήποτε</span> <span class='ocrx_word' id='word_1_875' title='bbox 3452 4886 3554 4939; x_wconf 82' lang='grc' dir='ltr'>οὐκ</span> 
     </span>
    </p>
   </div>
   <div class='ocr_carea' id='block_1_121' title="bbox 1965 4971 3556 5055">
    <p class='ocr_par' dir='ltr' id='par_1_121' title="bbox 1965 4971 3556 5055">
     <span class='ocr_line' id='line_1_121' title="bbox 1965 4971 3556 5055; baseline -0.007 -19"><span class='ocrx_word' id='word_1_876' title='bbox 1965 4981 2142 5055; x_wconf 84' lang='grc' dir='ltr'>ὀρθῶς</span> <span class='ocrx_word' id='word_1_877' title='bbox 2171 4977 2659 5052; x_wconf 80' lang='grc' dir='ltr'>βουλεύεσθε.Τότε</span> <span class='ocrx_word' id='word_1_878' title='bbox 2676 4977 2727 5029; x_wconf 79' lang='grc' dir='ltr'>οι</span> <span class='ocrx_word' id='word_1_879' title='bbox 2758 4974 3012 5045; x_wconf 86' lang='grc' dir='ltr'>γεννάδες</span> <span class='ocrx_word' id='word_1_880' title='bbox 3034 4973 3130 5028; x_wconf 78' lang='grc' dir='ltr'>καὶ</span> <span class='ocrx_word' id='word_1_881' title='bbox 3163 4971 3556 5044; x_wconf 66' lang='grc' dir='ltr'>περισσόψυχω</span> 
     </span>
    </p>
   </div>
   <div class='ocr_carea' id='block_1_122' title="bbox 1967 5059 3555 5140">
    <p class='ocr_par' dir='ltr' id='par_1_122' title="bbox 1967 5059 3555 5140">
     <span class='ocr_line' id='line_1_122' title="bbox 1967 5059 3555 5140; baseline -0.009 -15"><span class='ocrx_word' id='word_1_882' title='bbox 1967 5069 2120 5126; x_wconf 74' lang='grc' dir='ltr'>εἷπον</span> <span class='ocrx_word' id='word_1_883' title='bbox 2150 5067 2230 5140; x_wconf 81' lang='grc' dir='ltr'>τῷ</span> <span class='ocrx_word' id='word_1_884' title='bbox 2266 5067 2476 5138; x_wconf 80' lang='grc' dir='ltr'>βασιλεέ</span> <span class='ocrx_word' id='word_1_885' title='bbox 2493 5083 2506 5095; x_wconf 91' lang='grc'>·</span> <span class='ocrx_word' id='word_1_886' title='bbox 2552 5064 2806 5129; x_wconf 87' lang='grc' dir='ltr'>Βασιλεῦ,</span> <span class='ocrx_word' id='word_1_887' title='bbox 2841 5064 2936 5118; x_wconf 77' lang='grc' dir='ltr'>ἐπὶ</span> <span class='ocrx_word' id='word_1_888' title='bbox 2979 5063 3078 5135; x_wconf 83' lang='grc' dir='ltr'>τὴν</span> <span class='ocrx_word' id='word_1_889' title='bbox 3110 5060 3356 5134; x_wconf 81' lang='grc' dir='ltr'>κεφαλὴν</span> <span class='ocrx_word' id='word_1_890' title='bbox 3398 5059 3555 5132; x_wconf 80' lang='grc' dir='ltr'>ἡμῶν</span> 
     </span>
    </p>
   </div>
   <div class='ocr_carea' id='block_1_123' title="bbox 1965 5145 3559 5232">
    <p class='ocr_par' dir='ltr' id='par_1_123' title="bbox 1965 5145 3559 5232">
     <span class='ocr_line' id='line_1_123' title="bbox 1965 5145 3559 5232; baseline -0.008 -18"><span class='ocrx_word' id='word_1_891' title='bbox 1965 5162 2000 5232; x_wconf 76' lang='grc' dir='ltr'><strong>ἠ</strong></span> <span class='ocrx_word' id='word_1_892' title='bbox 2037 5158 2285 5213; x_wconf 86' lang='grc' dir='ltr'>Ἰωάννου</span> <span class='ocrx_word' id='word_1_893' title='bbox 2333 5155 2672 5229; x_wconf 74' lang='grc' dir='ltr'>καθαίρεσις.</span> <span class='ocrx_word' id='word_1_894' title='bbox 2701 5153 3024 5207; x_wconf 78' lang='grc' dir='ltr'>Τελευταῖον</span> <span class='ocrx_word' id='word_1_895' title='bbox 3072 5151 3346 5224; x_wconf 81' lang='grc' dir='ltr'>βοήθημα,</span> <span class='ocrx_word' id='word_1_896' title='bbox 3381 5150 3432 5202; x_wconf 81' lang='grc' dir='ltr'>οι</span> <span class='ocrx_word' id='word_1_897' title='bbox 3477 5145 3559 5218; x_wconf 80' lang='grc' dir='ltr'>τῷ</span> 
     </span>
    </p>
   </div>
   <div class='ocr_carea' id='block_1_124' title="bbox 1978 5237 3555 5319">
    <p class='ocr_par' dir='ltr' id='par_1_124' title="bbox 1978 5237 3555 5319">
     <span class='ocr_line' id='line_1_124' title="bbox 1978 5237 3555 5319; baseline -0.011 -14"><span class='ocrx_word' id='word_1_898' title='bbox 1978 5249 2201 5319; x_wconf 82' lang='grc' dir='ltr'>Ἰωάννῃ</span> <span class='ocrx_word' id='word_1_899' title='bbox 2233 5247 2483 5310; x_wconf 87' lang='grc' dir='ltr'>συνόντες</span> <span class='ocrx_word' id='word_1_900' title='bbox 2509 5243 2800 5298; x_wconf 85' lang='grc' dir='ltr'>ἐπίσκοποι</span> <span class='ocrx_word' id='word_1_901' title='bbox 2830 5241 3110 5314; x_wconf 82' lang='grc' dir='ltr'>ίσάριθμοι</span> <span class='ocrx_word' id='word_1_902' title='bbox 3145 5240 3246 5310; x_wconf 85' lang='grc' dir='ltr'>τῆς</span> <span class='ocrx_word' id='word_1_903' title='bbox 3271 5237 3433 5307; x_wconf 71' lang='grc' dir='ltr'>ἁγίας</span> <span class='ocrx_word' id='word_1_904' title='bbox 3459 5253 3555 5308; x_wconf 81' lang='grc' dir='ltr'>νη-</span> 
     </span>
    </p>
   </div>
   <div class='ocr_carea' id='block_1_125' title="bbox 1969 5325 3558 5409">
    <p class='ocr_par' dir='ltr' id='par_1_125' title="bbox 1969 5325 3558 5409">
     <span class='ocr_line' id='line_1_125' title="bbox 1969 5325 3558 5409; baseline -0.009 -16"><span class='ocrx_word' id='word_1_905' title='bbox 1969 5339 2172 5402; x_wconf 87' lang='grc' dir='ltr'>στείας,</span> <span class='ocrx_word' id='word_1_906' title='bbox 2192 5335 2498 5409; x_wconf 81' lang='grc' dir='ltr'>προσῆλθον</span> <span class='ocrx_word' id='word_1_907' title='bbox 2517 5332 2598 5406; x_wconf 83' lang='grc' dir='ltr'>τῷ</span> <span class='ocrx_word' id='word_1_908' title='bbox 2619 5330 2830 5404; x_wconf 81' lang='grc' dir='ltr'>βασιλεῖ</span> <span class='ocrx_word' id='word_1_909' title='bbox 2849 5333 2946 5386; x_wconf 75' lang='grc' dir='ltr'>καὶ</span> <span class='ocrx_word' id='word_1_910' title='bbox 2963 5333 3032 5402; x_wconf 75' lang='grc' dir='ltr'>τῇ</span> <span class='ocrx_word' id='word_1_911' title='bbox 3056 5326 3344 5400; x_wconf 82' lang='grc' dir='ltr'>βασιλίσσῃ</span> <span class='ocrx_word' id='word_1_912' title='bbox 3359 5325 3418 5380; x_wconf 83' lang='grc' dir='ltr'>ἐν</span> <span class='ocrx_word' id='word_1_913' title='bbox 3437 5327 3558 5386; x_wconf 85' lang='grc' dir='ltr'>τοῖς</span> 
     </span>
    </p>
   </div>
   <div class='ocr_carea' id='block_1_126' title="bbox 1971 5413 3556 5504">
    <p class='ocr_par' dir='ltr' id='par_1_126' title="bbox 1971 5413 3556 5504">
     <span class='ocr_line' id='line_1_126' title="bbox 1971 5413 3556 5504; baseline -0.011 -21"><span class='ocrx_word' id='word_1_914' title='bbox 1971 5426 2292 5504; x_wconf 86' lang='grc' dir='ltr'>μαρτυρίοις</span> <span class='ocrx_word' id='word_1_915' title='bbox 2313 5423 2452 5496; x_wconf 81' lang='grc' dir='ltr'>μετὰ</span> <span class='ocrx_word' id='word_1_916' title='bbox 2469 5422 2724 5503; x_wconf 70' lang='grc' dir='ltr'>δακρύων</span> <span class='ocrx_word' id='word_1_917' title='bbox 2743 5417 3209 5492; x_wconf 86' lang='grc' dir='ltr'>παρακαλοῦντες,</span> <span class='ocrx_word' id='word_1_918' title='bbox 3225 5413 3441 5484; x_wconf 80' lang='grc' dir='ltr'>φειδοῦς</span> <span class='ocrx_word' id='word_1_919' title='bbox 3460 5431 3556 5469; x_wconf 81' lang='grc' dir='ltr'>τι.-</span> 
     </span>
    </p>
   </div>
   <div class='ocr_carea' id='block_1_127' title="bbox 1967 5493 3556 5596">
    <p class='ocr_par' dir='ltr' id='par_1_127' title="bbox 1967 5493 3556 5596">
     <span class='ocr_line' id='line_1_127' title="bbox 1967 5493 3556 5596; baseline -0.011 -19"><span class='ocrx_word' id='word_1_920' title='bbox 1967 5493 2083 5596; x_wconf 72' lang='grc' dir='ltr'>χεῖν</span> <span class='ocrx_word' id='word_1_921' title='bbox 2121 5493 2218 5590; x_wconf 53' lang='grc' dir='ltr'>την</span> <span class='ocrx_word' id='word_1_922' title='bbox 2261 5493 2355 5573; x_wconf 79' lang='grc' dir='ltr'>τοῦ</span> <span class='ocrx_word' id='word_1_923' title='bbox 2403 5493 2642 5590; x_wconf 77' lang='grc' dir='ltr'>Χριστοῦ</span> <span class='ocrx_word' id='word_1_924' title='bbox 2693 5508 3042 5580; x_wconf 83' lang='grc' dir='ltr'>Ἐκκλησίαν,</span> <span class='ocrx_word' id='word_1_925' title='bbox 3095 5504 3334 5577; x_wconf 86' lang='grc' dir='ltr'>μάλιστα</span> <span class='ocrx_word' id='word_1_926' title='bbox 3361 5504 3454 5566; x_wconf 80' lang='grc' dir='ltr'>διὰ</span> <span class='ocrx_word' id='word_1_927' title='bbox 3489 5507 3556 5561; x_wconf 74' lang='grc' dir='ltr'>τὸ</span> 
     </span>
    </p>
   </div>
   <div class='ocr_carea' id='block_1_128' title="bbox 2032 5680 3554 5755">
    <p class='ocr_par' dir='ltr' id='par_1_128' title="bbox 2032 5680 3554 5755">
     <span class='ocr_line' id='line_1_128' title="bbox 2032 5680 3554 5755; baseline -0.01 -9"><span class='ocrx_word' id='word_1_928' title='bbox 2032 5697 2060 5728; x_wconf 77' lang='grc'><strong>⁸</strong></span> <span class='ocrx_word' id='word_1_929' title='bbox 2080 5695 2214 5755; x_wconf 66' lang='lat' dir='ltr'>Haec,</span> <span class='ocrx_word' id='word_1_930' title='bbox 2235 5693 2317 5743; x_wconf 80' lang='grc' dir='ltr'>καὶ</span> <span class='ocrx_word' id='word_1_931' title='bbox 2336 5685 2893 5755; x_wconf 55' lang='grc' dir='ltr'>δυνατώτερρνμξθρτεῃι</span> <span class='ocrx_word' id='word_1_932' title='bbox 2907 5680 2961 5733; x_wconf 72' lang='lat' dir='ltr'><strong>in</strong></span> <span class='ocrx_word' id='word_1_933' title='bbox 2983 5682 3179 5755; x_wconf 56' lang='grc' dir='ltr'>(ξεινίους</span> <span class='ocrx_word' id='word_1_934' title='bbox 3201 5683 3299 5755; x_wconf 58' lang='grc' dir='ltr'>σοι]Δ</span> <span class='ocrx_word' id='word_1_935' title='bbox 3315 5694 3347 5732; x_wconf 82' lang='lat' dir='ltr'><strong>e</strong></span> <span class='ocrx_word' id='word_1_936' title='bbox 3501 5681 3554 5732; x_wconf 70' lang='lat' dir='ltr'><strong>In</strong></span> 
     </span>
    </p>
   </div>
   <div class='ocr_carea' id='block_1_129' title="bbox 1969 5745 3556 5816">
    <p class='ocr_par' dir='ltr' id='par_1_129' title="bbox 1969 5745 3556 5816">
     <span class='ocr_line' id='line_1_129' title="bbox 1969 5745 3556 5816; baseline -0.012 -5"><span class='ocrx_word' id='word_1_937' title='bbox 1969 5745 2162 5810; x_wconf 53' lang='lat' dir='ltr'>{enim</span> <span class='ocrx_word' id='word_1_938' title='bbox 2174 5745 2348 5808; x_wconf 56' lang='lat' dir='ltr'>r&#39;elnlil</span> <span class='ocrx_word' id='word_1_939' title='bbox 2363 5745 2590 5816; x_wconf 70' lang='lat' dir='ltr'>Bigolus;</span> <span class='ocrx_word' id='word_1_940' title='bbox 2612 5745 2782 5801; x_wconf 62' lang='lat' dir='ltr'>Latine</span> <span class='ocrx_word' id='word_1_941' title='bbox 2795 5747 2944 5801; x_wconf 69' lang='lat' dir='ltr'>etiam</span> <span class='ocrx_word' id='word_1_942' title='bbox 2962 5745 3151 5796; x_wconf 82' lang='lat' dir='ltr'>addens</span> <span class='ocrx_word' id='word_1_943' title='bbox 3165 5745 3556 5810; x_wconf 76' lang='lat' dir='ltr'>etpolemiomn.</span> 
     </span>
    </p>
   </div>
  </div>
