4018 6414
463 308 533 361 55
1728 290 2047 346 PALLADH

2177 294 2437 351 \LOGUS
3691 299 3765 358 34

467 424 660 497 Πάσχα
686 422 777 475 καῖ
804 421 923 481 τοὺς
955 417 1245 485 μέλλοντας
1272 412 1670 485 ἀναγεννᾶσθαι
1696 412 1798 481 ἤδη
1830 428 2050 497 μυστα-

472 494 833 576 γωγηθέντας,
855 498 1234 554 ἀπολαϐοῦσαν
1260 499 1353 551 τὸν
1376 497 1547 568 ἱερέα.
1572 497 1687 549 Οὐκ
1707 494 2059 566 ὴκούσθησαν

466 591 558 643 ἐπὶ
597 586 790 657 τούτῳ·
830 584 906 646 ὡς
938 583 1030 635 τὸν
1058 583 1214 651 ἆγιον
1261 580 1474 636 Παῦλον
1510 579 1600 634 τὸν
1639 578 1747 634 ἀπὸ
1779 578 2059 649 Κρατείας

466 673 641 726 εἰπεῖν
680 668 874 738 ἀδείλῳ
899 670 967 738 τῇ
1002 666 1289 738 παρρησία
1312 682 1327 696 ·
1364 664 1592 731 Εὐδοξία
1612 703 1627 728 ,
1660 662 1929 734 φοϐήθητι
1967 663 2059 716 τὸν

467 756 619 817 Θεὸν,
656 752 926 824 ἐλεήσασά
956 766 1050 802 σου
1081 749 1151 802 τά
1179 750 1377 803 τέκνα·
1407 749 1482 819 μὴ
1517 748 1706 818 ὕϐριζε
1734 747 1835 817 τὴν
1867 745 2061 817 ἑορτὴν

467 839 560 893 τοῦ
587 834 824 910 Χριστοῦ
848 837 915 907 τῇ
946 832 1054 886 τῶν
1084 831 1333 903 αἱμάτων
1361 830 1605 902 ἐκχύσει.
1650 829 2061 901 ’Υποστρέψαν-

470 941 558 987 τες
585 921 641 974 δέ
676 920 727 973 οί
775 916 1187 989 τεσσαράκοντα
1224 914 1557 978 ἐπίσκοποι,
1594 912 1957 984 ἠγρύπνησαν
2002 914 2060 967 ἐν

469 1008 582 1068 τοῖς
612 1002 979 1071 καταγωγίοις
1009 998 1206 1064 αὐτῶν,
1242 999 1291 1051 οἱ
1321 999 1419 1069 μὲν
1449 998 1588 1069 μετά
1609 995 1886 1068 δακρύων,
1922 998 1973 1049 οἱ
2004 997 2061 1050 δέ

474 1089 611 1161 μετά
647 1088 846 1159 λύπης,
882 1086 1061 1157 ἕτεροι
1100 1083 1158 1136 δέ
1201 1082 1402 1154 ἀμάχῳ
1434 1085 1501 1153 τῇ
1549 1080 1759 1152 διανοίᾳ
1792 1080 2060 1152 κατεσχέ-

470 1174 642 1245 θησαν
701 1171 890 1242 κάρῳ,
930 1168 1007 1231 ὡς
1044 1167 1277 1221 ἕκαστον
1324 1165 1597 1239 ἐκυϐέρνα
1645 1165 1707 1218 τὸ
1756 1164 1951 1227 πάθος.
1998 1165 2060 1217 Οἱ

474 1257 659 1327 μέντοι
703 1252 1065 1327 πρεσϐύτεροι
1125 1249 1373 1304 Ἰωάννου
1426 1250 1477 1303 οἰ
1529 1250 1620 1303 τὸν
1653 1248 1799 1302 θεῖον
1845 1247 2063 1318 ἔχοντες

472 1341 658 1410 φόϐον,
700 1341 758 1392 ἐν
807 1337 886 1409 τῷ
936 1336 1182 1407 δημοσίῳ
1242 1333 1454 1407 λουτρῷ
1507 1333 1587 1405 τῷ
1642 1332 2065 1403 ἐπικαλουμένῳ

472 1423 961 1492 Κωνσταντιανᾶς,
1013 1421 1138 1484 τούς
1177 1419 1341 1483 λαοὺς
1376 1418 1779 1489 συναγαγόντες
1802 1460 1816 1485 ,
1854 1418 2066 1488 είχοντο

470 1509 570 1579 τῆς
602 1505 934 1580 ἀγρυπνίας,
955 1506 1005 1559 οί
1032 1505 1129 1577 μὲν
1151 1504 1220 1559 τὰ
1246 1505 1365 1559 θεῖα
1388 1504 1545 1573 λόγια
1571 1503 2064 1573 ἀναγινώσκοντες,

471 1594 520 1645 οἱ
553 1593 611 1645 δὲ
645 1591 994 1661 βαπτίζοντες
1024 1591 1153 1652 τούς
1182 1586 1593 1660 κατηχηθέντας
1618 1630 1631 1652 ,
1670 1587 1747 1652 ὡς
1779 1588 1947 1652 εἰκὸς,
1974 1587 2066 1641 διά

471 1676 535 1728 τὸ
571 1676 781 1746 Πάσχα.
816 1674 1003 1727 Ταῦτα
1035 1673 1176 1726 αὐτὰ
1210 1671 1723 1743 προσαναφέρουσιν
1756 1671 1807 1723 οἰ
1850 1687 2067 1741 γνωμο-

475 1759 663 1831 φθόροι
692 1758 785 1811 καὶ
818 1756 1179 1828 φρεναπάται,
1209 1756 1257 1808 οἱ
1288 1756 1418 1827 περὶ
1457 1754 1728 1825 Ἀντίοχον
1766 1755 1861 1807 καὶ
1893 1755 2065 1825 Σευη-

475 1842 658 1913 ριανὸν
688 1838 1073 1903 καὶἋκάκιόν,
1103 1841 1216 1902 τοῖς
1242 1839 1453 1892 ἐαυτῶν
1483 1837 1837 1910 προστάταις,
1863 1836 2069 1903 ἀξιοῦν·

471 1943 561 1989 τες
592 1924 986 1996 ἐμποδισθῆναι
1014 1926 1143 1987 τοὺς
1161 1923 1327 1986 λαοὺς
1353 1922 1463 1975 ἀπὸ
1490 1922 1591 1993 τῆς
1618 1923 1737 1975 ἐκεῖ
1765 1922 2063 1989 συνάξεως.

485 2009 764 2061 Ἀντεῖπεν
814 2011 844 2061 6
884 2008 1008 2061 τότε
1046 2007 1369 2079 μάγιστρος,
1399 2007 1616 2077 φήσας’
1665 2004 1783 2071 Νύξ
1811 2008 1929 2059 ἐστι
1973 2008 2069 2059 καὶ

473 2092 622 2163 ὄχλοι
668 2093 874 2146 πολλοί·
930 2093 1004 2163 μή
1038 2109 1092 2146 τι
1122 2091 1381 2162 ἀτόπημα
1430 2090 1677 2162 γένηται.
1733 2090 2067 2161 ’Δνθυποφέ-

479 2194 663 2246 ρουσιν
715 2180 763 2231 οί
817 2177 944 2249 περὶ
1011 2175 1297 2230 Ἀκάκιον·
1342 2175 1532 2240 Οὐδεὶς
1578 2175 1794 2247 ἔμεινεν
1843 2177 1901 2229 ἐν
1947 2180 2069 2240 ταῖς

454 2256 795 2332 ἐκκλησίαις
814 2301 828 2326 ,
860 2262 956 2315 καὶ
983 2260 1306 2331 δεδοίκαμεν
1367 2260 1579 2331 μήποτε
1610 2257 1869 2312 εἰσελθὼν
1906 2260 1935 2312 6
1969 2260 2068 2331 βα-

478 2345 659 2410 σιλεὺς
688 2348 746 2399 ἐν
773 2348 839 2416 τῇ
872 2344 1159 2417 ἐκκλησίᾳ,
1188 2346 1284 2399 καὶ
1312 2343 1389 2416 μὴ
1411 2342 1587 2416 εὑρὼν
1623 2342 1847 2415 μηδένα,
1878 2345 2071 2416 αἴσθη-

475 2448 566 2484 ται
608 2431 711 2500 τῆς
756 2431 851 2485 τοῦ
883 2430 1014 2485 λαοῦ
1064 2430 1281 2494 εὐνοίας
1332 2429 1435 2501 τῆς
1472 2429 1611 2500 πρὸς
1662 2429 1938 2499 Ἰωάννην,
1977 2430 2071 2483 καὶ

477 2514 735 2585 καταγνῷ
769 2515 926 2586 ἡμῶν
976 2515 1052 2578 ὡς
1081 2513 1388 2584 βασκάνων,
1425 2511 1615 2583 ἐπειδὴ
1647 2512 1883 2583 μάλιστα
1918 2514 2071 2567 εῖποο

480 2616 581 2667 μεν
614 2596 784 2668 αὐτῷ,
818 2600 899 2651 ὅτι
927 2597 1102 2660 οὐδείς
1132 2598 1281 2651 ἐστιν
1308 2596 1447 2660 ὅλως
1467 2595 1685 2666 ὁήδέως
1717 2595 1869 2667 αὐτῷ
1901 2614 2071 2668 προσ-

477 2683 636 2753 έχων,
686 2683 763 2746 ὡς
808 2681 1081 2754 ἀνθρώπῳ
1130 2679 1404 2751 ἀσπόνδῳ.
1459 2678 1648 2743 Οὕτως
1690 2681 1719 2733 6
1770 2680 2072 2751 μάγιστρος

476 2767 993 2838 δ.αμαρτυράμενος
1047 2767 1231 2830 αὐτοῖς
1293 2765 1386 2818 ἐπὶ
1438 2766 1553 2827 τοῖς
1599 2764 2068 2836 ἀποϐησομένοις,

475 2850 659 2904 δίδωσι
686 2850 916 2905 Λούκιόν
947 2868 1089 2914 τινα,
1119 2849 1195 2912 ὡς
1219 2849 1427 2917 ἔλεγον,
1465 2846 1726 2918 Ἕλληνα,
1751 2847 2073 2920 ἀφηγούμε-

477 2951 568 2988 νον
595 2935 689 2988 τοῦ
723 2933 960 3005 ἀριθμοῦ
983 2933 1093 2986 τῶν
1120 2933 1459 3003 ὁπλοφόρων,
1487 2932 1866 3004 ἐντειλάμενος
1896 2934 2072 2987 ἐπιει-

477 3016 591 3081 κῶς
623 3016 927 3071 ἀπελθόντα
959 3016 1187 3071 καλέσαι
1216 3014 1309 3069 τὸν
1345 3016 1474 3071 λαὸν
1517 3017 1577 3071 ἐν
1624 3019 1693 3088 τῇ
1724 3015 1993 3090 ἐκκλησίᾳ
2019 3028 2068 3081 ⁸,

489 3104 765 3159 Ἀπελθὼν
798 3106 888 3170 δὲ,
921 3106 1016 3159 καὶ
1066 3106 1140 3177 μὴ
1187 3103 1500 3169 ἀκουσθείς,
1548 3104 1885 3176 ὑποστρέφει
1935 3106 2071 3177 πρὸς

476 3190 603 3253 τούς
634 3190 766 3261 περὶ
802 3190 1075 3256 Ἀκάκιον,
1107 3190 1515 3261 διηγησάμενος
1547 3190 1639 3243 τὸν
1666 3189 1819 3244 τόνον
1852 3189 1947 3244 καὶ
1972 3189 2072 3261 τὴν

477 3274 789 3345 πυκνότητα
832 3274 927 3329 τοῦ
980 3272 1133 3329 λαοῦ.
1175 3274 1332 3329 Μετά
1381 3272 1543 3328 τοῦτο
1596 3272 1846 3345 λιπαρῶς
1907 3274 2073 3328 αὐτὸν

478 3361 855 3434 παρακαλοῦσι
877 3361 1131 3433 χρυσέοις
1162 3363 1370 3433 ῥήμασι
1399 3359 1796 3424 δυσωποῦντες,
1821 3362 1919 3414 καὶ
1945 3362 2075 3416 ὐπο-

480 3445 662 3516 σχέσει
700 3444 947 3516 μείζονος
975 3444 1297 3519 προκοπῆς,
1327 3443 1417 3497 ἴνα
1448 3444 1718 3515 ἐμποδίσῃ
1744 3446 1813 3515 τῇ
1848 3444 1977 3517 δόξῃ
2005 3448 2072 3517 τῇ

475 3528 571 3583 τοῦ
605 3529 845 3600 Κυρίου,
893 3527 1265 3599 ἐντειλάμενοι
1310 3526 1483 3597 αὐτῷ,
1536 3526 1571 3598 ἦ
1613 3526 1757 3597 λόγῳ
1807 3528 2075 3583 πείσαντα

478 3613 706 3682 ἀγαγεῖν
728 3613 819 3666 ἐπὶ
853 3611 950 3684 τὴν
974 3612 1292 3684 ἐκκλησίαν,
1328 3612 1361 3684 ἢ
1392 3614 1531 3684 ὀργῇ
1580 3612 1896 3684 ταράξαντα
1932 3613 2074 3667 παῦ-

481 3713 570 3750 σαι
615 3696 713 3767 τὴν
753 3697 946 3767 ἐορτὴν
977 3695 1071 3749 τοῦ
1120 3699 1471 3766 συναγαγεῖν.
1522 3697 1619 3761 Ὃς
1652 3695 1887 3769 ἐξαυτῆς
1935 3715 2075 3768 συμ-

478 3779 812 3851 παραλαϐὼν
838 3779 1135 3852 κληρικούς
1167 3778 1262 3833 τοῦ
1300 3779 1501 3851 μέρους
1554 3777 1836 3847 Ἀκακίου,
1881 3782 2073 3855 ἐξῆλθε

476 3862 707 3934 δευτέρᾳ
730 3863 946 3936 φυλακῇ
977 3864 1078 3935 τῆς
1107 3864 1300 3927 νυκτὸς
1341 3863 1427 3934 ἐφ’
1547 3863 1851 3936 ἀπεστάλη.
1882 3865 2073 3937 Παρα-

478 3945 711 4000 τείνουσι
738 3947 844 4020 γάρ
876 3949 968 4001 τὸν
989 3948 1117 4001 λαὸν
1144 3950 1202 4000 ἐν
1228 3950 1339 4011 τοῖς
1373 3947 1598 4020 μέρεσιν
1625 3947 1786 4019 ἡμῶν
1815 3948 1923 4013 ἐως
1948 3949 2074 4003 ἀλέ-

478 4047 674 4102 κτορος
698 4032 940 4103 πρώτου,
992 4031 1130 4102 ἔχων
1168 4030 1392 4103 Θρᾷκας
1422 4029 1674 4104 ξιφήρεις
1711 4032 2072 4104 νεοστρατεύ-

476 4133 601 4181 τους
639 4117 779 4171 κατά
812 4117 904 4171 τὸν
951 4115 1118 4170 Ἰισαῦ
1166 4115 1573 4191 τετρακοσίους,
1612 4115 1850 4181 ἀναιδεῖς
1881 4136 2075 4190 περισ-

478 4201 606 4266 σῶς,
637 4202 983 4273 ὲπεπήδησεν
1012 4201 1278 4271 αἰφνίδιον
1314 4202 1460 4256 κατά
1497 4201 1599 4274 τὴν
1627 4200 1800 4255 νύκτα
1831 4201 1931 4257 σὺν
1960 4203 2075 4264 τοῖς

478 4286 887 4340 ὕποδεικνύουσι
915 4287 1199 4358 κληρικοῖς
1239 4286 1336 4340 καὶ
1361 4287 1478 4349 τοῖς
1522 4285 1915 4357 στρατιώταις,
1959 4287 2076 4340 ἰτα-

477 4368 619 4439 μῶς,
659 4369 734 4434 ὡς
768 4371 861 4423 ἆτε
889 4369 1075 4432 λύκος,
1105 4370 1311 4440 σιδήρῳ
1331 4368 1604 4422 στίλϐοντι
1631 4368 1918 4440 διασχίσας
1947 4370 2076 4433 τοὺς

475 4454 686 4524 δχλους.
720 4453 990 4524 Χωρήσας
1014 4454 1059 4506 δ’
1096 4453 1243 4505 ἐνδον
1268 4452 1376 4505 τῶν
1407 4453 1699 4523 μακαρίων
1741 4453 1951 4508 ὑδάτων
1980 4454 2076 4507 ἐπὶ

478 4536 710 4591 κωλύσει
738 4536 847 4590 τῶν
877 4536 1200 4607 μυουμένων
1220 4535 1320 4605 τὴν
1350 4536 1650 4591 ἀνάστασιν
1672 4537 1766 4590 τοῦ
1798 4538 2072 4610 Σωτῆρος,

478 4622 572 4676 καὶ
592 4619 671 4693 τῷ
706 4620 804 4692 μὲν
838 4619 1072 4690 διακόνῳ
1125 4618 1373 4691 θρασέως
1413 4619 1775 4689 ἐντιναχθεὶς,
1814 4619 1885 4673 τά
1931 4621 2074 4691 σύμ-

478 4706 609 4758 ϐολα
641 4705 823 4775 ἐκχέει
849 4720 863 4734 ·
894 4705 1020 4768 τοὺς
1048 4703 1107 4757 δέ
1136 4701 1547 4775 πρεσϐυτέρους
1572 4703 1673 4774 ἤδη
1700 4719 1805 4757 που
1835 4704 1931 4757 καὶ⁵
1954 4704 2073 4775 ήλι-

476 4788 681 4853 κιώτας
715 4788 971 4860 ῥοπάλοις
1002 4787 1147 4842 κατά
1172 4787 1397 4859 κρανίου
1432 4787 1657 4854 παίσας,
1683 4785 1879 4859 αἵμασι
1910 4791 2078 4860 κιρνᾷ

473 4873 574 4945 τὴν
636 4871 1049 4944 κολυμϐήθραν.
1111 4872 1246 4926 Τότε
1303 4867 1373 4944 ἦν
1429 4871 1556 4926 ἰδεῖν
1610 4871 1708 4943 τὴν
1775 4871 2074 4944 ἀγγελικὴν

476 4957 695 5028 ἐκείνην
722 4956 916 5020 νύκτα,
946 4956 1006 5010 ἐν
1099 4956 1193 5010 καὶ
1221 4955 1477 5027 δαίμονες
1523 4954 1817 5009 πίπτουσιν
1843 4955 2076 5027 ἐπτηχό-

474 5058 603 5106 τες,
656 5042 737 5104 εἰς
792 5037 1122 5113 λαϐύρινθον
1182 5038 1640 5113 μεταϐληθεῖσαν.
1695 5040 1905 5111 Γυμναὶ
1964 5039 2073 5114 γὰρ

473 5127 733 5195 γυναῖκες
769 5127 865 5179 σὺν
902 5127 1017 5188 τοῖς
1066 5123 1291 5196 ἀνδράσι
1329 5122 1561 5195 δρασμῷ
1598 5123 1876 5195 ἐχρῶντο,
1923 5124 2075 5196 φόϐῳ

473 5209 569 5263 τοῦ
600 5208 879 5279 σφαγῆναι
910 5208 944 5280 ἢ
981 5208 1365 5279 ἀσχημονῆσαι
1389 5250 1405 5274 ,
1441 5206 1534 5261 τὸν
1562 5207 1853 5279 ἀσχήμονα
1890 5209 2072 5262 ἀσπα-

476 5292 700 5364 ζόμεναι
744 5294 978 5367 δρόμονο
1016 5294 1206 5365 ἐτερος
1254 5291 1356 5364 τὴν
1390 5295 1553 5365 χεῖρα
1595 5292 1849 5364 πληγεὶς,
1881 5293 2071 5368 ὀδυρό-

483 5391 642 5442 μενος
686 5378 894 5452 ἀπῄει·
937 5376 1098 5441 ἄλλος
1139 5376 1410 5450 παρθένον
1458 5375 1655 5447 ἔσυρεν
1703 5377 2070 5448 περισχίσας’

481 5455 680 5533 πάντες
704 5460 762 5512 δέ
785 5462 1360 5533 λαφυραγωγήσαντες
1384 5458 1452 5511 τά
1484 5458 1746 5528 κειμήλια
1779 5460 2071 5531 ἐσφετερί-

483 5530 658 5592 ζοντο.
692 5540 876 5605 Οὐτως
908 5530 958 5597 οἱ
987 5545 1085 5615 μὲν
1117 5530 1519 5614 συλληφθέντες
1542 5542 1649 5594 τῶν
1680 5543 2073 5615 πρεσϐυτέρων

485 5625 582 5672 καὶ
634 5620 896 5675 διακόνων
935 5630 1015 5690 εἰς
1067 5628 1165 5699 τὴν
1213 5627 1441 5701 εἱρκτὴν
1493 5624 1875 5682 ἐνεϐάλλοντο·
1923 5630 1971 5683 οἱ
2015 5628 2072 5680 δὲ

549 5761 581 5796 ⁸
605 5763 784 5829 Georg.
811 5769 875 5825 εἷς
894 5772 976 5828 τὴν
1002 5773 1272 5833 ἐκκλησίαν.

2164 415 2525 489 ἀξιωματικοί
2546 416 2636 470 τοῦ
2664 414 2794 468 λαοῦ
2825 415 2923 485 τῆς
2950 413 3366 485 μεγαλοπόλεως
3388 414 3764 481 ἐξεϐάλλοντο.

2160 501 2515 573 Διατάγματα
2536 502 2592 555 δέ
2621 498 3003 569 ἀλλεπάλληλα
3026 498 3172 554 κατὰ
3199 499 3364 553 τόπον
3387 499 3760 571 προετίθεντο,

2159 582 2447 656 διαφόρους
2496 583 2727 648 ἀπειλὰς
2762 582 3087 654 περιέχοντα
3123 582 3218 635 ἐπὶ
3249 582 3479 654 ἀρνήσει
3509 583 3609 653 τῆς
3649 600 3764 639 κοι-

2161 668 2356 733 νωνίας
2395 669 2663 723 Ἰωάννου.
2704 666 2854 739 Πλὴν
2887 667 3040 739 ὅμως
3086 666 3184 721 καὶ
3210 667 3366 720 ταῦτ’
3395 666 3631 735 ἐγίνετο,
3668 672 3764 724 καὶ

2163 752 2379 806 πλείονα
2417 751 2617 819 ἔξωθεν
2649 752 2699 805 οἰ
2733 750 3020 820 λεγόμενοι
3050 750 3344 804 ἐπίσκοποι
3374 750 3765 820 προσεφιλοτι-

2166 833 2382 904 μοῦντο⁸
2414 836 2507 890 καὶ
2542 838 2576 906 ὴ
2623 834 2843 899 σύναξις
2884 833 2993 886 τῶν
3033 832 3521 902 φιλοδιδασκάλων,
3559 835 3767 907 μᾶλλον

2161 918 2218 971 δὲ
2245 918 2529 987 φιλοθέων,
2562 918 2625 971 οὐ
2659 920 3010 991 κατηργεῖτο,
3044 916 3182 971 ἀλλά
3214 916 3357 971 κατὰ
3384 917 3446 971 τὸ
3474 920 3769 991 εἰρημένον

2163 1005 2222 1057 ἐν
2243 1005 2308 1075 τῇ
2337 1002 2553 1074 Ἐξόδῳ,
2571 1003 2693 1057 ὅσον
2713 1002 3035 1056 ἀπέκτεινον
3055 1001 3273 1065 αὐτοὺς,
3293 1001 3533 1075 τοσούτῳ
3546 1003 3769 1069 πλείους

2164 1086 2425 1155 ἐγίνοντο.
2458 1087 2538 1157 Τῇ
2569 1085 2835 1157 ἐπαύριον
2872 1084 3003 1154 γοῦν
3033 1083 3266 1150 ἐξελθὼν
3292 1087 3320 1140 6
3350 1085 3631 1155 βασιλεὺς,
3669 1089 3766 1145 τοῦ

2164 1170 2547 1242 γυμνασθῆναι
2597 1173 2655 1225 ἐν
2699 1170 2777 1241 τῷ
2823 1168 3218 1241 παρακειμένῳ
3273 1169 3473 1241 πεδίῳ,
3509 1167 3623 1225 εἶδε
3667 1173 3767 1243 τὴν

2167 1255 2407 1327 ἄσπορον
2435 1255 2540 1326 γῆν
2572 1254 2671 1327 τὴν
2720 1254 2851 1325 περὶ
2882 1253 2944 1306 τὸ
2982 1252 3241 1323 Πέμπτον
3277 1252 3765 1326 λευχειμονούσαν,

2168 1340 2263 1393 καὶ
2291 1340 2589 1409 ἐκπλαγεὶς
2628 1338 2723 1392 ἐπὶ
2747 1341 2815 1410 τῇ
2861 1336 2960 1408 θέᾳ
2992 1336 3086 1390 τοῦ
3116 1337 3312 1403 ἄνθους
3348 1339 3457 1393 τῶν
3501 1343 3769 1412 νεοφωτί‹

2168 1440 2309 1476 στων
2340 1419 2519 1495 (ἦσαν
2540 1421 2649 1494 γὰρ
2670 1422 2815 1493 ἀμφὶ
2839 1422 2968 1486 τούς
2994 1421 3388 1493 τρισχιλίους),
3416 1423 3583 1495 ῆρετο
3613 1425 3766 1498 παρά

2166 1505 2273 1559 τῶν
2303 1506 2639 1579 δορυφόρων·
2676 1505 2775 1569 Τίς
2809 1506 2843 1576 ή
2870 1504 3035 1574 λογάς
3067 1506 3177 1559 τῶν
3212 1508 3330 1559 ἐκεῖ
3360 1507 3764 1579 συνηθροισμέ-

2168 1608 2309 1658 νων;
2350 1590 2778 1662 Διαφευσάμενοι
2822 1589 3074 1660 λέγουσι,
3114 1591 3236 1645 Τῶν
3283 1592 3630 1663 ἑτεροδόξων,
3678 1594 3768 1648 ἵνα

2169 1676 2535 1749 παραγάγωσι
2591 1677 2685 1728 τὸν
2739 1674 2911 1748 θυμὸν
2959 1675 3054 1731 τοῦ
3117 1674 3406 1748 βασιλέως.
3453 1677 3685 1742 Γνόντες
3722 1680 3767 1733 δ’

2168 1758 2404 1829 ἐξαυτῆς
2447 1760 2497 1813 οἱ
2548 1758 2644 1812 τοῦ
2678 1760 3006 1832 πράγματος
3056 1762 3277 1831 μεσῖται
3329 1761 3423 1815 καὶ
3462 1763 3769 1834 προστάται

2168 1843 2264 1897 τοῦ
2294 1843 2514 1914 φθόνου,
2546 1844 2857 1915 πέμπουσιν
2888 1846 2967 1908 εἰς
3000 1844 3245 1899 τούπίσω
3283 1846 3411 1908 τοὺς
3447 1845 3767 1916 ἀφειδεστέο

2175 1944 2300 1998 ρους
2325 1926 2434 1981 τῶν
2478 1927 2765 1998 ἐπομένων
2793 1930 2886 1982 ἐπὶ
2929 1928 3256 2001 σκορπισμῷ
3296 1930 3395 2000 μὲν
3418 1929 3528 1982 τῶν
3558 1930 3770 2001 ἀκροα-

2170 2011 2298 2077 τῶν,
2338 2011 2597 2085 συλλήψει
2643 2011 2703 2066 δὲ
2749 2011 2859 2065 τῶν
2890 2010 3248 2067 διδασκάλων.
3290 2014 3355 2065 Οἱ
3404 2012 3450 2066 δ’
3482 2009 3769 2077 ἐλθόντες,

2176 2096 2467 2167 κατέχουσι
2498 2094 2661 2150 πάλιν
2688 2094 2903 2164 ὀλίγους
2935 2096 3035 2168 μὲν
3066 2094 3176 2150 τῶν
3210 2094 3512 2167 κληρικῶν,
3548 2095 3770 2161 πλείους

2171 2180 2228 2234 δὲ
2261 2180 2370 2235 τῶν
2392 2180 2617 2235 λαῖκῶν.
2644 2178 2748 2234 Καὶ
2771 2182 2800 2234 6
2825 2179 3099 2252 Θεόδωρος
3120 2179 3223 2251 ἔφη
3240 2196 3255 2210 ο
3283 2175 3354 2232 Ὦ
3379 2180 3771 2252 μακαριώτατε

2175 2265 2378 2337 Πάτερ,
2431 2264 2526 2318 καὶ
2555 2264 2827 2318 τοσούτων
2867 2263 3038 2317 ὄντων
3067 2262 3266 2328 αὐτῶν,
3315 2262 3392 2327 ὡς
3437 2263 3772 2335 τρισχιλίους

2176 2349 2335 2420 μόνον
2378 2343 2517 2401 εἶναι
2554 2349 2681 2413 τοὺς
2710 2347 3133 2417 νεοφωτίστους,
3171 2346 3290 2411 πῶς
3322 2346 3503 2400 αὐτῶν
3535 2349 3584 2400 οἰ
3636 2347 3770 2421 βραο

2173 2435 2291 2503 χεῖς
2339 2433 2668 2505 ἐκυρίευσαν
2743 2431 3109 2503 στρατιῶται,
3160 2431 3251 2485 τὸν
3313 2431 3571 2500 σύλλογον
3656 2431 3772 2487 δια-

2172 2517 2468 2583 λύσαντες;
2542 2518 2601 2570 Ὀ
2696 2517 2946 2570 ἘΠΙΣΚ.
3022 2514 3193 2570 Τοῦτο
3265 2515 3366 2570 οὐκ
3454 2515 3773 2589 611761130;

2172 2601 2390 2673 δεῖγμα,
2423 2600 2543 2653 οὐδέ
2574 2601 2878 2673 τεκμήριον
2922 2598 3151 2674 ἀζηλίας
3172 2642 3185 2666 ,
3217 2599 3355 2654 ἀλλά
3387 2598 3773 2672 πλεονέκτημα

2175 2684 2497 2751 εὐλαϐείας,
2546 2684 2641 2738 καὶ
2688 2683 3026 2738 διδασκάλων
3084 2682 3407 2755 ἐπιμελείας
3453 2683 3771 2750 ἀπόδειξις,

2177 2768 2540 2832 ἀδιαλείπτως
2572 2768 2633 2821 τὸ
2661 2768 2874 2839 ἀμαχον
2907 2768 3005 2837 τῆς
3037 2766 3265 2840 γνώμης
3298 2766 3771 2839 ἐπανορθούντων.

2188 2851 2247 2905 '0
2299 2851 2357 2904 δὲ
2400 2851 2677 2926 Θεόδωρος
2726 2847 2918 2907 εἶπεν⁸
2972 2851 3205 2926 ’Δριστα
3256 2851 3432 2923 ἔφηςο
3483 2849 3607 2905 οὔτε
3665 2852 3775 2922 γὰρ

2175 2935 2387 3008 ἔπρεπε
2413 2936 2543 2999 τούς
2578 2935 2843 3009 φρόνησιν
2875 2935 3319 3006 ἐκμανθάνοντας
3352 2936 3446 2989 καὶ
3466 2936 3775 2990 ἐπιείκειαν

2178 3021 2329 3093 παρὰ
2350 3021 2443 3074 τοῦ
2473 3020 2619 3093 ἱεροῦ
2654 3021 2924 3087 Ἰωάννου,
2948 3021 3199 3092 ἀφρόνως
3221 3021 3315 3074 καὶ
3345 3020 3775 3092 τεταραγμένως

2178 3103 2345 3160 αὐτοῦ
2376 3102 2797 3158 ἀντιποιεῖσθαι.

2249 3189 2407 3243 ΚΕΦ.
2440 3189 2496 3241 l'.
2531 3218 2601 3231 -
2643 3188 2702 3241 Ὀ
2744 3185 2994 3240 ἘΠΙΣΚ.
3049 3185 3268 3251 Ἡσθεὶς
3300 3181 3394 3241 οῦν
3434 3188 3528 3242 ἐπὶ
3557 3189 3774 3259 τούτῳ,

2179 3271 2508 3345 παρακαλῶ,
2550 3271 2624 3343 μὴ
2664 3271 2941 3326 ἀνάκοπτε
2981 3271 3108 3335 τοὺς
3144 3271 3338 3340 λόγους
3376 3274 3502 3336 τοὺς
3540 3272 3646 3326 ὑπὸ
3676 3291 3779 3326 κα-

2179 3357 2291 3412 κῶν
2346 3357 2690 3427 πραγμάτων
2725 3355 3051 3426 τεχθέντας·
3099 3356 3268 3412 ἐοίκει
3304 3357 3413 3428 γάρ
3456 3358 3663 3412 τίκτειν
3696 3358 3778 3423 ὡς

2179 3441 2274 3495 ἐπὶ
2310 3441 2372 3495 τδ
2404 3440 2658 3494 πλεῖστον
2685 3441 2812 3505 τοὺς
2841 3440 3031 3510 λόγους
3051 3442 3121 3495 τά
3154 3442 3478 3516 πράγματα.
3515 3444 3621 3496 Σὺν
3659 3447 3777 3511 τοῖς

2179 3525 2596 3596 κατασχεθεῖσιν
2636 3521 2730 3580 οὖν
2760 3525 3044 3598 κληρικοῖς
3074 3544 3132 3580 τε
3163 3526 3259 3579 καὶ
3292 3526 3503 3592 λαῖκοῖς
3544 3526 3769 3599 συνελή-

2181 3609 2397 3681 φθησαν
2428 3608 2524 3663 καὶ
2552 3611 2815 3678 γυναῖκες
2844 3609 3053 3681 ἀνδρῶν
3080 3611 3387 3681 ἐπισήμων.
3417 3612 3575 3665 Ἐστι
3600 3612 3657 3665 δὲ
3697 3608 3777 3666 ὧν

2182 3693 2276 3746 καὶ
2309 3691 2376 3745 τά
2407 3692 2652 3763 μαφόρια
2691 3692 2973 3764 ἥρπασαν.
3014 3692 3216 3764 ἐτέρων
3255 3692 3310 3745 δὲ
3341 3694 3412 3747 τὰ
3441 3693 3642 3750 ἐνώτια
3674 3697 3777 3750 σὺν

2179 3776 2258 3847 τῷ
2285 3776 2428 3847 λοϐῷ
2456 3775 2551 3829 τοῦ
2589 3776 2728 3841 ὠτὸς
2756 3776 3203 3831 συναπέσπασαν·
3254 3778 3333 3842 ὡς
3382 3779 3596 3835 ἰδοῦσάν
3625 3797 3777 3845 τινος

2194 3858 2513 3930 Ἐλευθέρου
2542 3862 2777 3928 γυναῖκα
2807 3861 2833 3900 δ
2862 3859 3357 3933 εὐδαιμονεστάτην
3388 3862 3626 3937 σφόδρα,
3670 3881 3776 3917 κα-

2181 3943 2513 4013 ταλείψασαν
2551 3942 2613 3995 16
2645 3943 2842 4013 ἐαυτῆς
2891 3944 3180 4016 μαφόριον,
3236 3945 3778 4019 μεταμφιασαμένην

2180 4028 2242 4081 τὸ
2271 4029 2459 4099 σχῆμα
2489 4027 2552 4081 τὸ
2586 4026 2695 4081 τῶν
2740 4027 3016 4093 δουλίδων,
3067 4028 3332 4100 δρομαίαν
3374 4030 3648 4085 εἰσϐαλεῖν
3693 4033 3777 4098 είς

2180 4112 2281 4184 τὴν
2330 4110 2485 4165 πόλιν
2525 4112 2620 4164 ἐπὶ
2657 4111 2902 4184 σωτηρίᾳ
2933 4110 3034 4183 τῆς
3074 4111 3451 4185 σωφροσύνης.
3484 4110 3594 4169 Ἦν
3638 4115 3776 4189 γάρ,

2181 4195 2257 4259 ὼς
2287 4194 2452 4258 είκδς,
2485 4193 2687 4265 εὐανθῆ
2736 4194 2952 4268 μορφὴν
2985 4195 3080 4249 καὶ⁵
3126 4196 3302 4270 εὐφυῆ
3346 4199 3543 4253 πλάσιν
3594 4201 3777 4271 ἡμφι-

2183 4278 2409 4351 εσμένη.
2428 4279 2616 4350 Τούτῳ
2639 4275 2734 4332 οὖν
2757 4279 2835 4350 τῷ
2850 4280 3039 4352 τρόπῳ
3061 4279 3431 4353 πληρωθεῖσαι
3455 4284 3512 4337 αἰ
3535 4284 3779 4354 φυλακαὶ

2181 4362 2290 4415 τῶν
2312 4362 2587 4434 διαφόρων
2611 4363 2911 4433 ἀρχόντων,
2936 4363 3322 4435 μετεποιοῦντο
3341 4368 3421 4431 εἰς
3445 4367 3775 4438 ἐκκλησίαςο

2182 4447 2277 4500 καὶ
2312 4445 2471 4518 ὕμνοι
2508 4445 2607 4517 μὲν
2649 4447 2743 4501 καὶ
2779 4448 3050 4520 ἀναφοραὶ
3087 4449 3403 4521 μυστηρίων
3432 4452 3491 4503 ἐν
3521 4454 3643 4516 ταῖς
3675 4470 3779 4522 φυ-

2182 4529 2378 4594 λακαῖς
2418 4529 2808 4596 ἐπετελοῦντο,
2864 4532 3129 4603 μάστιγες
3170 4532 3229 4589 δὲ
3270 4534 3366 4587 καὶ
3409 4535 3778 4605 στρεϐλώσεις

2186 4615 2280 4670 καὶ
2314 4616 2467 4689 ὅρκοι
2498 4617 2717 4688 φρικτοὶ
2742 4618 2801 4670 ἐν
2825 4618 2945 4680 ταῖς
2976 4616 3299 4688 ἐκκλησίαις
3326 4618 3654 4689 ἡμιλλῶντο,
3682 4622 3780 4675 ἐπὶ

2183 4698 2615 4771 ἀναθεματισμῷ
2660 4700 2908 4757 Ἰωάννου
2945 4700 3039 4755 τοῦ
3078 4702 3238 4773 μέχρι
3274 4701 3505 4758 θανάτου
3551 4704 3781 4776 ἐχθρεύ-

2186 4801 2377 4848 σαντος
2405 4787 2470 4856 τῇ
2514 4784 2685 4858 κακίᾳ
2715 4784 2810 4839 τοῦ
2843 4785 3093 4840 διαϐόλου
3113 4801 3129 4816 ⁸
3173 4787 3274 4857 τῆς
3306 4787 3691 4860 Πεντηκοστῆς
3718 4790 3780 4845 δέ

2188 4867 2707 4940 συμπληρωθείσης,
2742 4868 2884 4940 μετὰ
2921 4869 3082 4922 πέντε
3115 4870 3330 4942 ἡμέρας
3361 4871 3698 4938 εἰσελθόντες
3728 4879 3780 4929 οί

2186 4951 2315 5025 περὶ
2370 4953 2643 5017 Ἀκάκιον,
2678 4954 2772 5007 καὶ
2806 4953 3158 5026 Σευηριανὸν,
3194 4955 3291 5009 καὶ
3329 4956 3623 5027 Ἀντίοχον,
3682 4958 3783 5012 καὶ⁵

2184 5036 2419 5108 Κυρῖνον
2452 5035 2590 5109 πρὸς
2617 5036 2710 5092 τὸν
2744 5037 2991 5107 βασιλέα,
3021 5037 3273 5108 λέγουσιν
3310 5040 3477 5112 αὐτῷ·
3516 5040 3778 5109 Βασιλεῦ,

2185 5121 2250 5174 σὺ
2281 5121 2415 5192 ἡμῖν
2452 5120 2606 5190 παρά
2636 5120 2772 5174 Θεοῦ
2806 5121 2908 5175 οὐκ
2953 5121 3404 5194 ἐξουσιαζόμενος
3423 5165 3439 5188 ,
3472 5124 3589 5178 ἀλλ’
3620 5125 3776 5193 ἐξου-

2186 5203 2388 5268 σιάζων
2419 5204 2530 5258 τῶν
2554 5203 2795 5271 πάντων,
2827 5205 3005 5271 ἔξεστί
3030 5223 3113 5259 σοι
3140 5206 3170 5260 δ
3201 5207 3377 5271 θέλεις
3399 5211 3649 5280 ποιῆσαι.
3683 5208 3779 5281 Μὴ

2184 5288 2336 5357 γίνου
2368 5287 2755 5362 πρεσϐυτέρων
2783 5289 3105 5362 πραότερος,
3146 5293 3241 5346 καὶ
3274 5293 3592 5346 ἐπισκόπων
3617 5292 3783 5346 ὁσιώ-

2183 5388 2375 5444 τεροςσ
2421 5372 2650 5443 εἴπομέν
2687 5390 2770 5427 σοι
2804 5375 2897 5428 ἐπὶ
2940 5376 3161 5429 πάντων
3183 5392 3198 5406 ·
3248 5376 3371 5429 Ἕπί⁵
3403 5376 3503 5446 τὴν
3532 5375 3781 5446 κεφαλὴν

2185 5455 2401 5527 ήμῶνή
2441 5456 2689 5511 Ἰωάννου
2723 5457 3062 5531 καθαίρεσις.
3104 5458 3196 5530 Μὴ
3234 5459 3414 5514 τοίνυν
3455 5458 3619 5533 φείσῃ
3659 5460 3781 5528 ἑνὸς

2184 5538 2495 5611 ἀνθρώπου,
2524 5541 2823 5613 ἀφειδήσας
2850 5543 3071 5596 πάντων
3097 5542 3253 5613 ἡμῶν
3274 5560 3289 5574 ·
3332 5540 3645 5607 Ἰουδαϊκοῖς
3673 5545 3781 5615 ρή-

2186 5640 2349 5696 μασι,
2386 5624 2525 5695 τάχα
2567 5623 2624 5677 δὲ
2673 5627 2767 5679 καὶ
2816 5627 3141 5697 πράγμασι,
3192 5627 3638 5699 παραπείσαντες
3687 5626 3781 5685 τὸν

2256 5778 2286 5818 Ι)
2308 5778 2487 5840 Georg.
2513 5774 2710 5825 ἰδοῦσά-ι
2736 5794 2840 5826 τινα
2861 5778 3104 5842 ἐλευθέραν
3123 5795 3227 5842 γυν.
