4018 6446
181 329 240 381 3,5
1174 302 1261 356 DE
1303 300 1460 355 VITA
1504 299 1561 354 S.
1601 293 1885 352 JOANNIS
1924 296 2420 353 CIIRYSOSTOMI.
3396 311 3464 367 δι

181 442 222 485 et
251 435 473 499 pmptcr
502 440 599 481 cos
634 423 723 493 qui
769 417 1116 490 rcgenerandi
1145 427 1298 471 erant
1324 430 1443 469 cum
1478 414 1586 483 jam
1618 418 1764 466 cate-

178 520 363 577 rhizati
391 526 600 581 essent,
625 523 683 568 ut
707 511 1041 567 sacerdotem
1065 522 1221 563 suum
1255 522 1317 562 ea
1341 505 1627 575 reciperet.
1650 500 1767 556 Non

176 611 337 669 auditi
366 618 494 664 sunt
532 620 697 675 super
725 618 788 658 ca
829 617 890 657 re
923 619 935 654 :
966 602 1037 655 ita
1066 607 1124 653 ut
1167 607 1385 652 sanctus
1413 595 1608 651 Paulus
1656 592 1771 661 epi-

175 716 370 771 scopus
394 697 610 759 Gratiae,
639 691 994 764 imperterrita
1018 689 1210 744 ﬁducia
1232 687 1435 742 diceret
1465 704 1478 740 :
1512 683 1775 757 Eudoxia,

178 794 344 848 Deum
380 791 530 855 time,
584 796 801 841 tuorum
839 794 889 840 te
927 782 1217 838 liberorum
1256 779 1505 834 misereat
1544 795 1558 832 :
1601 790 1772 844 neque

178 888 313 942 viola
362 891 603 941 sanctam
651 878 847 935 Christi
871 873 1266 931 solemnitatem
1313 869 1589 940 sanguinis
1638 866 1773 922 ellu-

178 980 351 1033 sione.
384 973 604 1030 Rcversi
637 971 795 1040 igitur
823 967 1169 1039 quadraginta
1200 964 1474 1034 episcopi,
1510 963 1563 1017 in
1592 961 1772 1016 diver-

148 1058 153 1101 Ῐ
184 1069 339 1125 seriis
372 1067 489 1122 suis
517 1061 921 1134 pervigilarunt,
949 1058 1039 1113 alii
1074 1072 1193 1113 cum
1223 1055 1495 1127 lacrytnis,
1532 1054 1623 1110 alii
1652 1069 1774 1108 cum

183 1172 441 1223 maerore,
469 1154 557 1209 alii
588 1152 818 1222 denique
846 1147 1192 1219 insuperabili
1221 1158 1440 1217 stupore
1465 1145 1663 1202 mentis
1683 1143 1778 1199 dc-

186 1250 338 1312 tenti,
394 1253 553 1316 prout
597 1256 1037 1313 unumquemque
1079 1253 1208 1295 suus
1262 1238 1488 1295 all‘eCtus
1532 1237 1773 1308 regebat.

184 1339 405 1395 Joannis
430 1346 606 1392 tamen
632 1333 928 1405 presbyteri
959 1330 1050 1402 qui
1090 1332 1183 1386 Dei
1211 1330 1459 1386 timorem
1490 1328 1775 1391 habebant,
1826 1326 1827 1329 “

187 1433 238 1486 in
272 1430 489 1503 publico
518 1430 733 1484 lavacro
755 1424 898 1496 quod
926 1423 1337 1480 Constantianas
1363 1430 1557 1478 vocant
1582 1436 1780 1475 convo-

187 1523 320 1579 catis
351 1520 588 1591 p0pulis,
614 1517 824 1588 vigilias
846 1513 1106 1586 agebant;
1138 1512 1224 1567 alii
1253 1512 1557 1582 Scripturas
1577 1510 1780 1565 divinas

188 1616 452 1685 legentes,
486 1611 578 1667 alii
625 1608 1044 1666 catechumenos
1071 1606 1422 1677 baptizantes,
1455 1613 1516 1659 ut
1558 1619 1653 1674 par
1676 1612 1778 1671 est,

192 1714 417 1776 propter
438 1703 667 1759 Pascha.
693 1701 821 1757 Ha‘c
849 1700 1038 1756 eadem
1066 1713 1246 1770 prava:
1268 1697 1463 1753 mentis
1491 1706 1650 1767 atque
1678 1696 1781 1750 im-

192 1804 441 1866 pnstorcs
456 1792 770 1857 Antiochus,
791 1791 1121 1847 Severianus
1140 1788 1432 1845 ctAcacius
1453 1787 1517 1852 ad
1533 1796 1783 1857 patronos

192 1886 454 1953 referunt,
484 1893 734 1957 rogantes
750 1892 805 1938 ut
839 1882 1018 1953 populi
1046 1881 1114 1936 ab
1140 1881 1257 1952 ejus
1283 1880 1386 1935 loci
1402 1889 1669 1936 conventu
1698 1894 1785 1932 ar-

193 1991 463 2038 cerentur.
498 1978 696 2034 chuit
724 1978 770 2033 is
796 1976 889 2047 qui
915 1985 1042 2030 tunc
1083 1975 1340 2045 magister
1366 1980 1515 2040 erat,
1554 1972 1739 2026 dicens
1769 1989 1783 2025 :

196 2074 307 2130 Nox
336 2084 442 2137 cst,
471 2080 633 2141 atque
659 2071 845 2141 ingens
869 2077 951 2125 est
978 2066 1260 2122 multitudo
1292 2084 1304 2120 :
1337 2081 1404 2121 ne
1430 2065 1557 2136 quid
1586 2074 1787 2120 temere

199 2165 302 2219 liat.
325 2162 627 2233 Respondit
651 2161 877 2217 Aeacius
904 2178 916 2215 :
946 2159 1114 2214 Nemo
1136 2159 1189 2213 in
1215 2157 1456 2214 ecclesiis
1486 2156 1702 2223 mansit,
1735 2162 1790 2209 et

198 2256 448 2311 timemus
476 2270 542 2309 ne
568 2252 707 2309 forte
741 2250 1042 2322 Imperator
1069 2249 1354 2305 ecclesiam
1394 2248 1684 2318 ingressus,
1732 2254 1788 2301 et

197 2347 467 2403 neminem
500 2344 798 2409 inveniens,
820 2342 1019 2398 sentiat
1044 2341 1222 2413 populi
1248 2355 1376 2410 erga
1403 2338 1665 2394 Joannem
1697 2338 1791 2394 bc-

198 2438 559 2495 nevolentiam
586 2477 602 2504 ,
630 2450 835 2508 nosque
862 2443 918 2490 ut
947 2434 1155 2489 invidos
1183 2432 1526 2497 condemnet,
1561 2445 1791 2500 praescr-

199 2532 289 2586 tim
315 2547 441 2586 cum
475 2529 575 2600 ipsi
599 2529 908 2595 dixerimus,
960 2526 1232 2582 neminem
1275 2524 1493 2579 omnino
1520 2536 1659 2587 esse,
1692 2521 1783 2591 qui

196 2625 427 2680 libenter
446 2622 637 2678 Joanni
656 2621 926 2676 adhaereat
945 2627 1128 2690 utpote
1148 2616 1350 2673 homini
1369 2615 1553 2670 infido.
1580 2614 1653 2668 Ita
1674 2628 1790 2668 ma-

196 2716 364 2787 gister
382 2716 461 2772 eis
487 2723 814 2771 contestatus
840 2730 958 2785 quae
984 2721 1240 2768 eventura
1281 2719 1454 2777 erant,
1489 2709 1648 2765 tradit
1688 2708 1792 2764 illis

197 2807 422 2864 Lucium
445 2806 729 2877 quemdam
750 2847 767 2874 ,
806 2805 1081 2877 gentilem,
1110 2812 1169 2859 ut
1195 2802 1501 2869 dicebatur,
1530 2811 1793 2857 rectorem

198 2897 414 2954 numeri
441 2897 819 2965 scutariorum,
845 2896 1105 2952 mandans
1127 2904 1185 2952 ut
1204 2895 1483 2951 moderate
1508 2894 1792 2950 ecclesiam

198 2989 477 3060 ingressus
506 2988 760 3059 populum
787 2995 1130 3044 convocaret.
1162 2984 1443 3042 Profectus
1470 2985 1584 3054 ille,
1609 2996 1662 3040 et
1681 2999 1790 3040 non

198 3080 437 3145 auditus,
485 3079 643 3134 rediit
678 3078 747 3133 ad
776 3078 1031 3133 Acacium
1059 3118 1074 3144 ,
1101 3076 1284 3146 populi
1324 3075 1575 3131 ardorem
1606 3084 1661 3130 et
1686 3074 1795 3131 fre-

198 3171 479 3242 quentiam
511 3171 771 3227 indicans.
805 3170 933 3226 Post
960 3170 1075 3224 lucc
1104 3168 1253 3223 illum
1278 3168 1590 3239 suppliciter
1617 3176 1791 3232 orant,

200 3264 383 3318 aureis
405 3261 584 3318 verbis
620 3262 970 3332 deprecantes
989 3301 1006 3328 ,
1036 3260 1302 3331 adjunctis
1327 3260 1488 3314 etiam
1516 3257 1796 3328 promissis

200 3354 429 3425 majoris
452 3367 752 3424 processus,
778 3362 833 3407 ut
851 3351 1136 3423 impediret
1158 3350 1372 3408 Domini
1394 3349 1641 3421 gloriam,
1663 3364 1800 3423 praef

200 3447 469 3516 cipicntes
508 3445 557 3501 ei
587 3454 642 3500 ut
668 3445 755 3500 vel
781 3444 1025 3500 oratione
1056 3457 1342 3514 persuasos
1365 3443 1594 3513 populos
1616 3441 1683 3497 ad
1704 3456 1795 3497 cc-

198 3541 426 3595 rlesiam
469 3537 794 3605 adduceret,
822 3537 907 3594 vel
938 3537 989 3592 vi
1023 3536 1267 3593 turbatos
1296 3534 1581 3605 impediret
1619 3549 1688 3589 ne
1716 3533 1796 3590 fe-

197 3642 347 3686 stum
365 3630 717 3687 celebrarent.
742 3630 838 3686 Hic
855 3644 983 3700 ergo
1001 3628 1178 3684 subito
1197 3627 1486 3698 assumptis
1502 3641 1682 3682 secum
1699 3625 1801 3682 cle-

199 3723 333 3778 ricis
362 3738 432 3778 ex
452 3731 603 3793 parte
617 3722 793 3777 Acacii
816 3763 830 3787 ,
861 3734 1109 3792 egressus
1142 3726 1226 3775 est
1247 3719 1483 3775 secunda
1504 3718 1681 3790 vigilia
1702 3733 1799 3774 no-

197 3818 307 3873 ctis
328 3816 400 3871 ad
428 3815 478 3871 id
501 3824 716 3887 propter
755 3815 897 3887 quod
924 3815 1121 3870 missus
1146 3822 1280 3869 erat.
1310 3812 1443 3868 Nam
1484 3814 1536 3867 in
1564 3828 1677 3880 eos,
1708 3812 1800 3882 qui

201 3909 465 3980 populum
502 3909 555 3962 in
592 3907 832 3978 partibus
867 3908 1063 3962 nostris
1097 3920 1270 3977 usque
1302 3904 1368 3959 ad
1408 3904 1635 3974 primum
1674 3902 1802 3973 galli

198 4010 425 4053 cantum
454 3998 796 4065 detinebant,
836 3998 1130 4068 derepente
1167 4006 1327 4052 noctu
1357 3997 1613 4066 impetum
1652 3995 1797 4060 fecit,

200 4092 326 4161 ipse
348 4091 554 4145 tirones
576 4090 776 4146 habens
795 4133 809 4158 ,
831 4089 1103 4147 districtos
1117 4089 1321 4162 gladios
1341 4098 1613 4161 gestantes
1636 4089 1803 4142 instar

198 4182 354 4236 Esaii
376 4181 834 4253 quadringentos,
874 4180 1090 4253 egregie
1121 4179 1480 4250 impudentes,
1512 4195 1634 4235 cum
1657 4178 1801 4234 indi-

196 4276 360 4331 cibus
389 4273 599 4330 clericis
625 4283 678 4330 et
703 4275 982 4342 militibus,
1013 4274 1307 4330 insolenter
1328 4281 1383 4329 ut
1423 4274 1609 4342 lupus,
1639 4286 1805 4341 corus

195 4378 399 4425 scante
431 4368 573 4423 ferro
605 4368 996 4424 multitudinem
1023 4382 1396 4440 perrumpens.
1421 4366 1675 4422 Penetrat
1717 4377 1803 4419 us-

194 4476 318 4531 que
347 4459 418 4513 ad
448 4469 661 4516 sanctas
685 4474 869 4530 aquas,
889 4467 947 4515 ut
964 4460 1273 4530 prohiberet
1297 4474 1390 4516 eos
1405 4460 1493 4531 qui
1521 4457 1807 4514 initiabun-

196 4563 301 4607 tur
320 4558 661 4605 sacramento
682 4551 972 4607 Dominicae
992 4552 1401 4607 resurrectionis
1432 4569 1446 4608 :
1468 4560 1523 4608 ct
1549 4552 1605 4606 in
1621 4552 1808 4610 diaco-

196 4657 344 4698 num
374 4642 675 4711 procaciter
703 4641 898 4709 illisus,
926 4642 1170 4714 symbola
1200 4642 1386 4698 etl‘udit
1411 4661 1424 4698 :
1457 4644 1808 4717 presbyteros

154 4776 155 4779 η
192 4751 345 4793 vero
389 4734 702 4806 grandaevos
739 4734 969 4791 fustibus
1009 4736 1064 4791 in
1107 4735 1282 4807 capite
1326 4736 1548 4805 feriens,
1592 4752 1807 4792 sacrum

188 4827 425 4887 fontem
472 4841 664 4882 cruore
710 4828 1033 4897 conspersit.
1074 4826 1225 4882 'I‘unc
1250 4826 1437 4883 videre
1465 4838 1581 4883 erat
1606 4829 1811 4899 angeli-

186 4933 336 4978 cam
368 4916 512 4970 illam
540 4924 768 4983 noctem,
815 4917 1001 4987 inqua
1030 4916 1190 4972 ctiam
1235 4916 1509 4973 daemones
1553 4929 1812 4975 corruunt

197 5009 538 5084 perterriti,
578 5008 633 5064 in
663 5009 1026 5081 labyrinthum
1073 5023 1413 5064 conversam.
1460 5009 1628 5065 Nuda:
1666 5010 1810 5065 enim

197 5102 483 5160 mulieres
504 5114 627 5156 cum
650 5100 783 5158 viris
808 5111 955 5156 metu
981 5101 1171 5155 mortis
1192 5108 1283 5154 aut
1309 5100 1649 5172 turpitudinis
1673 5102 1812 5173 turpi

195 5197 361 5267 fuga:
408 5208 468 5248 se
513 5190 730 5256 dabant,
780 5192 1095 5248 indecorum
1151 5205 1365 5245 cursum
1419 5190 1812 5260 praeferentes:

191 5289 358 5343 alius
386 5299 549 5339 manu
569 5282 878 5359 vulneratus
899 5283 1081 5338 abibat
1107 5282 1324 5353 plorans
1348 5298 1361 5335 :
1395 5281 1532 5337 alius
1550 5283 1812 5354 virginem

194 5376 474 5436 trahebat
516 5374 805 5432 conscissis
848 5375 1121 5439 vestibus;
1158 5388 1346 5429 omnes
1384 5382 1564 5429 autem
1602 5373 1809 5444 deprzc-

192 5473 417 5528 dantes
456 5482 612 5524 sacra
655 5482 803 5532 vasa,
846 5466 949 5522 sibi
990 5465 1288 5536 rapiebant.
1317 5464 1407 5521 Sic
1428 5465 1730 5537 presbyteri
1760 5474 1818 5521 et

193 5562 435 5620 diaconi
468 5559 562 5629 qui
588 5559 732 5630 capti
754 5566 911 5615 erant
930 5598 948 5626 ,
977 5557 1033 5613 in
1056 5573 1330 5615 carcerem
1351 5556 1774 5613 detrudebantur
1800 5575 1816 5613 :

195 5656 310 5727 qui
341 5663 529 5707 autem
556 5652 612 5707 in
644 5651 840 5721 populo
878 5657 1034 5706 erant
1059 5649 1344 5715 honorati,
1372 5650 1504 5705 urbe
1529 5649 1672 5721 regia
1708 5650 1822 5719 pcl-

196 5749 493 5806 lcliantur.
544 5742 746 5799 Deinde
789 5741 960 5796 edicta
1004 5740 1103 5793 alia
1132 5755 1293 5808 super
1333 5741 1430 5793 alia
1463 5756 1560 5810 per
1589 5741 1817 5808 compita

1877 409 2328 479 proponebantur,
2382 413 2556 467 varias
2597 415 2767 469 minas
2806 417 3156 481 continentia,
3212 421 3311 474 nisi
3342 426 3464 492 quis

1877 515 1998 557 cum
2028 502 2234 560 Joanne
2259 505 2691 560 communionem
2722 507 3029 579 abnegaret.
3062 510 3193 565 Cum
3214 511 3328 568 haec
3354 531 3467 568 nta-

1877 592 2020 649 ximc
2051 593 2278 663 fierent,
2307 604 2361 651 et
2388 595 2540 666 plura
2572 597 2634 652 iis
2664 599 2753 668 qui
2794 598 3108 656 dicebantur
3147 604 3380 675 episc0pi
3413 608 3464 659 in

1879 686 2094 755 publico
2119 686 2438 743 molirentur
2466 706 2479 741 :
2508 699 2805 745 conventus
2841 698 3017 748 tamen
3032 708 3214 750 eorum
3241 696 3330 767 qui
3361 696 3464 751 do-

1878 787 2083 834 ctorcm
2105 794 2259 835 suum
2288 790 2383 836 aut
2413 782 2588 852 patius
2616 783 2708 853 qui
2737 784 2903 840 Deum
2935 787 3205 858 amabant,
3236 805 3340 845 non
3368 792 3467 845 mi-

1880 871 2183 939 nuebatur;
2211 872 2307 928 sed
2336 874 2472 929 utin
2502 874 2689 930 Exodo
2716 876 2926 947 legitur,
2955 890 3154 949 quanto
3175 883 3344 954 magis
3369 898 3465 938 oc-

1883 960 2153 1028 cidebant,
2183 971 2333 1018 tanto
2359 964 2541 1034 plures
2571 964 2792 1021 fiebant.
2822 966 2917 1022 Die
2947 971 3193 1039 sequenti
3221 987 3466 1042 egressus

1883 1050 2185 1123 Imperator
2227 1064 2287 1109 ut
2326 1070 2447 1111 sese
2473 1067 2749 1112 exerceret
2794 1059 2849 1112 in
2891 1059 3067 1114 vicino
3096 1075 3307 1134 campo,
3338 1065 3473 1119 vidit

1884 1158 2072 1216 agrum
2112 1145 2255 1201 circa
2283 1146 2564 1219 Pcmptum
2592 1164 2687 1203 seu
2712 1149 2967 1217 Quintum
2996 1166 3104 1206 non
3129 1154 3392 1209 consitum
3417 1166 3473 1209 et

1884 1233 2223 1301 candentem,
2272 1245 2328 1291 et
2374 1236 2704 1307 stupefactus
2760 1239 3017 1310 adspectu
3065 1242 3261 1298 coloris
3304 1260 3474 1314 nuper

1886 1325 2273 1395 baptizatorum
2307 1325 2482 1401 (erant
2503 1328 2649 1384 enim
2674 1329 2740 1384 ad
2765 1332 2865 1385 tria
2894 1332 3060 1388 ferme
3080 1334 3289 1407 millia),
3322 1336 3476 1391 satel-

1887 1415 2008 1471 lites
2050 1425 2222 1487 rogat,
2265 1419 2481 1487 quinam
2510 1428 2657 1476 esset
2700 1421 2773 1476 illi
2798 1433 3243 1494 congregatarum
3278 1437 3473 1482 cretus.

1889 1506 1970 1561 Illi
2000 1514 2178 1562 autem
2209 1510 2439 1575 mentiti,
2468 1510 2655 1565 dicunt
2687 1511 3062 1569 hazreticorum
3091 1530 3231 1583 esse,
3260 1527 3320 1573 ut
3344 1520 3476 1575 iram

1888 1598 2237 1670 Imperatoris
2257 1602 2573 1658 excitarent.
2620 1604 2700 1660 Re
2723 1609 2956 1676 cognita,
2987 1609 3168 1664 statim
3208 1609 3366 1680 hujus
3398 1614 3473 1668 rei

1889 1691 2117 1746 ministri
2134 1700 2187 1747 et
2218 1692 2430 1749 invidize
2459 1697 2701 1764 patroni,
2726 1699 3018 1754 atrociores
3048 1715 3078 1755 e
3105 1705 3423 1772 sequacibus
3448 1720 3477 1759 a

1890 1791 2043 1854 tergo
2055 1785 2414 1853 summittunt,
2432 1786 2781 1857 adauditores
2797 1789 3479 1861 dissipandos,ctdoctores

1889 1875 2428 1945 comprehendendos
2459 1896 2473 1933 :
2503 1878 2591 1948 qui
2633 1879 2759 1935 illuc
2794 1880 3043 1950 profecti,
3076 1883 3252 1939 denuo
3282 1900 3482 1955 paucos

1891 1983 1922 2023 c
1946 1968 2177 2036 clericis,
2211 1968 2396 2039 plures
2422 1985 2553 2026 vero
2578 1986 2609 2026 e
2632 1972 2781 2028 laicis
2802 1974 3123 2044 corripiunt.
3150 1977 3286 2033 Tum
3307 1979 3483 2034 Theo.

1891 2061 2055 2117 dorus
2081 2063 2157 2116 ait
2182 2080 2195 2116 :
2230 2061 2275 2117 Ο
2300 2063 2613 2120 beatissime
2638 2065 2810 2134 Pater,
2842 2080 2965 2121 cum
2993 2076 3099 2123 tam
3129 2070 3278 2126 multi
3302 2083 3485 2128 essent

1892 2161 1951 2209 ut
1974 2154 2372 2226 ueOphytorum
2417 2170 2676 2212 numerus
2712 2157 2779 2213 ad
2802 2160 2905 2216 tria
2937 2161 3102 2216 millia
3127 2163 3439 2231 procederet
3471 2183 3482 2217 :

1892 2245 2234 2316 quomodoin
2259 2256 2577 2318 potestatem
2618 2264 2909 2319 paucorum
2938 2252 3164 2308 militum
3194 2254 3479 2319 devenere,

1894 2350 2081 2392 eorum
2096 2347 2238 2394 coetu
2250 2338 2508 2409 disjecto?
2524 2340 2698 2397 Ense.
2717 2341 2850 2397 Illud
2867 2358 3040 2415 neque
3058 2344 3337 2414 paucitatis
3354 2345 3490 2401 indi-

1900 2428 2065 2494 cium,
2099 2443 2274 2500 neque
2312 2429 2411 2485 zeli
2440 2431 2639 2487 nullius
2664 2442 3060 2504 argumentum,
3088 2435 3184 2491 sed
3213 2436 3485 2508 religionis

1897 2521 2227 2589 prmstantia,
2260 2530 2314 2576 et
2357 2536 2500 2577 cura:
2529 2522 2811 2579 doctorum
2839 2525 3250 2595 demonstratio,
3276 2529 3365 2599 qui
3396 2545 3485 2583 as-

1896 2612 2047 2667 sidue
2076 2613 2327 2682 paeificas
2356 2624 2566 2671 mentes
2596 2616 2916 2687 dirigebant.
2949 2618 3267 2676 Theodorus
3308 2632 3486 2676 autem

1896 2704 1969 2758 ait
1999 2721 2012 2757 :
2041 2705 2252 2775 Optime
2278 2705 2412 2761 dicis
2459 2724 2472 2761 :
2516 2722 2689 2777 neque
2718 2709 2859 2763 enim
2904 2709 3127 2765 decebat
3167 2720 3226 2766 ut
3252 2712 3337 2782 qui
3365 2728 3491 2783 pru—

1898 2796 2132 2852 dentiam
2180 2807 2236 2853 et
2281 2799 2747 2855 mansuetudinem
2787 2815 2816 2854 a
2861 2800 3019 2856 beato
3060 2800 3268 2858 Joanne
3294 2804 3492 2858 edoce-

1898 2888 2111 2955 bantur,
2154 2890 2472 2959 insipienter
2514 2902 2677 2962 atque
2705 2891 3050 2948 tumultuarie
3098 2893 3269 2964 ipsum
3309 2893 3495 2951 defen-

1899 2981 2088 3037 derent
2110 2990 2165 3037 et
2192 2983 2544 3040 vindicarent.

1970 3075 2154 3131 Caru'r
2194 3092 2246 3130 κ.
2274 3107 2345 3118 -
2388 3077 2564 3133 Ense.
2613 3078 2748 3133 Cum
2800 3079 2914 3135 haec
2960 3078 3052 3135 tibi
3098 3081 3377 3151 placeant,
3428 3096 3495 3136 ne

1898 3182 2203 3224 sermonem
2246 3184 2431 3239 qumso
2468 3171 2828 3240 interrumpc,
2882 3188 3039 3241 quem
3080 3174 3310 3243 pessima
3359 3172 3495 3229 facta

1898 3268 2227 3331 pepererunt
2254 3279 2267 3316 :
2296 3261 2475 3316 solent
2494 3262 2635 3316 enim
2665 3273 2721 3317 ut
2753 3262 3036 3333 plurimum
3062 3279 3092 3319 a
3118 3264 3270 3320 factis
3289 3280 3498 3321 sermo-

1902 3367 1998 3408 nes
2028 3353 2192 3424 gigni.
2227 3354 2364 3410 Cum
2391 3355 2603 3411 clericis
2639 3357 2797 3428 igitur
2824 3366 2878 3413 et
2907 3358 3056 3414 laicis
3085 3359 3314 3416 detentis
3348 3376 3498 3418 com-

1903 3445 2186 3516 prehensa:
2231 3457 2358 3503 sunt
2400 3449 2641 3504 virorum
2680 3449 2939 3505 nobilium
2980 3451 3253 3523 coniuges.
3287 3453 3421 3509 Sunt
3445 3464 3501 3509 et

1907 3538 2102 3608 quibus
2128 3539 2264 3609 rapti
2307 3540 2601 3607 mafortes,
2634 3540 2754 3596 aliis
2784 3541 3000 3597 inaures
3037 3558 3158 3598 cum
3208 3545 3312 3598 ima
3351 3556 3499 3613 parte

1902 3629 2112 3685 aurium
2147 3630 2307 3685 simul
2336 3630 2617 3687 detraxere
2644 3649 2656 3684 :
2689 3631 2825 3688 adeo
2864 3641 2921 3688 ut
2947 3648 3068 3689 cum
3095 3634 3300 3691 videret
3342 3636 3502 3691 Eleu-

1906 3721 2043 3778 tberi
2069 3722 2348 3792 cujusdam
2378 3738 2512 3777 uxor
2551 3723 2955 3793 opulentissima
2977 3767 2991 3791 ,
3022 3725 3209 3781 relicto
3234 3727 3457 3784 maforte
3481 3771 3494 3790 .

1905 3819 1960 3867 et
1988 3820 2136 3868 veste
2166 3812 2404 3868 ancillari
2425 3823 2699 3884 assumpta
2718 3857 2734 3882 ,
2760 3830 2920 3870 cursu
2948 3815 3221 3871 civitatem
3253 3818 3458 3887 petierit
3483 3863 3497 3884 ,

1906 3914 1965 3958 ut
1994 3903 2301 3974 pudicitiam
2333 3920 2485 3960 suam
2512 3916 2774 3963 servaret.
2808 3907 2937 3962 Erat
2968 3908 3109 3963 enim
3141 3910 3379 3978 profecto
3402 3911 3499 3966 dr-

1905 4010 2031 4050 cora
2080 3996 2261 4066 specie
2298 4005 2486 4052 ornata
2525 4007 2581 4053 et
2622 3999 2853 4070 eleganti
2891 3998 3081 4055 forma.
3111 4000 3264 4056 Hunc
3289 4017 3418 4073 ergo
3448 4005 3498 4056 in

1906 4087 2122 4141 modum
2155 4088 2359 4159 impleti
2389 4089 2659 4144 variorum
2689 4091 3091 4162 magistratuum
3113 4107 3356 4148 carceres
3383 4110 3500 4147 mn-

1908 4178 2157 4233 tabantur
2199 4180 2251 4233 in
2296 4178 2553 4234 ecclesias
2582 4197 2596 4233 :
2626 4188 2681 4234 et
2706 4180 2890 4251 hymni
2919 4181 3133 4250 quidem
3163 4192 3322 4252 atque
3347 4182 3498 4237 obla-

1911 4271 2084 4325 tiones
2133 4270 2509 4341 mysteriorum
2575 4270 2627 4324 in
2689 4271 2997 4326 carceribus
3050 4273 3440 4344 peragebantur
3483 4294 3497 4337 ;

1910 4362 2070 4431 ﬂagra
2102 4375 2232 4416 vero
2275 4368 2331 4416 et
2377 4361 2649 4416 cruciatus
2694 4370 2749 4417 et
2794 4362 3070 4419 horribilia
3111 4364 3413 4434 juramcnta
3448 4369 3500 4423 in

1911 4450 2153 4508 ecclesiis
2192 4454 2438 4507 certatim
2466 4451 2877 4522 adhibebantur,
2907 4464 2965 4510 ut
2994 4456 3506 4516 anathematizarent

1910 4543 2204 4608 Joannem,
2248 4544 2338 4614 qui
2383 4543 2452 4599 ad
2486 4552 2712 4601 mortem
2741 4562 2907 4617 usque
2932 4563 3053 4603 eum
3079 4548 3277 4605 diaboli
3305 4553 3505 4607 malizia

1912 4633 2269 4708 depugnabat.
2317 4636 2514 4704 Quinto
2559 4653 2720 4707 porro
2767 4638 2857 4695 die
2899 4654 2929 4694 a
2974 4638 3123 4696 finita
3151 4641 3504 4712 Pentecoste,

1914 4729 2141 4784 Aeacius
2165 4769 2180 4794 ,
2217 4728 2575 4797 Severianus,
2624 4730 2919 4786 Antiochus
2947 4741 3109 4802 atque
3147 4734 3378 4805 Cyrinus
3404 4736 3507 4790 Im-

1916 4829 2215 4889 peratorem
2242 4819 2477 4884 adeunt,
2506 4831 2594 4887 et,
2641 4820 2831 4889 Nobis,
2866 4822 3151 4893 inquiunt,
3179 4840 3209 4879 a
3239 4826 3348 4882 Deo
3375 4842 3508 4882 con-

1916 4915 2133 4971 stitutus
2161 4930 2220 4970 es
2244 4954 2260 4979 ,
2291 4914 2608 4986 Imperator,
2641 4915 2845 4971 nemini
2889 4916 3191 4987 subjectus,
3235 4928 3288 4974 ct
3322 4935 3512 4976 omnes

1918 5007 2011 5061 tibi
2037 5004 2278 5062 subditos
2304 5004 2512 5062 habens
2536 5022 2552 5071 ;
2584 5005 2702 5062 licet
2728 5006 2821 5061 tibi
2850 5008 2992 5080 quod
3020 5009 3170 5066 Iubet
3195 5011 3395 5070 facere.
3423 5013 3504 5070 Ne

1919 5096 1993 5151 sis
2020 5096 2352 5168 presbyteris
2392 5095 2594 5162 mitior,
2640 5112 2742 5154 nec
2769 5099 3036 5171 episcopis
3061 5102 3296 5159 sanctior
3323 5121 3338 5160 :
3370 5104 3510 5159 dixi-

1922 5206 2042 5245 mus
2072 5191 2165 5246 tibi
2194 5205 2375 5246 coram
2404 5189 2653 5247 omnibus
2681 5209 2695 5246 :
2746 5191 2803 5247 ln
2832 5202 2993 5263 caput
3017 5203 3259 5252 nostrum
3288 5196 3510 5252 Joannls

1921 5280 2188 5351 depositio
2235 5288 2371 5336 esto.
2398 5280 2478 5336 Ne
2519 5281 2678 5353 igitur
2720 5281 2920 5340 homini
2950 5286 3041 5341 uni
3066 5295 3124 5342 ut
3164 5300 3350 5356 parcas
3371 5328 3386 5352 ,
3417 5302 3515 5340 nos

1923 5387 2110 5427 omnes
2141 5371 2324 5442 perde.
2356 5371 2593 5429 Judaicis
2618 5374 2821 5442 verbis,
2853 5374 3082 5432 fortasse
3101 5386 3156 5432 et
3181 5375 3355 5443 factis,
3386 5378 3518 5433 sub-

1925 5464 2047 5520 dole
2071 5473 2454 5535 persuaserunt
2474 5465 2527 5520 id
2557 5464 2889 5536 Imperatori.
2916 5466 3007 5521 Sic
3028 5466 3325 5536 Imperator
3349 5470 3516 5526 misso

1926 5557 2157 5614 Patricio
2182 5559 2411 5626 notario,
2431 5557 2547 5614 haec
2567 5558 2757 5615 Joanni
2785 5558 3097 5614 denuntiat:
3127 5560 3377 5631 Aeacius,
3402 5564 3516 5619 An-

1931 5650 2173 5717 tiochus,
2224 5650 2565 5717 Severianus,
2614 5659 2672 5706 et
2706 5650 2961 5721 Cyrinus,
3008 5651 3508 5711 condemnationem

1934 5753 2075 5797 tuam
2103 5742 2158 5798 in
2186 5750 2347 5811 caput
2383 5758 2536 5799 suum
2566 5740 2924 5808 coniecerunt.
2958 5741 3123 5809 Igitur
3160 5745 3249 5802 ubi
3281 5763 3367 5803 res
3400 5757 3519 5804 tuas
