4018 6414
523 326 595 382 55
1771 294 2088 356 rauaou
2129 292 2468 350 DlALOGUS
3747 302 3817 357 εδ

526 443 634 496 Deo
660 432 1116 494 commendaveris
1136 473 1149 495 ,
1199 427 1457 500 egredere
1481 421 1741 480 Ecclesia.
1775 418 1852 472 ita
1876 415 2110 471 Joannes

523 533 804 600 episcopus
833 535 949 595 post
988 531 1227 593 apertam
1256 535 1318 575 ac
1347 518 1568 573 minhne
1597 512 1966 570 adumbratam
1990 506 2114 574 jus-

521 597 725 674 sionem
762 633 824 672 ex
850 614 1124 685 episc0pio
1154 610 1438 667 discedens
1485 623 1606 662 cum
1653 603 1939 674 episcOpis,
1982 597 2111 652 dicit

519 712 764 765 omnibus
797 727 810 761 :
841 707 1055 771 Venite,
1088 719 1327 767 oremus,
1376 711 1430 756 et
1471 697 1660 768 angelo
1716 692 1968 748 Ecclesia:
2013 704 2108 742 va-

519 802 808 856 iedicamus
855 817 867 852 :
915 799 1068 854 laetus
1117 795 1332 866 quidem
1376 791 1448 846 ob
1504 805 1592 844 res
1642 789 1818 857 ipsas.
1875 795 2111 837 moerens

517 904 694 947 autem
736 893 806 947 ob
851 891 1028 961 populi
1082 901 1391 943 maerorem.
1442 883 1691 938 Protinus
1743 877 2005 949 quispiam
2045 889 2112 927 ex

521 985 781 1052 religiosis
819 982 1132 1052 proceribus
1157 979 1271 1032 hzec
1298 975 1490 1032 Joanni
1519 972 1783 1044 signiﬁcat
1811 989 1823 1022 :
1856 965 2110 1036 Quando-

519 1076 733 1144 quidem
764 1076 979 1138 Lucius,
1014 1075 1096 1127 vir
1121 1071 1293 1126 audax
1323 1081 1376 1125 et
1401 1069 1534 1124 facie
1559 1065 1862 1136 impudens,
1896 1069 2111 1130 paratus

519 1180 602 1221 est
650 1165 702 1221 in
751 1165 964 1236 publico
1012 1162 1226 1218 lavacro
1270 1178 1392 1216 cum
1438 1159 1694 1214 militibus
1727 1156 1868 1219 suis,
1903 1155 1944 1206 si
1977 1151 2113 1204 forte

521 1258 855 1311 contradieas
877 1267 967 1310 aut
997 1256 1232 1320 dilferas,
1265 1253 1347 1306 vel
1382 1250 1602 1304 invitttm
1635 1256 1687 1302 te
1715 1245 1926 1299 trahere
1954 1251 2112 1309 atque

519 1348 809 1418 expellere,
841 1346 992 1416 plebs
1015 1354 1190 1398 autem
1229 1342 1461 1396 civitatis
1489 1344 1886 1398 commovetur;
1921 1331 2110 1386 festina

521 1443 658 1495 clam
681 1440 893 1508 egredi,
924 1454 990 1492 ne
1024 1448 1074 1492 te
1106 1435 1398 1490 defendens
1429 1431 1677 1502 pupulus,
1706 1442 1826 1482 cum
1857 1423 2112 1478 militibus

521 1545 750 1601 pugnam
781 1530 1100 1584 eouunittat.
1135 1527 1282 1580 Tunc
1312 1525 1546 1580 Joannes
1587 1537 1708 1576 cum
1736 1517 1986 1589 lacrymis
2015 1515 2113 1568 ali-

522 1639 655 1693 quos
695 1639 758 1677 ex
807 1621 1073 1690 episcopis
1113 1621 1384 1674 osculatus
1416 1615 1672 1689 (reliquos
1699 1613 1841 1667 enim
1882 1609 2112 1664 osculari

521 1729 626 1768 non
674 1714 884 1768 sinebat
929 1707 1126 1784 dolor),
1173 1710 1290 1764 vale
1338 1709 1472 1762 dixit
1499 1707 1707 1762 cmteris
1738 1705 1790 1758 in
1831 1702 2108 1756 sacrario:

501 1799 743 1871 'Llanete,
777 1805 1040 1874 inquiens,
1073 1801 1160 1856 hic
1185 1800 1398 1856 interim
1423 1841 1438 1866 ,
1466 1808 1524 1854 ut
1551 1797 1820 1868 profectus
1842 1794 2110 1849 modicmn

520 1899 809 1968 quiescam.
833 1896 1106 1966 Ingressus
1129 1905 1306 1948 autem
1326 1891 1718 1962 baptisterium,
1742 1886 2111 1959 Olympiadem

521 2001 698 2054 vocat,
724 2005 842 2058 qum
866 1987 934 2040 ab
958 1986 1199 2041 Ecclesia
1228 2000 1333 2038 non
1363 1982 1688 2044 discedebat,
1724 1979 1880 2035 simul
1901 1988 1955 2033 et
1974 1977 2115 2032 Pen-

523 2083 721 2136 tadiam
771 2089 824 2134 et
868 2079 1110 2134 Proclam
1163 2075 1513 2142 diaconissas,
1567 2082 1624 2128 et
1666 2072 1922 2126 Silvinam
1969 2067 2112 2123 beati

521 2173 760 2230 Nebridii
791 2185 1042 2233 uxorem,
1078 2184 1198 2238 qum
1225 2167 1532 2222 viduitatem
1568 2179 1719 2218 suam
1749 2162 2028 2216 honestate
2051 2173 2115 2212 ac

522 2265 781 2320 modestia
807 2262 1132 2325 decorabat;
1165 2270 1326 2330 atque
1347 2261 1426 2314 eis
1448 2258 1577 2312 dicit
1603 2275 1616 2311 :
1646 2255 1837 2310 Venite
1856 2294 1870 2318 ,
1904 2269 1936 2307 ο
1968 2252 2110 2318 ﬁlim,

525 2356 702 2410 audite
731 2370 836 2408 me.
883 2353 1012 2421 Qua:
1052 2351 1119 2406 ad
1150 2367 1237 2406 me
1261 2350 1527 2411 attinent,
1558 2347 1714 2402 ﬁnem
1752 2355 1805 2399 ut
1835 2343 1992 2399 video
2023 2344 2117 2396 ha-

524 2446 687 2501 bent:
716 2460 928 2501 cursum
972 2458 1150 2498 meum
1194 2441 1588 2506 consummavi,
1632 2445 1689 2493 et
1737 2437 1874 2492 forte
1911 2437 2113 2491 vultum

525 2553 705 2592 meum
750 2553 856 2590 non
900 2535 1132 2603 amplius
1175 2532 1444 2588 videbitis.
1492 2531 1604 2586 Hoc
1631 2544 1794 2584 unum
1823 2537 1943 2592 est,
1973 2526 2116 2596 quod

525 2645 654 2700 rogo
676 2671 691 2694 ,
729 2645 796 2683 ne
825 2643 926 2695 qua
957 2637 1194 2681 vestrum
1219 2640 1249 2678 a
1280 2625 1439 2682 solita
1464 2638 1592 2693 erga
1628 2621 1924 2676 Ecclesiam
1949 2619 2114 2674 bene-

525 2720 755 2774 volentia
793 2717 1087 2781 avellatur;
1135 2724 1186 2770 et
1212 2716 1536 2785 quicumque
1565 2711 1836 2766 reluctans
1862 2709 2025 2764 fuerit
2050 2708 2118 2763 ad

523 2810 916 2865 ordinationem
940 2807 1231 2867 deductus,
1259 2819 1328 2859 ex
1351 2816 1616 2857 consensu
1640 2801 1900 2862 onmium,
1928 2813 2034 2852 non
2065 2796 2119 2852 id

524 2903 799 2966 ambiens,
831 2900 880 2953 ei
911 2909 1180 2968 tamquam
1203 2895 1398 2951 Joanni
1433 2903 1596 2963 caput
1622 2902 1857 2947 vestrum
1886 2890 2116 2945 submit-

526 2995 619 3048 tite
654 3011 667 3048 :
707 3007 814 3045 non
841 2997 1017 3059 potest
1057 2989 1200 3044 enim
1247 2986 1486 3042 Ecclesia
1513 3000 1634 3040 esse
1677 2984 1797 3039 sine
1841 2983 2116 3052 episc0po.

527 3085 600 3138 Ita
632 3080 1060 3138 misericordiam
1082 3077 1484 3148 consequamini
1509 3116 1524 3137 .
1573 3085 1628 3130 et
1655 3089 1925 3130 memores
1947 3080 2118 3127 estote

528 3176 630 3230 mei
662 3175 712 3228 in
740 3171 1068 3227 orationibus
1092 3170 1307 3226 vestris.
1353 3167 1462 3223 Illae
1489 3166 1739 3238 lacrymis
1781 3164 2012 3237 perfusas
2050 3163 2118 3218 ad

523 3266 639 3334 ejus
685 3265 849 3335 pedes
896 3256 1337 3318 advehebantur.
1381 3259 1531 3314 Tune
1575 3260 1801 3313 innuens
1830 3257 2042 3312 cuidam
2084 3270 2118 3311 e

525 3338 842 3411 venerandis
869 3355 1199 3426 presbyteris
1225 3353 1339 3407 ait:
1371 3352 1524 3406 Tolle
1544 3367 1636 3406 eas
1665 3352 1810 3416 hinc,
1845 3366 1913 3404 ne
1944 3364 2118 3420 popu-

524 3444 631 3502 lum
661 3444 994 3516 perturbent.
1041 3444 1132 3499 Sic
1175 3443 1334 3513 igitur
1371 3441 1646 3510 paululum
1689 3450 1946 3507 retentae,
1989 3441 2120 3495 visas

524 3547 650 3592 sunt
687 3535 1051 3606 acquiescere.
1095 3533 1162 3588 Et
1196 3533 1274 3588 sic
1319 3532 1449 3586 abiit
1474 3533 1526 3586 in
1562 3541 1767 3601 partem
1798 3531 2116 3586 orientalem

529 3628 841 3700 (nihilenim
863 3626 1001 3698 apud
1022 3626 1170 3680 illum
1191 3633 1308 3680 erat
1326 3623 1701 3693 occidentale).
1721 3623 1780 3677 In
1801 3621 2118 3678 occidentali

525 3731 706 3776 autem
750 3731 902 3790 parte
922 3761 938 3784 ,
969 3718 1055 3772 ubi
1083 3725 1166 3780 est
1201 3732 1448 3786 magnum
1477 3716 1733 3771 Ecclesia:
1761 3715 2082 3770 vestibulum
2100 3754 2115 3780 ,

521 3815 822 3883 jumentum
865 3812 949 3866 cui
975 3810 1181 3867 solebat
1209 3809 1445 3864 Joannes
1491 3807 1764 3869 insidere,
1805 3818 1950 3862 stare
1994 3815 2120 3861 ante

527 3903 909 3972 portamjussit
929 3942 942 3966 ,
986 3912 1044 3956 ut
1072 3901 1324 3970 pepulqu
1351 3915 1413 3956 ea
1441 3916 1508 3954 ex
1537 3910 1689 3968 parte
1714 3906 2118 3968 exspectantem

526 3994 626 4048 abs
651 4009 710 4048 se
732 3992 1046 4048 dimoverat.
1080 3991 1198 4046 Una
1240 4005 1362 4046 cum
1399 4005 1466 4045 eo
1494 4004 1744 4060 egressus
1787 3999 1872 4044 est
1899 3990 2120 4059 angelus

530 4089 820 4154 Ecclesim,
863 4088 1205 4142 solitudinem
1253 4088 1511 4143 Ecclesia:
1551 4101 1658 4140 non
1707 4085 1917 4150 ferens,
1959 4099 2117 4153 quam

527 4181 856 4251 principatus
881 4196 1108 4249 nequam
1151 4189 1203 4234 et
1235 4189 1525 4248 potestates
1564 4177 1837 4241 fecerant,
1883 4178 2117 4246 speciem

528 4273 718 4328 theatri
771 4272 1104 4341 iniquitatum
1165 4272 1501 4326 exhibentes.
1551 4269 1682 4324 Erat
1722 4270 1868 4325 enim
1899 4308 1914 4333 ,
1967 4278 2025 4321 ut
2066 4267 2118 4320 in

529 4363 762 4427 theatro,
793 4362 980 4417 sibilus
1011 4362 1302 4431 impiorum
1342 4360 1744 4430 explodentium
1791 4371 1846 4414 et
1889 4360 2120 4414 irriden-

533 4458 686 4520 tium,
717 4455 1024 4510 Judaeormn
1053 4470 1117 4508 ac
1145 4455 1422 4522 gentilium
1448 4453 1736 4506 immodice
1763 4453 2118 4506 deridentium

531 4564 595 4602 ac
621 4549 1062 4601 subsanuantium
1099 4562 1112 4596 :
1161 4555 1216 4597 ut
1263 4554 1438 4597 autem
1485 4543 1536 4596 in
1583 4558 1796 4598 carcere
1819 4585 1833 4609 ,
1865 4543 2033 4612 plagas
2067 4551 2122 4598 et

533 4642 585 4695 in
615 4642 814 4693 viscera
851 4639 970 4692 illisi
992 4638 1259 4692 cruciatus
1288 4652 1316 4690 a
1346 4636 1620 4702 militibus,
1649 4644 1705 4690 et
1722 4635 1956 4688 omnium
1981 4652 2124 4690 men-

534 4735 602 4788 tis
628 4732 821 4786 virium
851 4729 1125 4794 distentio,
1157 4743 1278 4783 cum
1307 4728 1377 4782 ob
1405 4727 1639 4781 ablatum
1665 4726 1938 4780 doctorem
1963 4768 1976 4791 ,
2010 4736 2120 4780 tum

531 4827 601 4880 ob
626 4823 1015 4892 blasphemiam
1061 4823 1113 4876 in
1146 4822 1332 4875 Deum.
1380 4819 1481 4875 Ubi
1509 4820 1652 4872 enim
1685 4829 2022 4888 peccatorum
2064 4818 2124 4873 ﬁt

532 4915 779 4971 remissio
799 4956 812 4980 ,
857 4913 926 4969 ibi
953 4913 1222 4983 sanguinis
1251 4910 1411 4966 ﬁebat
1453 4908 1661 4965 effusio.
1696 4909 1825 4963 Post
1853 4909 1996 4963 illam
2025 4925 2116 4963 au-

537 5017 643 5063 tem
684 5006 1093 5063 inenarrabilem
1140 5015 1298 5076 atque
1341 5005 1764 5073 inexplicabilem
1803 5001 2119 5076 caliginem,

536 5101 749 5157 flamma
780 5116 811 5154 e
837 5100 1009 5154 media
1041 5099 1166 5156 sedo
1194 5101 1246 5154 in
1277 5116 1379 5170 qua
1402 5102 1605 5157 solebat
1622 5103 1860 5158 Joannes
1886 5105 2080 5160 sedens
2104 5147 2120 5172 ,

535 5197 699 5255 veluti
725 5196 902 5251 medio
929 5197 982 5250 in
1007 5210 1231 5265 corpore
1256 5211 1370 5263 cor,
1401 5197 1657 5252 membris
1683 5201 1892 5254 caeteris
1913 5199 2122 5254 Domini

535 5292 742 5361 eloquia
789 5288 1163 5358 interpretari,
1213 5289 1324 5343 visa
1355 5289 1501 5344 verbi
1545 5289 1638 5344 Dei
1669 5290 2011 5360 interpretem
2038 5305 2124 5345 re-

535 5384 798 5450 quirebat,
827 5396 935 5452 quo
961 5396 1066 5436 non
1090 5381 1305 5436 invento
1335 5379 1518 5436 sedem
1547 5381 1954 5452 depascebatur,
1987 5389 2042 5436 et
2069 5381 2124 5437 in

537 5473 705 5526 altum
741 5474 1092 5531 arboreseens
1118 5488 1215 5543 per
1242 5482 1460 5528 catenas
1484 5471 1550 5525 ad
1590 5483 1764 5527 tecum
1801 5488 1972 5544 usque
2011 5487 2123 5528 ser-

539 5562 664 5630 psit,
695 5572 856 5632 atque
872 5567 1070 5635 vipera:
1092 5567 1259 5620 instar
1291 5574 1480 5620 ventre
1504 5579 1702 5631 exeso,
1732 5565 1798 5618 ad
1827 5566 2122 5635 posteriora

542 5651 750 5707 aediﬁcii
775 5654 1010 5710 ecclesiae
1040 5657 1326 5720 ferebatur,
1373 5655 1482 5711 Deo
1516 5655 1817 5711 mercedem
1855 5655 2124 5724 injustitiae

546 5742 703 5795 veluti
744 5741 1014 5799 definitam
1059 5747 1125 5800 ad
1172 5749 1224 5801 id
1268 5763 1481 5818 penam
1513 5749 1769 5806 reddente
1793 5790 1808 5818 ,
1841 5750 1904 5805 ad
1936 5765 2120 5806 corre-

2221 412 2455 482 ptionem
2491 421 2545 466 et
2588 411 3006 468 admonitionem
3049 427 3236 468 eorum
3263 414 3351 483 qui
3395 413 3641 469 nesciunt
3689 420 3819 472 resi-

2218 505 2426 573 piscere
2451 505 2552 558 nisi
2574 502 2828 574 adspectu
2853 505 3117 559 malorum
3141 504 3395 559 divinitus
3416 505 3777 561 immissorum
3800 528 3816 562 :

2218 611 2324 650 non
2354 596 2527 650 solum
2557 608 2736 651 autem
2767 612 2884 651 eam
2915 596 2986 650 ob
3014 613 3255 663 causam,
3289 597 3384 652 sed
3425 607 3482 652 ut
3513 600 3639 653 feras
3678 601 3817 655 illius

2215 689 2415 760 Synodi
2447 699 2850 744 monumentum
2893 690 3242 760 relinqueret.
3294 690 3403 745 Nec
3433 691 3486 745 id
3517 692 3714 745 mirum
3751 694 3849 747 de.

2217 781 2480 847 ecclesia,
2527 796 2648 834 cum
2699 781 2955 835 Senatum
3005 781 3094 850 qui
3149 780 3292 849 apud
3334 791 3550 836 exteros
3597 783 3814 847 dicitur,

2218 874 2398 928 multis
2428 873 2672 944 passibus
2700 874 2942 928 dissitum
2973 889 3038 928 ex
3065 874 3292 928 adverso
3322 875 3563 930 ecclesia:
3610 877 3677 930 ad
3709 893 3818 931 me-

2218 967 2608 1037 ridiem,ignis
2658 967 2748 1021 ille
2799 967 3132 1036 interiectam
3188 969 3364 1039 populi
3416 971 3816 1024 multitudinem

2218 1059 2394 1126 pontis
2416 1059 2582 1111 instar
2607 1059 2879 1126 sapienter
2904 1068 3335 1127 prmtergressus,
3363 1063 3811 1127 pessumdedcrit,

2219 1165 2324 1203 non
2355 1148 2500 1217 prius
2522 1159 2724 1217 partem
2756 1149 2996 1203 ecclesra:
3023 1151 3275 1215 vicinam,
3311 1168 3376 1204 ne
3401 1153 3656 1206 damnum
3688 1155 3814 1207 illud

2219 1240 2472 1294 vicinitati
2500 1239 2929 1295 adscriberemus
2954 1257 2967 1305 ;
2993 1241 3086 1294 sed
3111 1253 3314 1309 partem
3346 1244 3541 1311 palatio
3572 1245 3812 1314 Impera-

2219 1342 2392 1386 torum
2439 1333 2770 1401 proximam,
2815 1343 2872 1386 ttt
2912 1334 2990 1388 rei
3037 1335 3350 1388 miraculum
3397 1339 3674 1407 sapienter
3703 1339 3752 1392 id
3782 1357 3812 1394 ει

2221 1422 2335 1477 Deo
2381 1422 2576 1477 factum
2618 1439 2738 1477 esse
2785 1424 3054 1491 probaret.
3104 1424 3296 1480 Videre
3337 1428 3479 1480 enim
3518 1439 3637 1482 erat
3676 1431 3813 1483 inter

2217 1514 2354 1569 duos
2381 1515 2564 1584 igneos
2595 1526 2805 1570 montes
2829 1557 2843 1581 ,
2877 1517 3072 1570 illaesos
3115 1518 3339 1586 populos
3369 1518 3434 1570 ad
3465 1534 3560 1574 sua
3601 1521 3810 1588 negotia

2217 1619 2602 1662 commeantes.
2637 1608 2692 1662 In
2731 1608 2870 1663 hunc
2907 1609 3064 1679 igitur
3106 1609 3320 1663 modum
3352 1611 3484 1680 ignis
3511 1612 3812 1667 circumvo-

2222 1700 2337 1754 lans
2367 1709 2419 1755 et
2450 1701 2656 1755 undans
2687 1710 2935 1770 tanquam
2978 1717 3125 1757 mare
3165 1703 3397 1756 violento
3439 1716 3622 1758 austro
3645 1706 3812 1773 jacta-

2220 1800 2352 1856 tum,
2384 1791 2546 1845 veluti
2573 1792 2725 1863 signo
2753 1792 2882 1846 dato
2920 1793 3266 1863 progrediens
3292 1837 3306 1861 ,
3346 1795 3549 1849 vicinas
3577 1797 3814 1850 circum-

2219 1898 2427 1952 quaque
2449 1883 2594 1937 :edes
2614 1884 2745 1938 citra
2765 1883 3050 1939 discrimen
3074 1886 3349 1955 corripuit,
3371 1895 3425 1940 et
3446 1887 3542 1940 soli
3571 1888 3815 1943 azdieulm

2221 1974 2273 2027 in
2303 1989 2403 2043 qua
2435 1989 2710 2028 sacrorum
2743 1990 2990 2030 vasorum
3021 1977 3254 2044 reposita
3284 1988 3397 2032 erat
3422 1980 3596 2047 capia,
3632 1996 3815 2049 peper-

2223 2067 2296 2120 cit
2326 2083 2338 2117 :
2384 2081 2572 2120 aurum
2603 2081 2707 2120 non
2757 2067 3015 2121 reveritus
3049 2080 3142 2121 aut
3182 2069 3439 2137 reliquam
3483 2072 3687 2140 argenti
3719 2087 3812 2125 su-

2222 2158 2542 2227 pellectilem
2564 2200 2578 2223 ,
2614 2159 2708 2213 sed
2738 2169 2794 2212 ut
2825 2175 2890 2213 ne
2913 2158 3084 2212 locum
3132 2159 3422 2214 mentiendi
3463 2161 3817 2217 calumniato-

2224 2251 2370 2305 ribus
2397 2250 2549 2304 daret
2578 2251 2832 2306 adversus
2856 2252 3096 2320 justum,
3129 2252 3279 2321 quasi
3312 2253 3425 2322 ipse
3457 2253 3814 2319 pulcherrima

2222 2342 2467 2413 quaedam
2493 2343 2592 2398 sibi
2618 2343 2958 2397 vindicasset.
2995 2342 3068 2397 lta
3098 2344 3229 2412 ignis
3263 2344 3489 2412 agitatus
3518 2354 3815 2399 retrorsum

2223 2449 2282 2488 se
2311 2433 2641 2499 reﬂectebat,
2668 2435 3062 2505 perverstigans
3089 2433 3344 2487 invidiam
3373 2451 3558 2488 eorum
3585 2438 3674 2504 qui
3699 2437 3815 2491 hmc

2226 2536 2600 2598 perpetrarant
2625 2525 2691 2580 ad
2718 2526 3092 2580 revincendam
3123 2525 3402 2596 Tthphili
3433 2528 3723 2592 insaniam,
3761 2529 3814 2583 in

2225 2635 2290 2674 eo
2320 2619 2460 2690 quod
2495 2619 2566 2674 ob
2594 2634 2747 2673 sacra
2773 2633 2894 2672 vasa
2936 2617 3195 2672 Joannem
3227 2618 3450 2687 ejecissc
3492 2633 3552 2673 se
3589 2621 3817 2674 commi-

2227 2712 2471 2766 niscitur.
2519 2713 2597 2764 Ac
2640 2710 2838 2765 nullius
2885 2709 3098 2779 quidem
3141 2710 3316 2764 anima
3349 2711 3508 2779 periit
3541 2711 3591 2765 in
3631 2713 3721 2766 tali
3754 2728 3817 2767 ae

2231 2813 2378 2858 tanto
2397 2802 2641 2866 tumultu,
2670 2817 2774 2855 non
2794 2801 3046 2865 hominis,
3072 2816 3178 2855 non
3200 2801 3484 2856 animantis
3517 2819 3530 2854 :
3556 2812 3816 2857 creterum

2227 2893 2412 2948 sordes
2444 2895 2514 2949 ibi
2544 2893 2770 2948 sceleste
2790 2894 3219 2948 conversantium
3247 2893 3381 2962 ignis
3411 2893 3604 2947 virtute
3625 2894 3816 2948 ablue-

2229 2984 2423 3038 bantur
2449 2985 2516 3038 ab
2547 2984 2674 3039 hora
2707 2993 2853 3040 sexta
2882 2983 2946 3038 ad
2975 2999 3166 3038 nonam
3192 3026 3206 3051 ,
3237 2984 3404 3038 tribus
3434 2983 3640 3040 diurnis
3667 2985 3816 3041 horis

2229 3076 2518 3130 multorum
2544 3092 2804 3130 annorum
2831 3091 2994 3145 opere
3019 3076 3217 3131 deleto.

2297 3168 2426 3222 CAP.
2473 3185 2637 3222 xt.—
2666 3169 2814 3223 Duc.
2859 3169 2923 3222 Et
2950 3169 3062 3222 hare
3087 3167 3212 3222 dum
3260 3168 3469 3236 ﬁerent,
3510 3166 3690 3236 Pater,
3724 3170 3822 3226 ubi

2229 3261 2441 3316 tandem
2497 3271 2612 3316 erat
2655 3261 2840 3316 beatus
2886 3261 3119 3316 Joannes
3163 3269 3254 3315 aut
3303 3263 3490 3331 reliqui
3537 3263 3821 3332 episcopi?

2230 3352 2406 3409 Ertsc.
2433 3353 2679 3423 EpiscOpi
2703 3352 2917 3422 quidem
2945 3354 3155 3422 reliqui,
3179 3354 3266 3407 alii
3295 3353 3482 3408 inclusi
3505 3354 3823 3409 detineban—

2231 3458 2334 3513 tur,
2365 3447 2456 3501 alii
2504 3445 2869 3512 trahebantur,
2916 3446 3006 3500 alii
3046 3455 3223 3500 autem
3265 3445 3608 3500 delitueruut.
3651 3447 3825 3500 Porro

2227 3538 2462 3594 Joannes
2512 3550 2616 3590 una
2663 3551 2785 3591 cum
2825 3536 3051 3607 Cyriaco
3081 3545 3135 3590 et
3167 3535 3379 3606 Eulysio
3406 3536 3612 3590 vinctus
3648 3536 3700 3590 in
3731 3536 3822 3590 Bia

2230 3628 2412 3699 thyuia
2457 3626 2793 3682 detinebatur
2834 3642 2862 3680 a
2907 3625 3140 3696 przefecti
3173 3625 3448 3690 militibus,
3497 3626 3818 3696 supplicium

2229 3721 2596 3774 minitantibus
2620 3719 2688 3773 ob
2718 3718 3020 3772 incendium
3049 3717 3310 3771 ecclesiae.
3344 3717 3532 3770 Postea
3565 3719 3822 3787 Cyriacus

2229 3822 2283 3868 et
2314 3812 2561 3883 Eulysius
2587 3826 2707 3867 cum
2735 3811 2951 3880 reliquis
2973 3810 3180 3864 clericis
3209 3809 3369 3863 vincti
3400 3808 3631 3873 adducti,
3660 3819 3828 3877 atque

2231 3904 2542 3958 innocentes
2567 3902 2912 3972 pronuntiati,
2958 3901 3165 3956 dimissi
3191 3911 3332 3954 sunt.
3375 3901 3598 3954 Sanctus
3639 3911 3820 3952 autem

2229 3998 2482 4062 Joannes,
2502 3997 2567 4050 ad
2594 3997 2852 4066 reliquam
2886 3995 3128 4048 ﬁduciam
3157 4010 3258 4065 qua
3287 4009 3497 4062 semper
3517 4003 3672 4046 antea
3693 4010 3823 4048 usus

2231 4089 2422 4155 fuerat,
2449 4090 2585 4143 hanc
2614 4103 2828 4157 quoque
2857 4088 3092 4140 ultimam
3111 4085 3325 4153 adjecit,
3351 4084 3590 4138 scribens
3609 4085 3689 4138 eis
3708 4085 3824 4138 ha-c

2231 4182 2426 4236 verba:
2458 4181 2570 4235 Etsi
2603 4184 2656 4236 in
2683 4179 2802 4233 aliis
2844 4193 2948 4231 non
2992 4177 3214 4230 dedistis
3260 4174 3387 4228 mihi
3419 4175 3589 4228 locum
3634 4173 3827 4228 defen-

2231 4275 2418 4340 sionis,
2466 4273 2654 4326 saltem
2704 4271 2755 4324 in
2803 4270 2960 4324 rebus
2991 4268 3230 4322 ecclesia:
3273 4267 3478 4332 audiar,
3523 4281 3589 4318 an
3635 4279 3826 4321 auctor

2230 4366 2352 4430 sim,
2383 4374 2441 4419 ut
2466 4363 2662 4426 dicitis,
2693 4362 2808 4431 ejus
2832 4359 3080 4414 incendii.
3113 4359 3186 4412 ita
3213 4373 3282 4412 ne
3311 4359 3361 4410 in
3391 4373 3458 4412 eo
3483 4358 3698 4427 quidem
3729 4373 3826 4410 aud

2231 4457 2393 4521 ditus,
2427 4465 2587 4509 noctu
2613 4454 2811 4522 diuque
2835 4468 2935 4522 per
2962 4451 3158 4504 milites
3185 4449 3396 4503 ducitur
3438 4449 3488 4501 in
3516 4447 3825 4501 desertissi-

2233 4566 2378 4604 mum
2410 4548 2679 4603 Armeniae
2705 4545 3032 4615 oppidulum,
3057 4543 3298 4596 Cueusus
3330 4540 3380 4593 id
3411 4549 3510 4602 est,
3536 4539 3603 4592 ab
3627 4539 3828 4592 lsauris

2232 4643 2506 4707 obcssum,
2562 4649 2622 4694 ut
2675 4638 3050 4692 trucidaretur.
3108 4636 3362 4688 Arsacias
3407 4641 3605 4696 autem,
3661 4629 3824 4684 frater

2237 4736 2376 4788 beati
2407 4731 2658 4795 Nectarii,
2692 4730 3010 4785 substitutus
3041 4734 3124 4780 est
3152 4726 3201 4779 in
3241 4725 3417 4778 locum
3438 4721 3681 4783 Joannis,
3714 4738 3819 4775 ma-

2233 4826 2322 4895 gui
2350 4838 2621 4880 sacrorum
2651 4819 2975 4889 interpretis,
3008 4817 3168 4871 homo
3193 4817 3338 4886 pisce
3364 4815 3529 4884 magis
3552 4823 3752 4875 mutus,
3779 4824 3828 4868 et

2234 4932 2363 4972 rana
2414 4915 2576 4971 rebus
2621 4913 2842 4984 agendis
2873 4913 3048 4966 minus
3080 4910 3322 4964 idoneus.
3352 4906 3652 4976 Aliquando
3684 4907 3830 4960 enim

2235 5019 2289 5064 et
2328 5009 2468 5062 actio
2514 5008 2626 5076 ipsa
2676 5004 2929 5074 loquitur,
2977 5016 3099 5056 cum
3143 4999 3392 5069 suiipsius
3433 5011 3591 5050 causa
3623 4995 3829 5049 bonum

2234 5115 2370 5169 opus
2397 5098 2592 5153 factum
2621 5097 2797 5152 fuerit.
2833 5095 2925 5149 Ille
2955 5108 3073 5147 cum
3101 5092 3166 5146 ad
3189 5087 3587 5160 quatuordecim
3611 5101 3834 5140 menses

2234 5194 2397 5248 vitam
2427 5206 2575 5245 suam
2603 5187 2982 5261 protendisset,
3012 5192 3253 5237 mortuus
3278 5190 3380 5244 est,
3415 5179 3608 5232 violato
3647 5193 3750 5232 suo
3780 5179 3833 5231 in

2238 5284 2524 5356 Evangelia
2549 5282 2874 5353 iuramento.
2907 5279 3114 5347 Quippe
3144 5275 3290 5330 fratri
3319 5289 3416 5328 suo
3451 5271 3702 5326 Nectar-io
3746 5270 3834 5338 ju-

2236 5387 2469 5446 raverat,
2485 5376 2684 5433 nullius
2701 5388 2950 5444 umquam
2969 5372 3306 5442 episcopatus
3326 5366 3720 5422 ordinationem
3739 5363 3834 5416 ad:

2235 5473 2522 5527 missurum
2545 5484 2627 5533 se,
2654 5465 2868 5539 quando
2893 5462 3170 5519 Nectarius
3195 5456 3543 5528 exprobravit
3569 5455 3670 5525 ipsi
3689 5451 3832 5523 quod

2235 5565 2497 5621 noluisset
2535 5559 2786 5617 Tarsensi
2829 5557 3086 5612 Ecclesia:
3129 5553 3352 5626 prmﬁci,
3398 5548 3549 5620 quasi
3598 5558 3828 5601 mortem

2238 5659 2404 5728 ipsius
2433 5655 2813 5726 specularetur.
2848 5650 2972 5706 Fuit
3014 5663 3172 5703 causa
3207 5644 3420 5716 perjnrii
3455 5643 3685 5711 primum
3713 5639 3832 5708 qui-

2236 5750 2357 5803 dem
2398 5763 2530 5802 vana
2571 5745 2757 5817 gloria,
2791 5753 3008 5814 propter
3049 5755 3206 5811 quam
3249 5735 3532 5802 ambiebat,
3567 5741 3622 5787 ut
3648 5733 3718 5786 ita
3745 5730 3828 5788 di-
