4018 6438
153 406 203 463 ῃ
1125 387 1209 442 DE
1247 385 1406 442 ViT.\
1445 385 1499 441 S.
1542 378 1821 439 JOANNIS
1859 377 2345 436 CHRYSOSTOMI.
3354 384 3421 444 εδ

154 530 270 579 eam,
292 511 506 581 nuptias
539 509 724 565 uxoris
754 506 930 563 fratris
956 505 1067 571 sui;
1118 502 1310 559 deinde
1340 499 1510 573 pudor
1541 499 1716 557 incre-

154 606 391 676 pationum
426 600 529 672 ipsi
561 616 595 656 a
625 600 784 656 fratre
808 596 1115 671 prophetico
1146 595 1424 649 factarum.
1456 592 1589 646 Huic
1616 592 1719 645 Ar-

152 695 272 749 sacio
289 692 556 748 sufficitur
583 691 792 746 Atticus
819 707 850 744 e
882 688 1227 759 presbyteris,
1256 685 1495 740 omnium
1522 684 1716 738 adver-

152 802 225 843 sus
265 785 522 842 Joannem
579 768 910 838 inolitiouum
963 779 1180 834 artifex.
1231 778 1482 846 Quicqu
1514 775 1714 829 videret

153 880 390 935 nemiuem
418 877 765 933 orientalium
796 875 1167 947 episcoporum
1196 887 1377 927 secum
1418 869 1714 925 communi-

151 987 271 1036 care,
299 978 351 1026 ct
377 986 442 1025 ne
471 970 712 1025 civitatis
735 968 951 1039 quidem
979 967 1252 1037 populum,
1274 973 1489 1034 propter
1512 978 1570 1018 ea
1594 978 1713 1031 qua:

154 1073 241 1118 tant
269 1062 462 1118 nefarie
510 1070 675 1131 atque
720 1059 912 1129 injuste
960 1058 1012 1112 in
1061 1056 1322 1112 Joannem
1353 1057 1421 1111 ab
1452 1056 1567 1125 ipso
1596 1063 1712 1108 acta

157 1161 277 1208 erant
300 1169 312 1204 :
339 1166 533 1221 expers
555 1166 677 1206 cum
699 1159 839 1205 esset
861 1164 1128 1205 sacrarum
1153 1148 1567 1217 Scripturarum,
1593 1162 1715 1216 per-

157 1244 255 1301 fecit
279 1256 330 1298 ut
357 1244 722 1314 imperialibus
765 1242 1036 1311 rescriptis
1064 1249 1381 1312 cogerentur
1412 1241 1443 1293 ii
1470 1241 1558 1311 qui
1588 1255 1710 1295 cum

159 1342 252 1405 ipso
291 1352 391 1390 nou
429 1335 917 1390 communicabant.
952 1334 1285 1402 Rcscriptum
1316 1341 1493 1386 autem
1525 1340 1710 1386 centra

157 1428 425 1497 episcopos,
458 1426 600 1480 tales
646 1426 815 1479 minas
847 1423 1107 1478 habebat:
1138 1423 1199 1479 Si
1222 1424 1335 1493 quis
1363 1424 1710 1493 episcOporum

157 1533 239 1573 non
259 1519 588 1571 communicat
614 1514 919 1586 TlteOpIiilo,
955 1513 1263 1586 Porpliyrio,
1292 1525 1339 1568 et
1379 1514 1563 1580 Attico,
1611 1514 1712 1568 Ec-

157 1608 286 1663 clesia
307 1609 500 1675 quidem
531 1608 787 1679 ejiciatur,
815 1618 861 1660 et
884 1623 915 1659 a
941 1607 1161 1678 propriis
1190 1605 1514 1674 facultatibus
1536 1606 1715 1674 abiga-

160 1712 241 1754 tnr.
269 1701 393 1755 lliuc
416 1700 503 1753 alii
536 1700 628 1769 qui
674 1700 935 1754 bonorum
978 1713 1143 1753 onere
1175 1699 1486 1767 przegravati
1533 1706 1707 1761 erant,

159 1791 292 1845 etiam
319 1792 457 1845 inviti
483 1805 608 1845 cum
639 1791 752 1859 ipso
772 1789 1158 1843 communicant
1197 1804 1211 1841 :
1241 1789 1328 1842 alii
1359 1803 1484 1843 vero
1512 1804 1713 1858 paupe-

160 1881 301 1936 riores
325 1893 373 1937 et
400 1881 451 1936 in
480 1880 589 1936 ﬁde
627 1896 757 1935 sana
796 1880 1136 1942 infirmiores.
1169 1879 1430 1935 donorum
1458 1896 1712 1950 quorum-

159 1971 744 2044 datupollicitationibns
795 1971 860 2026 ad
905 1971 1333 2027 communionem
1373 1971 1711 2025 adduceban-

163 2072 265 2118 tur:
286 2063 366 2118 alii
393 2079 592 2133 genere
623 2072 676 2117 et
707 2063 1135 2132 possessionibus
1162 2071 1216 2117 et
1242 2062 1408 2132 patria
1440 2072 1493 2117 et
1527 2078 1712 2116 corru-

164 2153 308 2223 ptibili
330 2154 488 2224 gloria
517 2165 683 2222 atque
709 2168 993 2222 corporum
1017 2154 1295 2207 vexatione
1323 2153 1540 2221 insuper
1562 2152 1712 2205 habi-

164 2246 235 2311 tis,
253 2246 395 2299 animi
418 2245 752 2301 nobilitatem
779 2245 900 2316 fuga
931 2246 1317 2308 custodiebant,
1342 2246 1706 2315 evangelicum

163 2338 268 2393 illud
286 2339 332 2393 in
356 2340 609 2394 memoria
640 2338 920 2402 bibentes,
954 2339 1016 2391 Si
1041 2355 1127 2392 ros
1152 2339 1203 2391 in
1248 2338 1343 2391 hac
1369 2338 1567 2391 civitate
1596 2355 1712 2407 per-

160 2442 409 2497 sequantur,
442 2434 603 2505 fugite
649 2435 702 2488 in
746 2434 903 2487 aliam
947 2432 1157 2505 (Matth.
1209 2432 1296 2488 10.
1341 2432 1706 2503 9.5):etillttd

162 2522 522 2579 i’mvcrbiorum
546 2525 651 2581 sibi
679 2524 937 2591 dicentes,
969 2523 1087 2578 Non
1118 2523 1393 2594 proderunt
1418 2522 1712 2577 substantia:

161 2614 201 2667 in
223 2615 294 2667 die
314 2616 397 2670 ἔγω
423 2615 606 2686 (Prov.
640 2617 723 2671 ll.
748 2614 824 2689 4).
854 2615 1082 2671 Profecti
1108 2615 1195 2668 alii
1217 2614 1430 2685 quidem
1459 2614 1705 2682 Romam,

160 2706 230 2759 alii
258 2706 314 2761 ad
346 2720 567 2775 montes,
620 2708 708 2763 alii
744 2718 921 2764 autem
954 2709 1004 2763 in
1032 2717 1330 2763 ascetarum
1360 2708 1705 2775 monasteria,

160 2811 183 2849 ι
201 2797 387 2855 Judaica
410 2801 689 2871 iniquitate
712 2800 1078 2856 servabantur.
1106 2801 1349 2856 Edictum
1372 2817 1498 2855 vero
1520 2801 1711 2857 adver-

161 2903 233 2943 sus
257 2888 403 2946 laicus
448 2894 560 2947 inec
608 2893 947 2948 continebat:
981 2891 1083 2958 Qui
1109 2894 1162 2946 in
1188 2892 1514 2963 dignitatibus
1545 2902 1708 2948 essent

162 2983 400 3050 constituti,
430 3001 519 3038 suo
563 2985 760 3039 honore
805 2994 850 3038 et
894 2985 1140 3056 dignitate
1167 2984 1478 3050 excederent,
1524 2984 1708 3038 milites

162 3071 377 3143 cingulum
401 3076 686 3130 omitterent
707 3091 724 3129 :
744 3075 937 3143 retium
983 3074 1118 3146 plebs
1147 3086 1295 3145 atque
1335 3075 1540 3145 api/ires
1566 3075 1709 3143 gravi

163 3165 255 3218 auri
275 3168 481 3236 pondere
506 3168 731 3231 multati,
762 3168 1076 3231 subiacerent
1118 3165 1316 3221 exsilio.
1359 3164 1620 3221 Caeterum
1650 3173 1708 3220 et

162 3253 255 3311 lucc
286 3259 497 3327 fiebant;
526 3269 583 3316 et
631 3275 814 3330 preces
839 3276 867 3314 a
901 3260 1053 3314 bonis
1080 3269 1134 3314 et
1164 3259 1342 3330 probis
1366 3274 1554 3328 magna
1584 3270 1703 3311 cum

160 3347 461 3408 afﬂictatione
486 3353 588 3408 sub
616 3352 706 3408 dio
732 3352 1141 3423 peragebantur,
1172 3366 1199 3404 a
1229 3366 1377 3406 more
1405 3349 1704 3407 Servatoris

161 3443 232 3510 qui
254 3443 390 3511 dixit,
416 3444 526 3516 Ego
556 3463 673 3502 sum
700 3447 779 3499 ria
808 3455 854 3499 et
885 3446 1098 3511 veritas;
1127 3454 1180 3500 et
1206 3459 1407 3509 rursus,
1433 3444 1705 3515 Conﬁditr:

160 3552 232 3605 ego
272 3539 356 3592 uici
397 3540 641 3593 mundum
670 3537 847 3611 (Joan.
878 3539 965 3594 14.
993 3538 1047 3593 6.
1076 3548 1121 3592 et
1156 3536 1238 3593 i6.
1268 3538 1382 3609 '55).
1414 3541 1490 3594 Ac
1519 3540 1706 3594 beatus

160 3627 337 3697 quidem
362 3629 589 3687 Joannes
621 3630 812 3685 Cucnsi
843 3639 1082 3685 moratus
1106 3645 1300 3684 annttm
1331 3647 1512 3694 unum,
1544 3631 1707 3701 pluri—

161 3733 257 3772 mos
288 3724 536 3778 Armenia:
572 3735 837 3792 pauperes
869 3722 1030 3792 pavit,
1074 3737 1177 3775 non
1209 3730 1315 3775 tam
1363 3737 1517 3791 pane,
1547 3736 1702 3793 quam

161 3808 325 3864 verbo:
351 3812 613 3869 invaserat
644 3814 785 3868 enim
825 3828 920 3882 per
967 3812 1017 3867 id
1060 3820 1270 3882 tempus
1320 3828 1507 3885 magna
1538 3813 1706 3867 fames

161 3901 390 3970 regionem
431 3906 598 3961 illam.
632 3906 764 3960 Cum
804 3914 982 3960 autem
1014 3915 1066 3961 et
1095 3906 1165 3959 ob
1193 3906 1242 3960 id
1276 3905 1372 3977 ipsi
1411 3903 1708 3961 inviderent

162 3987 219 4043 illi
261 3992 542 4063 fratricidm,
591 3995 904 4052 Arabissunt
955 4012 1079 4051 eum
1133 3996 1488 4059 transferunt,
1545 3997 1708 4051 variis

160 4084 486 4141 vexationibus
522 4086 892 4157 sultjicientcs.
923 4095 983 4140 ut
1008 4089 1169 4140 vitam
1200 4087 1411 4141 tandem
1438 4087 1709 4158 relinque-

159 4179 245 4225 ret.
271 4172 327 4228 Et
352 4176 454 4232 illic
480 4193 668 4233 rursus
696 4192 802 4231 non
843 4177 1188 4233 medim-riter
1214 4177 1498 4233 virtutibus
1527 4179 1707 4246 Splen-

160 4264 492 4341 dese'ns(uon
524 4278 702 4339 potest
716 4271 860 4325 enim
885 4269 1071 4323 civitas
1096 4269 1349 4324 abscondi
1378 4283 1537 4338 supra
1556 4282 1709 4323 mon-

161 4364 247 4411 tem
266 4362 440 4429 posita,
461 4378 637 4435 neque
659 4364 874 4418 lucerna
901 4362 1181 4431 splendide
1197 4363 1378 4417 lucens
1396 4362 1571 4432 ligneo
1594 4376 1710 4415 meo

159 4446 231 4502 dio
249 4456 462 4525 contegi)
488 4455 769 4520 excitavit,
798 4453 960 4509 veluti
988 4469 1054 4510 ex
1080 4453 1389 4523 ignorantia:
1409 4468 1622 4517 somno,
1641 4452 1706 4508 ad

159 4545 385 4597 sormenis
409 4545 573 4602 divini
601 4545 772 4600 lucem
803 4560 868 4600 ex
896 4545 1041 4599 omni
1073 4545 1243 4600 vicina
1271 4545 1487 4614 regione
1507 4558 1602 4598 eos
1616 4544 1705 4615 qui

159 4631 277 4695 gravi
302 4632 625 4692 infidelitatis
650 4650 842 4707 sopore
875 4635 1116 4706 oppressi
1145 4642 1316 4692 erant.
1352 4636 1520 4691 Porro
1547 4634 1711 4691 vehe-

160 4724 357 4779 mentius
396 4726 612 4783 invidia:
652 4725 865 4783 flamma
902 4726 1113 4782 accensi
1151 4727 1469 4784 Severianus
1496 4736 1549 4784 et
1579 4728 1711 4784 Por-

163 4808 353 4883 phyrius
376 4832 436 4874 ac
457 4819 676 4891 quidam
715 4819 803 4875 alii
830 4819 1065 4891 episcopi
1096 4818 1283 4890 Syriae,
1322 4829 1380 4874 ut
1417 4819 1532 4887 ipse
1566 4820 1710 4877 illinc

164 4915 344 4978 quoque
382 4912 777 4976 transferretur.
826 4913 1161 4969 moliuntur:
1192 4927 1313 4968 nam
1365 4914 1541 4985 gravis
1583 4915 1710 4985 ipsis

161 5007 367 5057 eratnon
392 5004 564 5062 solum
596 5004 648 5059 in
682 5005 950 5077 prosperis
974 5020 1094 5076 qua:
1127 5014 1375 5075 putantur
1403 5007 1579 5071 rebus,
1614 5005 1709 5062 sed

162 5088 302 5146 multo
324 5097 488 5167 magis
517 5098 570 5153 in
600 5096 858 5153 adversis.
892 5097 1211 5170 Ignorabant
1236 5099 1439 5155 scilicet
1465 5099 1713 5156 tentatio-

162 5195 264 5239 nutu
287 5196 542 5255 naturam,
571 5205 742 5261 neque
764 5192 1117 5246 meminerant
1139 5190 1303 5246 divini
1325 5190 1390 5245 ad
1411 5192 1709 5262 apostolum

164 5273 204 5326 in
229 5276 590 5339 afﬂictionibus
609 5284 808 5340 oraculi
833 5303 845 5338 :
872 5283 1069 5356 Sunii-it
1089 5283 1178 5338 tibi
1201 5284 1365 5356 gratia
1386 5299 1529 5349 mea;
1557 5284 1713 5338 virtus

162 5368 271 5423 anim
292 5388 395 5428 mea
415 5375 468 5429 in
489 5376 788 5446 infirmitate
807 5377 1065 5447 perﬁcitur
1081 5375 1139 5448 (2
1159 5374 1276 5430 Cor.
1298 5373 1382 5431 i2.
1409 5372 1488 5447 9).
1522 5374 1715 5430 Viden—

164 5465 229 5514 ιιι
263 5464 394 5520 enim
425 5466 813 5524 Antiochenam
853 5467 1150 5523 Ecclesiatn
1182 5466 1234 5521 in
1277 5465 1585 5523 Armeniam
1617 5465 1718 5519 mi-

165 5561 335 5620 Βττιεεο,
351 5566 404 5612 et
422 5558 574 5613 illinc
589 5572 775 5613 rursus
792 5556 1535 5627 Antiochitejucuudissimam
1555 5554 1719 5611 Joan-

167 5640 232 5693 πίε
246 5644 616 5720 Philosophiam
634 5650 934 5722 przcdicari,
952 5650 1209 5721 optabant
1222 5651 1305 5707 vel
1327 5650 1486 5705 vitam
1502 5648 1719 5704 abrum-

169 5746 293 5802 νοω,
322 5740 399 5797 bis
424 5744 814 5799 narrationibus
838 5744 1001 5800 veluti
1029 5743 1207 5816 ﬂagris
1228 5744 1384 5800 torti:
1414 5740 1716 5812 huiusmodi

170 5822 285 5881 cuitu
318 5841 394 5887 est
423 5833 681 5890 bonorum
721 5834 889 5892 hostis
916 5834 1146 5891 invidia:
1178 5834 1313 5893 adeo
1342 5845 1398 5892 ut
1421 5831 1599 5889 clerici
1626 5829 1715 5902 qui

1834 507 1928 549 eos
1944 492 2322 564 sequebantur,
2346 508 2464 547 cum
2486 492 2534 548 id
2554 496 2811 565 viderent,
2827 499 3126 556 mirabundi
3144 498 3414 559 dicerent;
3466 554 3471 557 ,

1831 583 2017 639 Videte
2043 594 2307 639 mortuum
2337 585 2650 654 terribilem,
2680 590 2826 646 vivos
2852 592 3183 665 victoresque
3211 603 3416 653 terren-

1830 686 1956 743 tem,
1998 685 2054 731 ut
2076 691 2270 746 pueros
2299 687 2501 733 terrent
2530 678 2712 735 iarvm.
2742 681 2928 752 Papae!
2961 685 2995 739 ii
3024 686 3116 756 qui
3145 688 3418 744 szcculari-

1830 765 1928 820 bus
1955 767 2303 836 potestatibus
2342 779 2501 841 atque
2527 771 2904 829 ecclesiasticis
2931 777 3120 845 Opibus
3158 780 3414 835 succincti

1825 866 1950 912 sunt
1978 873 2097 912 cum
2134 870 2395 930 potestate
2424 873 2475 917 et
2519 878 2640 918 cum
2680 879 2857 919 rerum
2887 865 3133 937 imperio,
3166 871 3414 926 sacerdo-

1829 954 1956 1014 tem,
1990 949 2181 1014 solutu,
2229 960 2521 1019 extorrem,
2568 968 2795 1023 corpore
2839 956 3126 1023 infirmum,
3173 962 3413 1017 exsulem

1828 1037 2017 1094 timent
2045 1049 2099 1096 et
2123 1041 2321 1111 pallent
2361 1044 2665 1100 titubantes.
2707 1045 2839 1101 Cum
2874 1047 3033 1118 igitur
3062 1066 3165 1105 non
3198 1067 3416 1122 possent

1823 1140 2051 1209 amplius
2082 1150 2386 1211 serpentem
2418 1156 2539 1197 casa
2569 1143 2836 1197 conditum
2860 1145 3114 1211 retinere,
3144 1148 3418 1206 mittentes

1822 1229 1888 1284 ad
1915 1229 2256 1299 Comitatum,
2290 1250 2474 1289 rursus
2503 1236 2817 1306 rescriptum
2840 1239 3014 1294 acrius
3030 1240 3273 1297 obtinent
3292 1258 3415 1298 cum

1826 1321 2023 1401 mulcta
2045 1341 2059 1376 :
2084 1324 2222 1377 intra
2254 1325 2417 1381 breve
2447 1334 2654 1396 tempus
2697 1337 2752 1382 ut
2782 1329 3159 1386 transferretur
3197 1333 3419 1405 Pityuu-

1825 1424 1953 1481 tem,
1999 1416 2173 1472 locum
2219 1420 2453 1489 regionis
2501 1419 2800 1476 Tzanorum
2849 1422 3302 1493 desertissimum,
3348 1432 3415 1482 ad

1822 1506 1947 1563 litus
1974 1508 2176 1564 Pontici
2207 1513 2369 1566 m-tris
2397 1512 2577 1567 situm.
2610 1513 2801 1569 Milites
2826 1524 3003 1570 autem
3025 1518 3257 1585 priufecti
3277 1534 3416 1588 pra?-

1825 1600 1959 1654 toriu
1988 1602 2076 1668 qui
2108 1618 2228 1655 eum
2259 1602 2545 1668 ducebant,
2575 1619 2668 1673 per
2694 1605 2828 1659 viam
2857 1622 2977 1661 eum
3002 1608 3231 1662 maxime
3259 1625 3417 1680 urgeo

1824 1692 1969 1753 bant,
2003 1692 2238 1747 dicentes
2272 1694 2322 1747 id
2355 1694 2552 1751 habere
2580 1710 2637 1751 se
2663 1696 2713 1751 in
2740 1698 3030 1765 mandatis;
3056 1708 3347 1771 tamquam,
3366 1702 3410 1755 si

1822 1793 2064 1835 mortuus
2090 1793 2234 1837 esset
2259 1785 2310 1838 in
2333 1785 2541 1851 itinere,
2571 1787 2635 1840 ad
2663 1788 2891 1857 majores
2912 1790 3107 1858 gradus
3126 1792 3404 1848 evehendi.

1826 1873 1891 1926 Et
1920 1890 2056 1929 unus
2081 1877 2291 1945 quidem
2321 1894 2384 1933 ex
2417 1880 2480 1934 iis
2501 1881 2569 1935 de
2593 1882 2843 1951 prteseuti
2884 1884 3067 1938 militia
3100 1887 3274 1941 minus
3303 1889 3407 1942 so!-

1823 1966 2037 2032 licitus,
2095 1971 2337 2027 nonnihil
2386 1972 2729 2029 humanitatis
2779 1976 3171 2044 quodammodo
3229 1981 3405 2037 furtim

1821 2060 2171 2115 ostendebat:
2196 2062 2334 2117 alter
2370 2074 2547 2119 autem
2575 2081 2743 2136 usque
2769 2066 2903 2121 adeo
2930 2069 3160 2123 crudelis
3184 2081 3298 2126 erat
3323 2082 3410 2125 at-

1819 2165 1924 2219 que
1951 2162 2127 2213 atrox,
2159 2163 2213 2205 ut
2245 2153 2525 2209 blanditias
2544 2171 2665 2226 qttze
2691 2156 2792 2213 sibi
2814 2158 2882 2210 ab
2898 2161 3303 2217 occurrentibus
3320 2164 3415 2216 fio-

1820 2242 1968 2307 baut,
1992 2255 2046 2298 ut
2063 2255 2247 2299 saneto
2273 2258 2533 2316 parceret,
2555 2248 2774 2317 injurias
2789 2260 3077 2320 reputaret,
3096 2253 3222 2307 illud
3247 2270 3407 2310 unum

1819 2351 2009 2390 curans
2033 2346 2090 2391 ut
2114 2338 2249 2392 mala
2281 2350 2452 2393 morte
2472 2340 2704 2397 Joannes
2732 2355 3065 2400 enecaretur.
3096 2345 3227 2399 Cum
3264 2349 3407 2402 enim

1820 2426 1991 2481 imber
2017 2437 2160 2483 esset
2186 2429 2492 2493 vehemens,
2535 2432 2663 2486 nihil
2686 2448 2877 2489 curans
2904 2435 3293 2505 egrediebatur,
3337 2439 3407 2493 ita

1820 2528 1874 2571 ut
1900 2526 1947 2571 cl
1984 2534 2078 2587 per
2101 2519 2316 2573 domum
2344 2532 2397 2575 et
2429 2537 2524 2591 per
2549 2535 2732 2593 pectus
2771 2540 3027 2595 aquarum
3075 2530 3171 2582 rivi
3218 2530 3408 2587 decur-

1819 2620 2018 2665 rerent.
2056 2612 2329 2682 Ingentem
2359 2629 2542 2670 rursus
2567 2617 2697 2671 solis
2722 2628 2907 2672 iustum
2945 2635 3042 2689 pro
3079 2620 3284 2677 deliciis
3310 2624 3406 2677 it:-

1819 2703 1996 2767 behat,
2032 2720 2152 2760 cum
2184 2718 2361 2763 nosset
2390 2723 2454 2763 eo
2480 2709 2619 2764 beati
2651 2709 2874 2765 Joannis
2902 2721 3079 2781 caput,
3115 2713 3295 2769 Eiisari
3323 2716 3405 2769 in-

1817 2808 1929 2853 star
1949 2799 2178 2866 calvum,
2213 2802 2414 2857 vexari.
2461 2802 2723 2857 C'J‘lCl‘llm
2755 2803 2805 2858 in
2853 2805 2981 2860 urbe
3022 2815 3113 2860 aut
3159 2808 3274 2861 vico
3313 2809 3429 2862 ubi-

1819 2892 2125 2947 balneorum
2153 2893 2399 2948 solatium
2428 2904 2562 2961 crat,
2588 2910 2656 2950 ne
2678 2906 2949 2951 momento
2979 2897 3192 2966 quidem
3220 2898 3400 2954 infelix

1817 2983 1908 3039 ille
1935 2985 2273 3054 permittebat
2301 2997 2540 3042 sanctum
2582 2989 2802 3043 morari.
2850 2988 2904 3043 in
2937 2989 3019 3044 bis
3059 2991 3306 3048 omnibus
3336 2996 3402 3047 ad

1817 3090 2028 3130 menses
2059 3085 2166 3131 tres
2192 3076 2563 3132 difficillimum
2609 3080 2735 3133 illud
2788 3081 2887 3135 iter
2922 3081 3121 3137 faciens
3162 3092 3398 3148 sanctus,

1818 3167 1978 3221 veluti
2022 3166 2172 3221 sidus
2217 3183 2505 3223 coruscans
2539 3172 2829 3239 perstabat,
2864 3173 3066 3227 habens
3107 3190 3401 3246 corpuscu-

1816 3260 1922 3313 lum
1957 3269 2011 3313 ut
2043 3275 2254 3329 pomum
2284 3260 2334 3314 iu
2367 3262 2629 3329 supremis
2654 3263 2817 3316 ramis
2838 3278 2865 3317 a
2888 3264 3000 3318 sole
3022 3266 3237 3321 rubens.
3266 3267 3398 3323 Cum

1814 3361 1992 3406 autem
2023 3349 2274 3407 Comauis
2327 3353 2862 3423 appmpinquasscnt,
2910 3356 3086 3424 pontis
3132 3356 3296 3412 instar
3338 3375 3401 3414 ca

1818 3445 2201 3515 prmtergressi,
2235 3454 2384 3499 extra
2414 3459 2596 3499 muros
2642 3450 2697 3499 in
2739 3445 2992 3518 martyrio
3035 3448 3267 3519 quinque
3309 3463 3401 3503 aut

1814 3547 1909 3586 sex
1939 3533 2173 3588 millibus
2189 3533 2377 3589 dissito
2399 3544 2728 3589 manserunt.
2760 3535 2959 3591 Eadem
2991 3537 3100 3608 ipsa
3129 3550 3283 3594 nocte
3307 3556 3403 3612 ap-

1815 3625 1991 3693 paruit
2033 3626 2085 3679 ei
2133 3624 2234 3679 loci
2280 3626 2421 3681 illius
2451 3635 2672 3699 martyr,
2718 3628 2935 3683 nomine
2981 3628 3284 3698 Basiliscus,
3311 3634 3401 3700 qui

1815 3715 2098 3784 cpiscopus
2125 3713 2483 3770 Cumanorum
2516 3730 2634 3771 cum
2662 3729 2826 3784 esset,
2875 3720 3184 3791 martyrium
3216 3737 3402 3793 passus

1814 3818 1896 3862 est
1923 3807 2242 3865 Nicomediae
2270 3811 2323 3864 in
2353 3810 2598 3882 Bithynia
2645 3812 2744 3866 sub
2786 3813 3092 3881 Maximino,
3146 3833 3248 3871 una
3278 3834 3401 3874 cum

1814 3902 2048 3957 Luciauo
2073 3903 2389 3974 presbytero
2405 3904 2757 3972 Antiochena,
2778 3906 2961 3962 dicens
2982 3907 3178 3963 :Macte
3198 3910 3398 3973 animo,

1816 3991 1982 4048 frater
2012 3993 2285 4049 Joannes:
2316 3996 2545 4051 crastina
2573 3996 2714 4051 enim
2745 3995 2832 4052 die
2868 4013 2969 4053 una
3011 4000 3230 4054 erimus.
3261 4002 3405 4056 Pri!!-

1816 4084 2023 4140 dixerat
2051 4099 2286 4155 quoque,
2319 4093 2375 4139 ut
2403 4092 2571 4153 aiunt,
2602 4095 2657 4143 et
2687 4086 2757 4143 ibi
2809 4092 3140 4158 permanenti
3183 4093 3403 4163 presby—

1816 4191 1967 4232 tero:
1994 4176 2125 4231 i‘ara
2152 4172 2519 4232 locum‘fratri
2563 4178 2785 4245 Joanni;
2815 4181 2957 4235 venit
2982 4183 3145 4236 enim.
3173 4183 3404 4238 Oracqu

1817 4270 1986 4326 fidens
2011 4269 2270 4334 Joannes,
2295 4271 2536 4341 sequenti
2565 4270 2652 4326 die
2692 4272 2866 4326 oravit
2904 4274 3101 4327 milites
3126 4284 3182 4328 ut
3209 4274 3276 4329 ad
3307 4275 3407 4329 ho-

1814 4378 1928 4418 ram
1958 4362 2194 4433 quintam
2224 4376 2390 4433 usque
2418 4362 2487 4416 ibi
2510 4372 2903 4433 permanerent.
2929 4363 3005 4420 illi
3034 4381 3161 4421 vero
3187 4383 3292 4423 non
3311 4384 3419 4422 au-.

1816 4454 1940 4511 ditis
1956 4453 2069 4524 ejus
2095 4454 2363 4524 precibus,
2384 4454 2507 4511 inde
2522 4455 2922 4511 abscesserunt:
2941 4455 3196 4514 confectis
3222 4473 3402 4516 autem

1816 4546 2029 4601 circiter
2075 4545 2287 4615 triginta
2329 4545 2537 4613 stadiis,
2578 4557 2765 4601 rursus
2795 4546 2861 4602 ad
2904 4549 3214 4620 martyrium
3263 4552 3406 4606 unde

1815 4635 2172 4692 discesserant
2193 4636 2486 4704 redierunt,
2510 4652 2630 4692 cum
2652 4637 2884 4708 graviter
2905 4639 2992 4695 ille
3017 4654 3136 4697 sese
3163 4641 3407 4700 haberet.

1819 4726 1909 4784 Sic
1939 4728 2097 4798 igitur
2123 4742 2392 4795 reversus,
2420 4727 2675 4784 candidas
2697 4740 2894 4798 vestes,
2924 4729 3030 4786 vita
3054 4746 3213 4803 quam
3241 4728 3410 4791 duxe-

1820 4830 1903 4878 rat
1925 4820 2135 4891 dignas,
2164 4820 2421 4890 requirit;
2452 4828 2748 4891 exutusque
2778 4822 3065 4892 prioribus,
3089 4838 3181 4880 eas
3208 4824 3309 4880 sibi
3324 4826 3409 4898 je-

1812 4911 1977 4983 junus
2004 4911 2194 4979 induit,
2222 4911 2467 4966 omnibus
2492 4909 2559 4965 ad
2588 4911 2948 4968 calceamenta
2978 4930 3144 4986 usque
3168 4918 3406 4978 mutatis;

1821 5014 1981 5076 atque
1998 5003 2230 5073 reliquas
2255 5003 2611 5074 prmseatibus
2636 5002 2927 5061 distribuit.
2961 5006 3029 5063 Et
3045 5007 3272 5078 sumptis
3301 5009 3407 5063 llo-

1823 5094 2033 5150 tninicls
2064 5093 2340 5165 symbolis,
2368 5107 2546 5149 coram
2577 5093 2913 5152 adstantibus
2940 5097 3182 5155 ultimam
3210 5100 3412 5156 oratio-

1823 5203 1945 5243 nem
1976 5185 2136 5241 facit:
2168 5195 2365 5241 etcum
2389 5185 2616 5242 dixisset
2638 5202 2788 5243 more
2807 5203 2927 5252 suo.
2961 5187 3140 5245 Gloria
3165 5189 3271 5246 Dea
3293 5208 3412 5263 pro-

1829 5287 1937 5347 pter
1960 5278 2150 5342 omnia,
2180 5286 2233 5333 et
2270 5276 2513 5331 ultimum
2557 5279 2728 5335 Amen
2773 5279 3127 5350 obsignasset,
3173 5280 3411 5337 extendit

1823 5369 2095 5441 speciosus
2122 5366 2308 5440 pedes,
2341 5368 2429 5440 qui
2457 5378 2809 5426 cucurrerunt
2854 5370 2917 5424 ad
2963 5372 3186 5426 salutem
3226 5383 3410 5425 eorum

1825 5462 1914 5532 qui
1942 5460 2215 5532 elegerant
2246 5461 2640 5532 pmnitentiam,
2670 5471 2726 5519 et
2750 5463 2815 5519 ad
2845 5462 3314 5533 reprehensionem
3352 5462 3414 5517 il-

1827 5553 1998 5608 lorum
2021 5552 2109 5622 qui
2141 5561 2355 5621 peccata
2382 5553 2600 5624 copiose
2638 5554 3000 5611 excoluerant.
3043 5552 3196 5623 Quod
3224 5555 3269 5610 si
3298 5555 3417 5627 ejus

1828 5643 2275 5713 reprehensiones
2303 5643 2437 5699 nihil
2464 5645 2724 5715 improbis
2750 5642 3087 5716 profuerunt,
3119 5660 3279 5702 causa
3311 5663 3417 5702 non

1828 5747 1910 5792 est
1935 5734 2274 5791 imbecillitas
2298 5734 2536 5791 doctoris
2576 5735 2743 5792 libero
2781 5734 3071 5805 loquentis,
3116 5736 3210 5793 sed
3239 5737 3417 5808 impuo

1831 5826 2011 5885 tientia
2044 5827 2340 5893 hominum,
2368 5824 2457 5896 qui
2486 5837 2579 5881 eas
2607 5840 2713 5886 non
2749 5823 3137 5881 sustinuerunt.
3189 5829 3410 5899 Apposi~
3469 5890 3480 5910 ⁸
