4018 6468
518 428 576 480 Stl
1713 396 2031 454 PALlADll
2073 396 2119 451 Di

2224 395 2407 454 .OCUS

515 547 595 592 tus
624 536 690 589 ad
719 542 890 603 latrcs
918 543 1065 592 suos,
1098 535 1150 582 et
1174 523 1380 594 abiecto
1424 519 1660 590 pulvere.
1699 513 1765 569 ad
1806 510 2074 568 Christum

515 625 743 688 transiit,
773 630 827 674 ut
848 620 1101 689 scriptum
1129 624 1214 671 est
1238 634 1252 669 :
1281 611 1459 668 Venice
1497 617 1664 663 autem
1703 605 1773 659 ad
1800 604 2086 674 sepulcrum

514 726 670 778 tuttur,
698 722 949 782 tamquam
977 710 1285 778 frumentum
1304 711 1576 764 oraturum,
1604 696 1736 768 quod
1759 706 1978 762 tempore
1995 706 2089 746 suo

515 805 745 858 metitur:
766 800 1033 870 impiorum
1060 805 1227 850 autent
1269 792 1455 847 anima!
1485 791 1767 851 immatura
1816 791 2090 837 monentur

525 895 660 964 (Job.
679 895 732 950 5.
754 893 871 964 id).
896 892 1066 945 Tanta
1097 895 1270 943 autem
1299 881 1581 939 multitudo
1597 879 1881 947 virginum,
1906 888 2090 964 mona-

517 962 760 1049 chorum,
777 962 836 1038 et
850 983 939 1052 qui
964 977 1256 1035 sanctitatis
1270 972 1629 1033 testimonium
1658 967 1941 1029 habebant,
1965 962 2092 1018 ado-

517 1087 597 1132 rat
625 1093 655 1129 e
675 1074 847 1145 Syria,
867 1070 1071 1137 Cilicia,
1097 1069 1264 1124 Ponto
1290 1075 1451 1135 atque
1468 1060 1737 1125 Armenia,
1768 1064 1829 1117 ut
1855 1053 2095 1145 plerique

519 1144 766 1237 putarent
782 1164 930 1235 quasi
948 1162 1070 1217 dato
1089 1158 1240 1229 signo
1260 1171 1353 1212 eos
1379 1153 1677 1209 advenisse.
1703 1144 2095 1213 Pollinctusigi-

520 1272 605 1315 tur
624 1258 691 1317 ad
719 1256 1067 1327 sepulturam,
1090 1262 1144 1307 et
1163 1249 1299 1306 festa
1320 1246 1630 1303 celebritate
1652 1241 1984 1304 honestatus,
2006 1250 2097 1291 ve-

520 1350 594 1405 lut
624 1348 791 1405 victor
818 1346 1038 1410 athleta,
1067 1357 1172 1397 una
1201 1355 1326 1396 cum
1370 1336 1623 1401 Basilisco
1646 1331 1901 1402 sepelitur
1926 1329 1980 1384 in
2006 1340 2098 1382 eo-

522 1442 642 1500 dem
675 1440 947 1510 martyrio.

589 1532 717 1593 Car.
761 1549 848 1591 xu.
877 1560 948 1572 --
974 1527 1053 1583 Ad
1085 1527 1199 1582 lucc
1226 1523 1543 1580 Theodorus
1582 1518 1824 1582 miratus,
1870 1515 2097 1569 interro-

523 1627 698 1696 gabat,
726 1624 1011 1693 Scriptura:
1039 1621 1219 1677 verbis
1245 1633 1372 1673 usus
1396 1635 1409 1669 :
1437 1615 1569 1670 Cum
1594 1612 1848 1681 scriptum
1876 1607 1963 1671 sit,
1994 1606 2102 1660 aie-

527 1722 632 1784 bat,
662 1716 783 1774 Non
812 1713 1064 1771 aberrabis
1085 1728 1121 1765 a
1146 1710 1435 1765 narratione
1455 1706 1748 1767 seniorum;
1786 1717 1903 1755 nam
1931 1709 1975 1754 et
2002 1698 2102 1767 ipsi

524 1828 554 1862 a
584 1809 808 1880 patribus
836 1806 1113 1861 didicerunt
1140 1801 1327 1871 (Eccli.
1354 1799 1411 1863 8,
1441 1796 1498 1869 9)
1529 1815 1541 1851 :
1570 1795 1656 1850 dic
1681 1793 1831 1849 nobis
1861 1791 2104 1845 lubenter

526 1914 644 1969 quae
669 1910 832 1954 causa
862 1894 1039 1958 fuerit,
1071 1907 1166 1947 cur
1189 1890 1336 1947 solus
1362 1889 1450 1945 ille
1468 1887 1645 1943 cibum
1675 1890 1932 1948 sumeret,
1959 1889 2013 1935 et
2035 1894 2103 1933 an

528 2002 653 2049 vere
676 1986 840 2050 solus,
882 1994 941 2045 ut
967 1984 1137 2050 aiunt,
1165 1980 1365 2037 ederet.
1396 1978 1573 2033 Ense.
1606 1976 1663 2030 In
1703 1973 1947 2031 confesso
1990 1971 2106 2041 qui-

527 2076 650 2132 dem
677 2084 757 2133 est
794 2071 937 2143 quod
979 2072 1125 2126 solus
1149 2070 1368 2125 ederet:
1399 2067 1491 2123 sed
1532 2065 1748 2132 nollem,
1779 2061 2108 2132 lepidissime

527 2164 831 2230 Theodore,
859 2177 979 2233 qum
1005 2168 1130 2219 sunt
1159 2161 1467 2231 gulosorum
1495 2153 1771 2214 infantium
1797 2151 2108 2223 quaesivisse

534 2270 604 2313 te.
629 2257 723 2313 Vir
747 2256 888 2311 enim
914 2270 1033 2315 cum
1060 2254 1153 2319 sis,
1196 2250 1430 2309 virorum
1465 2249 1687 2302 virtutes
1713 2244 1991 2315 exquirere
2017 2242 2111 2297 de-

532 2351 627 2403 bes
654 2367 666 2400 :
698 2345 1143 2419 quemadmodum
1174 2351 1317 2398 esset
1343 2339 1660 2409 intrepidus,
1688 2337 1858 2406 qualis
1887 2343 2029 2391 esset
2057 2333 2110 2388 in

534 2439 787 2506 pecuniis,
821 2437 871 2491 in
906 2432 1276 2506 temperantia,
1302 2431 1354 2493 in
1384 2428 1790 2486 mansuetudine
1817 2435 1868 2481 et
1880 2425 2108 2496 iustitia,

532 2532 585 2591 in
627 2530 987 2599 cleomosyna,
1020 2525 1298 2596 prudentia
1329 2533 1488 2592 atque
1514 2518 1844 2584 fortitudine,
1882 2518 1938 2573 in
1975 2517 2110 2575 obii.

532 2621 689 2679 vionc
730 2618 813 2677 Vel
854 2616 1128 2675 memoria.
1168 2614 1285 2671 Non
1328 2614 1468 2677 enim
1498 2610 1651 2673 cibus
1689 2611 1796 2665 Deo
1836 2622 1932 2663 nos
1960 2622 2111 2663 com-

534 2709 764 2773 mendat,
798 2723 968 2785 neque
1010 2708 1055 2761 si
1082 2707 1374 2772 oderimus,
1415 2718 1588 2773 neque
1614 2704 1659 2756 si
1686 2717 1791 2759 non
1819 2700 2110 2764 oderimus,

532 2802 626 2862 sed
668 2801 903 2877 cognitio.
929 2814 1049 2857 cum
1094 2799 1305 2857 actione
1346 2810 1592 2866 operans.
1643 2793 1760 2864 Ipse
1798 2805 1928 2851 vero
1970 2791 2117 2851 solus

533 2891 745 2960 edebat,
770 2898 827 2951 ut
845 2906 913 2947 ex
947 2900 1097 2960 parte
1119 2888 1261 2954 novi,
1291 2886 1386 2941 has
1407 2885 1477 2942 ob
1501 2897 1709 2941 causas.
1739 2882 1973 2943 Primum
1998 2880 2117 2952 qui-

535 2983 658 3038 dem
682 2983 859 3036 vinum
886 2996 990 3033 non
1020 2978 1231 3037 bibebat
1256 2976 1325 3032 ob
1351 2975 1538 3045 capitis
1566 2973 1817 3038 calorem,
1853 2972 1954 3029 nisi
1978 2971 2118 3028 forte

539 3087 634 3141 per
663 3082 847 3131 :BStum
889 3084 1108 3126 ιόεειοοο
1149 3076 1423 3123 uteretur:
1454 3065 1706 3130 secundo,
1750 3065 1873 3135 quia
1915 3072 2117 3121 stoma-

538 3163 670 3223 chus
696 3162 810 3232 ejus
830 3162 899 3217 ob
924 3159 1205 3231 quamdam
1233 3157 1592 3214 infirmitatem
1626 3154 1954 3211 inordinatus
1980 3163 2117 3223 erat,

544 3257 616 3311 ita
647 3260 705 3313 ut
731 3253 902 3309 edulia
943 3253 1077 3306 bene
1104 3258 1396 3326 prteparata
1435 3249 1535 3323 ipsi
1565 3246 1849 3318 injucunda
1877 3246 2122 3301 videreu.

541 3357 645 3410 tur,
694 3352 749 3407 et
790 3344 1083 3413 requireret
1131 3342 1236 3397 alia
1283 3356 1401 3412 qua:
1449 3355 1554 3399 non
1598 3339 1868 3397 adessent.
1920 3337 2122 3403 Deinde

546 3432 830 3504 aliquando
869 3432 1029 3489 edere
1058 3431 1493 3496 obliviscebatur,
1533 3428 1602 3491 ad
1636 3444 1913 3499 vesperam
1954 3443 2123 3501 usque

542 3524 828 3590 ditl‘erens;
861 3523 1050 3593 partim
1078 3521 1222 3577 curis
1254 3520 1629 3583 ecclesiasticis
1657 3529 1963 3593 occupatus,
1998 3535 2121 3591 paro

544 3615 637 3668 tim
666 3612 868 3669 divinis
902 3609 1439 3679 contemplationibus
1467 3609 1786 3669 abstractus.
1814 3608 2122 3669 Contende-

548 3706 638 3757 bat
671 3701 814 3759 euim
856 3710 914 3761 ut
957 3699 1087 3755 nihil
1114 3699 1408 3759 divinarum
1436 3698 1831 3769 Scripturarum
1872 3698 1973 3759 sibi
2022 3700 2123 3755 ima

547 3792 786 3863 pervium
824 3798 966 3847 esset
996 3806 1008 3843 :
1038 3788 1161 3845 talia
1204 3796 1381 3851 autem
1416 3797 1507 3845 aut
1545 3787 1795 3856 inediam,
1839 3797 1931 3845 aut
1955 3788 2125 3846 levem

550 3883 727 3940 cibum
772 3891 970 3939 amant.
1023 3880 1193 3936 Porro
1226 3895 1342 3939 mos
1396 3888 1483 3941 est
1524 3880 1805 3950 convivis,
1856 3881 1955 3937 nisi
2006 3883 2128 3952 quis

554 3990 675 4030 cum
731 3974 859 4049 ipsis
901 3971 1094 4049 sudet,
1138 3980 1229 4030 aut
1280 3969 1515 4043 sorbeat,
1563 3979 1657 4035 aut
1701 3971 1968 4035 indecenti
2016 3974 2135 4037 risu

551 4065 918 4130 eachinnetur,
976 4063 1198 4118 summis
1241 4063 1420 4135 digitis
1473 4061 1705 4134 tepidum
1752 4063 2003 4142 poculum
2032 4079 2131 4143 ge-

557 4167 740 4231 stans,
788 4170 989 4213 mensa:
1041 4155 1349 4221 comitatem
1404 4152 1465 4217 in,
1506 4154 1845 4219 maledictum
1898 4168 2128 4223 vortere.

558 4248 639 4305 Ad
670 4262 928 4309 summam
963 4254 1145 4309 autem
1164 4288 1183 4313 ._
1218 4257 1276 4313 ut
1301 4254 1427 4317 puto
1445 4288 1461 4315 ,
1485 4255 1542 4311 et
1563 4245 1738 4309 verius
1759 4289 1778 4317 ,
1805 4247 1960 4311 valde
2004 4263 2132 4319 par-

553 4356 649 4395 cus
696 4350 811 4395 erat
846 4352 977 4427 erga
1002 4340 1253 4405 convivas
1282 4337 1581 4408 luxuriosos
1608 4379 1627 4404 ,
1672 4338 2016 4417 sacrilegium
2044 4354 2132 4401 ra.

555 4437 639 4483 tos
681 4437 929 4497 sumptus
951 4429 1040 4505 qui
1089 4429 1142 4495 in
1171 4428 1303 4483 tales
1331 4427 1553 4491 ﬁerent:
1577 4428 1737 4489 simul
1762 4438 1817 4491 et
1841 4431 2137 4495 (Romanis

563 4517 769 4573 iurandi
798 4518 1105 4576 occasiones
1141 4516 1454 4593 praecidens,
1486 4532 1553 4572 ne
1586 4518 1928 4603 decuplarent
1969 4521 2137 4592 pretia

563 4609 907 4667 obsoniorum
945 4608 1000 4663 in
1027 4607 1298 4683 brevibus,
1328 4608 1673 4671 necessitates
1703 4625 2001 4685 pauperum
2034 4613 2141 4676 sibi

563 4697 914 4755 vindicantes.
944 4697 1203 4753 Praeterea
1230 4696 1457 4755 civitatis
1480 4698 1867 4767 multitudinem
1892 4702 2140 4765 conside-

564 4803 711 4854 rans,
758 4787 990 4854 videbat,
1038 4797 1131 4844 aut
1172 4803 1362 4845 omnes
1390 4789 1679 4851 honoratos
1718 4791 1915 4851 debere
1949 4809 2010 4851 se
2050 4796 2141 4857 tali

568 4883 771 4935 honore
806 4879 1031 4951 dignari,
1074 4889 1128 4934 ut
1157 4877 1355 4935 Christi
1394 4880 1835 4953 dispensatorem,
1880 4894 1977 4945 aut.
2010 4888 2143 4947 nulli

567 4989 677 5027 rem
708 4972 848 5026 illam
885 4970 1140 5040 praebere.
1170 4970 1482 5043 Respiciens
1506 4988 1715 5046 quoque
1757 4986 1810 5035 et
1839 4975 1905 5037 ad
1944 4993 2145 5037 mensae

569 5064 821 5119 tumultus
844 5071 896 5118 ct
915 5062 978 5121 ad
1001 5064 1414 5135 magnitudinem
1441 5066 1798 5136 impensarum
1828 5085 2137 5142 pauperum,

571 5154 845 5212 exhorruit
889 5169 1002 5211 rem
1058 5155 1224 5223 illam,
1268 5156 1478 5228 longum
1528 5160 1829 5217 valediccns
1884 5163 2147 5234 ejusmodi

574 5244 902 5313 maledictis;
935 5244 1064 5301 illud
1101 5245 1168 5301 de
1194 5248 1415 5304 Actibus
1437 5251 1811 5321 Apostolorum
1842 5254 1944 5315 sibi
1971 5258 2144 5311 succi-

574 5355 704 5396 nens
733 5358 747 5395 :
787 5339 893 5394 Viri
920 5344 1122 5411 fratres,
1164 5359 1263 5401 non
1304 5343 1418 5403 licet
1457 5345 1599 5403 nobis
1627 5348 1911 5404 ministrare
1946 5351 2143 5417 mensis,

578 5432 661 5484 sed
686 5433 1046 5488 constituamus
1074 5433 1205 5487 viros
1230 5434 1490 5504 religiosos
1519 5436 1587 5489 ad
1610 5437 1704 5491 Itoc
1730 5454 1887 5508 opus;
1918 5456 2009 5497 nos
2038 5456 2151 5495 vero

583 5533 806 5576 racemus
831 5524 1179 5595 praedicationi
1199 5534 1247 5583 et
1274 5525 1489 5578 orationi
1516 5524 1648 5597 (Act.
1680 5529 1732 5582 6.
1761 5530 1815 5583 2.
1851 5528 1928 5601 4).
1953 5531 2152 5599 Quem-

581 5607 859 5665 admodum
897 5616 1039 5670 enim
1069 5629 1239 5685 equus
1265 5614 1539 5676 circensis,
1573 5617 1662 5686 qui
1699 5621 1927 5675 stadium
1953 5622 2152 5681 decur-

584 5710 704 5750 rere
729 5702 950 5767 amplius
975 5721 1078 5761 non
1110 5715 1305 5775 potest,
1346 5706 1414 5763 ad
1437 5698 1637 5765 molam
1666 5710 1949 5780 relegatur,
1984 5715 2157 5771 inﬁni-

584 5798 696 5840 tuut
744 5788 994 5845 circulum
1041 5810 1236 5864 gyrans
1265 5814 1278 5827 ο
1306 5798 1381 5855 sic
1426 5797 1493 5859 ad
1538 5798 1745 5857 virtutis
1786 5816 2059 5860 sermones
2089 5811 2158 5878 pi-

3724 398 3812 456 ω

2195 527 2445 583 greseeus
2488 511 2674 571 doctor
2713 528 2953 572 mensam
2995 512 3148 584 quasi
3199 515 3330 568 retis
3373 514 3441 569 ad
3484 518 3807 586 captanda;

2196 602 2438 659 homines
2459 604 2741 675 praetendit
2765 623 2778 660 :
2801 614 2961 675 atque
2985 605 3187 668 utinam
3206 602 3393 659 saltem
3415 606 3802 665 esurientibus

2194 703 2248 750 et
2272 696 2482 765 egenis!
2516 694 2656 750 unde
2686 695 2810 750 licet
2841 695 3267 753 benedictionem
3297 697 3511 752 Domini
3541 698 3749 754 lucrari
3783 718 3798 752 :

2196 783 2431 850 Eam-ivi,
2467 795 2511 839 et
2558 786 2779 846 satiastis
2821 787 2937 858 me(
2974 786 3159 841 Matth.
3185 786 3280 854 25,
3308 788 3424 858 '55)
3465 805 3480 842 :
3530 788 3629 844 sed
3655 789 3806 844 solis

2196 877 2468 944 divitibus,
2513 889 2568 932 ut
2598 878 2738 933 bene
2775 879 2991 943 audiat,
3034 889 3124 941 aut
3162 882 3548 937 marcescibilis
3595 882 3803 953 gloriae

2197 982 2377 1030 causa,
2421 975 2512 1022 aut
2542 976 2598 1023 ut
2628 967 2862 1023 vicissim
2903 969 2972 1029 ab
3013 969 3117 1024 illis
3142 970 3407 1036 invitetur,
3451 981 3546 1027 aut
3576 973 3622 1027 si
3652 973 3805 1029 nihil

2200 1059 2442 1125 istorum,
2473 1067 2532 1114 ut
2552 1074 2656 1115 non
2679 1059 2817 1115 male
2838 1060 3052 1127 audiat;
3085 1062 3366 1123 immemor
3391 1063 3806 1119 maledic-tionis

2202 1150 2411 1213 Domini
2459 1151 2728 1208 dicentis:
2771 1150 2857 1206 Var
2897 1151 3054 1218 vobis,
3097 1169 3215 1207 cum
3257 1156 3393 1210 vobis
3437 1155 3805 1211 benediurs‘m

2202 1251 2371 1293 eomes
2428 1236 2653 1295 ltotniacs
2697 1234 2846 1307 (Luc.
2880 1236 2934 1290 6.
2963 1235 3077 1306 26).
3122 1236 3240 1291 Non
3278 1237 3432 1301 dixit.
3489 1238 3796 1308 Paupercs,

2203 1327 2319 1394 sed,
2356 1326 2617 1387 Homines.
2649 1327 2895 1385 Similiter
2919 1329 3049 1384 enim
3078 1329 3329 1399 faciebant
3356 1332 3503 1402 falsis
3527 1333 3805 1403 prophetis

2204 1430 2372 1490 patres
2396 1436 2589 1479 eorum.
2631 1419 2745 1475 Non
2789 1436 3089 1489 qumramus
3131 1421 3292 1490 igitur
3330 1431 3387 1477 ut
3426 1438 3576 1478 vana:
3600 1424 3805 1492 glorias

2202 1510 2404 1580 cupidi,
2446 1527 2480 1567 o
2517 1509 2816 1578 Theodore,
2867 1509 2981 1566 falsi
3027 1510 3298 1580 prophetae
3339 1513 3588 1583 gloriam.
3643 1513 3807 1569 Venis

2204 1603 2338 1657 enim
2363 1602 2609 1666 Ioannes,
2644 1618 2801 1672 neque
2840 1602 3152 1663 mandamus
3194 1621 3351 1675 neque
3385 1606 3577 1670 bibens,
3621 1607 3679 1665 in
3706 1609 3801 1663 via

2201 1693 2421 1765 justitia:
2441 1711 2454 1760 ;
2478 1704 2523 1751 et
2552 1695 2746 1760 dicunt,
2780 1694 3096 1751 Dtcntaaium
3117 1696 3283 1752 habet.
3323 1697 3467 1753 Vertit
3494 1699 3669 1755 Filius
3697 1704 3802 1756 Iro-

2206 1787 2357 1845 minis
2384 1786 2697 1845 mandat-aus
2737 1798 2785 1843 et
2811 1789 3001 1853 bibens,
3040 1799 3092 1843 ct
3127 1790 3298 1849 dicunt
3319 1809 3338 1843 :
3368 1790 3499 1845 Ecce
3523 1793 3679 1848 Itonia
3709 1811 3803 1849 tto-

2194 1893 2323 1959 ;rac,
2370 1887 2416 1935 et
2440 1878 2541 1935 vini
2569 1888 2735 1949 potor,
2769 1879 3149 1950 publicanorum:
3178 1883 3370 1937 anticus
3397 1894 3443 1937 st
3470 1896 3805 1954 peccatorum

2194 1966 2424 2037 '(Mattlt.
2454 1970 2542 2025 ll.
2572 1970 2659 2026 18.
2685 1969 2798 2042 19).
2824 1971 2975 2027 Duc.
3005 1971 3120 2026 Non
3147 1983 3203 2027 ut
3227 1974 3444 2028 omnino
3472 1977 3800 2044 vituperem,

2210 2058 2412 2129 optime
2441 2056 2619 2127 Pater,
2659 2069 2750 2115 aut
2789 2061 3021 2117 insector
3065 2063 3222 2117 talem
3264 2065 3387 2118 vitae
3427 2066 3800 2130 severitatem,

2214 2150 2350 2208 hanc
2398 2152 2870 2223 interrogationem
2920 2155 3210 2226 interposui
3253 2169 3453 2213 exacta:
3500 2162 3803 2215 narrationi

2215 2252 2357 2300 tum:
2388 2244 2621 2300 sciebam
2664 2245 2808 2301 enim
2849 2256 2903 2302 et
2934 2262 3002 2302 ex
3041 2248 3153 2317 ipsa
3192 2248 3329 2304 fama
3376 2261 3429 2305 et
3471 2267 3535 2306 ex
3582 2254 3804 2323 scriptis

2214 2334 2332 2404 eius
2355 2350 2473 2405 quae
2508 2335 2574 2394 ad
2605 2350 2702 2391 nos
2728 2347 3106 2406 pervenerunt,
3137 2349 3191 2393 et
3214 2355 3277 2394 ex
3309 2339 3541 2396 bomiliis
3568 2353 3665 2398 aut
3688 2345 3806 2412 epi-

2215 2425 2388 2490 stolis,
2429 2425 2528 2487 viri
2567 2426 2710 2485 illius
2755 2429 3084 2497 propositum
3111 2446 3126 2483 :
3149 2430 3241 2485 sed
3278 2438 3334 2484 ut
3376 2431 3493 2500 ejus
3524 2435 3807 2503 pmposito

2216 2527 2516 2588 comperto,
2538 2534 2653 2577 rem
2673 2519 2815 2579 illam
2843 2523 3144 2579 azmularer.
3174 2523 3303 2589 Quis
3324 2525 3464 2579 enim
3492 2527 3631 2581 adeo
3650 2528 3804 2582 omni

2217 2624 2280 2675 ex
2303 2618 2451 2678 parte
2477 2608 2706 2669 stolidus
2723 2618 2826 2677 est,
2856 2620 2915 2667 ut
2943 2612 3148 2681 ignoret
3169 2614 3340 2682 majus
3360 2630 3480 2670 esse
3505 2615 3809 2672 detrimen-

2218 2706 2330 2761 tum
2360 2714 2424 2759 ex
2451 2714 2633 2756 mensa
2656 2715 2814 2770 quam
2835 2701 3063 2770 lucrum,
3096 2704 3196 2759 nisi
3225 2719 3360 2774 opus
3388 2707 3457 2765 sit
3479 2706 3531 2760 in
3562 2708 3807 2763 accessi-

2219 2796 2328 2847 tate
2346 2797 2557 2851 sanctos
2581 2790 2810 2861 hospitio
2829 2793 3114 2864 excipere?
3135 2794 3308 2850 Ertsc.
3333 2796 3456 2852 Ha-c
3469 2808 3526 2853 et
3545 2813 3646 2868 ego
3666 2799 3803 2863 dixi,

2220 2881 2459 2937 veritatis
2484 2882 2850 2941 amantissime
2877 2883 3177 2953 Theodore,
3222 2902 3327 2942 non
3368 2899 3668 2945 extenuans
3694 2892 3807 2946 vir-

2223 2978 2387 3027 tutem
2420 2982 2626 3042 patrum
2656 2983 2981 3043 nostrorum,
3021 2978 3251 3033 maxime
3295 2977 3691 3047 hospitalitatis.
3727 2982 3808 3037 Et

2225 3063 2507 3120 virtutibus
2539 3066 2684 3121 enim
2713 3068 2922 3123 czeteris
2941 3083 3059 3137 qua:
3085 3068 3149 3122 ad
3175 3070 3425 3139 pietatem
3464 3072 3712 3140 tendunt,
3742 3089 3809 3135 ea

2223 3169 2326 3208 una
2363 3165 2447 3211 est
2486 3171 2760 3227 perquam
2798 3156 3001 3217 domini
3043 3161 3378 3230 patriarcha,
3423 3163 3562 3219 alius
3585 3166 3811 3235 qualem

2221 3244 2560 3303 Servatorem
2591 3249 2751 3303 Deum
2779 3250 3053 3309 convivam
3080 3261 3263 3311 nactus
3290 3262 3393 3319 ost,
3424 3253 3562 3313 alter
3584 3257 3812 3325 angelos

2224 3336 2462 3407 hospites
2500 3338 2716 3406 habuit;
2761 3340 2898 3401 alius
2937 3342 3151 3412 quidem
3190 3342 3354 3398 lilium
3410 3344 3465 3400 iu
3503 3355 3809 3414 senectute,

2227 3431 2364 3489 alter
2386 3446 2514 3488 vero
2541 3432 2764 3491 salutem
2788 3448 2819 3490 e
2842 3433 3089 3495 Sodomis
3114 3449 3239 3493 cum
3265 3434 3472 3495 ﬁliabus
3501 3438 3812 3495 mercedem

2228 3522 2405 3578 nacti:
2431 3521 2499 3579 de
2525 3522 2719 3594 quibus
2763 3534 2818 3580 et
2857 3526 3137 3595 apostolus.
3171 3528 3265 3591 ait,
3312 3529 3550 3586 excitans
3597 3545 3699 3586 ima
3742 3532 3815 3589 ad

2228 3611 2603 3683 imitationem,
2636 3612 3013 3684 Hospitalitatis
3042 3635 3106 3676 tte
3138 3616 3502 3678 obliviscamini
3535 3636 3554 3674 :
3576 3637 3669 3692 per
3693 3638 3815 3679 casn

2229 3705 2363 3763 enim
2390 3705 2597 3776 quidam
2624 3706 2831 3777 angelos
2863 3706 3083 3779 hospitio
3108 3720 3401 3779 receperunt
3425 3711 3503 3769 uel
3534 3713 3818 3768 nescientes

2232 3792 2415 3865 (Hebr.
2446 3796 2535 3853 t3.
2565 3797 2640 3870 2).
2669 3799 2891 3870 Oportet
2930 3808 3103 3856 autem
3149 3800 3413 3871 hospitum
3444 3812 3819 3872 susceptorum

2230 3901 2287 3957 et
2310 3890 2641 3963 prudentiam
2684 3894 2946 3961 serpentis
2972 3892 3169 3953 habere
3207 3902 3263 3954 et
3299 3893 3691 3965 simplicitatem
3718 3910 3819 3961 eo-

2233 3984 2448 4052 lumba),
2475 3983 2682 4051 duobus
2712 3985 2923 4049 Domini
2954 3984 3108 4045 dictis
3137 3984 3632 4058 obtemperantem:
3664 3986 3816 4055 huic,

2237 4075 2393 4132 Omni
2431 4076 2616 4147 patenti
2657 4085 2706 4139 te
2746 4077 2910 4137 tribuo
2941 4075 3088 4149 (Luc.
3130 4076 3183 4136 ϐ.
3232 4077 3363 4149 30);
3407 4084 3463 4132 et
3494 4076 3640 4144 huic,
3690 4075 3820 4134 Non

2236 4184 2437 4229 autem
2460 4168 2711 4231 haetiam
2737 4168 2969 4229 inti-Mue
3005 4170 3060 4228 iu
3099 4170 3304 4229 domum
3333 4179 3472 4226 tua.
3499 4166 3689 4241 (Ereti.
3720 4171 3814 4236 lt,

2236 4259 2353 4330 31).
2397 4273 2469 4323 ne
2503 4258 2693 4329 lupum
2729 4273 2829 4329 pro
2865 4273 2967 4319 ove
3004 4259 3313 4326 adutitteus,
3361 4270 3454 4325 aut
3494 4274 3681 4318 unum
3719 4275 3824 4331 pro

2238 4349 2395 4415 bove.
2426 4350 2629 4416 (ιαιιιηα
2649 4350 2854 4415 lucrum
2881 4361 3170 4422 venantes.
3213 4351 3393 4412 Primo
3432 4361 3608 4419 autem
3639 4355 3823 4421 iam

2240 4440 2470 4512 probare
2494 4440 2678 4509 debet,
2722 4440 2783 4505 in
2803 4456 2911 4511 quo
2941 4441 3266 4506 constitutus
3293 4453 3399 4510 est,
3438 4460 3505 4504 an
3548 4445 3817 4517 (laeuus,

2239 4546 2312 4599 an
2329 4531 2577 4604 frequens
2594 4549 2614 4600 ;
2634 4533 2833 4595 deinde
2851 4534 3127 4606 ingenium.
3148 4552 3326 4603 suum,
3353 4553 3423 4593 an
3442 4538 3609 4608 possit
3628 4539 3825 4594 absus»

2239 4623 2343 4685 dos
2385 4639 2567 4687 muses
2607 4626 2875 4693 tolerare;
2911 4636 3039 4689 tunc
3075 4625 3392 4698 dignoscere
3431 4630 3520 4699 qui
3559 4630 3827 4686 beneﬁcio

2243 4715 2385 4779 attici
2410 4716 2591 4783 debet,
2629 4733 2697 4780 an
2723 4718 2873 4777 dives
2897 4719 2965 4778 sit
2989 4735 3062 4777 an
3096 4735 3318 4790 pauper,
3346 4737 3417 4775 an
3447 4736 3608 4776 suum
3634 4737 3710 4778 an
3735 4723 3825 4777 in-

2245 4808 2447 4873 lirmus,
2470 4824 2538 4871 an
2557 4808 2679 4869 cibo
2702 4819 2856 4880 egeat
2879 4826 2951 4871 an
2972 4811 3244 4869 vestibus:
3267 4814 3322 4868 in
3342 4813 3425 4869 his
3442 4813 3585 4869 enim
3605 4824 3826 4880 actuosa

2246 4899 2613 4963 misericordia
2651 4910 2958 4971 occupatur.
3000 4902 3195 4961 Beatus
3225 4903 3371 4961 enim
3408 4903 3677 4959 Abraham
3717 4920 3829 4969 non

2246 4992 2514 5056 consules,
2557 5008 2667 5048 non
2691 4994 2873 5062 duces,
2907 5010 3014 5056 non
3044 4995 3407 5065 prmeellentes
3435 4996 3591 5066 hujus
3628 4999 3828 5053 ten'eni

2249 5083 2428 5141 smculi
2459 5084 2602 5139 viros
2633 5085 2840 5154 excepit
2867 5084 3119 5157 hospitio,
3165 5086 3305 5157 apud
3335 5104 3469 5158 quos
3497 5098 3682 5145 essent
3708 5091 3831 5160 equi

2250 5188 2405 5228 canto
2445 5181 2535 5229 aut
2587 5173 2738 5233 freno
2779 5186 3142 5242 coruscantcs.
3179 5187 3272 5237 aut
3308 5186 3557 5238 sarabara
3599 5196 3711 5236 aere
3739 5196 3832 5237 sa-

2253 5266 2429 5323 nantia
2463 5266 2726 5339 superbia:
2766 5267 3049 5337 strepitum
3088 5269 3155 5329 de
3193 5270 3348 5341 longe
3376 5271 3710 5337 cunctantia;
3739 5272 3834 5329 sed

2252 5357 2522 5417 desertum
2566 5359 2806 5423 habitans
2848 5362 3042 5426 lucum,
3075 5378 3141 5421 eo
3178 5365 3558 5426 convenientes
3596 5365 3833 5434 excipio.

2257 5451 2367 5506 bat.
2398 5449 2500 5519 Qui
2523 5461 2698 5509 autem
2729 5451 2997 5511 desertum
3030 5454 3347 5520 transibant,
3373 5466 3460 5515 aut
3486 5465 3704 5524 propter
3728 5456 3837 5510 vis-

2259 5549 2426 5597 tutem
2456 5542 2670 5604 adibant
2697 5541 2763 5601 ad
2801 5542 3172 5612 patriarcham,
3215 5555 3308 5603 aut
3331 5554 3549 5615 propter
3575 5546 3841 5603 mendici.

2259 5631 2500 5698 citatem,
2544 5648 2663 5703 quas
2701 5633 2888 5691 ultima
2932 5647 3214 5703 paupertas
3244 5647 3347 5697 est.
3377 5636 3669 5706 Paupertas
3700 5639 3841 5693 enim

2265 5723 2500 5779 medium
2542 5731 2625 5778 est
2669 5725 2807 5783 inter
2833 5739 3113 5780 excessum
3140 5736 3196 5787 et
3223 5726 3486 5789 defectum
3521 5746 3535 5783 :
3560 5743 3841 5787 excessum

2264 5812 2477 5883 quidem
2506 5813 2828 5884 divitiarum,
2875 5815 3141 5877 defectum
3170 5833 3297 5881 vero
3341 5819 3718 5879 mendicitatis.
3767 5823 3839 5878 Si-
