4018 6464
272 379 332 439 ιι
1176 377 1261 433 ΒΕ
1304 379 1454 434 “TA
1489 379 1546 435 S.
1587 380 1864 436 JOANNlS
1903 380 2395 439 CHRYSOSTUMI.
3497 399 3561 452 42

266 495 478 551 utiliter
504 508 635 548 vero
673 502 727 548 cl
754 490 861 548 Ι.οι
883 491 1199 547 deteriorem
1227 493 1412 560 anvis
1439 491 1651 546 deserto
1682 499 1867 547 urbem

269 586 554 648 habitans,
580 586 704 654 jure
722 583 1025 652 excipiebat
1048 582 1392 637 adventantes
1415 580 1652 654 hospites
1677 583 1749 638 ob
1770 585 1870 638 im-

269 676 486 748 probos
537 690 720 731 mores
774 674 1093 730 incolarum.
1145 674 1310 730 Porro
1360 676 1404 731 si
1445 677 1565 745 quis
1608 676 1872 731 civitatem

265 767 488 839 optime
509 778 773 822 moratam
796 765 1061 832 habitans,
1092 765 1263 835 qualis
1281 764 1786 835 Constantinopolis.
1820 767 1870 821 in

264 871 387 929 qua
434 871 629 912 omnes
683 864 811 912 sunt
860 854 1129 925 hospitum
1181 864 1550 924 susceptores,
1605 855 1872 928 Superﬂuo

268 952 426 1006 forte
454 949 578 1021 quis
616 963 649 1005 c
691 947 1038 1020 presbyteris,
1081 946 1268 1003 relicto
1294 947 1689 1017 pnndicationis
1719 949 1869 1003 mini-

269 1041 474 1104 sterio,
502 1037 871 1094 examinandis
898 1036 1242 1092 obsoniorum
1264 1036 1514 1092 brevibus
1535 1045 1764 1100 vacaret,
1787 1036 1874 1093 hic

268 1133 489 1188 oblitus
536 1132 654 1196 sui,
698 1145 994 1200 cauponem
1050 1145 1145 1198 pro
1214 1128 1434 1185 doctore
1484 1144 1544 1185 se
1595 1136 1869 1200 reputans,

269 1233 334 1279 et
377 1222 600 1293 aquosis
626 1221 1035 1293 cogitationibus
1070 1235 1256 1289 puram
1283 1227 1339 1275 et
1379 1235 1581 1274 meram
1611 1221 1866 1289 cognitio-

273 1329 409 1370 nem
465 1313 691 1370 abolens
731 1328 852 1368 cum
902 1312 1249 1382 acquisitione
1300 1311 1594 1382 prophetici
1643 1313 1865 1382 probri:

274 1404 558 1473 Caupones
595 1405 668 1458 tui
702 1404 904 1458 miscent
946 1403 1119 1458 vinum
1158 1417 1302 1470 aqua
1324 1399 1376 1471 (1
1383 1403 1478 1457 sai.
1510 1403 1561 1457 l.
1589 1401 1705 1474 22).
1734 1401 1867 1457 Nam

271 1504 487 1565 quanto
526 1493 694 1563 magis
734 1492 956 1547 intirmis
980 1492 1162 1546 vinum
1203 1506 1338 1562 aqua
1384 1493 1721 1562 praestantius
1758 1501 1864 1557 est,

273 1593 434 1640 tanto
455 1583 697 1640 doctrina
722 1582 1136 1654 hospitalitatem
1160 1592 1375 1652 superat
1408 1601 1421 1637 :
1453 1581 1567 1637 haec
1593 1582 1733 1638 enim
1767 1583 1865 1638 bo-

274 1682 520 1739 minibus
556 1681 636 1736 sui
676 1681 927 1751 temporis
954 1681 1192 1751 prodest,
1223 1681 1314 1736 illa
1346 1695 1475 1737 vero
1513 1689 1567 1737 ct
1592 1682 1862 1751 posteris:

274 1780 335 1828 et
370 1770 495 1827 haec
534 1771 749 1839 quidem
779 1780 1070 1842 praesentes
1110 1770 1449 1827 solummodo
1479 1771 1734 1838 lucratnr,
1779 1771 1864 1825 illa

278 1877 418 1917 vero
438 1871 492 1918 et
519 1862 798 1917 absentes;
823 1872 1116 1932 praesentes
1145 1860 1361 1932 quidem
1387 1862 1584 1931 lingua,
1613 1861 1865 1917 absentes

278 1968 411 2007 vero
448 1968 546 2023 per
571 1952 789 2021 scripta.
820 1951 966 2007 Talis
1003 1951 1107 2008 fuit
1152 1953 1205 2007 in
1247 1967 1408 2008 carne
1457 1952 1729 2017 Servator,
1774 1953 1864 2022 qui

280 2046 510 2115 panibus
537 2046 770 2115 quinque
806 2045 1077 2100 hominum
1108 2045 1269 2099 millia
1297 2045 1460 2115 pavit,
1503 2060 1611 2099 non
1647 2045 1697 2099 in
1728 2044 1860 2099 civi-

280 2143 412 2199 tate,
454 2136 548 2191 sed
573 2136 627 2189 in
653 2135 867 2191 deserto
894 2153 906 2188 :
933 2136 1020 2207 qui
1052 2135 1224 2206 lingua
1255 2135 1465 2206 quidem
1493 2145 1547 2192 et
1576 2145 1865 2206 praesentes

280 2224 482 2292 dueuit,
535 2224 718 2279 orbem
772 2241 897 2280 vero
947 2233 1206 2281 terrarum
1259 2227 1480 2282 salvavit
1528 2243 1623 2298 per
1668 2228 1860 2298 scripta

282 2310 769 2386 Evangelia.Tales
783 2316 925 2372 enim
962 2325 1086 2372 sunt
1112 2331 1387 2372 sermones
1420 2333 1604 2372 eorum
1633 2318 1861 2373 maxime

284 2404 375 2475 qui
401 2404 596 2475 Spiritu
633 2415 818 2461 sancto
848 2407 988 2475 pleni
1028 2417 1171 2463 sunt.
1196 2407 1378 2478 Neque
1418 2409 1647 2474 mireris,
1687 2408 1854 2464 Theo-

283 2494 435 2562 dore,
463 2497 506 2551 si
537 2495 654 2566 quis
681 2496 1004 2552 esurientem
1031 2497 1164 2554 cibis
1192 2498 1511 2567 impleverit,
1540 2499 1635 2554 sed
1673 2500 1716 2553 si
1743 2499 1860 2568 quis

284 2590 354 2644 ab
403 2588 579 2659 aliqua
640 2589 937 2659 ignorantia
981 2591 1214 2645 animum
1262 2590 1556 2662 cujuspiatn
1606 2591 1857 2646 liberarii.

284 2682 383 2751 Qui
407 2683 550 2737 enim
580 2690 818 2739 ventrem
857 2683 1091 2739 alienum
1121 2693 1299 2753 pascat
1336 2692 1429 2738 aut
1451 2685 1616 2754 gratis
1640 2691 1733 2739 aut
1770 2699 1861 2754 pc—

284 2772 459 2838 conia,
504 2782 597 2828 aut
634 2788 772 2844 pane
813 2782 902 2827 aut
943 2774 1196 2841 oleribus,
1239 2773 1393 2830 facile
1444 2776 1707 2830 invenitur
1735 2777 1858 2845 :qni

284 2872 457 2918 autem
485 2864 646 2919 verbo
682 2865 913 2920 animam
958 2867 1173 2932 nutriat,
1221 2867 1263 2921 is
1291 2865 1502 2922 difficile
1530 2868 1743 2937 quidem
1777 2869 1861 2923 in-

287 2953 522 3021 venitur;
563 2955 810 3011 inventus
853 2965 1051 3023 autem,
1098 2967 1189 3012 aut
1217 2971 1321 3013 non
1359 2959 1614 3029 creditur,
1656 2969 1750 3016 aut
1774 2962 1859 3016 vix

286 3044 534 3109 creditur,
588 3046 742 3101 tnalis
793 3048 1064 3117 spiritibus
1103 3064 1319 3119 semper
1362 3051 1655 3108 animarum
1700 3053 1859 3108 saluti

287 3135 676 3194 obsistentibus.
719 3138 866 3195 Hanc
895 3141 1043 3195 verbi
1080 3141 1333 3197 doctrina:
1377 3141 1570 3198 famem
1613 3146 1856 3216 supp‘icii

290 3229 401 3285 loco
440 3228 723 3287 immittere
764 3233 1013 3287 minitans
1055 3233 1309 3289 Dominus
1354 3234 1516 3302 Deus,
1565 3235 1701 3291 dixit
1735 3253 1857 3307 pro-

291 3321 501 3391 phetae:
533 3324 780 3379 lnducam
816 3341 966 3396 super
1009 3341 1093 3380 eos
1131 3327 1336 3396 famem,
1369 3344 1469 3382 non
1498 3332 1683 3399 famem
1713 3331 1859 3399 panis

290 3410 362 3467 uel
385 3429 545 3485 aqua,
575 3415 665 3469 sed
687 3419 873 3486 {autem
897 3415 1136 3470 audiendi
1157 3415 1354 3470 verbum
1384 3414 1591 3471 Domini
1611 3416 1784 3488 (Amos
1801 3420 1855 3475 8.

290 3500 394 3575 ll).
423 3504 489 3559 Et
513 3504 564 3558 in
592 3505 828 3560 sensibili
854 3505 1067 3576 quidem
1093 3504 1253 3573 fame,
1285 3507 1409 3563 licet
1438 3508 1618 3562 relicta
1646 3509 1859 3565 civitate

288 3606 371 3648 aut
395 3594 609 3665 regione
635 3612 755 3668 qua:
787 3596 926 3652 fame
953 3613 1204 3667 oppressa
1232 3606 1334 3665 est,
1367 3599 1418 3654 in
1450 3599 1606 3655 aliam
1636 3602 1816 3671 fugere
1842 3620 1854 3656 :

288 3684 419 3740 sicut
472 3687 638 3742 sancti
682 3687 997 3758 patriarcha:
1051 3704 1084 3744 e
1134 3689 1413 3744 Palaestina
1457 3690 1509 3744 iu
1564 3690 1854 3762 [Egyptum

288 3775 667 3834 descenderunt
707 3796 723 3834 :
769 3779 835 3834 de
883 3778 1076 3834 mentis
1123 3788 1300 3835 autem
1350 3779 1529 3848 fame,
1578 3797 1697 3852 qua:
1750 3798 1854 3836 non

290 3869 489 3927 aliunde
515 3871 769 3928 Ecclesiis
792 3876 1099 3944 supervenit
1126 3890 1284 3946 quam
1316 3878 1534 3948 penuria
1553 3877 1852 3944 doctorum,

292 3974 465 4017 rursus
501 3961 637 4017 alius
680 3964 937 4036 propheta
974 3964 1147 4021 dixit:
1179 3967 1518 4023 Circumibunt
1563 3969 1624 4023 ab
1670 3969 1858 4024 oriente

288 4051 351 4107 ad
374 4053 672 4109 occidentem
700 4066 973 4125 querentes
998 4059 1197 4113 verbum
1231 4056 1456 4127 Domini,
1493 4070 1539 4114 et
1568 4060 1857 4116 nullatenus

287 4143 524 4199 inuenient
556 4143 660 4216 (Ib.
688 4161 736 4201 υ.
771 4146 881 4219 12).
908 4146 1059 4212 Quod
1099 4158 1273 4204 autem
1317 4149 1514 4204 bonum
1556 4166 1586 4204 a
1615 4151 1854 4206 doctrina

289 4248 387 4289 non
414 4235 692 4306 provenit?
715 4238 840 4308 quid
872 4253 997 4294 vero
1038 4254 1142 4294 non
1190 4241 1471 4296 molestum
1501 4243 1570 4296 ab
1594 4243 1855 4314 intempe-

285 4324 414 4381 stivo
440 4327 559 4381 cibo
585 4335 678 4383 aut
712 4329 961 4385 convivio
1002 4345 1108 4385 non
1154 4332 1433 4387 exoritur?
1463 4332 1654 4400 morbi,
1702 4333 1851 4400 vitae,

283 4420 610 4474 contumeliae
675 4421 944 4486 libidinis,
1005 4432 1061 4479 et
1113 4440 1233 4493 qua:
1294 4426 1378 4479 illa
1435 4426 1850 4496 subsequuntur.

283 4508 500 4575 Quando
528 4510 635 4565 Eva
660 4512 825 4582 ejecta
869 4512 969 4568 fuit
1012 4530 1082 4570 ex
1112 4516 1396 4585 paradiso?
1438 4531 1616 4572 nonne
1641 4517 1853 4587 quando

279 4601 439 4655 audiit
465 4614 787 4671 serpentem,
832 4615 886 4662 et
911 4607 1142 4663 comedit
1165 4623 1233 4663 es
1267 4609 1429 4679 ligno,
1459 4624 1567 4664 non
1604 4618 1852 4665 contenta

280 4692 545 4746 ordinario
585 4695 741 4750 cibo?
792 4695 1018 4764 Quando
1067 4696 1198 4753 Cain
1253 4697 1530 4755 fratricidii
1586 4701 1849 4770 piaculum

277 4783 580 4838 commisit?
606 4800 780 4841 nonne
806 4788 1019 4857 quando
1047 4804 1078 4843 e
1105 4790 1350 4858 primitiis
1373 4791 1601 4861 gustavit
1627 4793 1846 4860 primus,

277 4874 409 4945 gula:
434 4890 547 4930 sua:
576 4879 837 4948 prtecipua
863 4882 1177 4937 reservans?
1205 4881 1428 4951 Quando
1456 4884 1546 4938 lilii
1575 4884 1676 4940 Job
1702 4901 1852 4941 men-

275 4981 383 5020 sam
426 4970 787 5036 extemporalc
825 4971 1125 5041 sepulcrum
1156 4973 1295 5028 nacti
1339 4975 1494 5029 sunt?
1523 4990 1700 5031 nonne
1730 4991 1849 5030 cum

273 5056 630 5113 comedissent
652 5069 707 5114 ct
733 5059 1020 5117 bibissent?
1049 5063 1274 5130 Quando
1310 5064 1451 5120 Esai:
1483 5065 1849 5122 benedictione

274 5149 505 5219 privatus
533 5151 655 5204 est?
679 5165 855 5207 nonne
879 5168 999 5207 cum
1024 5152 1144 5208 cibo
1183 5154 1447 5209 inescatus
1471 5157 1689 5212 servivit
1718 5172 1843 5211 ven-

269 5238 369 5293 tri?
395 5237 619 5305 Quando
638 5240 762 5297 Sat'tl
782 5257 945 5313 regno
970 5243 1161 5298 excidit
1178 5244 1203 5296 1'
1219 5259 1397 5300 nonne
1415 5261 1533 5300 cum
1559 5248 1853 5315 pulcherri-

275 5344 380 5387 ἰω
406 5345 541 5388 oves
566 5342 763 5402 printer
791 5333 958 5405 legem
998 5337 1267 5391 comedit?
1297 5337 1519 5403 Quando
1544 5349 1719 5392 autem
1759 5353 1850 5406 po-

273 5423 425 5493 pnlus
462 5423 620 5480 Israel
649 5426 815 5481 Deum
856 5427 1119 5483 irritavit?
1165 5442 1343 5484 nonne
1380 5443 1500 5485 cum
1542 5429 1846 5500 Egyptian)

266 5515 675 5587 concupiscebat
704 5532 961 5578 mensam.
1004 5533 1191 5574 carnes
1236 5528 1288 5574 ct
1330 5520 1531 5575 lebetes
1572 5536 1601 5574 a
1631 5522 1850 5575 doctore

264 5606 578 5677 requirens?
601 5605 778 5676 Opimi
807 5617 861 5663 et
883 5607 1113 5665 Pbinecs
1143 5608 1232 5664 filii
1260 5611 1371 5665 llcli
1398 5626 1561 5680 quare
1589 5625 1688 5665 una
1716 5612 1843 5665 hora

262 5698 417 5752 occisi
464 5709 585 5752 sunt
634 5699 687 5751 in
739 5697 914 5753 bello?
951 5714 1128 5755 nonne
1163 5702 1287 5772 quia
1327 5702 1600 5771 rapiebant
1633 5702 1849 5757 fuscinis

257 5797 443 5843 carnes
471 5787 718 5843 sacriﬁcii
745 5800 775 5843 e
803 5786 1100 5844 lehetibus?
1124 5788 1287 5846 Jacob
1315 5805 1443 5847 vero
1468 5792 1554 5847 ille
1581 5791 1844 5860 vitupera-

1979 492 2102 549 bilis
2131 495 2341 564 quando
2372 497 2756 554 recalcitravit?
2782 518 2958 557 nonne
2981 519 3100 559 cum
3132 505 3378 574 impietas
3414 524 3548 568 erat.

1980 584 2357 656 impinguatus,
2389 586 2712 644 incrassatus
2737 600 2789 645 et
2812 592 3062 650 dilatatus
3081 597 3104 648 ?
3124 596 3346 664 Quamlo
3372 609 3548 655 autem

1977 672 2265 730 Sodomita:
2295 685 2490 745 printer
2530 687 2768 733 naturam
2798 681 3011 738 libidine
3042 685 3200 740 veluti
3245 697 3410 743 mstro
3438 705 3555 758 pcr-

1977 763 2067 818 citi
2110 766 2270 820 sunt?
2328 782 2504 822 nonne
2547 785 2665 823 cum
2715 773 2976 829 continuis
3019 778 3272 831 conviviis
3322 791 3551 837 tuentem

1975 860 2357 926 corruperant?
2397 861 2486 930 qui
2541 876 2904 919 mentonintur
2940 881 3035 935 per
3077 870 3446 925 contumeliam
3487 874 3554 925 ab

1978 945 2254 1005 Ezechiele
2304 949 2515 1004 dicente
2557 969 2569 1004 :
2616 950 2679 1006 In
2723 953 3032 1009 abundantia
3086 958 3187 1011 ι·ἱηὶ
3233 970 3279 1012 et
3329 962 3555 1015 satietate

1976 1038 2120 1103 panis
2165 1037 2483 1094 lasciuiebant
2525 1042 2624 1110 ipsi
2663 1043 2875 1113 (Ezcclt.
2912 1047 2996 1105 i6.
3021 1045 3134 1118 49),
3181 1048 3232 1103 id
3278 1058 3378 1115 est,
3424 1052 3552 1106 civi-

1977 1134 2084 1189 tas;
2118 1136 2162 1180 et
2183 1127 2306 1195 ﬁliae
2324 1130 2457 1201 ejus,
2488 1130 2537 1185 id
2560 1140 2661 1197 est,
2690 1134 2789 1187 vici
2817 1134 2905 1204 qui
2939 1151 3153 1206 semper
3177 1138 3402 1193 civitatis
3420 1155 3552 1195 con-

1974 1220 2308 1277 suetudinem
2332 1233 2646 1294 sequuntur.
2681 1225 3069 1297 Temperantia:
3095 1239 3270 1285 autem
3309 1231 3556 1301 cogitatio

1973 1310 2188 1378 quando
2228 1326 2259 1366 a
2305 1315 2500 1383 populo
2525 1315 2616 1371 illo
2645 1326 2825 1373 vetere
2862 1318 3098 1375 deiecit?
3141 1336 3320 1379 nonne
3347 1325 3557 1393 quando

1979 1401 2030 1455 in
2087 1403 2345 1460 accubitis
2391 1420 2804 1474 consenuerunt,
2865 1413 3120 1482 pr0pheta
3165 1414 3555 1484 exprobrante;

1977 1490 2077 1558 Qui
2102 1494 2367 1548 comedunt
2395 1496 2568 1552 bardos
2593 1498 2656 1553 de
2675 1501 2926 1571 gregibus,
2950 1513 2999 1556 et
3023 1503 3204 1558 vitulos
3240 1505 3304 1558 de
3330 1517 3556 1561 armento

1973 1580 2233 1645 lacteolus,
2267 1584 2486 1640 bibentes
2509 1591 2820 1657 percolatum
2848 1591 3038 1658 uinum,
3084 1594 3261 1665 primis
3290 1599 3556 1668 unguentis

1973 1670 2200 1738 delibuti,
2244 1675 2557 1733 lasciuientcs
2597 1681 2651 1733 in
2694 1681 2940 1738 cubilibus
2981 1686 3107 1751 suis,
3147 1696 3192 1739 et
3219 1687 3348 1742 nihil
3376 1689 3553 1759 aﬂicie-

1972 1760 2154 1815 bantur
2177 1779 2334 1833 super
2378 1767 2673 1824 contritione
2697 1768 2892 1842 Ioseph
2923 1773 3099 1844 (Amos
3127 1775 3178 1829 6.
3210 1776 3372 1847 4.6)?
3412 1778 3555 1845 Quos

1972 1851 2208 1909 infelices
2234 1854 2398 1913 Isaias
2423 1861 2814 1928 pronuntiavit?
2843 1878 3020 1919 nonne
3043 1866 3131 1935 qui
3157 1866 3221 1920 ad
3251 1870 3550 1924 convivium

1969 1942 2202 1999 diluculo
2230 1948 2550 2017 surgebant?
2579 1951 2648 2005 ita
2682 1951 2863 2007 dicens
2887 1970 2902 2008 :
2934 1952 3023 2009 Va:
3046 1957 3131 2025 qui
3156 1958 3360 2028 surgitis
3385 1977 3550 2020 mane.

1970 2044 2017 2088 et
2043 2037 2257 2090 siceram
2286 2040 2566 2105 sectamini,
2599 2043 2686 2111 qui
2717 2045 2930 2099 manetis
2957 2045 3025 2098 ad
3050 2063 3306 2116 vesperam
3341 2065 3357 2102 :
3385 2051 3552 2104 uinum

1969 2127 2101 2181 enim
2127 2129 2379 2184 comburat
2404 2146 2487 2185 eos
2508 2148 2527 2186 .'
2552 2149 2671 2188 nam
2697 2151 2812 2189 cum
2839 2136 3034 2191 cithara
3056 2146 3101 2192 et
3128 2138 3364 2209 psalterio
3383 2141 3577 2196 vinum-

1969 2217 2183 2284 bibunt;
2221 2237 2374 2288 Opera
2416 2232 2584 2277 autent
2619 2222 2828 2279 Domini
2852 2243 2953 2281 non
2997 2229 3267 2299 respiciunt
3314 2229 3466 2303 (lsai.
3496 2232 3549 2287 5.

1973 2308 2058 2363 ll.
2098 2310 2210 2379 12).
2256 2310 2478 2379 Quando
2521 2315 2823 2371 sacerdotes
2859 2316 2973 2373 Beli
3010 2332 3042 2373 a
3087 2319 3301 2376 Daniele
3341 2320 3547 2378 confusi

1968 2400 2131 2453 sunt?
2175 2416 2352 2458 nonne
2380 2416 2500 2456 cum
2530 2404 2663 2461 cinis
2704 2405 2847 2476 ipsos
2878 2422 2970 2477 per
3005 2409 3152 2465 cibos
3192 2420 3242 2465 et
3273 2420 3427 2481 potus
3457 2412 3552 2467 de-

1968 2489 2265 2558 prehensos
2291 2494 2571 2563 coarguit?
2600 2494 2667 2550 Et
2694 2496 2817 2567 quid
2846 2499 3036 2554 attinet
3060 2515 3146 2555 me
3177 2500 3354 2557 dicere
3391 2501 3458 2557 de
3490 2503 3551 2557 iis

1969 2583 2058 2650 qui
2100 2582 2262 2638 latam
2290 2585 2427 2638 \iam
2462 2585 2666 2656 ingredi
2709 2587 3005 2659 elegerunt,
3040 2600 3095 2645 et
3116 2602 3401 2663 angustam
3422 2595 3553 2647 vitu-

1970 2673 2194 2742 perant?
2222 2675 2418 2731 sufﬁcit
2452 2676 2579 2730 mihi
2602 2674 2897 2734 Servatoris
2917 2695 3091 2735 sermo
3110 2682 3177 2736 ad
3207 2684 3568 2742 revictionem.

1968 2778 2154 2819 eormn
2183 2766 2273 2836 qui
2304 2765 2518 2823 uideres
2546 2778 2852 2824 sectantur:
2881 2771 2973 2840 qui
3000 2771 3383 2829 innominatum
3411 2775 3549 2829 divi-

1968 2863 2096 2920 tem,
2125 2854 2404 2925 splendide
2429 2857 2666 2926 quotidie
2684 2858 2987 2929 epulantem
3015 2861 3064 2915 in
3099 2861 3197 2916 hac
3228 2866 3350 2930 vita,
3374 2875 3551 2921 osten-

1966 2946 2044 3003 dit
2081 2951 2247 3003 micas
2271 2960 2329 3004 et
2350 2958 2526 3020 guttas
2555 2953 2803 3021 pauperis
2836 2952 3019 3007 Lazari
3063 2955 3574 3026 concupiscentem,.

1966 3054 2064 3095 nec
2090 3040 2154 3094 iis
2176 3039 2457 3096 fruentem.
2482 3040 2827 3112 Inspiciamus
2853 3055 3027 3099 autem
3049 3053 3110 3100 et
3137 3055 3319 3101 malum
3345 3058 3550 3104 sancto-

1967 3146 2083 3185 rum
2115 3142 2374 3199 veterum,
2403 3142 2457 3189 et
2486 3135 2699 3190 tandem
2726 3136 2996 3191 discamus
3021 3152 3124 3207 quo
3149 3137 3403 3194 doctrina:
3426 3139 3550 3195 cha~

1966 3233 2171 3278 ractere
2193 3225 2271 3278 usi
2296 3232 2440 3291 sunt,
2462 3238 2529 3279 an
2559 3225 2683 3280 vita:
2711 3226 3075 3283 sanctimonia:
3095 3238 3146 3283 et
3167 3239 3327 3284 recta:
3349 3229 3550 3287 doctri-

1966 3333 2069 3385 nte,
2107 3333 2173 3372 an
2213 3318 2576 3375 conviviorum
2602 3328 2655 3374 et
2681 3321 2975 3390 epularum.
3002 3321 3210 3376 Primus
3235 3322 3414 3378 Enoch
3446 3322 3557 3380 fido

1966 3410 2247 3467 translatus
2275 3420 2378 3477 est,
2410 3426 2477 3466 an
2514 3412 2794 3468 convivio?
2824 3413 3024 3468 Deinde
3060 3413 3171 3469 Noe
3199 3415 3345 3469 orbis
3380 3425 3551 3472 terra-

1965 3519 2080 3558 rum
2107 3519 2276 3574 genus
2303 3504 2408 3559 fide
2433 3505 2662 3559 servavit
2689 3506 2739 3558 in
2767 3504 2928 3576 ligno,
2949 3506 3160 3575 quando
3192 3513 3435 3561 terrenus
3462 3507 3547 3562 hic

1964 3595 2194 3651 mundus
2253 3596 2596 3668 purgabatur,
2655 3612 2723 3651 an
2783 3596 2852 3652 ab
2908 3596 3133 3652 assiduis
3194 3598 3454 3654 conviviis
3498 3611 3550 3653 ct

1964 3689 2188 3759 impuris
2237 3690 2507 3760 operibus,
2571 3705 2638 3744 an
2695 3689 2898 3760 jejunio
2953 3699 3006 3745 et
3052 3692 3329 3747 oratione?
3373 3708 3549 3747 nonne

1964 3789 2021 3834 ut
2068 3795 2251 3851 parum
2303 3795 2334 3835 a
2384 3781 2472 3836 tali
2518 3788 2833 3851 tempestate
2872 3783 3178 3851 poculorum
3226 3784 3543 3854 quiesceret.

1964 3871 2306 3942 ignominiam
2336 3872 2476 3927 illius
2500 3880 2555 3927 et
2579 3887 2684 3927 non
2714 3872 2879 3929 decus
2906 3873 3189 3942 praedicant
3221 3874 3555 3944 Scriptum?

1962 3963 2155 4018 Beatus
2175 3962 2442 4018 Abraham
2460 3963 2692 4034 quinque
2713 3978 2865 4034 reges
2885 3963 3237 4019 Sodomorum
3254 3967 3554 4035 superavit,

1961 4069 2027 4110 an
2058 4057 2176 4112 cibo
2205 4063 2260 4112 et
2276 4067 2399 4127 potu
2420 4099 2435 4121 ,
2459 4066 2771 4127 recuperato
2799 4057 2958 4112 etiam
2986 4056 3122 4112 Lot?
3143 4058 3208 4112 Et
3224 4057 3557 4115 Theodorus

1961 4147 2036 4200 ait
2067 4164 2080 4199 :
2126 4146 2183 4202 Si
2210 4146 2569 4201 Abrahamum
2612 4146 2835 4201 adducis
2869 4148 2918 4202 in
2949 4150 3201 4211 medium,
3234 4148 3418 4205 audias
3446 4148 3514 4220 igi

1962 4248 2048 4293 tur
2075 4247 2129 4293 et
2168 4236 2295 4291 illud
2339 4253 2369 4291 a
2406 4253 2511 4291 tne.
2542 4237 2692 4292 Dicet
2716 4237 2860 4292 enim
2902 4239 2993 4294 tibi
3037 4239 3229 4309 quivis,
3273 4239 3414 4311 quod
3444 4239 3546 4295 lido

1958 4327 2172 4399 quidem
2223 4327 2430 4383 hostem
2465 4328 2609 4395 vicit,
2667 4328 2842 4382 Deum
2870 4336 3045 4382 autem
3077 4344 3257 4384 mensa
3288 4331 3447 4399 cepit,
3488 4344 3543 4386 ut

1958 4420 2107 4491 prius
2153 4420 2264 4491 ipse
2301 4419 2612 4489 exposuisti.
2663 4418 2836 4474 Ense.
2881 4419 3065 4488 Papae:
3113 4419 3250 4477 auod
3277 4420 3545 4477 Abraham

1961 4513 2126 4568 Deum
2154 4527 2335 4567 mensa
2365 4513 2527 4583 cepit,
2554 4526 2730 4567 nonne
2758 4527 2945 4567 omnes
2966 4513 3146 4568 relicta
3167 4512 3275 4570 ﬁde
3294 4524 3347 4570 et
3373 4515 3543 4570 virtu-

1962 4604 2102 4659 tibus
2128 4604 2306 4659 czetcri
2334 4604 2572 4659 cunvivia
2618 4603 2856 4660 studiose
2879 4604 3236 4659 scctabimnr?
3265 4604 3396 4659 nihil
3425 4604 3538 4659 dis~

1959 4704 2238 4764 crepantes
2284 4709 2313 4748 a
2354 4694 2682 4764 cauponibus
2733 4703 2823 4748 aut
2876 4694 3212 4757 stabulariis,
3262 4695 3351 4765 qui
3405 4695 3537 4751 lucri

1958 4802 2115 4843 causa
2137 4788 2206 4840 ob
2237 4786 2286 4840 id
2326 4786 2497 4855 ipsum
2526 4785 2788 4856 publicam
2819 4787 2958 4839 viam
2988 4786 3252 4840 obsident.
3286 4785 3355 4841 Et
3382 4787 3541 4856 virgi‘

1960 4893 2055 4933 nes
2082 4879 2256 4948 igitur,
2288 4893 2406 4947 qua:
2433 4885 2487 4931 et
2515 4891 2740 4946 corpore
2768 4885 2821 4931 et
2842 4876 3029 4945 spiritu
3059 4886 3254 4932 sanctae
3280 4890 3398 4931 esse
3423 4882 3540 4930 stu-

1957 4969 2085 5025 dent
2108 4967 2427 5038 ad-gloriam-
2443 4968 2555 5034 Dei,
2588 4968 2837 5037 quoniam
2860 4966 3020 5022 lilaria
3042 4968 3308 5023 Christum
3333 4971 3535 5037 genuit.

1958 5073 2013 5118 et
2034 5064 2162 5134 ipsa:
2190 5062 2393 5130 pariant
2421 5077 2433 5114 :
2467 5061 2510 5114 si
2541 5062 2681 5115 enim
2703 5062 2779 5116 sic
2809 5060 3049 5125 fecerint,
3075 5062 3204 5115 nihil
3229 5077 3257 5114 a
3292 5063 3536 5116 meretri-

1957 5155 2107 5209 cibus
2140 5153 2409 5207 dill'erunt.
2454 5151 2584 5207 Nam
2636 5152 2678 5205 si
2719 5151 2967 5208 doctores
3014 5160 3229 5223 propter
3270 5152 3533 5206 Abraham

1959 5258 2170 5301 mensas
2199 5244 2486 5308 instruunt,
2511 5253 2564 5297 et
2585 5242 2812 5314 virgines
2839 5253 3053 5313 propter
3071 5242 3531 5311 Mariampariant.

1958 5339 2138 5405 Apage
2173 5335 2266 5398 sis,
2297 5333 2729 5400 honoratissimo,
2766 5344 2827 5389 ut
2852 5351 2968 5405 qua:
2999 5334 3136 5390 bene
3166 5341 3400 5400 tempore
3440 5344 3536 5384 suo

1956 5436 2049 5481 aut
2075 5436 2190 5480 acta
2214 5435 2336 5480 sunt
2367 5436 2459 5481 aut
2497 5425 2647 5491 (lunt,
2691 5425 3011 5481 contumelia
3037 5422 3324 5479 alliciamus
3353 5438 3366 5474 :
3412 5438 3533 5477 nam

1958 5517 2195 5588 profecm
2237 5516 2493 5586 cujusque
2530 5517 2851 5572 conscientia
2890 5515 3027 5586 quod
3070 5510 3299 5581 expedit,
3348 5511 3529 5568 dictat.

1963 5609 2159 5666 Deinde
2197 5608 2359 5664 Jacob
2386 5609 2611 5665 luctator
2646 5607 2982 5669 abstinentia,
3024 5620 3088 5657 an
3119 5603 3363 5663 convivio
3397 5604 3530 5660 bona

1960 5700 2138 5756 Laban
2168 5701 2284 5755 tulit
2304 5704 2328 5754 ’ἐ
2357 5700 2443 5771 qui
2463 5699 2594 5755 dicit
2619 5714 2632 5751 :
2669 5695 2856 5750 Factus
2884 5711 2995 5749 sum
3021 5695 3142 5750 solis
3166 5694 3376 5750 adustus
3400 5697 3529 5750 testi-

1959 5791 2048 5845 bus
2077 5801 2122 5846 et
2149 5791 2260 5863 gelu
2300 5791 2477 5855 noctis,
2519 5804 2579 5841 ac
2607 5785 2804 5842 recessit
2846 5801 2876 5837 α
2907 5802 2984 5840 me
3010 5802 3213 5841 sunmus
3252 5783 3401 5859 (Cen.
3445 5787 3529 5839 δι.
