4018 6426
534 364 605 419 ιδ
1651 399 1655 405 .
1764 355 2085 419 PALLADII
2111 360 2455 423 BlALOthS
3751 378 3821 447 tt

531 474 659 546 40);
706 470 836 531 nihil
878 473 1021 530 aliud
1062 480 1249 544 petens
1291 473 1345 529 in
1383 472 1621 529 oratione
1649 486 1807 544 quam
1837 484 2029 543 panem
2058 480 2114 531 et

2220 492 2391 544 crepa,
2409 478 2615 533 obsecra
2640 480 2697 553 (Ξ
2712 479 2848 536 Tim.
2871 482 2924 538 ιι.
2943 484 3025 557 ε).
3054 489 3269 546 nemine
3284 491 3457 562 ipsum
3482 494 3824 569 increpante,

534 572 733 632 vestes,
782 557 1004 619 dicens:
1037 562 1101 620 Si
1127 558 1331 620 dederis
1356 562 1484 619 mihi
1497 574 1680 636 panem
1704 564 1772 661 ad
1797 558 2046 661 edendum
2221 580 2288 626 eo
2312 568 2454 641 quod
2476 567 2590 627 duo
2610 570 2828 643 quidem
2853 590 3044 646 aspera
3072 586 3127 634 et
3152 557 3321 638 unum
3346 585 3490 652 lene,
3521 557 3685 661 idqtie
3708 557 3815 649 the:

527 655 872 709 uestimentum
894 664 993 725 quo
1020 652 1240 723 pperiar,
1262 668 1408 709 omne
1430 652 1565 725 quod
1589 653 1714 708 mihi
1734 650 1952 720 dederis,
1976 654 2113 709 deri-

524 756 661 797 mam
687 758 752 798 ex
775 759 833 797 eo
859 741 989 797 dabo
1009 740 1101 797 tibi
1131 742 1151 815 (
1166 741 1293 798 Gen.
1320 743 1414 799 28.
1444 741 1576 816 20).
1600 741 1714 799 Non
1735 743 1887 810 dixit,
1914 740 2109 801 Mensis

523 832 845 902 impendam.
878 834 970 889 Dei
1001 834 1265 904 interpres
1291 841 1346 889 et
1372 834 1543 890 ﬁdelis
1575 833 1664 890 ille
1693 846 1878 890 servus
1902 833 2109 906 Moyses

521 924 662 995 quali
692 925 946 980 instructa
968 939 1148 979 mensa
1174 926 1425 997 pupulum
1444 926 1784 998 congregavit
1810 928 1867 981 in
1889 929 2108 983 monte?

518 1028 653 1083 quos
680 1022 935 1079 crateres,
962 1029 1080 1086 qua:
1109 1012 1293 1085 pocula
1325 1015 1589 1074 habebat?
1616 1018 1706 1088 qui
1726 1025 1930 1090 petram
1957 1018 2104 1089 virga

520 1101 682 1158 veluti
724 1105 936 1160 emulsit
976 1101 1046 1160 ob
1088 1103 1264 1175 populi
1306 1102 1692 1173 infidelitatem,
1740 1107 1828 1178 qui
1854 1115 2105 1163 sexcenta

518 1192 683 1247 millia
723 1192 994 1248 hominum
1045 1194 1279 1264 regebat,
1335 1195 1468 1266 legis
1504 1196 1709 1253 tabulas
1753 1198 1997 1267 pcttabat
2035 1197 2103 1254 ad

514 1281 942 1338 emendationem
962 1285 1141 1354 populi
1164 1300 1179 1337 :
1206 1300 1273 1339 an
1298 1282 1502 1356 phialas
1522 1286 1848 1357 perlucidas,
1884 1302 1949 1343 an
1972 1303 2101 1359 pur-

514 1380 699 1428 corum
720 1374 949 1441 sumina,
978 1390 1043 1429 an
1067 1391 1193 1431 aves
1214 1374 1492 1439 Phasidos,
1517 1392 1584 1432 an
1614 1378 1786 1448 pisces
1808 1390 1873 1434 ex
1894 1378 2098 1449 pelago,

513 1480 581 1518 an
609 1466 786 1521 vinum
828 1466 1152 1536 percolatum
1198 1484 1229 1523 e
1259 1468 1423 1540 Tyro,
1452 1472 1508 1524 et
1535 1469 1705 1524 lautos
1734 1483 1905 1539 panes
1931 1485 2100 1543 appo-

513 1568 647 1608 nens
672 1555 734 1609 iis
759 1556 849 1625 qui
881 1556 1312 1623 instituebantur,
1355 1573 1422 1612 an
1448 1557 1790 1612 doctrinam?
1818 1559 1971 1613 Duc.
1992 1559 2097 1614 Sed

512 1645 855 1713 respondebit
879 1645 997 1714 quis
1017 1646 1109 1701 tibi
1134 1645 1199 1700 ad
1224 1640 1333 1711 illa,
1354 1641 1511 1699 Pater
1531 1660 1545 1696 :
1568 1644 1630 1701 Et
1655 1648 1782 1701 mihi
1810 1638 1875 1702 da
1904 1662 2095 1702 manna

512 1740 568 1787 ct
612 1749 800 1804 aquam
850 1734 1014 1800 illam,
1065 1747 1116 1790 et
1169 1736 1300 1790 nihil
1345 1738 1572 1807 amplius
1620 1739 1855 1808 requiro.
1914 1739 2090 1795 Ertsc.

506 1822 704 1893 Ecquis
743 1823 835 1879 ille
874 1834 956 1880 est
994 1824 1127 1881 adeo
1167 1841 1410 1881 morosus
1438 1826 1528 1897 qui
1570 1827 1792 1896 spiritali
1834 1827 2093 1884 doctrina:

508 1926 704 1967 manna
735 1914 986 1970 sensibile
1029 1916 1326 1986 noxamque
1361 1931 1549 1987 aquam
1574 1917 1820 1987 μηνίει-δι
1838 1918 1865 1972 ἲ·
1892 1917 2092 1975 Deinde

506 2003 723 2056 Samuel
751 2003 929 2073 populi
955 2004 1163 2071 doctor,
1185 2006 1276 2076 qui
1302 2022 1421 2061 cum
1453 2008 1636 2077 viginti
1661 2011 1893 2078 quinque
1921 2022 2091 2065 annos

505 2093 564 2147 in
590 2092 901 2147 Armatltem
924 2094 1237 2164 quievisset,
1253 2108 1407 2165 quem
1434 2097 1717 2167 aliquando
1746 2110 1952 2165 mensa,
1982 2108 2086 2153 non

504 2190 680 2236 autem
709 2174 971 2251 doctrina,
1025 2187 1216 2239 avertit
1258 2185 1327 2240 ab
1366 2186 1557 2241 idolis?
1590 2186 1815 2254 Quando
1838 2200 1969 2243 vero
1996 2202 2084 2244 res

502 2272 659 2326 simul
709 2280 763 2328 et
828 2273 1085 2343 propheta
1133 2285 1189 2330 et
1239 2277 1432 2345 psaltes
1485 2276 1766 2332 delicatam
1834 2279 2089 2334 instruxit

501 2362 784 2415 mensam?
821 2364 907 2432 qui
935 2363 1067 2418 dixit
1094 2381 1106 2417 :
1133 2363 1358 2419 Ciuerem
1391 2376 1647 2435 tamquam
1676 2381 1858 2436 panem
1875 2371 2088 2422 mandu-

498 2452 699 2519 mbant,
722 2458 768 2507 et
795 2464 969 2523 potum
1004 2466 1166 2509 meum
1198 2471 1311 2509 cum
1340 2458 1465 2525 ﬂetu
1494 2457 1948 2526 miscebam(Psal.
1966 2462 2080 2517 illi.

498 2538 610 2612 10)..
650 2540 800 2597 Elius
824 2542 1127 2610 'l‘ltesbites,
1167 2545 1478 2599 universalis
1519 2546 1700 2615 jejunii
1735 2558 1941 2613 auctor,
1989 2549 2081 2620 qui

495 2643 669 2684 annos
710 2640 820 2686 tres
854 2642 909 2686 et
934 2646 1145 2688 menses
1179 2649 1276 2689 sex
1302 2635 1527 2690 inediam
1561 2637 1868 2693 lurconibus
1888 2651 2082 2708 praeter

493 2733 679 2774 eorum
701 2721 1024 2777 voluntatem
1052 2725 1346 2793 apparavit,
1392 2726 1535 2795 quali
1565 2740 1750 2781 mensa
1790 2740 1820 2781 a
1860 2738 2078 2798 peccato

491 2810 775 2867 liberavit?
813 2826 947 2883 quos
978 2824 1155 2869 autem
1193 2814 1424 2870 habebat
1445 2818 1683 2887 coquos?
1721 2834 1905 2875 nonne
1929 2823 2076 2877 corvi

490 2918 652 2973 opera
670 2905 1031 2975 quotidianum
1048 2908 1342 2976 accipiebat
1355 2920 1544 2977 panem
1564 2910 1588 2962 ?
1616 2909 1841 2980 Sapiens
1870 2912 2074 2987 Danieﬁp

489 3001 544 3045 ct
563 2991 859 3047 futurorum
883 2994 1127 3049 oculatus
1145 2996 1316 3063 testis,
1342 3012 1443 3067 qua
1469 3012 1652 3052 mensa
1679 3002 1927 3071 Assyrios
1946 3016 2072 3058 oru-

488 3080 653 3135 divit?
679 3095 857 3137 nonne
893 3083 1099 3153 jejunio
1121 3092 1174 3139 et
1199 3086 1443 3141 oratione
1481 3088 1765 3145 draconem
1804 3091 2073 3149 interemit

486 3181 542 3226 et
567 3171 747 3227 Belum
789 3174 1001 3239 evertit,
1039 3172 1359 3246 leonumque
1387 3192 1489 3232 ora
1524 3178 1812 3248 obturavit,
1858 3191 1913 3237 et
1955 3183 2068 3254 regi

486 3263 750 3331 persuasit
778 3271 834 3318 ut
857 3264 1055 3333 patrios
1075 3265 1206 3322 deos
1223 3268 1534 3338 abnegaret,
1561 3280 1615 3325 et
1639 3271 1809 3327 Deum
1834 3275 1922 3343 qui
1945 3289 2071 3332 vere

484 3358 569 3406 est
591 3351 974 3409 confiteretur?
1002 3354 1206 3421 Quibus
1224 3358 1421 3425 epulis,
1458 3361 1651 3429 quibus
1674 3362 1913 3433 cupediis
1938 3380 2069 3423 usus

484 3449 569 3495 est
585 3442 962 3512 prophetarum
988 3454 1305 3501 cmterorum
1334 3448 1531 3505 chorus
1556 3460 1650 3506 aut
1667 3455 2067 3523 apostolorum?

484 3548 663 3608 nonne
684 3545 836 3588 erant
862 3534 1152 3591 doctores?
1181 3551 1358 3595 nonne
1388 3541 1515 3610 ipsis
1538 3545 1699 3599 totius
1724 3547 1909 3603 mundi
1937 3563 2065 3605 cura

483 3624 787 3678 concredita
809 3625 1211 3683 iuerat?nonne
1227 3629 1435 3685 illorum
1470 3646 1654 3690 sumus
1689 3641 2063 3696 successores?

483 3729 658 3770 annon
679 3732 863 3771 eorum
898 3717 1194 3774 imitatores
1221 3736 1317 3776 nos
1341 3737 1462 3779 esse
1491 3725 1601 3781 vult
1626 3727 1935 3798 Scriptura?
1957 3747 2055 3788 eo-

482 3821 600 3860 rum
643 3807 885 3863 moribus
908 3808 1263 3876 adlwrentes,
1311 3822 1369 3866 ut
1394 3812 1593 3871 Paulus
1618 3816 1793 3885 docet,
1837 3820 2058 3878 dicens:

483 3894 712 3959 Quorum
730 3897 981 3951 intuentes
992 3899 1181 3953 exitum
1196 3904 1617 3969 conuersationis,
1629 3905 1896 3963 imitamini
1907 3911 2062 3977 ﬁdem

481 3983 665 4056 (Hebr.
696 3987 782 4041 ts.
807 3987 886 4058 7).
915 3988 1045 4056 Qua:
1072 3990 1287 4046 bellaria
1316 3980 1622 4052 habebatin
1643 3996 1858 4055 deserto
1891 4004 2063 4069 ιιωηί-

480 4077 659 4132 ωιιιίω
686 4093 860 4148 praeco
886 4079 1119 4138 Joannes
1149 4082 1381 4155 Baptista
1403 4127 1417 4152 ,
1464 4089 1555 4158 qui
1605 4089 1671 4145 ad
1708 4106 1768 4147 se
1804 4094 2060 4150 venie..ti-

475 4170 578 4226 bus
609 4185 715 4227 non
748 4173 908 4228 modo
935 4190 1039 4229 non
1072 4178 1276 4245 paravit
1302 4180 1541 4248 prandia,
1572 4183 1667 4238 sed
1693 4193 1747 4240 et
1772 4200 2063 4244 occursum

475 4261 647 4330 ipsum
700 4277 820 4318 cum
865 4264 1228 4336 increpatione
1277 4285 1519 4329 amarum
1583 4276 1895 4345 praebebat?
1939 4280 2057 4337 Non

476 4351 651 4406 solum
676 4355 818 4409 enim
863 4356 1191 4426 inquinatam
1217 4375 1403 4417 eorum
1437 4367 1821 4424 conscientiam
1862 4388 2057 4430 severo

475 4441 733 4511 adspectu
759 4447 1052 4514 quatiebat,
1066 4449 1162 4502 sed
1190 4458 1245 4505 et
1268 4450 1382 4520 ipso
1409 4452 1614 4523 habittt,
1641 4460 1913 4531 multoque
1941 4480 2056 4521 ma-

473 4532 554 4600 gis
577 4531 759 4599 verbo,
784 4535 1154 4605 velutigladio,
1182 4540 1475 4596 animarum
1498 4544 1777 4604 abscessus
1800 4556 2009 4611 secabat
2035 4574 2050 4611 :

472 4619 740 4675 Genimina
778 4623 1085 4693 viperarum,
1127 4629 1243 4698 quis
1267 4633 1479 4686 ostendit
1508 4636 1643 4690 vobis
1670 4638 1845 4710 fugere
1871 4660 1903 4697 α
1936 4660 2055 4701 ven-

470 4724 586 4765 tura
609 4712 726 4768 ira?
763 4711 941 4769 Facite
966 4716 1122 4787 igitur
1148 4718 1345 4788 fructus
1370 4721 1550 4794 dignos
1570 4730 1874 4796 pauitentia:
1898 4734 2047 4806 (Luc.

467 4804 520 4858 3.
555 4804 608 4859 7.
639 4802 695 4877 8)
742 4821 916 4876 neque
949 4808 1052 4864 soli
1101 4810 1366 4880 baptismo
1411 4815 1725 4889 innitimiui,
1773 4834 1865 4878 aut
1906 4802 2049 4898 quod

467 4894 596 4950 estis
621 4894 714 4951 ﬁlii
734 4897 981 4953 Abrahae.
1009 4900 1145 4967 Quid
1165 4904 1304 4957 enim
1322 4907 1559 4974 gentium
1583 4908 1797 4981 doctor,
1814 4894 2048 4974 circum-

2217 672 2312 715 san
2334 675 2493 754 parce
2522 660 2821 754 adhiberet.
2854 664 2989 724 illud
3014 672 3178 738 enim,
3199 672 3390 747 Argue,
3421 660 3656 754 increpa,
3686 684 3820 744 licet

2215 750 2321 804 sint
2346 748 2498 808 valde
2535 750 2752 823 acerba,
2785 757 2840 812 in
2870 758 2984 826 illo,
3029 760 3266 829 Obsecro,
3297 770 3356 822 et
3384 784 3511 839 non,
3558 748 3809 832 blandire.

2214 841 2269 896 Id
2299 845 2494 914 quippe
2522 846 2654 901 scite
2688 845 2906 917 factum,
2937 854 3184 910 acerbius
3205 866 3289 911 est
3311 859 3628 932 voluptariis
3652 876 3812 937 atque

2211 934 2437 1002 ahjeetm
2487 938 2687 993 mentis
2713 936 3017 998 hominibus
3045 944 3318 1016 quibusvis
3349 955 3685 1022 gravioribus
3725 934 3806 1014 in-

2211 1026 2625 1095 crepationibus.
2653 1027 2731 1084 lbi
2757 1031 2899 1086 enim
2933 1032 3161 1092 fortasse
3186 1036 3549 1111 indignatione
3573 1048 3813 1118 quadam

2208 1115 2477 1172 obsistens
2509 1119 2719 1175 animus
2746 1120 3192 1194 increpationem,
3214 1140 3334 1200 quae
3354 1131 3433 1198 lit,
3467 1148 3573 1189 non
3591 1115 3808 1197 sentit:

2208 1204 2314 1261 illis
2344 1218 2474 1263 vero
2506 1210 2706 1265 sensim
2731 1208 2787 1268 et
2818 1214 3072 1283 paulatim
3109 1220 3399 1278 moderatis
3425 1236 3545 1280 cum
3577 1232 3808 1289 veritate

2206 1294 2405 1363 verbis,
2436 1298 2586 1369 quasi
2615 1312 2646 1356 a
2671 1298 2817 1358 lento
2846 1303 2968 1373 igne
2992 1306 3318 1367 sensibiliter
3345 1315 3659 1372 combustus
3682 1320 3806 1376 dis-

2205 1390 2436 1444 secatur.
2468 1389 2582 1459 Qua
2613 1392 2680 1449 de
2715 1406 2775 1450 re
2795 1404 2973 1452 autem
2998 1398 3173 1468 ipsum
3194 1401 3487 1461 admonet?
3514 1409 3584 1465 de
3613 1415 3798 1468 convis-

2203 1476 2305 1530 viis
2333 1485 2388 1532 et
2416 1478 2615 1548 epulis,
2651 1494 2717 1537 an
2751 1480 2819 1539 de
2846 1484 3249 1548 tribulationum
3279 1498 3483 1552 severis
3525 1502 3796 1565 sermoni-

2202 1565 2299 1621 bus
2315 1569 2340 1621 ?
2366 1567 2553 1626 dicens
2583 1590 2596 1626 :
2626 1571 2705 1628 Tu
2734 1574 2880 1634 enim
2907 1579 3047 1633 nosti
3068 1592 3242 1637 meam
3267 1584 3480 1642 vivendi
3506 1590 3801 1659 rationem,

2198 1668 2362 1729 quam
2397 1661 2659 1727 ordinari,
2707 1675 2763 1721 et
2790 1668 3110 1737 institutum,
3169 1682 3224 1727 ut
3254 1675 3432 1732 omnia
3463 1677 3532 1733 ad
3569 1682 3798 1751 gloriam

2200 1747 2293 1804 Dei
2324 1748 2512 1806 iaciam
2539 1753 2593 1808 in
2638 1760 3161 1829 persequutionibus.
3203 1762 3261 1819 In
3303 1747 3677 1837 redarguendo
3702 1784 3795 1829 er-

2198 1853 2353 1907 rore,
2404 1850 2474 1897 an
2522 1844 2714 1901 alicubi
2745 1854 2949 1906 mensae
3000 1850 3062 1906 ﬁt
3104 1855 3337 1910 mentio?
3390 1857 3596 1916 Rursus
3647 1862 3787 1929 Tito,

2195 1930 2447 2001 episcopo
2474 1932 2670 2002 Crete,
2702 1937 3129 2012 videamusquid
3173 1944 3396 2002 scribat.
3453 1948 3531 2004 De
3572 1952 3694 2007 cibo
3736 1960 3791 2010 et

2195 2030 2322 2089 potu
2353 2064 2368 2089 ,
2413 2034 2480 2077 an
2523 2024 2593 2082 de
2639 2028 3095 2098 increpationibus
3140 2042 3199 2094 et
3238 2036 3524 2097 doctrina?
3560 2043 3785 2102 dicens:

2155 2110 2163 2127 ‘
2196 2109 2366 2183 Hujus
2393 2115 2465 2168 rei
2493 2119 2658 2186 gratia
2700 2120 2880 2191 retinui
2927 2128 2974 2178 le
2999 2122 3183 2193 Creta,
3225 2137 3283 2181 ut
3327 2146 3387 2183 eo
3428 2147 3543 2201 quia
3582 2135 3783 2202 destitit,

2191 2204 2442 2273 entendes,
2461 2214 2507 2260 et
2523 2208 2627 2263 iiiis
2646 2213 2951 2280 persuadeas
2974 2226 3073 2269 non
3089 2218 3237 2272 aliter
3261 2220 3449 2277 docere
3466 2224 3593 2295 (Tit.
3619 2224 3671 2281 i.
3701 2230 3787 2301 Β),

2190 2307 2348 2364 neque
2356 2297 2611 2353 attendere
2625 2299 2813 2370 fabulis
2828 2311 2874 2356 et
2886 2305 3194 2378 gene‘alogiis
3213 2312 3546 2369 inter-minutis
3563 2317 3582 2386 (
3592 2318 3610 2371 Ι
3625 2297 3777 2373 ,πέλ

2282 2386 2379 2455 4);
2438 2388 2912 2459 reprehensionum
2957 2408 3169 2468 quoque
3211 2401 3468 2472 adjicieus
3519 2382 3736 2464 modum
3764 2428 3787 2465 ε

2188 2471 2446 2530 Cretenses
2472 2492 2670 2549 semper
2698 2483 2981 2551 mendaces,
3013 2489 3162 2542 mata:
3183 2471 3373 2558 bestias,
3406 2501 3611 2551 ventres
3638 2501 3787 2571 pigri

2187 2563 2310 2634 (Tit.
2346 2567 2396 2620 l.
2430 2562 2539 2637 12).
2572 2570 2760 2626 Dicant
2784 2573 2938 2629 nobis
2963 2579 3164 2633 ventris
3199 2584 3360 2648 servi,
3388 2590 3443 2639 et
3469 2562 3785 2645 mensarum

2183 2655 2443 2724 gigantes,
2490 2668 2539 2712 et
2592 2662 3024 2720 muliercularum
3072 2669 3373 2739 accipitres,
3416 2677 3505 2746 qui
3554 2678 3789 2737 lautitiis

2181 2741 2555 2801 abstinentiam
2580 2751 2997 2818 reprehendunt,
3036 2757 3163 2813 licet
3181 2741 3509 2819 revolverint
3538 2779 3689 2824 vetus
3722 2779 3785 2827 et

2180 2848 2375 2888 novum
2423 2836 2842 2909 Testamentum,
2895 2846 2983 2900 ubi
3030 2848 3335 2907 invenerint
3373 2857 3674 2915 convivium
3719 2861 3781 2917 in

2180 2928 2334 2984 laude
2362 2933 2588 3001 positum
2618 2949 2632 2987 :
2681 2936 2783 2991 nisi
2813 2936 2953 2993 forte
2988 2942 3126 3011 apud
3150 2944 3494 3017 alienigenas,
3523 2951 3680 3021 idque
3704 2954 3775 3010 ad

2177 3019 2495 3078 ﬁrmandum
2527 3024 2717 3093 fmdus,
2751 3042 2816 3084 eo
2840 3031 2980 3101 quod
3006 3033 3123 3104 lege
3147 3040 3375 3095 convivii
3410 3039 3538 3097 ferae
3557 3019 3613 3099 et
3643 3045 3771 3102 bar-

2174 3112 2287 3168 bari
2311 3115 2634 3174 cicurantur.
2675 3120 2899 3186 Quando
2925 3136 3051 3180 vero
3082 3129 3322 3185 convivia
3344 3134 3775 3202 peccatioe‘caslo

2174 3218 2280 3260 non
2310 3207 2672 3264 exstiterunt?
2708 3212 2833 3281 quid
2876 3226 3053 3271 autem
3088 3218 3228 3285 dico,
3265 3226 3510 3293 peccati?
3550 3227 3690 3286 lbrte
3713 3237 3776 3287 et

2171 3296 2390 3366 majoris
2418 3298 2735 3357 idololatria:
2763 3313 2817 3360 et
2840 3305 3131 3377 lratricidil,
3168 3312 3311 3371 sicut
3344 3317 3601 3387 scriptum
3634 3331 3720 3378 est
3750 3364 3765 3382 .

2172 3385 2317 3441 Sedit
2337 3391 2555 3458 populus
2575 3393 2884 3449 manducare
2900 3408 2946 3450 et
2971 3399 3152 3466 bibere,
3179 3411 3227 3455 et
3247 3385 3571 3462 surrexerunt
3590 3408 3769 3468 ludere

2172 3476 2362 3549 (Exod.
2389 3480 2478 3547 32,
2528 3480 2609 3555 ϐ).
2637 3485 2764 3540 Erat
2795 3496 2969 3544 autem
3010 3487 3166 3547 ludus
3204 3494 3479 3553 ebrietatis
3505 3500 3721 3558 soboles
3746 3523 3765 3559 :

2181 3566 2371 3637 Venite,
2421 3574 2668 3643 faciamus
2705 3576 2833 3632 deos
2865 3581 2957 3650 qui
2992 3598 3091 3636 nos
3126 3586 3416 3654 prmcedant
3462 3589 3570 3661 (Ib.
3593 3604 3641 3646 υ.
3686 3594 3763 3663 l).

2167 3656 2268 3726 Qui
2292 3662 2435 3715 enim
2467 3664 2591 3719 vino
2616 3670 2866 3722 commoti
2898 3681 3071 3737 erant,
3117 3675 3342 3731 mobiles
3381 3656 3509 3734 deos
3551 3690 3766 3751 quaere:

2165 3749 2315 3819 bunt,
2355 3767 2477 3807 cum
2511 3752 2837 3813 immobilem
2864 3769 2920 3815 et
2944 3763 3121 3817 omnia
3148 3778 3256 3820 non
3283 3749 3584 3825 incedendo
3604 3784 3761 3828 com-

2168 3840 2401 3910 plentem
2426 3844 2786 3914 reliquissent.
2809 3850 2948 3918 Quid
2967 3862 3145 3909 autem
3179 3855 3308 3912 dicit
3330 3861 3628 3929 propheta?
3651 3862 3763 3919 La-

2164 3930 2251 3986 bia
2278 3935 2571 3990 sacerdotis
2614 3938 2938 3997 meditemur
2965 3945 3239 4001 convivia?
3265 3962 3470 4017 omnes,
3510 3960 3566 4006 et
3594 3965 3769 4022 pran-

2164 4020 2250 4076 dia
2281 4025 2563 4094 exquirent
2597 4028 2666 4083 ab
2692 4030 2801 4085 eo?
2837 4046 2926 4099 an,
2970 4033 3131 4090 Labia
3165 4041 3440 4097 sacerdotis
3477 4020 3769 4101 custodiens

2163 4111 2344 4183 legem,
2375 4125 2524 4185 atque
2546 4134 2610 4173 ea:
2633 4135 2720 4174 ore
2741 4122 2852 4193 ejus
2878 4139 3158 4182 sermonem
3186 4132 3484 4200 nequirent?
3506 4137 3625 4204 Quid
3656 4150 3757 4191 an-

2160 4207 2303 4274 gelus
2326 4206 2534 4263 Domini
2581 4221 2654 4266 est
2691 4213 2909 4283 (Malae.
2977 4222 3031 4277 2.
3060 4219 3138 4291 7),
3180 4232 3233 4275 et
3273 4234 3381 4278 non
3410 4238 3637 4297 coquus.
3684 4229 3763 4285 Et

2164 4296 2323 4351 turris
2343 4298 2431 4352 illa
2461 4300 2513 4353 in
2541 4298 2778 4359 Chalane
2803 4307 3018 4376 quando
3056 4308 3313 4367 aediﬁcem
3350 4315 3471 4369 est?
3500 4296 3635 4373 ante
3672 4320 3761 4374 vi-

2161 4399 2310 4454 num,
2351 4402 2418 4443 an
2443 4399 2565 4460 post
2587 4391 2809 4448 vinum?
2847 4410 3027 4455 nonne
3065 4414 3185 4455 cum
3221 4402 3364 4470 vino,
3400 4407 3612 4476 quando
3639 4408 3761 4466 Noe

2159 4476 2399 4546 plantato
2425 4481 2665 4551 palmite,
2707 4486 2909 4555 primus
2945 4490 3198 4559 probrum
3229 4493 3565 4552 demessuit?
3597 4498 3661 4555 Si
3682 4502 3753 4556 ita

2158 4583 2246 4623 res
2282 4585 2343 4626 se
2387 4571 2566 4641 habet,
2612 4590 2719 4630 non
2769 4588 2985 4649 propter
3010 4590 3191 4650 potum
3218 4593 3308 4639 aut
3345 4586 3755 4657 plantationem,

2157 4659 2257 4714 sed
2300 4672 2515 4732 propter
2559 4680 2865 4725 excessum.
2916 4671 3142 4740 Quando
3186 4674 3385 4747 Joseplt
3430 4680 3675 4735 venditus
3720 4698 3749 4736 a

2155 4747 2452 4809 fratribus?
2475 4770 2543 4809 an
2570 4758 2785 4826 quando
2811 4761 2862 4815 in
2890 4764 3169 4831 pascendis
3197 4768 3384 4824 ovibus
3413 4772 3751 4839 occupaban-

2156 4842 2279 4895 tur?
2316 4858 2382 4898 an
2408 4860 2529 4901 cum
2559 4850 2764 4918 upimas
2778 4852 3080 4922 jugulantes
3105 4871 3233 4913 oves
3255 4869 3415 4930 atque
3442 4861 3665 4919 edentes
3693 4870 3747 4922 in

2153 4933 2281 5001 ctio,
2309 4935 2557 4994 invidiam
2585 4941 2843 4999 adversus
2880 4946 3051 5015 ipsum
3082 4949 3419 5008 iniconvivio
3448 4956 3732 5016 molieban-

2153 5023 2270 5078 tur?
2308 5025 2535 5084 Ubinam
2556 5029 2776 5089 Joannis
2801 5035 3050 5105 Baptista:
3075 5051 3234 5111 caput
3258 5043 3312 5098 in
3350 5044 3499 5101 disco
3531 5047 3744 5106 obtule-

2028 5076 2038 5081 ,
2254 5076 2260 5077 ,
2317 5076 2535 5084 _____“---
2556 5076 2775 5089 ---πων
2801 5076 2877 5090 ν-
2913 5076 3050 5094 ...νιιυ
3075 5076 3135 5094 ω
3178 5076 3234 5097 ιιι
3258 5076 3312 5098 ιιι
3350 5076 3499 5101 utsw
3531 5076 3743 5106 υυιιιιυ·

463 5076 1082 5139 vaselectionisl’aulus?
1106 5084 1438 5145 inveniturne
1455 5106 1672 5160 prorsus
1686 5110 1865 5154 curam
1882 5115 2051 5173 agens
2148 5126 2272 5170 runt
2294 5120 2684 5177 meretriculae?
2713 5125 2765 5179 in
2795 5076 2936 5182 emiu
2979 5076 3275 5202 sapieti’tiar,
3309 5148 3378 5191 an
3413 5137 3464 5191 in
3492 5139 3743 5197 convivio

462 5187 685 5239 mensis,
706 5176 795 5245 qui
821 5190 1000 5233 rerum
1026 5179 1263 5236 omnium
1283 5185 1452 5255 magis
1475 5203 1633 5258 quam
1656 5191 1811 5264 hujus
1837 5197 2045 5257 debitor

461 5276 597 5334 erat,
625 5275 680 5322 et
707 5267 936 5324 debebat
960 5281 1164 5342 gentes,
1208 5284 1390 5345 utpote
1414 5280 1735 5352 incredulas,
1772 5304 1865 5357 per
1890 5307 2040 5349 men,-

459 5367 574 5409 sam
597 5357 699 5413 sibi
733 5359 1067 5432 adiungere?
1093 5363 1229 5432 Quid
1269 5367 1360 5424 ille
1387 5371 1571 5427 scribit
1596 5374 1897 5444 Timotheo,
1928 5385 2041 5454 epi-

459 5456 624 5513 sc0po
644 5445 836 5541 liphesi
871 5451 921 5523 (l
947 5451 1082 5508 Tim.
1113 5456 1167 5509 4.
1203 5456 1329 5528 l6)?
1362 5458 1498 5515 Vaca
1522 5477 1720 5520 mensae
1738 5445 2035 5541 apparatui,

459 5623 701 5712 omnium
720 5630 946 5688 maxime
963 5636 1189 5709 impiger
1208 5648 1325 5697 erat
1337 5651 1395 5697 et
1419 5623 1653 5702 intentus
1673 5647 1859 5706 beatus
1873 5652 2034 5712 Joan-

460 5724 562 5766 nes
593 5726 608 5761 '.
634 5708 950 5789 Importune,
979 5708 1275 5800 opportune,
1301 5731 1450 5802 insta,
1479 5733 1664 5792 dicens
1692 5752 1706 5793 :
1736 5753 1908 5809 argue,

2149 5204 2470 5275 impietatis?
2495 5210 2690 5269 Beatus
2709 5216 2905 5273 Paulus
2930 5219 3118 5277 bibens
3142 5232 3199 5278 et
3224 5227 3512 5283 comedens
3535 5228 3606 5284 ad
3626 5244 3742 5285 me-

2145 5294 2285 5351 diam
2312 5313 2478 5370 usque
2509 5314 2720 5362 noctem
2746 5312 3092 5379 protrahebat
3128 5329 3458 5385 sermonem,
3505 5333 3573 5375 an
3599 5322 3743 5393 jeju-

2144 5403 2245 5444 nus
2270 5399 2324 5446 et
2345 5391 2565 5464 docens,
2608 5407 2768 5470 atque
2797 5402 2963 5458 Deum
3007 5405 3314 5476 ignorantes
3343 5410 3410 5465 ad
3445 5412 3604 5468 [idem
3643 5391 3740 5469 ad-

2122 5476 2386 5547 ducens?
2437 5483 2556 5556 lpse
2592 5498 2768 5546 autem
2811 5508 3050 5550 summus
3107 5497 3295 5554 Pastor
3342 5509 3398 5556 et
3446 5501 3644 5558 Ductor
3683 5512 3739 5559 et

458 5547 527 5587 an
554 5533 790 5634 lectioni,
836 5543 1214 5616 adhortatioui,
1240 5549 1535 5607 doctrinm?
1561 5533 1833 5624 quibusin
1877 5533 2037 5622 rebus
2139 5533 2385 5643 magis;
2403 5533 2558 5635 iiii;
2591 5533 2853 5650 6133.;

2896 5585 3111 5642 humani
3157 5590 3473 5648 emendator
3511 5596 3734 5658 erroris.

2139 5662 2353 5721 ubinam
2396 5669 2450 5723 in
2486 5669 2700 5730 civitate
2723 5676 2986 5746 reperitur
3008 5679 3316 5749 comedens,
3356 5684 3455 5738 nisi
3493 5693 3739 5755 tempere

2143 5752 2388 5827 Pascha,
2459 5760 2599 5832 quod
2651 5772 2765 5819 erat
2825 5768 3198 5836 mysteriorum
3243 5752 3739 5842 complementum?
