4018 6404
638 366 659 399 ΐ

267 423 335 480 ιε
638 366 667 430 ξ’
1162 400 1251 455 DE
1295 394 1447 451 “TA
1485 392 1541 447 S.
1583 381 1857 461 JOANNIS
1894 370 2378 435 CHKYSUSTOML
3482 365 3551 421 ιθ

268 540 407 612 Quid
447 543 627 591 autent
675 538 725 585 et
756 520 997 582 sollicitis
1031 512 1305 583 discipulis
1341 505 1603 612 invenitur
1645 493 1858 556 dicere?

272 593 539 693 dei—cibis,
585 639 655 679 an
682 619 749 675 de
785 610 1051 673 lectione?
1100 601 1415 675 Operamini,
1453 593 1863 693 inquienstnon

277 682 589 794 pereuntem,
616 713 703 768 sed
725 712 1095 780 permanentem
1115 698 1276 754 ctbunt
1302 695 1479 767 (Joan.
1505 687 1683 754 6.9.7).
1700 682 1867 789 -D.icat

277 776 439 888 igitur
473 824 598 867 cum
648 803 875 859 Domino
906 795 1192 868 praeclarus
1237 788 1503 845 Joannes:
1550 776 1864 836 Convivium

279 868 460 964 meum
485 910 567 957 est
587 896 734 953 verbi
764 890 1004 947 doctrina
1030 894 1083 940 et
1106 879 1426 942 diStributio,
1446 875 1499 928 in
1521 886 1679 943 quam
1707 868 1866 922 etiam

515 1007 634 1047 sum
664 992 880 1058 pr0pter
908 978 1083 1051 populi
1113 973 1357 1028 salutem.
1386 966 1569 1034 Neque
1597 961 1736 1016 enim
1761 957 1868 1056 Deo

285 1090 438 1144 cibus
466 1096 564 1137 nos
590 1073 948 1137 commendat,
973 1081 1143 1136 neque
1168 1063 1213 1118 si
1241 1058 1600 1116 comedamus,
1629 1061 1801 1118 neque
1825 1045 1869 1099 si

288 1193 397 1233 non
437 1168 800 1231 eomedamus,
846 1176 906 1217 ea
952 1168 1033 1215 est
1062 1155 1203 1209 enim
1247 1143 1578 1205 consuetudo
1614 1138 1869 1212 gentium,

289 1267 496 1325 mensis
536 1262 783 1329 decipere
822 1268 955 1326 quos
1003 1244 1377 1306 incscaverint,
1417 1252 1536 1294 eum
1580 1229 1874 1289 rationibus

295 1356 619 1431 persuadere
639 1351 793 1404 aliter
821 1360 926 1399 non
960 1339 1248 1412 potuerint,
1277 1330 1565 1387 dicentium
1593 1342 1607 1377 :
1648 1322 1876 1377 Edamus

284 1412 636 1501 etiotbatnus;
661 1450 781 1489 cras
811 1433 947 1488 enim
982 1427 1268 1482 morientur
1291 1420 1352 1492 (1
1390 1420 1514 1475 Cor.
1550 1419 1639 1485 15,
1673 1416 1788 1486 52).
1819 1412 1879 1470 In

288 1548 435 1606 quos
466 1527 762 1602 Apostolus
801 1523 1071 1579 acriorem
1103 1515 1532 1586 inerepationem
1578 1512 1879 1580 intorquet,

290 1600 487 1680 dicens
555 1619 637 1676 Ne
659 1616 965 1688 decipimini
986 1629 1004 1666 :
1028 1616 1372 1678 corrumpunt
1396 1620 1566 1660 mores
1597 1603 1759 1657 bonos
1781 1600 1887 1656 col-

294 1712 479 1783 loquia
512 1726 676 1780 prava
708 1707 819 1777 (Ib.
852 1724 898 1762 υ.
936 1706 1040 1774 53)
1065 1721 1078 1758 :
1106 1699 1378 1768 colloquia
1404 1709 1572 1767 prava
1602 1692 1886 1764 appellans

296 1800 464 1856 verba
488 1814 609 1868 qua:
636 1796 781 1852 circa
808 1792 1077 1862 ejusmodi
1106 1804 1194 1844 res
1220 1791 1530 1841 versantur.

368 1864 877 1940 ΟΑνίπιιιμ-Οιλο.
906 1877 1126 1932 Sincere
1152 1872 1363 1942 quidem
1391 1877 1448 1924 et
1477 1866 1725 1937 perdocte
1753 1864 1880 1919 huc-

299 1992 469 2048 usque
512 1976 717 2029 locutus
765 1986 853 2032 es,
896 1977 946 2024 ct
976 1967 1046 2020 ita
1072 1979 1132 2019 se
1170 1976 1259 2018 res
1299 1960 1478 2014 habet.
1515 1956 1604 2010 Va:
1626 1957 1756 2010 enim
1794 1953 1881 2023 qui

304 2045 429 2126 dicit
455 2066 604 2122 dulce
627 2078 875 2127 amarum,
899 2069 943 2114 et
964 2072 1194 2112 amarunt
1222 2052 1406 2107 dulce!
1435 2066 1509 2105 me
1529 2049 1615 2120 qui
1642 2048 1780 2117 ponit
1803 2045 1881 2100 lu-

299 2179 409 2217 cem
430 2159 674 2222 tenebras,
703 2165 749 2209 et
773 2152 998 2207 tenebras
1025 2150 1183 2203 lucem
1211 2144 1364 2215 (Isai.
1391 2143 1442 2196 5.
1467 2140 1559 2208 ΞΟ)
1581 2141 1595 2192 ι
1617 2137 1721 2194 Sed
1743 2137 1883 2191 dicet

300 2252 422 2324 quis
450 2269 466 2305 :
498 2248 605 2304 Nec
631 2261 726 2301 uos
754 2244 979 2299 dicimus
1007 2241 1177 2309 ipsum
1208 2232 1466 2305 ejusmodi
1493 2229 1693 2285 mensis
1728 2226 1881 2282 dedi-

304 2316 416 2399 tum
443 2356 562 2397 esse
589 2338 804 2394 debere.
848 2330 1136 2388 lmmodica
1166 2329 1307 2383 enim
1344 2325 1434 2379 illa
1461 2320 1697 2392 profusio
1736 2316 1883 2371 volu-

304 2434 463 2505 ptatis
492 2431 702 2486 occasio
729 2437 830 2491 est,
849 2434 901 2481 et
925 2422 1084 2477 nimia
1115 2415 1435 2488 parcimonia
1464 2412 1701 2483 segnitiae
1726 2419 1779 2464 et
1808 2417 1885 2463 te-

302 2504 550 2581 nacitatis
572 2518 973 2577 demonstratio.
1003 2512 1181 2569 Potuit
1201 2510 1342 2565 enim
1372 2516 1425 2563 et
1445 2506 1588 2561 solos
1608 2504 1885 2573 episcopos

302 2632 523 2681 vocare,
550 2625 604 2669 et
629 2629 694 2669 ex
727 2611 807 2664 his
836 2607 1126 2678 praisertim
1153 2601 1511 2671 religiosiores
1536 2614 1547 2649 :
1571 2604 1625 2650 et
1648 2594 1692 2647 si
1710 2594 1885 2646 minus

303 2710 427 2774 hos,
461 2706 647 2760 saltem
674 2701 945 2773 proprium
972 2697 1172 2752 clerum
1198 2712 1210 2747 :
1239 2693 1451 2747 imitans
1496 2687 1770 2741 Dominum
1799 2699 1889 2737 ve-

302 2808 543 2855 scentem
569 2809 689 2850 cum
728 2788 1006 2846 duodecim
1033 2783 1304 2855 apostolis.
1338 2782 1509 2835 Ense.
1547 2776 1710 2830 \‘alde
1755 2789 1885 2829 con-

301 2900 559 2944 sentanea
602 2881 951 2954 respondisti,
986 2876 1262 2932 hominum
1294 2869 1674 2926 veracissime:
1720 2864 1885 2935 siqui-

303 2983 431 3038 dem
462 2981 601 3051 passi
631 2976 857 3032 fuissent
882 2973 1060 3029 clerici
1104 2985 1224 3024 cum
1251 2967 1455 3023 Joanne
1483 2963 1774 3034 prandere,
1799 2959 1888 3030 qui

305 3082 429 3143 post
454 3070 639 3124 horam
670 3077 723 3123 et
760 3074 878 3136 post
916 3063 1057 3118 diem
1088 3059 1351 3116 interdum
1382 3056 1604 3118 edebat;
1639 3052 1734 3119 ipsi
1764 3065 1889 3103 vero

304 3140 479 3219 inulto
520 3174 639 3214 cum
681 3162 934 3227 apparatu
967 3161 1139 3206 tantas
1186 3149 1368 3219 epulas
1405 3159 1567 3215 quam
1613 3140 1890 3197 celerrime

304 3252 667 3309 sectabantur.
723 3245 1023 3303 Absurdum
1071 3250 1187 3297 erat
1226 3239 1375 3293 cibos
1425 3234 1755 3289 infirmorum
1801 3238 1893 3284 aut

306 3359 602 3417 pauperum
645 3355 851 3405 eorum,
879 3338 965 3408 qui
995 3335 1108 3390 sani
1152 3340 1301 3387 erant
1329 3324 1746 3395 intemperantia:
1790 3321 1890 3375 im-

304 3415 565 3508 pendere.
597 3434 851 3501 Quzenam
896 3443 1054 3498 porro
1083 3426 1168 3480 lex
1195 3423 1283 3477 illa
1331 3429 1431 3484 est,
1463 3415 1749 3485 discipulos
1777 3427 1891 3466 ma-

306 3530 477 3597 gistro
501 3524 811 3593 praecipere,
842 3520 909 3574 ab
952 3516 1172 3573 inﬁrmis
1197 3512 1370 3569 curari
1400 3509 1688 3572 medicum,
1733 3513 1823 3559 aut
1860 3518 1891 3558 a

308 3618 617 3675 vectoribus
642 3614 751 3685 regi
782 3606 1220 3683 gubernatorem?
1248 3620 1369 3660 cum
1400 3601 1638 3658 medicus
1682 3611 1895 3666 semper

309 3721 462 3767 curet
510 3709 771 3771 infirmos,
800 3716 852 3759 et
889 3710 1187 3774 prmccptor
1213 3699 1444 3768 corrigat
1488 3692 1775 3761 discipulos
1796 3730 1810 3755 ,
1841 3698 1897 3743 et

311 3804 466 3859 navis
510 3802 834 3871 gubernator
871 3795 1011 3866 quod
1060 3792 1183 3846 utile
1235 3798 1317 3846 est
1363 3786 1727 3857 navigantibus
1766 3795 1893 3852 pro-

310 3904 481 3952 curet.
512 3895 578 3949 Et
603 3892 810 3946 medico
834 3889 1044 3959 quidem
1076 3894 1234 3954 atque
1257 3877 1593 3952 gubernatori
1623 3876 1896 3943 obtempe-

311 3996 516 4051 rantes,
544 3986 631 4054 qui
660 3983 759 4035 sub
783 3982 886 4034 illis
912 3985 1056 4042 sunt,
1084 3977 1207 4029 vita:
1231 3987 1389 4027 causa
1415 3970 1654 4024 dolorem
1682 3978 1894 4020 omnem

311 4092 377 4132 se
403 4074 701 4130 molestiam
743 4070 984 4133 fuerunt,
1013 4078 1235 4136 quorum
1278 4071 1330 4117 et
1358 4072 1635 4116 successus
1665 4056 1897 4110 incertus

310 4178 399 4224 est
430 4184 444 4221 :
471 4174 528 4218 at
563 4179 689 4217 vero
735 4161 988 4214 adversus
1022 4163 1401 4226 praeceptorem
1440 4163 1619 4204 rerum
1665 4145 1894 4216 optima-

320 4273 444 4315 rum
474 4299 490 4324 ,
546 4255 635 4325 qui
690 4252 905 4307 morbos
957 4259 1011 4304 et
1070 4245 1404 4301 inﬁrmitates
1460 4239 1674 4307 abigere
1729 4236 1899 4289 solers

313 4360 436 4414 est,
504 4357 559 4403 et
615 4346 943 4413 voluptatum
1007 4341 1330 4394 decumanos
1396 4333 1586 4388 ﬂuctus
1643 4344 1899 4398 superare

312 4439 658 4502 exercitatus,
706 4434 978 4490 eﬂ‘rtenato
1026 4431 1109 4484 isti
1156 4444 1249 4482 ore
1294 4428 1590 4494 insurgunt,
1637 4422 1814 4487 illotis,
1846 4429 1900 4473 ιιι

312 4534 490 4594 aiunt,
538 4528 760 4598 pedibus
798 4526 974 4581 omnia
1019 4523 1328 4578 miscentes.
1382 4518 1491 4573 Etsi
1534 4516 1673 4571 enim
1725 4514 1815 4568 ille
1842 4528 1901 4567 se

314 4624 523 4677 mensis
548 4620 879 4681 devovisset,
910 4631 975 4669 au
1016 4622 1092 4668 tot
1120 4610 1511 4681 magistratibus
1549 4616 1602 4663 et
1629 4604 1900 4660 honoratis

315 4716 567 4772 sufﬁcere
611 4719 837 4783 poterat.
886 4719 990 4765 tam
1035 4721 1277 4775 magnam
1322 4704 1586 4759 civitatem
1636 4700 1897 4765 habitans,

317 4806 546 4876 singulis
576 4814 665 4859 aut
709 4813 922 4873 propter
948 4799 1396 4859 benedictionem,
1432 4805 1523 4848 aut
1572 4803 1788 4863 propter
1818 4790 1901 4843 in-

312 4901 518 4972 opiam.
543 4908 632 4952 aut
661 4904 875 4966 proltter
898 4895 1095 4965 gulam,
1125 4890 1262 4960 apud
1293 4890 1437 4943 illum
1462 4887 1602 4942 vesci
1625 4884 1901 4955 postulan—

318 4988 503 5043 tibus?
549 4986 645 5042 Ubi
696 4994 872 5038 autem
915 4985 1088 5038 locum
1142 4980 1412 5034 habuisset
1460 4978 1549 5031 Dei
1606 4974 1900 5037 meditatio,

316 5079 505 5153 populi
538 5078 857 5148 procuratio,
906 5076 1124 5132 scientia
1153 5073 1567 5143 Scripturarum,
1601 5066 1905 5122 sollicitudo

316 5173 624 5237 viduarum,
670 5173 930 5242 virginum
979 5169 1249 5230 solatium,
1310 5165 1639 5219 infirmorum
1680 5162 1902 5224 curatio,

318 5265 644 5322 afﬂictorum
676 5264 949 5327 auxilium,
981 5260 1273 5315 errantium
1322 5255 1624 5319 conversio,
1651 5254 1880 5306 contrito

319 5373 442 5413 rum
494 5372 650 5419 cura,
711 5370 925 5410 carcere
950 5354 1287 5408 detentorum
1337 5345 1605 5402 visitatio?
1641 5342 1906 5401 Cancrum

319 5447 594 5520 quomodo
622 5446 889 5516 effugisset
931 5442 1391 5515 exprobratoriam
1434 5439 1576 5491 illam
1621 5436 1710 5490 Dei
1744 5434 1910 5488 male-

322 5539 640 5603 dictionem,
665 5553 766 5608 qua
797 5535 1084 5604 exprobrat
1129 5533 1268 5601 apud
1296 5527 1627 5586 Ezechielem
1654 5542 1668 5579 :
1704 5525 1791 5580 i'a:
1816 5542 1909 5593 pa-

321 5632 581 5695 storibus,
627 5631 713 5698 qui
762 5630 953 5699 seipsos
1008 5634 1258 5697 pascunt,
1305 5633 1351 5678 et
1395 5638 1508 5676 oves
1553 5635 1655 5673 non
1701 5629 1911 5689 pascunt

324 5725 542 5794 (Each.
573 5724 665 5781 δι.
692 5723 791 5794 2)?
827 5724 957 5788 Qua:
986 5727 1257 5775 erraverat
1303 5732 1407 5772 non
1436 5714 1746 5781 reduxistis,
1794 5727 1911 5783 qua:

325 5817 557 5889 perierat
613 5832 717 5871 non
766 5814 1097 5885 requisistis,
1148 5811 1413 5866 infirmum
1469 5824 1573 5865 non
1626 5806 1905 5876 visitastis,

1969 487 2255 544 contritum
2296 496 2403 539 non
2425 483 2731 552 obligastis,
2762 491 2816 538 et
2859 496 2977 548 qum
3018 480 3225 552 pinguis
3253 488 3401 539 erat.
3429 497 3545 534 rua-

1969 585 2178 634 ctantes
2204 573 2530 632 comedistis.
2552 572 2626 628 De
2651 571 2842 644 quibus
2866 572 2995 628 dicit
3018 572 3212 628 Paulus
3244 569 3548 627 :Sustinetls

1964 672 2106 726 enim
2121 672 2169 725 si
2182 672 2299 742 quis
2316 688 2406 725 eos
2425 672 2480 725 in
2504 672 2807 726 serritutem
2828 672 3040 743 redigit,
3057 674 3104 727 si
3116 674 3233 744 quis
3249 674 3487 739 devorat,
3507 677 3555 730 si

1969 765 2088 835 quis
2112 764 2305 829 accipit
2331 763 2385 835 (2
2442 761 2568 820 Cor.
2598 765 2686 827 ll,
2714 762 2824 835 20)
2849 783 2862 817 :
2893 772 2946 818 et
2967 766 3108 821 lanis
3131 765 3347 835 quidem
3375 766 3551 820 induti

1971 856 2128 921 estis,
2145 872 2277 912 oves
2293 867 2475 912 autem
2495 871 2602 911 non
2618 857 2865 926 pascitis.
2885 856 2949 911 Et
2966 857 3021 910 in
3036 855 3267 912 Ieremia
3290 857 3358 914 de
3378 857 3551 927 pigris

1972 946 2286 1016 pastoribus
2307 947 2474 1002 dicit:
2505 945 2756 1000 Pastores
2792 945 2947 999 multi
2971 957 3317 1016 corruperunt
3347 950 3552 1001 vineam

1971 1039 2104 1093 mihi
2122 1038 2255 1111 (Jer.
2279 1040 2364 1102 12,
2389 1041 2453 1094 10
2473 1040 2511 1109 ).
2529 1038 2618 1092 Ait
2637 1039 2791 1093 Duc.
2814 1038 3034 1093 Poterat
3053 1053 3147 1094 eos
3169 1054 3385 1108 quoque
3407 1042 3557 1093 certo

1973 1142 2219 1202 tempore
2237 1146 2454 1196 curare,
2473 1140 2525 1186 et
2540 1131 3042 1186 ecclesiasticarum
3062 1145 3242 1183 rerum
3261 1143 3447 1182 curam
3467 1129 3559 1182 ha-

1977 1220 2136 1282 bere,
2162 1235 2232 1275 ne
2258 1219 2313 1273 iu
2331 1234 2397 1275 eo
2421 1220 2560 1273 male
2583 1219 2775 1274 audire
2807 1219 3105 1279 videretur,
3134 1218 3226 1286 qui
3258 1218 3312 1270 in
3343 1216 3555 1272 cat-teris

1977 1323 2210 1381 magnus
2226 1316 2367 1363 erat.
2383 1307 2558 1364 EPISC.
2576 1306 2690 1362 Hoc
2708 1324 2900 1378 nempe
2918 1314 3022 1372 est,
3036 1305 3180 1376 quod
3202 1306 3256 1358 in
3270 1303 3557 1359 sacerdote

1978 1402 2296 1473 requiritur,
2314 1400 2500 1456 videre
2522 1417 2590 1456 ne
2610 1402 2748 1455 male
2767 1400 2977 1462 audiat,
2995 1414 3089 1455 seu
3107 1397 3285 1467 potius
3307 1404 3366 1450 ut
3385 1395 3557 1465 largi—

1978 1502 2060 1548 ter
2077 1507 2385 1548 sermonem
2400 1493 2656 1575 praebeat,
2675 1493 3091 1558 curam,zelum,
3109 1502 3271 1560 atque
3286 1490 3556 1558 reliquum

1981 1585 2364 1642 sacerdotalem
2395 1587 2663 1643 affectum.
2691 1588 2768 1642 An
2801 1588 3032 1657 ignoras,
3062 1589 3362 1642 venerande
3389 1587 3564 1644 Theo-

1982 1675 2132 1741 dore,
2170 1679 2366 1746 injusto
2404 1678 2685 1734 maledicto
2709 1679 3089 1734 beatitudinem
3121 1694 3147 1731 a
3182 1679 3406 1732 Domino
3430 1678 3562 1734 dell-

1980 1766 2171 1829 ititam.
2196 1770 2286 1838 qui
2310 1784 2428 1824 cum
2455 1771 2573 1825 aliis
2599 1769 3055 1825 benedictionibus
3071 1770 3201 1824 dixit
3223 1789 3234 1823 :
3253 1769 3397 1824 Beati
3420 1772 3561 1837 estis,

1985 1875 2098 1913 cum
2124 1862 2260 1914 vobis
2284 1862 2690 1930 exprobraverint
2706 1903 2720 1925 ,
2746 1870 2790 1914 et
2820 1861 3037 1915 dixerint
3064 1858 3210 1914 omne
3238 1862 3558 1915 maledictum

1985 1953 2223 2005 adrersus
2239 1968 2321 2005 vos
2335 1952 2546 2020 (Matth.
2564 1953 2648 2007 ΞΜ
2664 1954 2681 2006 l
2696 1954 2735 2022 ).
2755 1950 2844 2006 Va:
2855 1963 3022 2005 autem
3038 1953 3192 2019 vobis,
3209 1954 3408 2021 quando
3429 1955 3565 2009 vobis

1989 2043 2327 2098 benedixcrint
2363 2060 2534 2097 omnes
2561 2044 2783 2097 homines
2808 2059 2825 2097 :
2851 2046 3124 2098 secundum
3162 2045 3292 2097 enim
3322 2061 3380 2099 ea
3406 2046 3563 2115 facie-

1989 2137 2107 2190 bant
2135 2137 2393 2204 praphctis
2424 2144 2591 2205 patres
2631 2151 2807 2189 eorum
2851 2134 3000 2204 (Luc.
3034 2135 3082 2189 6.
3120 2134 3236 2206 26).
3279 2135 3562 2201 Quomodo

1988 2237 2166 2282 autem
2193 2241 2254 2280 os
2285 2227 2337 2281 in
2362 2226 2557 2281 divinis
2586 2226 2812 2296 eloquiis
2836 2227 3204 2289 exercitatum.
3237 2235 3292 2282 et
3317 2228 3461 2282 auris
3490 2227 3569 2282 di-

1988 2319 2110 2373 vina
2140 2317 2354 2373 oracula
2388 2317 2571 2371 audire
2598 2327 2829 2381 assueta,
2858 2332 3057 2371 mensa:
3085 2317 3455 2388 loquacitatem
3486 2330 3569 2374 to-

1990 2409 2233 2474 Iurasset,
2269 2410 2496 2462 Domino
2523 2408 2732 2463 dicente
2756 2427 2770 2463 :
2806 2406 2971 2461 Nemo
2997 2416 3156 2477 potest
3187 2398 3383 2462 duobus
3405 2408 3569 2463 domi.

1991 2501 2069 2554 nis
2110 2502 2328 2563 amare;
2354 2500 2581 2563 deinde,
2630 2501 2747 2554 Non
2778 2503 2978 2569 potestis
3017 2500 3123 2555 Deo
3165 2502 3348 2555 servire
3374 2511 3421 2555 et
3459 2519 3571 2555 ma-

1990 2608 2154 2646 mona’
2202 2590 2417 2662 (Matth.
2465 2591 2517 2646 6.
2569 2592 2703 2661 9.4)?
2750 2586 3065 2658 Qumramus
3118 2592 3277 2660 igitur
3322 2593 3445 2661 quid
3502 2593 3573 2647 sit

1992 2698 2238 2738 mamona
2258 2725 2271 2747 ,
2303 2698 2368 2737 ne
2398 2681 2533 2738 forte
2577 2684 2909 2736 inveniamur
2953 2697 3059 2736 non
3091 2683 3299 2737 duobus
3343 2683 3573 2738 dominis

1992 2774 2226 2840 servire,
2282 2773 2375 2828 sed
2419 2774 2516 2827 soli
2563 2789 2844 2828 mamontc.
2897 2772 3194 2827 Mamonam
3248 2777 3389 2828 enim
3435 2790 3576 2830 nunc

1997 2885 2106 2923 non
2135 2867 2403 2922 diabolum
2440 2866 2590 2933 dicit,
2623 2867 2716 2922 sed
2746 2867 2926 2921 mundi
2978 2866 3134 2936 hujus
3178 2868 3387 2922 inanem
3430 2868 3576 2923 labo-

1995 2979 2128 3026 rem,
2160 2978 2189 3015 a
2216 2978 2323 3032 quo
2369 2961 2665 3031 discipulos
2704 2974 2830 3015 suos
2871 2959 3083 3015 divinus
3124 2975 3300 3014 sermo
3334 2960 3570 3014 abduxit.

1995 3058 2146 3112 Duc.
2186 3056 2354 3120 Redi,
2382 3070 2415 3109 ο
2441 3055 2799 3110 sacratissime
2828 3051 3004 3114 Pater.
3035 3054 3099 3107 ad
3142 3052 3436 3107 narrandas
3482 3068 3574 3109 res

1994 3157 2235 3212 cat-teras,
2263 3147 2388 3201 dum
2415 3160 2715 3201 sermonem
2747 3145 2894 3198 illum
2922 3144 2988 3199 de
3019 3160 3198 3197 mensa
3231 3143 3440 3197 abunde
3463 3143 3575 3211 jam

1995 3239 2420 3297 demonstraris:
2456 3253 2625 3308 neque
2669 3235 2810 3290 feras
2861 3236 3123 3305 graviter,
3153 3234 3293 3304 quod
3334 3249 3393 3288 ea
3426 3232 3575 3303 obje-

1996 3332 2196 3395 cerim;
2239 3330 2387 3398 plura
2432 3327 2573 3382 enim
2623 3325 2762 3381 scire
2805 3324 3050 3393 cnpidus,
3084 3324 3426 3392 multiplicem
3482 3322 3580 3376 do-

1999 3425 2223 3481 ctrinam
2272 3432 2412 3477 tuam
2443 3419 2742 3475 accuratius
2791 3417 3201 3482 interrogabam.
3248 3416 3421 3469 Ense.
3466 3414 3578 3468 lloe

2001 3514 2091 3569 tibi
2118 3528 2147 3567 a
2175 3528 2259 3568 me
2286 3513 2482 3567 clarius
2505 3510 2704 3564 dictum
2744 3508 2848 3575 sit,
2876 3506 3159 3563 Theodore
3185 3503 3576 3559 studiosissime

1998 3611 2138 3679 (ipse
2167 3607 2307 3662 enim
2355 3620 2492 3660 unus
2524 3604 2594 3658 fui
2645 3618 2709 3658 ex
2740 3603 2805 3657 iis
2833 3600 2921 3672 qui
2971 3613 3275 3654 mensarum
3324 3605 3578 3667 apparatu
3658 3604 3663 3609 '

2001 3698 2321 3757 multitudini
2352 3697 2563 3767 placere
2588 3693 2857 3765 student),
2888 3693 3007 3761 quia
3035 3691 3338 3759 episcopus,
3373 3703 3577 3758 magna:

2001 3791 2295 3863 praesertim
2323 3789 2490 3851 urbis,
2514 3787 2602 3855 qui
2630 3785 2884 3841 derelicto
2909 3782 3055 3837 verbi
3086 3780 3402 3845 ministerio,
3426 3786 3583 3834 nocte

2001 3882 2193 3950 dieque
2220 3879 2350 3948 legis
2381 3877 2586 3931 tabulas
2615 3877 2666 3929 in
2695 3874 2940 3929 manibus
2981 3888 3085 3925 non
3129 3869 3361 3934 habens,
3399 3883 3580 3922 curam

2002 3987 2295 4045 pauperum
2323 3986 2430 4024 non
2460 3984 2558 4038 per
2594 3982 2669 4031 sc,
2698 3966 2793 4022 sed
2835 3981 2930 4035 per
2955 3966 3087 4020 alios
3115 3962 3270 4033 gerit,
3302 3962 3455 4031 longe
3483 3962 3584 4015 erit

2001 4064 2157 4118 abiis
2182 4062 2271 4132 qui
2315 4060 2606 4115 dixerunt:
2638 4056 2771 4111 Ecce
2814 4055 3169 4126 dereliqttimus
3208 4054 3394 4116 omnia,
3420 4060 3465 4103 et
3498 4065 3582 4117 se-

2002 4157 2146 4228 quuti
2162 4169 2337 4209 sumus
2353 4161 2430 4205 te:
2455 4151 2577 4219 quid
2598 4164 2714 4218 ergo
2739 4150 2832 4201 erit
2850 4149 2898 4199 in
2927 4147 3067 4199 nobis
3088 4145 3105 4204 (
3126 4144 3307 4197 Matth.
3336 4142 3420 4201 19.
3436 4140 3505 4193 27
3521 4140 3541 4210 )
3560 4141 3585 4192 ’ἓ

2003 4244 2429 4302 annumerandus
2470 4244 2534 4295 iis
2574 4242 2660 4309 qtti
2702 4240 2988 4293 dixerunt:
3034 4236 3278 4301 Domine,
3324 4247 3488 4287 nonne
3532 4233 3585 4286 in

2005 4338 2204 4393 nomine
2234 4345 2318 4389 tuo
2346 4334 2451 4387 luet:
2477 4341 2520 4385 et
2537 4330 2628 4384 illa
2667 4329 2919 4398 fecimus?
2945 4325 3219 4379 auditurus
3249 4339 3365 4378 cum
3408 4321 3536 4391 ipsis
3566 4337 3586 4374 :

2009 4428 2262 4484 Discedite
2313 4444 2343 4478 η
2396 4442 2508 4490 me;
2554 4422 2854 4476 maledicti:
2906 4420 3069 4473 nescio
3122 4434 3243 4480 ros,
3294 4415 3426 4470 unde
3472 4416 3587 4470 estis

2010 4524 2028 4596 (
2059 4523 2181 4576 Luc.
2215 4522 2300 4577 15.
2331 4519 2399 4573 27
2430 4516 2494 4589 )?
2523 4515 2637 4571 Non
2680 4514 2820 4569 enim
2851 4512 3034 4566 Oratio
3077 4510 3317 4579 agnoscit
3364 4506 3583 4561 rationis

2008 4625 2255 4684 expertes
2282 4612 2556 4681 onerarios
2587 4629 2599 4665 :
2635 4623 2796 4678 purus
2839 4606 2979 4661 enim
3029 4604 3124 4672 ipsi
3156 4613 3238 4656 est
3281 4601 3484 4663 oculus,
3519 4614 3584 4652 ne

2008 4707 2182 4761 videat
2209 4705 2369 4759 mala.
2399 4703 2545 4758 Multi
2580 4701 2721 4755 enim
2759 4715 2824 4753 ex
2853 4697 2917 4752 iis
2943 4696 3028 4766 qui
3062 4694 3310 4749 dicuntur
3331 4691 3586 4760 episcopi,

2005 4799 2203 4869 justum
2234 4795 2311 4849 sui
2343 4794 2521 4847 odium
2562 4806 2667 4861 quo
2714 4796 2928 4858 propter
2952 4785 3195 4855 proprios
3242 4796 3417 4837 mores
3446 4780 3592 4834 labo—

2010 4898 2151 4953 rant,
2184 4896 2238 4941 et
2266 4884 2584 4954 Spiritalinm
2617 4881 2872 4934 incuriam
2902 4878 3205 4932 rescindere
3231 4875 3355 4928 dum
3383 4871 3588 4937 volunt,

2013 4982 2200 5034 vitium
2246 4978 2375 5030 vitio
2416 4982 2742 5045 permutant,
2786 4969 3062 5024 avaritiam
3091 4967 3343 5020 vanitate.
3399 4963 3464 5017 Et
3488 4976 3587 5015 una

2013 5074 2224 5144 quidem
2253 5085 2411 5124 manu
2436 5069 2579 5137 large
2606 5075 2887 5136 peccantes
2908 5063 2970 5117 ad
2993 5071 3145 5131 turpe
3172 5059 3400 5117 luctum.
3430 5055 3591 5108 altera

2012 5180 2138 5222 vero
2163 5176 2375 5218 mensas
2400 5166 2793 5220 construentes,
2827 5164 2883 5210 et
2910 5152 3216 5209 sublimium
3249 5146 3591 5202 :t-diliciurttm

2012 5257 2287 5312 columnas
2315 5252 2582 5322 erigentes
2602 5292 2615 5316 ,
2645 5257 2700 5302 ut
2726 5264 2789 5303 ex
2837 5247 2920 5301 his
2949 5245 3074 5301 boui
3107 5251 3160 5298 et
3197 5236 3438 5296 industrii
3470 5248 3590 5291 esse

1986 5350 2313 5411 videantur,
2344 5343 2684 5414 ignominiam
2737 5356 2832 5410 pro
2864 5340 3065 5392 honore
3091 5334 3363 5400 colligunt,
3406 5327 3594 5382 Eccle-

2016 5440 2192 5495 siastre
2236 5437 2599 5499 immemores,
2621 5432 2709 5501 qui
2738 5440 2791 5484 et
2832 5430 2930 5483 ista
2960 5427 3351 5485 construxerat,
3386 5427 3440 5473 et
3467 5417 3591 5471 odio

2019 5530 2224 5593 habuit,
2278 5537 2438 5597 atque
2488 5527 2609 5580 talia
2652 5522 2933 5577 manifeste
2959 5516 3144 5580 vetuit,
3175 5528 3295 5568 cum
3336 5512 3547 5581 scripsit
3581 5529 3593 5562 :

1967 5598 2143 5675 Φ1⁸⁸εεί
2170 5620 2293 5674 mihi
2325 5619 2499 5673 domos
2525 5626 2569 5671 et
2598 5616 2787 5673 hortos.
2818 5622 2870 5665 et
2917 5616 3110 5664 caetera
3148 5624 3160 5660 :
3199 5615 3246 5659 et
3272 5619 3385 5658 erce
3428 5602 3599 5656 omnia

2018 5713 2242 5777 vanitas,
2275 5720 2320 5764 et
2345 5709 2429 5763 odi
2461 5722 2655 5761 omnem
2694 5703 2913 5757 laborem
2942 5714 3138 5765 meum,
3166 5713 3263 5765 quo
3292 5712 3383 5760 eqo
3427 5697 3599 5748 labora

2026 5804 2115 5859 sub
2136 5802 2239 5857 sole
2262 5799 2453 5872 (Eccle.
2477 5795 2532 5849 2.
2557 5794 2607 5849 5.
2640 5794 2720 5847 Η.
2753 5790 2864 5861 Π).
2892 5790 3005 5845 Non
3032 5789 3184 5857 dixit,
3211 5791 3385 5857 Super
3405 5784 3595 5846 solem,
