4018 6412
508 384 574 440 ιτ
1765 369 2073 429 PALLADII
2114 368 2452 428 DIALOGUS
3713 378 3780 433 to

507 509 578 550 ne
604 486 986 547 intellectualcs
1033 487 1246 543 labores
1288 484 1480 555 injuria
1525 481 1784 539 afficeret.
1815 481 1942 538 Hm:
1987 496 2087 538 au-

508 592 614 638 tem
641 581 782 647 dico,
807 591 911 634 non
937 569 1402 648 comprehenderis
1421 583 1534 640 eos,
1557 573 1651 645 qui
1673 573 1813 644 justa
1837 573 1904 628 de
1924 585 2086 628 causa

505 683 560 730 ct
604 672 927 728 necessitate
970 670 1230 726 ecclesias
1267 667 1509 726 condunt
1547 677 1638 721 aut
1678 667 1954 731 reficiunt;
1989 665 2083 721 sed

506 766 717 820 illorum
763 777 944 828 causa,
977 763 1066 834 qui
1103 763 1243 818 bona
1284 769 1572 832 pauperum
1606 761 1657 813 iu
1709 759 1928 828 pensilia
1971 772 2086 812 am-

503 855 738 920 bulacra,
755 863 812 911 et
834 854 1096 908 aeriarum
1115 869 1370 922 aquarum
1392 849 1720 920 receptacula
1747 849 1799 903 in
1815 849 1986 903 tertiis
2003 859 2085 901 ta-

503 946 717 1010 bulatis,
743 957 800 1001 et
827 946 1077 1000 indecem
1103 944 1526 998 effeminatorum
1571 941 1842 996 hominum
1873 941 2084 995 lavacra

507 1037 559 1090 in
607 1036 741 1092 locis
787 1035 1012 1092 occultis
1053 1019 1394 1100 consumunt,
1426 1043 1537 1089 tum
1587 1037 1648 1087 ut
1686 1031 1801 1102 plus
1843 1030 2086 1101 pecunia:

503 1125 812 1190 cumdant,
843 1135 953 1180 tum
983 1135 1041 1181 ut
1073 1135 1318 1180 amentur
1367 1135 1396 1178 a
1444 1127 1644 1178 scurris
1670 1132 1726 1178 et
1767 1122 1963 1188 mimis,
1991 1121 2084 1191 qui

504 1222 606 1284 pro
647 1215 824 1271 studio
855 1217 993 1271 hanc
1030 1229 1189 1270 unam
1233 1214 1536 1270 mercedem
1592 1212 1910 1282 rependunt,
1942 1211 2086 1280 quod

503 1309 690 1363 etsuis
735 1309 802 1363 ad
847 1309 1173 1378 voluptatem
1215 1307 1490 1377 indulgent
1519 1305 1882 1376 peccantibus.
1931 1304 2086 1359 Absit

503 1405 684 1454 autem
713 1414 744 1453 a
769 1415 878 1463 me,
907 1402 989 1454 vir
1015 1400 1189 1471 magni
1216 1399 1446 1454 nominis
1472 1397 1772 1462 Theodore,
1798 1404 1858 1450 ut
1884 1397 2084 1464 impro-

502 1489 588 1546 bis
607 1505 855 1560 umquam
879 1491 1115 1559 placeam
1137 1507 1151 1544 :
1176 1507 1280 1545 non
1302 1491 1444 1545 enim
1461 1489 1676 1544 aliunde
1695 1489 1824 1557 ipsis
1840 1487 2083 1556 placebo,

503 1591 662 1649 quam
688 1595 753 1636 ex
782 1582 844 1634 iis
873 1598 990 1651 qua:
1025 1580 1242 1636 Christo
1271 1591 1379 1636 nan
1409 1581 1642 1650 placent.
1679 1580 1829 1634 Duc.
1860 1578 1936 1632 Ad
1970 1578 2083 1632 luec

501 1673 726 1730 miratus
772 1673 1086 1728 Theodorus
1130 1673 1495 1744 interregavit,
1527 1672 1750 1727 dicens:
1789 1673 1919 1726 Cum
1967 1670 2081 1726 huic

503 1767 574 1820 ita
603 1773 670 1819 ex
712 1773 898 1818 natura
924 1764 1065 1819 dicta
1093 1765 1202 1818 sint
1221 1805 1236 1830 ,
1267 1774 1322 1819 et
1368 1764 1544 1818 nullus
1570 1761 1974 1818 contradicendi
2013 1761 2084 1816 sit

501 1853 672 1918 locus,
688 1855 731 1908 si
747 1853 872 1925 quid
901 1855 1037 1909 nosti
1060 1855 1129 1910 de
1153 1855 1217 1909 iis
1235 1871 1354 1924 qua:
1370 1855 1423 1909 in
1442 1856 1566 1908 Asia
1582 1869 1611 1908 a
1627 1855 1684 1910 S.
1713 1853 1915 1908 Joanne
1932 1862 2081 1923 gesta

499 1952 645 2011 sunt,
669 1943 738 1998 de
763 1959 868 2013 quo
912 1955 1053 1999 nunc
1080 1944 1236 1999 nobis
1273 1958 1450 1999 sermo
1487 1953 1589 2010 est,
1629 1943 1908 1998 nobiseum
1935 1955 2084 1996 com-

499 2031 728 2085 munica.
755 2031 929 2086 Ense.
964 2033 1027 2086 Et
1053 2033 1271 2086 omnino
1296 2031 1532 2101 quidem.
1558 2033 1708 2086 Duc.
1736 2033 1816 2085 An
1848 2043 2084 2100 praesens

499 2121 732 2176 novisti?
755 2137 822 2176 an
868 2122 936 2176 ab
963 2123 1071 2176 alio
1102 2123 1391 2192 accepisti?
1421 2123 1592 2178 Ense.
1622 2121 1728 2177 Sed
1758 2136 1826 2176 ne
1864 2121 2082 2176 minima

496 2211 711 2281 quidem
741 2221 890 2282 parte
911 2211 996 2266 isti
1022 2212 1224 2283 judicio
1250 2212 1414 2268 defui.
1444 2213 1594 2268 Duc.
1635 2212 1890 2280 Quasnam
1923 2211 2082 2282 igitur

497 2302 819 2372 subscquuta
844 2313 987 2369 sunt,
1020 2319 1246 2373 quemve
1272 2303 1432 2358 finem
1473 2311 1822 2372 acceperunt,
1864 2311 1917 2358 et
1941 2301 2082 2358 unde

499 2391 811 2462 principium
839 2392 1170 2458 habuerunt,
1193 2393 1500 2464 singillatim
1528 2392 1888 2448 mihiexhibe
1915 2408 1930 2447 :
1957 2393 2081 2464 quia

496 2481 822 2552 Theophilus
847 2487 1198 2540 temeritatem
1221 2501 1372 2539 suam
1400 2486 1628 2540 maxime
1659 2485 1942 2540 honestare
1967 2487 2080 2540 sive

495 2573 708 2642 operire
747 2575 953 2640 volens,
1002 2577 1053 2630 in
1089 2575 1269 2630 libello
1312 2591 1412 2630 suo
1441 2577 1534 2643 ait,
1564 2575 1776 2631 beatum
1815 2575 2078 2632 Joannem

495 2663 803 2718 dominandi
847 2664 1064 2720 libidine
1109 2675 1410 2736 permotum
1433 2665 1518 2720 die
1544 2681 1646 2720 una
1669 2664 1937 2720 sexdecim
1967 2666 2081 2735 epi-

495 2770 687 2826 scopos
723 2755 1056 2826 deposuisse,
1084 2767 1139 2813 et
1179 2773 1329 2823 suos,
1360 2759 1478 2812 loco
1514 2757 1752 2821 illorum,
1781 2758 2077 2814 ordinasse.

497 2847 671 2904 Ense.
694 2847 880 2904 Nihila
905 2849 1016 2904 suis
1037 2850 1276 2904 moribus
1300 2850 1530 2904 alienum
1559 2849 1681 2906 fecit
1697 2850 1949 2904 mirificus
1967 2849 2077 2915 ille,

495 2949 549 2992 et
577 2953 698 2993 cum
725 2949 909 2994 contra
931 2939 1190 2995 Joannem
1213 2941 1444 3010 scripsit,
1474 2949 1528 2996 et
1553 2957 1671 2996 cum
1691 2941 1820 2995 falsa
1847 2939 2077 3008 scripsit.

496 3028 575 3084 Ex
627 3029 818 3098 quibus
863 3031 1006 3084 enim
1052 3031 1436 3086 absconsurum
1481 3047 1539 3087 se
1594 3041 1742 3102 putat
1783 3030 2078 3088 fceditatem

497 3134 671 3183 suam,
700 3135 766 3174 ex
797 3120 982 3174 iisdem
1017 3121 1156 3174 illam
1184 3121 1351 3190 magis
1381 3120 1628 3184 traducit,
1661 3121 1745 3177 vel
1770 3121 1968 3175 invitus
1993 3119 2078 3175 in-

496 3208 794 3263 nocentiam
816 3209 1056 3276 Joannis,
1088 3225 1235 3266 more
1265 3211 1520 3277 Balaami,
1547 3227 1830 3266 exornans.
1855 3210 1909 3267 Si
1935 3212 2076 3266 enim

497 3316 617 3354 cum
647 3299 986 3370 deposuerat,
1021 3319 1128 3357 non
1157 3319 1292 3374 Opus
1320 3312 1434 3358 erat
1469 3305 1687 3374 scripto,
1717 3320 1823 3359 non
1851 3304 2072 3369 exsilio,

491 3407 610 3444 cum
633 3389 895 3460 depositio
921 3394 1032 3460 ipsa
1055 3393 1285 3448 sufficiat
1306 3393 1372 3448 ad
1394 3393 1757 3450 confusionem
1780 3411 1966 3450 eorum
1987 3395 2078 3465 qui

493 3479 864 3552 deponuntur;
892 3482 985 3537 sed
1010 3483 1261 3552 quoniam
1309 3483 1502 3554 deponi
1535 3499 1639 3538 non
1685 3493 1860 3555 potest
1886 3487 2078 3543 virtute

495 3572 766 3641 praeditus,
786 3581 946 3643 atque
968 3576 1140 3628 victus
1151 3575 1424 3629 victoriam
1445 3575 1606 3630 refert
1623 3617 1636 3640 ,
1655 3588 1834 3632 manet
1855 3577 2072 3646 invidia,

491 3664 697 3721 cladem
725 3681 788 3720 ex
813 3665 1004 3736 injusta
1037 3667 1257 3721 victoria
1277 3676 1574 3736 reportans,
1606 3669 1763 3724 bulla:
1789 3670 1840 3724 in
1872 3685 2076 3726 morem

494 3766 836 3827 turgescens;
869 3767 922 3813 et
947 3760 997 3813 in
1025 3760 1254 3827 seipsam
1276 3759 1526 3824 contrita,
1551 3761 1790 3816 scribens
1813 3771 1870 3816 et
1889 3762 2078 3817 inseri-

496 3848 626 3903 hcns
657 3849 780 3904 illud
813 3851 958 3905 Isaia:
989 3851 1292 3921 prephetce,
1322 3868 1402 3906 va:
1430 3851 1555 3907 illud
1586 3854 1636 3907 in
1679 3869 1738 3909 se
1766 3855 2074 3921 attrahens,

491 3939 616 3992 dum
648 3939 778 3994 falsa
799 3941 976 3994 omnia
995 3951 1049 3995 et
1075 3941 1215 4004 facit,
1247 3942 1461 4005 etdicit,
1490 3951 1542 3998 et
1562 3943 1766 3999 Scribit.
1804 3943 1892 3999 Va:
1910 3946 2072 4012 enim,

490 4030 616 4086 dicit
658 4029 852 4099 Isaias,
893 4033 979 4102 qui
1017 4033 1278 4088 scribunt:
1321 4036 1632 4106 iniquitatem
1680 4037 1810 4090 enim
1852 4038 2075 4092 scribunt

490 4119 640 4192 (lsai.
677 4123 764 4180 lO.
795 4123 868 4195 l).
899 4125 972 4181 De
1002 4125 1086 4180 his
1113 4135 1290 4182 autem
1317 4130 1403 4198 qui
1438 4129 1488 4182 in
1518 4130 1641 4184 Asia
1676 4129 1900 4200 depositi
1927 4139 2068 4197 sunt,

491 4231 596 4270 non
641 4217 945 4287 sexdecim,
977 4218 1070 4274 sed
1105 4235 1196 4275 sex
1230 4229 1431 4276 tantum
1479 4223 1764 4292 episcopis,
1812 4231 1870 4278 ut
1893 4238 2073 4278 coram

494 4305 602 4360 Deo
645 4306 824 4376 judice
849 4308 1020 4364 dicam
1055 4349 1071 4376 ,
1104 4311 1235 4365 nihil
1272 4311 1340 4368 de
1381 4315 1588 4369 numeri
1616 4315 1909 4384 quantitate
1940 4314 2072 4369 sub-

493 4395 722 4459 traham,
754 4399 882 4452 nihil
902 4416 1080 4454 rerum
1110 4403 1350 4470 qualitati
1381 4404 1650 4470 adjiciam,
1679 4404 1771 4460 sed
1795 4415 1852 4460 ut
1874 4405 2072 4460 veritas

493 4501 611 4541 sese
647 4487 825 4554 habet,
870 4491 949 4544 sic
1002 4491 1096 4544 tibi
1144 4507 1428 4561 exponam.
1457 4495 1635 4549 Tertia
1679 4496 1884 4552 decima
1930 4499 2070 4554 indi-

487 4576 667 4630 ctione
687 4589 946 4632 vencrunt
970 4579 1482 4652 Constantinopolim
1513 4585 1692 4639 Asiani
1721 4587 1954 4657 episcopi
1978 4605 2073 4644 ne-

486 4666 792 4721 cessitatum
823 4671 1170 4738 quarumdam
1202 4674 1368 4742 gratia
1401 4691 1414 4727 :
1448 4675 1480 4728 ii
1528 4676 1801 4730 nobiscum
1829 4693 2067 4733 commo-

487 4757 757 4824 rabantur,
781 4762 1129 4829 prazscntihus
1149 4765 1308 4817 etiam
1331 4765 1448 4819 aliis
1463 4781 1526 4820 ex
1544 4765 1758 4836 Scythia
1782 4769 2067 4839 episc0pis,

484 4849 766 4905 Theotimo
807 4851 1044 4920 scilicet,
1075 4864 1233 4925 atque
1286 4871 1353 4912 ex
1389 4857 1613 4912 Thracia
1641 4858 1901 4913 Ammone
1930 4862 2069 4932 Egy-

485 4942 616 5010 ptio,
639 4951 692 4998 et
715 4960 781 4999 ex
806 4943 1011 4998 Galatia
1038 4947 1324 5013 Arabiano,
1357 4951 1712 5020 mctropolitis
1733 4953 1978 5009 omnibus
2005 4969 2067 5009 ac

484 5032 723 5101 senibus,
753 5051 922 5106 usque
965 5037 1031 5092 ad
1069 5039 1248 5109 viginti
1299 5043 1524 5098 duorum
1569 5045 1937 5114 episeoporum
1966 5061 2068 5101 nu-

483 5139 711 5178 merum.
745 5124 810 5179 Et
836 5127 1086 5183 omnibus
1107 5133 1458 5200 congregatis,
1483 5143 1642 5202 atque
1669 5137 2069 5190 communican-

483 5216 643 5282 tibus,
677 5217 938 5274 Eusebius
977 5221 1190 5291 quidam
1231 5238 1262 5278 e
1294 5221 1548 5279 Cilbianis
1577 5226 1740 5296 jugis,
1786 5228 2068 5298 episcopus

483 5302 1064 5381 Valentinopolitanus,
1094 5327 1465 5386 congregatam
1508 5318 1782 5388 Synodum
1822 5336 1941 5375 eum
1972 5321 2070 5375 ob-

485 5409 766 5467 servassct,
818 5420 924 5459 uno
969 5407 1176 5462 sabbati
1226 5409 1553 5475 adveniens,
1601 5411 1806 5466 libellos
1853 5414 2068 5468 tradidit

483 5481 718 5553 δῖηοάοο
742 5499 1026 5562 prmposito
1055 5499 1274 5563 scilicet,
1307 5509 1363 5552 ut
1389 5515 1722 5568 consequens
1746 5513 1880 5567 erat,
1906 5505 2068 5559 Joan-

489 5577 572 5628 nis
611 5580 853 5645 nomine,
902 5599 1082 5642 contra
1117 5591 1467 5653 Antoninum,
1499 5591 1805 5660 episcopum
1838 5595 2060 5664 Ephesi,

489 5675 692 5734 septem
737 5673 961 5738 eapitula
1009 5678 1268 5736 inserens.
1331 5680 1566 5735 Primum
1621 5683 1870 5750 quidem,
1924 5687 2064 5754 quod

489 5755 730 5810 conﬂatis
757 5773 921 5816 sacris
950 5769 1086 5822 vasis
1112 5781 1385 5839 argentum
1419 5771 1470 5825 in
1503 5789 1652 5826 usum
1685 5773 1774 5826 lilii
1808 5775 2016 5830 fecisset
2045 5793 2063 5843 ;

2198 480 2514 548 secundum,
2537 481 2678 554 quod
2703 481 2935 536 ablatum
2963 482 3029 538 de
3051 482 3290 552 ingressu
3319 483 3614 552 baptisterii
3640 503 3781 540 mar-

2191 589 2311 628 mor
2341 574 2394 628 in
2436 573 2684 628 balneum
2718 575 3074 630 transtulisset
3103 592 3115 630 :
3147 574 3341 630 deinde
3382 575 3663 632 columnas
3693 597 3782 633 ec-

2189 664 2533 730 clesiasticas,
2575 680 2602 718 a
2651 664 2890 734 pluribus
2924 665 3078 720 annis
3117 665 3381 736 jacentes.
3430 663 3565 722 intra
3624 667 3779 725 suum

2189 754 2464 811 statuisset
2485 754 2768 810 triclinium
2795 771 2808 808 :
2831 765 3100 826 quartum,
3124 757 3261 823 quod
3291 773 3422 826 puer
3438 759 3554 826 ejus
3577 755 3778 814 erdem

2189 857 2474 918 patrasset,
2501 864 2658 917 quem
2685 848 2857 902 adhuc
2883 848 3108 902 haberet
3131 850 3181 902 in
3215 850 3508 905 ministerio
3542 843 3781 920 irrepre-

2188 937 2457 994 hensum:
2490 944 2752 1008 quintum,
2800 938 2941 1008 quod
2988 940 3185 1008 prmdia
3233 929 3483 994 Ecclesia:
3519 939 3711 995 relicta
3752 958 3781 995 a

2189 1030 2442 1097 Basilina,
2473 1030 2668 1085 Juliaui
2712 1029 3056 1101 Imperatoris
3086 1042 3287 1095 matre,
3321 1030 3671 1097 vendidisset,
3710 1035 3780 1087 si-

2189 1120 2348 1191 bique
2376 1120 2696 1176 vindicasset
2726 1138 2740 1175 :
2781 1129 3014 1185 sextum,
3044 1121 3188 1190 quod
3217 1120 3431 1176 dimissa
3462 1138 3629 1177 uxore
3661 1125 3777 1188 tua,

2189 1226 2311 1266 eum
2339 1226 2400 1265 ea
2429 1225 2614 1265 rursus
2637 1226 2958 1282 congressus
2987 1221 3152 1276 esset,
3185 1212 3425 1282 [ilicsque
3468 1229 3531 1267 ex
3561 1228 3622 1267 ea
3657 1230 3778 1282 pro-

2188 1312 2423 1356 creasset
2450 1319 2463 1356 :
2493 1303 2777 1372 septimum
2800 1343 2814 1365 ,
2847 1303 2988 1371 quod
3016 1317 3113 1373 pro
3141 1304 3255 1373 lege
3284 1313 3336 1358 et
3361 1305 3653 1359 constituto
3683 1303 3777 1359 ha-

2189 1394 2341 1449 beret
2375 1394 2738 1450 ordinationes
2764 1396 3136 1464 episcoporum
3170 1395 3400 1450 vendere
3433 1395 3582 1464 juxta
3616 1397 3778 1450 ratio.

2187 1499 2309 1539 nem
2371 1484 2656 1540 redituum.
2721 1485 2926 1539 Adsunt
2989 1497 3044 1540 et
3106 1485 3196 1554 qui
3259 1485 3522 1540 dederunt
3579 1487 3774 1556 quique

2187 1576 2416 1631 ordinati
2464 1585 2622 1640 sunt,
2667 1587 2724 1632 et
2777 1576 2893 1647 ipse
2939 1576 3032 1647 qui
3084 1577 3288 1647 accepit
3335 1594 3348 1631 :
3401 1592 3463 1633 ac
3515 1588 3772 1647 praetcrea

2188 1667 2534 1737 probationes
2562 1667 2754 1722 habeo.

2255 1758 2385 1812 Car.
2409 1757 2746 1814 xum—Duc.
2775 1758 2921 1813 Hanc
2939 1772 3163 1829 ,qumso,
3184 1747 3625 1824 Pater,eontrabe
3645 1775 3771 1816 nar-

2184 1851 2470 1905 rationem:
2491 1849 2755 1905 Izeduntur
2769 1851 2910 1906 enim
2930 1860 3238 1921 praesentes,
3257 1851 3520 1921 episcopis
3541 1852 3639 1906 ista
3655 1867 3775 1908 nar-

2184 1941 2446 2006 rantibus,
2477 1942 2644 1996 multo
2665 1944 2832 2012 magis
2857 1942 2956 1997 ista
2980 1944 3324 2012 patrnntibus.
3369 1943 3543 1999 Ense.
3576 1945 3658 2000 Me
3674 1945 3773 1999 mi-

2185 2035 2477 2103 serum,qui
2493 2033 2681 2088 diebus
2698 2033 2779 2088 his
2795 2043 3095 2089 reservatus
3109 2033 3443 2104 s'um,quibus
3457 2035 3682 2104 pecunia
3694 2051 3773 2089 sa-

2184 2122 2478 2179 cerdotium
2493 2123 2753 2189 venditur,
2772 2125 2815 2178 si
2829 2134 3002 2179 tamen
3020 2123 3372 2179 sacerdotium
3395 2133 3496 2180 est.
3515 2123 3776 2194 lnsipien-

2187 2222 2266 2268 ter
2277 2214 2418 2269 enim
2435 2214 2533 2270 feci
2556 2215 2642 2285 qui
2662 2215 2760 2269 ista
2776 2216 3071 2280 retulerim,
3087 2230 3206 2270 cum
3221 2216 3607 2271 obtrectatores
3618 2215 3776 2273 Joan-

2185 2305 2269 2360 nis
2286 2320 2351 2359 eo
2373 2318 2471 2360 nos
2491 2306 2784 2377 adegerint.
2810 2306 3004 2361 Verum
3039 2306 3300 2376 patienter
3328 2305 3467 2361 feras
3490 2321 3598 2373 me,
3621 2307 3776 2363 obse-

2187 2412 2301 2462 cro,
2331 2405 2390 2452 ut
2417 2397 2540 2452 hinc
2561 2396 3002 2468 quoqueJoannis
3025 2396 3439 2451 moderationem
3467 2397 3772 2464 admireris,

2183 2489 2271 2559 qui
2294 2488 2478 2544 sedato
2501 2487 2713 2543 interim
2737 2488 2874 2554 zelo,
2904 2487 3037 2542 dixit
3067 2487 3331 2542 Eusebio:
3356 2488 3548 2542 Eusebi
3585 2486 3774 2551 frater.

2183 2581 2432 2650 quoniam
2461 2595 2605 2650 saepe
2630 2580 2687 2635 fit
2714 2589 2770 2634 ut
2796 2579 3167 2636 accusationes
3191 2596 3309 2650 qua:
3335 2579 3466 2635 fluuit
3492 2596 3521 2634 a
3559 2590 3777 2649 pertur-

2185 2671 2400 2726 batione
2423 2672 2611 2737 animi,
2636 2670 2817 2728 faciles
2845 2672 3187 2742 probationes
3218 2687 3325 2726 non
3349 2672 3617 2738 habeant,
3653 2673 3774 2727 sius

2186 2773 2238 2819 te
2263 2765 2475 2818 exorari
2506 2805 2521 2830 ,
2551 2773 2606 2818 ut
2631 2778 2810 2819 cesses
2837 2765 3163 2820 Antoninum
3202 2763 3419 2821 fratrem
3447 2766 3650 2834 scripto
3677 2781 3771 2822 ac-

2183 2863 2391 2918 cusare,
2425 2853 2578 2908 nobis
2603 2867 2789 2908 causas
2811 2855 3072 2909 molestia:
3096 2855 3509 2925 corrigentibus.
3538 2855 3619 2910 Ad
3654 2855 3776 2912 lucc

2185 2943 2260 2998 ira
2287 2959 2542 2998 accensus
2568 2985 2581 3009 ,
2632 2944 2940 3000 durioribus
2969 2959 3095 3000 usus
3132 2956 3216 3000 est
3241 2945 3418 3000 verbis
3440 2987 3455 3012 ,
3512 2946 3773 3002 adversus

2184 3035 2510 3089 Antoninum
2549 3045 2690 3090 totus
2731 3051 2791 3091 se
2815 3035 3043 3092 efferens
3073 3074 3088 3101 ,
3115 3047 3168 3092 et
3196 3038 3248 3092 in
3278 3039 3619 3092 accusatione
3645 3053 3769 3106 per-

2182 3127 2399 3183 sistens.
2433 3128 2684 3183 llortatur
2703 3128 2936 3184 Joannes
2959 3129 3177 3184 Paulum
3199 3169 3218 3195 ,
3265 3131 3574 3200 episcopum
3600 3129 3770 3186 [lera-

2181 3221 2352 3290 clete(
2379 3237 2501 3276 nam
2530 3223 2574 3276 is
2605 3221 2874 3277 Antonino
2894 3220 3074 3277 favere
3095 3221 3375 3276 videbatur
3402 3222 3419 3291 )
3451 3263 3466 3287 ,
3509 3231 3560 3273 ut
3587 3237 3682 3276 eos
3714 3222 3767 3276 in

2181 3315 2466 3371 amicitiam
2488 3315 2856 3384 compelleret.
2873 3314 3235 3384 Surgensque,
3256 3314 3541 3369 ecclesiam
3561 3314 3773 3384 ingres-

2181 3420 2273 3460 sus
2289 3413 2390 3473 est,
2409 3421 2511 3460 una
2533 3420 2654 3460 cum
2675 3405 2960 3475 episcopis;
2983 3404 3250 3460 erateoim
3269 3405 3512 3460 sacrificii
3533 3414 3762 3476 tempus:

2183 3511 2473 3570 pacemque
2503 3499 2702 3568 populo
2722 3513 2787 3554 ex
2819 3513 2970 3552 more
2995 3507 3241 3568 precatus
3267 3535 3280 3561 ,
3327 3497 3466 3552 sedit
3492 3513 3616 3550 cum
3640 3497 3765 3552 reli-

2179 3590 2299 3658 quis
2325 3589 2611 3658 episcopis.
2657 3589 2804 3644 Clam
2854 3599 3031 3642 autem
3070 3588 3444 3658 subingressus
3485 3599 3768 3642 accusator

2181 3679 2467 3745 Eusebius,
2495 3693 2675 3735 coram
2702 3680 2848 3734 omni
2877 3680 3074 3750 populo
3118 3688 3172 3734 et
3222 3679 3488 3749 episcopis
3527 3679 3766 3734 libellum

2179 3771 2340 3826 alium
2370 3769 2528 3826 offert
2552 3771 2740 3826 eadem
2764 3773 3124 3826 continentem
3167 3789 3180 3824 :
3227 3771 3477 3842 adjurans
3501 3771 3767 3827 Joannem

2179 3862 2462 3918 horrendis
2477 3862 2796 3933 juramentis
2824 3903 2840 3929 ,
2881 3864 3070 3934 quibus
3095 3864 3320 3918 salutem
3347 3879 3557 3934 quoque
3583 3863 3764 3934 impe-

2179 3964 2416 4010 ratorum
2448 3956 2758 4025 complcxus
2786 3967 2870 4011 est
2900 3997 2916 4022 ,
2967 3956 3132 4010 multa
3169 3971 3287 4010 eum
3319 3956 3760 4024 perturbatione:

2179 4054 2240 4100 ut
2258 4053 2506 4116 putarent
2519 4047 2696 4116 populi
2723 4045 2839 4116 ejus
2867 4047 3222 4116 imprudentia
3251 4046 3537 4116 perterriti,
3587 4061 3712 4101 eum
3735 4062 3764 4098 a

2177 4135 2381 4193 Joanne
2403 4146 2669 4209 petere,ut
2693 4138 2852 4191 vitam
2875 4138 2974 4192 sibi
2998 4138 3064 4192 ab
3088 4138 3409 4206 Imperatore
3431 4138 3762 4206 impetraret.

2177 4228 2412 4286 Joannes
2444 4241 2572 4286 vero
2601 4272 2616 4297 ,
2662 4239 2721 4285 ut
2742 4230 2874 4284 vidit
2900 4230 3205 4283 instantiam
3237 4228 3467 4283 hominis
3494 4270 3509 4293 ,
3540 4229 3765 4284 studens

2177 4320 2622 4390 imperturbatum
2668 4329 2852 4376 tenere
2896 4321 3151 4390 populum
3179 4361 3194 4384 ,
3244 4320 3480 4374 libellum
3511 4321 3716 4388 rectepit
3743 4361 3757 4384 ,

2177 4413 2435 4481 lectisque
2459 4411 2654 4466 divinis
2701 4411 2926 4480 eloquiis
2963 4411 3358 4478 PansOphium,
3402 4408 3622 4463 l‘issida:
3643 4409 3763 4477 epi-

2175 4517 2416 4572 scopum,
2440 4513 2556 4557 orat
2583 4513 2637 4556 ut
2657 4502 2832 4557 divina
2857 4503 2993 4557 dona
3018 4501 3208 4557 offerat
3229 4519 3241 4554 :
3263 4502 3375 4571 ipse
3395 4517 3514 4555 cum
3542 4501 3764 4570 reliquis

2176 4593 2440 4664 episcopis
2471 4609 2718 4664 egressus
2747 4601 2848 4647 est.
2899 4593 3128 4648 Nolehat
3153 4594 3295 4646 enim
3340 4592 3518 4646 animo
3547 4592 3765 4645 turbido

2174 4687 2491 4742 sacrificium
2513 4686 2708 4750 facere,
2725 4687 2808 4741 bis
2833 4687 3100 4756 Evangelii
3120 4688 3514 4757 obtemperans:
3543 4685 3764 4752 Quando

2175 4779 2328 4845 offers
2353 4795 2534 4833 munus
2563 4789 2702 4832 tuum
2737 4778 2946 4850 (Matth.
2974 4779 3026 4842 5,
3058 4778 3176 4849 25),
3197 4787 3250 4832 et
3276 4778 3498 4847 reliqua.
3554 4776 3620 4830 Et
3645 4785 3763 4844 post

2176 4869 2540 4924 dimissionem
2566 4870 2743 4939 populi
2765 4869 3114 4926 considerans
3143 4869 3282 4938 apud
3308 4885 3383 4934 se,
3419 4867 3684 4923 clscdens
3709 4869 3760 4921 in

2174 4960 2238 5015 ba
2247 4961 2482 5030 ptisterio
2503 4973 2620 5015 cum
2643 4962 2861 5032 reliquis
2877 4962 3139 5031 episcopis
3158 5003 3173 5026 ,
3193 4970 3552 5016 accusnlorem
3577 4975 3758 5015 coram

2173 5053 2421 5107 omnibus
2445 5052 2692 5115 advocat,
2718 5054 2900 5108 dicens
2935 5055 3014 5108 ei:
3045 5053 3251 5107 Rursus
3277 5053 3463 5108 eadem
3497 5052 3588 5106 tibi
3609 5051 3755 5115 dico,

2171 5143 2314 5212 quod
2345 5143 2494 5197 multi
2523 5158 2756 5200 mterore
2783 5145 2865 5198 vel
2892 5145 2968 5199 ira
3003 5145 3285 5216 compulsi,
3308 5143 3470 5199 multa
3499 5151 3554 5198 et
3572 5143 3758 5198 dicunt

2171 5243 2224 5288 et
2251 5234 2512 5302 scribunt,
2532 5251 2650 5305 qua:
2677 5236 2904 5306 probare
2931 5251 3034 5290 non
3067 5244 3307 5304 possunt.
3355 5234 3414 5290 Si
3444 5234 3604 5304 igitur
3644 5249 3762 5286 ma-

2174 5323 2364 5381 nifeste
2391 5341 2451 5381 ea
2483 5328 2654 5394 nosti,
2692 5327 2759 5382 de
2780 5329 2973 5398 quibus
3003 5329 3147 5383 illum
3175 5343 3431 5383 accusare
3455 5327 3534 5382 vis
3563 5326 3759 5399 (neque

2173 5415 2314 5470 enim
2346 5416 2390 5469 si
2414 5418 2586 5486 possis
2607 5453 2621 5481 ,
2651 5419 2990 5486 repellimus;
3025 5434 3199 5488 neque
3227 5417 3485 5472 trahimus
3517 5458 3532 5480 ,
3564 5416 3612 5470 si
3652 5430 3755 5469 non

2173 5505 2386 5576 possis),
2410 5519 2690 5577 antequam
2720 5510 2924 5578 legatur
2946 5512 3173 5575 libellus,
3198 5511 3334 5580 elige
3355 5509 3498 5581 quod
3520 5507 3754 5577 expedit:

2172 5608 2448 5666 postquam
2472 5601 2614 5652 enim
2639 5601 2804 5654 lectus
2836 5601 2993 5656 fuerit
3017 5641 3034 5667 ,
3067 5612 3121 5657 et
3143 5602 3194 5656 in
3223 5616 3381 5656 aures
3410 5600 3650 5654 omnium
3677 5614 3758 5652 ve-

2174 5689 2343 5751 nerit,
2371 5690 2624 5744 confectis
2651 5692 2783 5744 actis
2815 5733 2829 5753 ,
2869 5708 2974 5746 non
3019 5693 3246 5763 amplius
3277 5691 3458 5747 licebit
3488 5731 3502 5754 ,
3531 5706 3652 5744 cum
3683 5690 3756 5741 sis

2178 5782 2480 5851 episcOpus,
2509 5781 2850 5838 abolitionem
2883 5799 3081 5854 petere.
3118 5783 3242 5839 Post
3290 5785 3402 5838 haec
3440 5796 3627 5838 rursus
3670 5781 3756 5835 ille
