4018 6446
247 373 311 432 ,Π
1276 368 1362 425 DE
1399 367 1560 424 VlTA
1602 368 1660 424 S.
1699 366 1987 428 JOANNIS
2017 369 2534 430 CIIIWSOSTOMI.
3463 382 3528 439 59

243 492 410 560 ἥλιον,
437 485 528 542 ἵνα
574 485 654 559 μὴ
677 482 802 551 τοὺς
826 483 1050 557 νοητοὺς
1081 483 1389 558 καθυϐρίσῃ
1411 484 1624 552 πόνους.
1649 482 1835 540 Ταῦτα

245 573 476 642 δὲλέγω,
511 571 576 626 ού
609 569 1150 644 συμπεριλαμϐάνων
1197 571 1327 634 τοὺς
1367 567 1607 638 εὐλόγως
1639 571 1734 636 κᾳί
1765 569 1831 623 δι’

247 659 484 727 ἀνάγκην
515 657 808 722 κτίζοντας
841 656 874 729 ἢ
908 654 1330 728 διορθουμένους
1363 653 1436 710 τὰ
1471 655 1573 726 τῆς
1607 655 1839 726 Ἐκκλη-

251 739 382 804 σίας,
415 737 556 794 ἀλλά
591 737 684 793 διὰ
705 741 832 804 τοὺς
860 739 930 794 τά
959 739 1066 794 τῶν
1094 737 1329 810 πτωχῶν
1365 741 1448 803 εἰς
1489 739 1837 812 κρεμαστοὺς

250 822 566 896 περιϐόλους
589 823 688 877 καὶ
720 822 924 894 ἀερίων
949 821 1158 879 ὑδάτων
1183 821 1489 893 δεξαμενὰς
1515 825 1574 875 ἐν
1603 821 1839 894 τριωρό-

251 923 360 977 φοις
392 905 488 959 καὶ
516 905 744 978 ἀπρεπῆ
778 904 1122 978 ἀνδρογύνων
1157 905 1364 977 λουτρά
1403 906 1463 958 ἐν
1493 904 1838 977 ἀποκρύφοις

253 989 762 1054 καταναλίσκοντας,
788 989 822 1062 ἢ
853 991 931 1052 εἰς
962 988 1230 1060 συλλογὴν
1260 989 1507 1054 πλείονος
1545 989 1831 1062 ἀργυρίου,

253 1075 282 1148 ﬂ
311 1073 616 1146 τοῦμπαλιν
651 1073 802 1148 παρά
845 1072 955 1126 τῶν
985 1073 1320 1146 ἀθυρμάτων
1357 1074 1736 1145 ἀγαπηθῆναι,
1776 1075 1835 1126 ἐν

254 1156 388 1229 αὐτῷ
416 1156 594 1228 τούτῳ
622 1157 723 1228 τῆς
749 1157 984 1230 σπουδῆς
1005 1157 1105 1228 τὴν
1142 1156 1304 1229 χάριν
1333 1157 1830 1228 ἀντιπληρούντων.

253 1243 308 1296 τὺ
337 1255 361 1283 ι
399 1243 579 1296 πάντα
608 1243 746 1314 πρὸς
773 1241 968 1316 ἡδονὴν
1019 1241 1286 1298 ἐνδιδόναι
1329 1245 1444 1306 τοῖς
1487 1243 1834 1313 ἁμαρτάνου-

257 1342 350 1382 σιν.
369 1325 523 1400 Ἑμοί
551 1327 608 1380 δέ
649 1327 724 1398 μὴ
751 1327 986 1396 γένοιτο,
1013 1327 1258 1400 Θεόδωρε
1294 1327 1677 1400 μεγαλώνυμε,
1701 1329 1835 1397 «pad-

254 1409 356 1477 λοις
381 1410 580 1482 ἀρέσαι
620 1411 786 1464 ποτέ·
831 1411 891 1465 ού
927 1410 1039 1482 γάρ
1071 1411 1295 1466 ἄλλοθεν
1331 1413 1520 1476 αὐτοῖς
1563 1411 1767 1485 ἀρέσω.
1797 1413 1832 1485 ἦ

255 1495 314 1548 ἐκ
359 1493 464 1548 τῶν
512 1492 741 1566 Χριστῷ
827 1495 902 1567 μὴ
973 1495 1341 1566 ἀρεσκόντων.
1415 1496 1475 1550 '0
1515 1498 1701 1554 ΔΙΑΚ.
1740 1497 1834 1550 ἐπὶ

255 1577 448 1640 τούτοις
475 1577 786 1648 θαυμάσας,
822 1579 988 1650 ήρετο
1021 1579 1224 1648 λέγων·
1255 1578 1475 1634 Τούτων
1503 1578 1647 1634 οὕτω
1681 1597 1834 1649 φυσι-

257 1662 356 1724 κῶς
383 1661 714 1734 εἰρημένων.
749 1661 846 1715 καὶ
874 1663 950 1734 μὴ
989 1663 1227 1732 ἐχόντων
1269 1663 1624 1736 ἀντίρρησιν,
1663 1661 1720 1716 εί
1747 1664 1831 1726 τίς

260 1762 332 1800 σοι
355 1745 547 1815 γνῶσις
581 1746 716 1817 περὶ
751 1743 859 1799 τῶν
889 1747 1032 1800 κατά
1063 1747 1164 1817 τὴν
1207 1747 1391 1800 Ἀσίαν
1426 1747 1532 1800 ὑπὸ
1557 1747 1649 1801 τοῦ
1672 1747 1831 1816 ἀγίου

269 1828 516 1893 Ἰωάννου,
567 1829 703 1902 περὶ
744 1822 805 1882 οὗ
843 1828 940 1884 νῦν
978 1831 1110 1901 ἡμῖν
1143 1832 1172 1884 6
1199 1829 1377 1898 λόγος,
1405 1829 1828 1902 τετυπωμένων,

260 1913 486 1987 μετάδος.
535 1913 594 1967 '0
641 1915 890 1968 ’EﬂlZK.
943 1915 1052 1970 Καὶ
1074 1915 1214 1970 πάνυ
1239 1923 1323 1984 γε.
1370 1914 1429 1968 'U
1451 1915 1632 1967 ΔῙΑΚ.
1661 1915 1832 1980 Αὐτὸς

259 1997 426 2071 παρὼν
449 1998 644 2067 ἔγνως,
671 1998 854 2070 ἢπαρ’
882 1997 1071 2070 ἐτέρου
1107 1998 1400 2070 μαθών;⁹υ
1419 1997 1662 2052 ἸΞΠΙΣΚ.
1687 1997 1832 2054 Ἀλλ¹

257 2081 366 2135 οὔτε
391 2083 466 2145 εἰς
490 2081 552 2136 τὸ
580 2081 747 2154 τυχὸν
774 2081 939 2156 μέρος
969 2083 1117 2159 ήμην
1149 2081 1502 2152 ἀπολειφθεὶς
1525 2082 1625 2153 τῆς
1651 2081 1828 2153 δίκης.

271 2165 322 2220 '0
346 2168 513 2222 ΔΙΑΚ.
560 2167 700 2221 Τίνα
740 2163 833 2220 οὖν
853 2169 971 2220 ἐστι
1005 2167 1076 2222 τά
1111 2169 1699 2242 παρακολουθήσαντα,
1736 2169 1831 2222 καὶ

262 2255 394 2306 ποῖον
423 2253 616 2322 εἴληφε
642 2251 816 2317 τέλος,
853 2252 948 2306 καὶ
971 2252 1137 2306 πόθεν
1168 2252 1270 2324 τὴν
1321 2253 1498 2326 ἀρχὴν
1532 2252 1827 2322 ἐσχηκότα,

261 2335 588 2410 λεπτομεριῖκ
625 2353 716 2406 μοι
747 2336 1102 2408 παράστησον
1121 2351 1136 2369 '-
1171 2337 1360 2408 ἐπειδὴ
1386 2337 1622 2410 μάλιστα
1647 2339 1676 2390 6
1699 2335 1832 2390 Θεό-

263 2420 396 2491 φιλος
434 2423 488 2474 ἐν
525 2419 605 2492 τῷ
651 2421 838 2492 οἰκείῳ
885 2422 1282 2494 συγγράμματι
1315 2423 1414 2496 τὴν
1447 2421 1586 2476 ἰδίαν
1619 2423 1830 2493 προπέ‹

264 2523 397 2560 τειαν
417 2507 678 2577 σεμνῦναι
711 2505 744 2578 ἢ
779 2507 1118 2582 περιστεῖλαι
1163 2507 1494 2570 σπουδάσας,
1529 2505 1700 2578 ἔφησε
1740 2505 1831 2560 τὸν

267 2591 508 2660 μακάριον
546 2589 810 2661 Ἰωάννην
842 2591 1133 2662 φιλαρχίας
1179 2590 1344 2644 πάθει
1381 2589 1700 2660 κινούμενον
1745 2587 1832 2642 δε-

263 2672 381 2738 καέξ
423 2674 758 2740 ἐπισκόπους
804 2676 1183 2751 καθῃρηκέναι
1217 2677 1277 2730 ἐν
1323 2675 1508 2749 ἡμέρᾳ
1553 2675 1672 2746 μιᾷ,
1735 2674 1831 2728 καί.

264 2758 410 2824 ἰδίους
448 2759 560 2813 ἀντ’
622 2758 804 2814 αὐτῶν
865 2759 1394 2832 κεχειροτονηκέναι.
1457 2760 1515 2813 ’0
1576 2758 1826 2812 ἘΠίΣΚ.

258 2844 408 2899 Οὐδὲν
437 2844 667 2909 ἀπεικὸς
696 2845 802 2898 τῶν
837 2845 982 2900 ἰδίων
1004 2845 1224 2916 τρόπων
1246 2844 1547 2916 πεποίηκεν
1567 2845 1596 2898 6
1617 2841 1831 2916 θαυμάφ

263 2944 383 2992 σιος,
421 2930 508 2983 καὶ
526 2927 752 3000 γράψας
785 2929 928 2983 κατά
968 2929 1240 2993 Ἰωάννου,
1274 2926 1556 2998 καὶψευδῆ
1587 2925 1826 2998 γράψας·

261 3009 317 3076 ἐξ
340 3005 407 3066 ὧν
435 3012 540 3086 γὰρ
573 3011 790 3084 νομίζει
831 3011 1130 3067 καλύπτειν
1169 3012 1271 3084 τὴν
1323 3012 1459 3066 ἰδίαν
1507 3009 1828 3082 ἀσχημοσύ-

261 3113 364 3167 νην,
385 3099 444 3151 ἐκ
465 3097 674 3152 τούτων
716 3097 886 3170 αὐτὴν
928 3097 1128 3168 μᾶλλον
1177 3093 1692 3170 παραδειγματίζει,
1735 3094 1830 3148 καὶ

259 3180 392 3235 ἄκων
425 3181 702 3253 σεμνύνων
724 3181 786 3236 τὸ
818 3181 994 3235 ἀθῶον
1040 3180 1288 3234 Ἰωάννου
1324 3179 1468 3234 κατά
1491 3179 1582 3232 τὸν
1598 3177 1830 3249 Βαλαὰμ

257 3263 461 3319 ἐκεῖνον.
483 3265 546 3319 Εἰ
568 3263 684 3336 γάρ
709 3259 778 3335 ἦν
800 3263 964 3318 αὐτὸν
985 3261 1250 3330 καθελὼν,
1283 3263 1342 3316 ού
1372 3261 1532 3334 χρεία
1553 3262 1833 3333 συγγράμ-

259 3363 414 3417 ματος
471 3349 775 3424 ῆέξορίας,
841 3349 1038 3420 ἱκανῆς
1093 3347 1264 3420 οὖσης
1309 3348 1414 3419 τῆς
1457 3346 1832 3418 καθαιρέσεως

263 3431 487 3504 αἰσχῦναι
512 3435 644 3498 τοὺς
670 3433 1135 3507 καθαιρουμένους
1155 3449 1169 3463 ο
1207 3432 1395 3505 ἐπειδὴ
1437 3432 1496 3486 δέ
1533 3431 1830 3504 ἀκαθαίρε-

263 3530 341 3580 τος
359 3517 580 3590 ἕστηκεν
613 3520 642 3572 6
671 3519 947 3590 ἐνάρετος,
976 3521 1043 3590 τῇ
1081 3518 1221 3590 ἥττῃ
1243 3517 1342 3590 τὴν
1369 3517 1527 3586 νίκην
1561 3515 1828 3588 κατέχων,

267 3601 397 3670 μένει
418 3605 446 3658 6
470 3603 667 3674 φθόνος
687 3602 786 3674 τὴν
807 3599 978 3677 ἧτταν
1009 3603 1111 3674 τῆς
1130 3601 1330 3670 ἀλόγου
1359 3601 1517 3674 νίκης
1555 3599 1832 3674 ἀποφερό-

269 3701 424 3756 μενος,
447 3687 798 3760 πομφόλυγος
827 3687 986 3759 δίκην
1009 3685 1460 3758 ἀναφυσώμενος,
1486 3686 1582 3739 καὶ
1600 3687 1681 3750 είς
1703 3687 1832 3740 ἐαυ-

267 3767 345 3827 τὸν
368 3771 798 3844 συντριϐόμενος,
830 3771 1061 3842 γράφων
1085 3771 1180 3825 καὶ
1211 3769 1604 3842 καταγράφων,
1641 3769 1704 3824 τὸ
1733 3767 1829 3836 τοδ

268 3855 515 3926 προφήτου
563 3855 815 3914 Ἠσαίου·
843 3855 978 3910 Οὐαὶ
1018 3856 1048 3909 6
1086 3853 1471 3926 ἐπισπώμενος
1508 3855 1572 3918 τὸ
1597 3854 1625 3895 ιι
1649 3853 1833 3910 πάντα

267 3935 413 4011 ψευδῆ
437 3940 530 3998 καὶ
557 3942 736 3994 ποιεῖν
761 3940 856 4000 καὶ
879 3938 1067 4008 λέγειν
1085 3939 1182 3993 καὶ
1209 3939 1466 4014 γράφειν·
1497 3938 1647 3995 οὐαὶ
1696 3939 1828 4011 γὰρ,

267 4023 428 4094 φησὶν.
466 4029 520 4081 οι
544 4024 912 4103 γράφοντες·
953 4025 1253 4092 πονηρίαν
1307 4023 1422 4102 γὰρ
1466 4025 1826 4096 γράφουσιν.

267 4103 382 4180 Περὶ
409 4107 463 4162 δέ
493 4108 606 4165 τῶν
642 4108 785 4167 κατά
827 4107 1014 4164 Ἀσίαν
1044 4106 1482 4180 καθαιρεθέντων
1527 4107 1588 4162 ού
1613 4107 1828 4176 δεκαέξ,

266 4187 382 4243 ἀλλά
401 4190 456 4260 ἓξ
477 4191 818 4266 ἐπισκόπων,
848 4191 925 4256 ὠς
954 4191 1048 4245 ἐπὶ
1075 4190 1176 4261 τῆς
1207 4188 1358 4254 θείας
1385 4189 1540 4262 δίκης
1570 4189 1702 4266 ἐρῶ,
1737 4193 1831 4246 καὶ

263 4273 370 4329 οὕτε
399 4286 420 4316 ο
449 4277 545 4350 τῆς
585 4274 886 4352 ποσότητος
922 4271 1018 4330 τοῦ
1048 4271 1286 4348 ἀριθμοῦ
1331 4271 1546 4342 ύφελῶ,
1587 4272 1650 4326 οὒ
1676 4290 1730 4328 τι
1761 4275 1828 4351 τῇ

265 4359 485 4436 ποιότητι
521 4361 635 4418 τῶν
676 4361 1023 4434 πραγμάτων
1067 4357 1366 4432 προσθήσω
1389 4398 1404 4426 ,
1447 4356 1680 4422 ἀλλ’,ὼς
1715 4357 1829 4431 ἔχει

263 4444 478 4520 φύσεως,
497 4447 644 4502 οὓτω
677 4463 758 4502 σοι
786 4445 1127 4520 ἀπαγγείλω.
1173 4443 1302 4498 ’1ἓὲπί⁹
1321 4443 1421 4516 τῆς
1447 4443 1832 4516 τρισκαιδεκά-

260 4543 348 4600 της
384 4531 761 4608 ἐπινεμήσεως
792 4531 937 4603 ἐντῇ
973 4527 1549 4587 Κωνσταντινουπόλει
1580 4528 1831 4600 ἐλθόντες

258 4610 304 4664 οἰ
327 4612 427 4668 ἀπὸ
454 4615 552 4688 τῆς
582 4612 772 4682 Ἀσίας
791 4613 955 4674 τινῶν
982 4611 1148 4670 ἕνεκα
1173 4611 1512 4686 ἀναγκαίων,
1559 4611 1830 4686 διέτριϐον

262 4691 348 4768 “in!
369 4697 512 4768 ἡμῖν,
541 4695 833 4770 παρόντων
870 4696 967 4752 καὶ
1013 4696 1218 4774 ἐτέρων
1256 4697 1595 4764 ἐπισκόπων,
1625 4691 1737 4753 τῶν
1766 4713 1829 4756 τε

262 4775 358 4846 ἀπὸ
381 4779 632 4845 Σκυθίας,
653 4779 921 4854 Θεοτίμου
941 4779 1112 4849 λέγω,
1151 4780 1248 4842 καί,
1283 4779 1394 4835 άπὸ
1429 4779 1656 4855 Θράκης
1685 4779 1832 4852 Ἀμ-

263 4877 420 4931 μωνος
439 4864 533 4922 τοῦ
563 4863 888 4934 Αἰγυπτίου,
911 4861 1008 4920 καὶ
1039 4862 1150 4922 ἀπὸ
1173 4863 1445 4938 Γαλατίας
1475 4861 1826 4938 ’Δραϐιανοῦ,

261 4946 457 5008 πάντων
509 4947 926 5024 μητροπολιτῶν
969 4948 1386 5022 γεγηρακότων,
1442 4949 1828 5008 συντεινόντων

261 5027 330 5094 εἰς
376 5033 636 5098 εἰκοσιδύο
680 5033 1035 5097 ἐπισκόπους.
1075 5032 1304 5088 Πάντων
1331 5031 1390 5086 δέ
1439 5031 1829 5104 συναγομένων

260 5117 344 5174 καὶ
371 5119 762 5183 κοινωνούντων
791 5122 1126 5194 ἐπιτηρήσας
1158 5118 1420 5186 Εὐσέϐιός
1455 5135 1540 5184 τις
1571 5118 1680 5180 ἀπὸ
1717 5117 1829 5176 τῶν

259 5203 551 5267 Κιλϐιανῶν
602 5209 912 5284 λεγομένων
947 5210 1130 5273 τόπων
1185 5209 1487 5280 ἐπίσκοπος
1531 5207 1826 5268 Οὐάλεντι-

259 5295 555 5372 νουπόλεως,
587 5297 690 5368 τὴν
718 5298 1064 5371 συνηγμένην
1096 5295 1314 5360 σύνοδον
1351 5294 1583 5361 ἐπιστὰς
1623 5297 1691 5369 τῇ
1729 5297 1830 5374 μιᾷ

259 5376 535 5456 Σαϐϐάτου,
561 5383 840 5450 λιϐέλλους
865 5385 1108 5440 ἐπέδωκε
1128 5389 1196 5459 τῇ
1224 5384 1451 5457 συνόδῳ,
1473 5383 1680 5458 δηλαδὴ
1698 5385 1829 5448 ἀκοι-

258 5461 439 5536 mea;
469 5473 742 5546 προτάξας
775 5473 838 5528 τὸ
861 5473 1034 5545 ὄνομα
1069 5472 1341 5544 Ἰωάννου,
1373 5469 1518 5532 κατά
1573 5470 1826 5528 ’Δντωνί-

259 5570 338 5609 νου
356 5558 448 5612 τοῦ
467 5561 732 5630 Ἐφεσίων
755 5562 1081 5628 ἐπισκόπου,
1113 5561 1255 5622 ἐπ·τά
1275 5558 1550 5630 κεφάλαια
1573 5556 1822 5626 ἐπιτάξας·

257 5640 308 5695 ἐν
335 5643 447 5715 μὲν,
485 5649 565 5706 ὅτι
604 5649 864 5727 κειμήλια
901 5647 1202 5721 χωνεύσας,
1256 5646 1521 5722 ἀργύριον
1542 5646 1624 5712 εἰς
1655 5645 1829 5720 δνομα

311 5804 446 5877 ξιξ-ῖς,
463 5820 682 5870 quamns
700 5809 920 5877 dativum
943 5812 1274 5874 grammaticae
1293 5811 1438 5877 leges
1464 5807 1740 5875 postulent.

311 5864 450 5935 ξςιτ.
472 5864 632 5935 136mm
659 5864 1046 5935 prwcedvm'ém.

310 5929 333 5962 τ
357 5929 499 5980 Pone
534 5933 616 5999 leg
657 5929 713 5983 οὔ
734 5951 797 5984 τι.

1944 482 2037 538 τοῦ
2067 484 2184 538 υίοῦ
2223 485 2660 541 κατεσκεύασεν·
2707 486 2958 560 δεύτερον
3004 489 3084 554 δέ,
3123 491 3208 546 δτι
3259 493 3528 567 μάρμαρα

1937 567 2036 639 τῆς
2076 569 2282 622 εἰσόδου
2309 569 2404 624 τοῦ
2440 568 2808 642 βαπτιστῆρος
2832 571 3012 630 λαϐὼν
3045 575 3104 628 ἐν
3137 574 3214 646 τῷ
3260 575 3530 650 βαλανείῳ

1937 650 2014 721 τῷ
2043 651 2156 721 ἰδίῳ
2190 651 2560 723 προσέθηκεν·
2597 650 2790 706 ἔπειτα
2814 653 3000 720 κίονας
3037 656 3529 728 ἐκκλησιαστικοὺς

1937 735 2048 789 ἀπὸ
2084 736 2348 792 πλειόνων
2389 737 2528 797 ἐτῶν
2573 737 2894 809 κειμένους,
2928 740 3076 794 ἔνδον
3103 745 3183 807 είς
3210 743 3302 797 τὸν
3331 745 3528 799 ἑαυτοῦ

1935 821 2208 892 τρίκλινον
2231 821 2488 894 ἔστησεν·
2515 823 2800 896 τέταρτον,
2837 825 2920 878 ὅτι
2951 827 2980 880 6
3007 829 3138 891 παῖς
3165 828 3330 882 αὐτού
3366 831 3527 900 φόνον

1937 905 2206 976 πεποίηκε
2235 947 2248 971 ,
2287 907 2381 962 καὶ
2411 905 2525 977 ἔχει
2571 906 2735 962 αὑτὸν
2764 907 2823 963 ἐν
2851 909 2915 978 τῇ
2951 909 3226 983 ὑπηρεσίᾳ
3257 912 3528 987 ἀνέγκληο

1933 1005 2059 1041 τον·
2125 990 2376 1060 πέμπτον
2401 1034 2416 1056 ,
2459 993 2542 1046 ὅτι
2587 992 2764 1064 χωρία
2803 992 2909 1050 ὑπὸ
2950 992 3262 1066 Βασιλίνηςς
3293 998 3391 1068 τῆς
3423 1015 3531 1070 μη·

1933 1071 2063 1142 τρὸς
2100 1074 2388 1129 Ἰουλιανοῦ
2413 1076 2509 1130 τοῦ
2539 1075 2824 1146 βασιλέως,
2857 1077 3292 1148 καταλειφθέντα
3321 1085 3388 1154 τῇ
3409 1081 3530 1143 Ἐκε

1935 1155 2154 1230 κλησία,
2193 1158 2451 1230 πωλήσας
2482 1159 2878 1231 ἐσφετερίσατο
2899 1178 2912 1192 ·
2942 1161 3121 1226 ἕκτον,
3149 1162 3232 1217 ὅτι
3254 1165 3529 1232 amca”

1937 1257 2100 1311 μενος
2117 1245 2218 1312 τῆς
2245 1243 2450 1307 οἰκείας
2474 1245 2746 1316 γαμετῆς,
2775 1245 2938 1302 πάλιν
2963 1247 3100 1321 αὐτῇ
3127 1249 3408 1320 συνῆλθεν,
3430 1256 3528 1316 καὶ

1934 1326 2354 1399 ἐπαιδοποίησεν
2388 1327 2448 1393 ἐξ
2477 1330 2651 1399 αὐτῆς
2671 1349 2684 1361 ·
2713 1329 2966 1402 ἕϐδομον,
3015 1333 3097 1386 ὅτι
3125 1333 3202 1398 ὡς
3234 1333 3397 1404 νόμον
3432 1337 3528 1392 καὶ

1931 1407 2109 1480 δόγμα
2149 1411 2264 1482 ἔχει
2315 1411 2517 1476 πωλεῖν
2545 1412 2646 1476 τὰς
2673 1411 2781 1466 τῶν
2843 1415 3159 1472 ἐπισκόπων
3189 1419 3526 1488 χειροτονίας

1933 1495 2076 1549 κατά
2098 1497 2199 1568 τὴν
2227 1497 2337 1550 τῶν
2367 1497 2646 1568 προσόδων
2677 1497 2989 1567 ἀναλογίαν.
3031 1501 3140 1554 Καὶ
3169 1502 3422 1574 πάρεισιν
3476 1507 3526 1562 εἰ

1931 1575 2114 1640 δόντες
2169 1581 2267 1634 καὶ
2310 1580 2805 1652 χειροτονηθέντες,
2849 1583 2942 1636 καὶ
2995 1583 3262 1640 όλαϐιὶιν·
3303 1587 3398 1644 καὶ
3432 1589 3526 1645 ἐπὶ

1930 1658 2141 1724 τούτοις
2171 1661 2279 1733 ἔχω
2305 1663 2402 1727 τὰς
2425 1661 2748 1728 ἀποδείξεις.

2003 1745 2158 1799 ΚΕΦ.
2194 1746 2378 1802 [AZ——
2403 1745 2461 1800 ’0
2487 1748 2671 1802 ΔΙΔΚ.
2706 1747 3041 1819 Παρακαλῶ,
3068 1751 3272 1824 Πάτερ,
3311 1753 3526 1810 σύστει-

1929 1827 2020 1882 λον
2045 1829 2106 1884 τὸ
2136 1830 2382 1904 διήγημα
2412 1831 2572 1886 τοῦτο
2593 1848 2608 1863 ⁸
2641 1830 2970 1902 βλάπτονται
2995 1833 3106 1905 γάρ
3145 1837 3193 1890 οἰ
3221 1838 3521 1908 παρόντες,

1931 1915 2250 1968 ἐπισκόπων
2291 1916 2466 1970 ταῦτα
2501 1916 2876 1986 διηγουμένων
2901 1958 2916 1982 ,
2961 1919 3094 1989 μήτι
3127 1937 3188 1989 γε
3215 1922 3312 1980 καὶ
3351 1941 3524 1996 πρατε

1931 1997 2152 2055 τόντων.
2189 1999 2248 2051 '0
2297 1998 2548 2052 ’EIIIEK.
2577 1999 2738 2069 υίμοι
2773 1998 2940 2064 τάλας
2971 1999 3083 2068 ἐγὼ
3114 2002 3376 2074 τηρηθεὶς
3405 2010 3525 2073 tale

1931 2081 2168 2153 ἡμέραις
2186 2082 2434 2148 ταύταις,
2461 2084 2520 2137 ἐν
2540 2077 2626 2148 αἷς
2644 2083 2896 2156 ἀργυρίῳ
2929 2087 3197 2160 ἱερωσύνη
3223 2091 3528 2162 πιπράσκει

1931 2182 2043 2230 ται,
2063 2165 2192 2236 εἴγε
2215 2167 2310 2221 καί
2334 2166 2623 2239 ἱερωσύνη.
2644 2168 2682 2220 Γ
2687 2167 2849 2234 έγονα
2866 2169 2922 2223 δέ
2948 2171 3040 2223 καὶ
3064 2171 3254 2244 ἄφρων
3305 2175 3526 2246 διηγοῦ.

1935 2266 2096 2320 μενος
2145 2251 2256 2303 τῶν
2288 2249 2543 2322 Ἰωάννην
2570 2251 3053 2320 συκοφαντούντων
3077 2256 3160 2318 εἰς
3187 2256 3357 2314 ταῦτα
3374 2260 3522 2330 ἡμᾶς

1931 2333 2406 2404 περιστησάντων.
2424 2335 2572 2407 Πλὴν
2598 2334 2966 2408 μακροθύμως
2985 2337 3224 2408 ἀνάσχου
3259 2358 3348 2410 μοι
3367 2341 3416 2406 ἀ,
3435 2343 3524 2398 ἵνα

1929 2418 2024 2472 καὶ
2077 2419 2143 2471 ἐκ
2186 2419 2392 2473 τούτων
2445 2419 2738 2493 θαυμάσῃς
2779 2420 2876 2492 τὴν
2919 2422 3164 2478 Ἰωάννου
3198 2423 3522 2497 ἐπιείκειαν,

1929 2501 2274 2572 κοιμήσαντα
2319 2503 2461 2566 τέως
2488 2503 2582 2556 τὸν
2625 2503 2809 2574 ζῆλον,
2866 2505 3092 2560 εἰπόντα
3137 2507 3194 2559 δέ
3235 2507 3313 2578 τῷ
3351 2509 3523 2572 E6“.-

1928 2583 2031 2653 ϐίῳ
2054 2602 2067 2615 ·
2117 2584 2340 2656 Ἀδελφέ
2356 2585 2608 2653 Εὐσέϐιε,
2641 2587 2830 2658 ἐπειδὴ
2863 2587 3121 2653 πολλάκις
3152 2592 3208 2645 αἱ
3243 2593 3386 2652 κατά
3431 2595 3525 2648 λύ-

1929 2688 2040 2742 πην
2095 2670 2422 2742 κατηγορίαι
2477 2671 2578 2724 οὐκ
2624 2671 2870 2744 εὐχερεῖς
2907 2672 3091 2742 έχουσι
3143 2676 3246 2739 τὰς
3301 2677 3522 2732 ἀποδεί-

1931 2753 2060 2820 ξεις,
2095 2755 2484 2826 παρακέκλησο
2517 2755 2830 2809 παύσασθαι
2865 2755 2959 2810 τοῦ
3012 2758 3306 2828 ἐγγράφως
3333 2779 3520 2816 κατει-

1930 2844 2053 2894 πεῖν
2087 2839 2182 2894 τοῦ
2227 2839 2460 2909 ἀδελφοῦ
2509 2841 2862 2904 Ἀντωνίνου,
2908 2840 3066 2911 ἡμῶν
3117 2843 3185 2897 τά
3233 2845 3382 2898 αἴτια
3421 2847 3522 2918 τῆς

1929 2925 2107 2996 λύπης
2161 2925 2584 2997 διορθουμένων.
2650 2925 2797 2996 Πρὸς
2854 2925 3065 2990 τούτοις
3104 2926 3522 3000 διαθερμανθεὶς

1928 3010 2189 3082 τραχέσιν
2223 3010 2495 3082 ἐκέχρητο
2521 3009 2728 3077 λόγοις,
2774 3009 3064 3080 σφαδάζων
3101 3010 3223 3076 ὅλος
3255 3013 3398 3068 κατά
3425 3015 3520 3070 τοῦ

1941 3094 2297 3158 ’Δντωνίνου,
2332 3095 2608 3166 ἐπιμένων
2659 3097 2726 3166 τῇ
2772 3095 3098 3166 κατηγορία.
3144 3097 3463 3168 Παρακαλεί
3492 3100 3522 3152 6

1941 3177 2197 3250 Ἰωάννης
2226 3177 2440 3230 Παῦλον
2475 3177 2569 3230 τὸν
2613 3175 2942 3248 Ἡρακλείας
2969 3178 3167 3241 (ἐδόκει
3205 3179 3317 3252 γὰρ
3351 3197 3519 3236 σπου-

1928 3263 2112 3328 δάζειν
2144 3261 2222 3334 τῷ
2273 3261 2632 3333 Ἀντωνίνῳ),
2681 3261 2749 3314 ἵν’
2793 3261 2875 3324 εἰς
2913 3260 3094 3330 φιλίαν
3145 3264 3344 3329 αὐτοὺς
3393 3283 3522 3320 συν-

1929 3347 2118 3420 ελάσῃ.
2155 3346 2266 3400 Καὶ
2299 3345 2538 3410 ἀναστὰς
2569 3343 2819 3416 εἰσῆλθεν
2855 3345 2935 3408 εἰς
2958 3343 3058 3418 τὴν
3091 3346 3387 3418 ἐκκλησίαν
3423 3351 3522 3405 σὺν

1927 3434 2042 3498 τοῖς
2073 3431 2431 3496 ἐπισκόποις·
2462 3425 2530 3502 ἦν
2561 3430 2670 3503 γάρ
2706 3430 2898 3502 καιρὸς
2929 3429 3032 3500 τῆς
3062 3431 3334 3502 ἰερατείας
3353 3448 3368 3462 ⁸
3397 3433 3523 3500 δοὺς

1927 3518 1986 3572 δὲ
2029 3516 2110 3588 τῷ
2145 3516 2260 3588 λαῷ
2308 3515 2409 3588 τὴν
2456 3513 2666 3586 συνήθη
2723 3515 2823 3585 τῆς
2865 3515 3090 3588 εἰρήνης
3123 3517 3518 3590 προσηγορίαν,

1929 3601 2152 3657 ἐκάθισε
2189 3601 2287 3655 σὺν
2315 3601 2430 3663 τοῖς
2457 3598 2664 3662 λοιποῖς
2695 3599 3034 3663 ἐπισκόποις.
3077 3600 3436 3657 Ἐπεισελθὼν
3463 3605 3522 3659 δὲ

1927 3683 2234 3758 λεληθότως
2254 3687 2283 3739 6
2303 3684 2613 3758 κατήγορος
2641 3681 2904 3747 Εὐσέϐιος
2925 3683 3020 3736 ἐπὶ
3042 3684 3246 3749 παντὸς
3271 3685 3368 3741 τοῦ
3389 3687 3520 3742 λαοῦ

1929 3770 2028 3824 καὶ
2070 3769 2178 3824 τῶν
2231 3769 2548 3824 ἐπισκόπων
2597 3765 2905 3820 ἐπιδίδωσιν
2946 3765 3132 3839 ἕτερον
3169 3767 3412 3824 λίϐελλον
3453 3773 3524 3826 τά

1929 3853 2070 3909 αύτά
2102 3854 2447 3924 περιέχοντα,
2477 3851 2713 3925 όρκίζων
2745 3851 2836 3905 τὸν
2885 3851 3140 3922 Ἰωάννην
3170 3853 3366 3924 ὅρκους
3398 3873 3527 3928 φρι-

1930 3939 2117 4013 κτοὺς,
2149 3937 2466 4012 συμπλέξας
2496 3937 2683 4003 αὐτοῖς
2716 3937 2812 3991 καὶ
2837 3935 2940 4007 τὴν
2978 3938 3258 4010 σωτηρίαν
3287 3938 3398 3995 τῶν
3429 3939 3528 4011 βα·-

1931 4024 2146 4091 σιλέων,
2175 4022 2314 4097 μετά
2334 4022 2539 4094 πολλῆς
2567 4022 2812 4096 ταραχῆς
2829 4037 2847 4056 ·
2873 4021 2948 4086 ὡς
2970 4021 3191 4094 νομίσαι
3214 4023 3342 4088 τοὺς
3359 4022 3525 4091 λαοὺς

1929 4107 2360 4178 διαπτοηθέντας
2385 4107 2478 4160 ἐπὶ
2509 4104 2590 4177 τῷ
2631 4103 2830 4180 ἰταμῷ,
2861 4105 2943 4159 δτι
2973 4105 3208 4160 θανάτου
3236 4107 3526 4180 συγχώρη-

1932 4207 2017 4258 σιν
2046 4189 2356 4262 παρακαλεῖ
2377 4188 2602 4259 αἰτῆσαι
2629 4189 2722 4242 τὸν
2755 4187 2984 4258 βασιλέα
3020 4187 3112 4242 τὸν
3151 4189 3424 4259 Ἰωάννην.
3463 4189 3524 4245 Ὀ

1928 4276 1988 4330 δέ
2036 4274 2292 4346 Ἰωάννης
2315 4271 2654 4343 θεασάμενος
2681 4271 2782 4342 τὴν
2815 4271 3068 4328 ινστασιν
3096 4271 3193 4325 τοῦ
3216 4271 3431 4343 ἀνδρὸς,
3460 4273 3524 4328 1:6

1929 4359 2204 4433 ἀτάραχον
2231 4355 2516 4429 μνώμενος
2550 4355 2632 4427 τῷ
2662 4355 2798 4428 λαῷ,
2831 4355 3050 4420 ἐδέξατο
3077 4355 3140 4410 τὸ
3170 4355 3396 4427 βιϐλίον,
3427 4359 3524 4412 καὶ

1933 4441 2074 4516 μετά
2091 4441 2161 4497 τά
2175 4437 2581 4513 ἀναγνώσματα
2597 4437 2706 4494 τῶν
2728 4438 2892 4493 θείων
2909 4437 3109 4508 λογίων
3131 4439 3526 4512 παρακαλέσας

1930 4527 2235 4596 Πανσόφιον
2263 4526 2356 4581 τὸν
2379 4525 2644 4597 Πισσίδης
2669 4525 3010 4598 προαγαγεῖν
3041 4525 3112 4580 τά
3140 4523 3292 4598 δῶρα
3311 4565 3326 4590 ,
3358 4527 3526 4592 αὐτὸς

1931 4609 2256 4684 συνεξῆλθεν
2291 4611 2407 4675 τοῖς
2434 4608 2646 4674 λοιποῖς
2677 4607 3032 4672 ἐπισκόποις·
3067 4611 3368 4682 παρῃτεῖτο
3414 4611 3526 4684 γάρ

1929 4697 2197 4762 ἐπιθόλως
2217 4693 2543 4769 ἱερατεύειν,
2572 4692 2717 4754 κατά
2741 4692 2805 4748 τὸ
2832 4693 3186 4762 Εὐαγγέλιον,
3217 4694 3300 4758 τὸ,
3337 4694 3528 4750 Ὅταν

1929 4781 2281 4858 προσφέρῃς
2299 4781 2363 4842 τὸ
2391 4777 2587 4856 δῶρόν
2609 4790 2750 4858 σου,
2783 4776 2878 4830 καὶ
2903 4775 2972 4829 τά
2998 4775 3146 4848 ἑξῆς.
3179 4775 3286 4832 Καὶ
3311 4778 3526 4832 διασκε.

1926 4851 2172 4939 ψάμενος
2213 4862 2353 4937 μετά
2377 4851 2634 4945 τῆν’λαοῦ
2669 4853 2968 4924 ἀπόλυσιν,
3011 4861 3302 4926 καθεσθεὶς
3349 4863 3410 4916 ἐν
3447 4861 3548 4935 τῷ

1929 4947 2283 5022 φωτιστηρίῳ
2313 4947 2412 5002 σὺν
2433 4947 2546 5011 τοῖς
2565 4946 2776 5010 λοιποῖς
2803 4945 3146 5012 ἐπισκόποις,
3169 4945 3262 5001 τὸν
3284 4947 3526 5018 κατήγο-

1931 5051 2025 5108 ρον
2045 5031 2460 5107 προσκαλεῖται,
2484 5031 2666 5102 φήσας
2689 5028 2840 5102 αὐτῷ
2861 5031 2955 5086 ἐπὶ
2968 5030 3208 5085 πάντων·
3229 5029 3342 5086 Καὶ
3361 5028 3526 5087 πάλιν

1931 5135 2012 5173 σοι
2037 5116 2107 5180 τά
2126 5115 2270 5176 αὐτά
2281 5115 2449 5185 λέγω,
2473 5113 2558 5176 δτι
2581 5112 2768 5174 πολλοί
2785 5113 2894 5169 ἀπὺ
2912 5112 3092 5186 λύπης
3113 5111 3334 5186 ἢόργῆς
3356 5113 3528 5169 πολλά

1928 5204 2025 5258 καὶ
2049 5202 2269 5273 λέγουσι
2289 5201 2388 5258 καί⁸
2409 5199 2736 5274 γράφουσιν,
2765 5199 3084 5263 ἀτονοῦντες
3114 5217 3182 5254 πε
3189 5199 3244 5273 ρὶ
3268 5199 3368 5265 τὰς
3387 5199 3526 5252 ἀπο-

1925 5285 2143 5364 δείξεις.
2178 5285 2241 5339 Εἰ
2275 5284 2452 5341 τοίνυν
2481 5284 2669 5356 σαφῶς
2699 5285 3028 5349 ἐπίστασαι,
3057 5283 3190 5357 περὶ
3225 5276 3302 5337 ὧν
3345 5278 3527 5364 βούλει

1929 5362 2257 5444 κατηγορεῖν
2293 5369 2312 5441 (
2330 5367 2456 5428 οὔτε
2487 5369 2598 5442 γὰρ
2629 5370 2930 5448 δυνάμενον
2963 5365 3330 5442 ἀπωθούμεθα
3349 5403 3365 5429 ,
3399 5362 3527 5429 οὒτε

1933 5455 2012 5531 μὴ
2042 5454 2342 5527 δυνάμενον
2375 5453 2608 5535 ἕλκομεν
2633 5455 2676 5526 ),
2711 5455 2843 5531 πρὶν
2875 5451 3290 5535 ἀναγνωσθῆναι
3325 5451 3420 5504 τὸν
3452 5449 3530 5504 λί-

1931 5538 2142 5603 ϐεελλον,
2175 5537 2395 5613 ἐκλέξαι
2425 5538 2488 5593 τὺ
2517 5533 2798 5611 συμφέρον
2817 5553 2832 5568 ·
2865 5535 3005 5608 μετά
3032 5533 3142 5612 γάρ
3177 5533 3240 5588 τὸ
3275 5535 3526 5605 ἀναγνωο

1929 5623 2124 5695 σθῆναι
2159 5623 2256 5678 καὶ
2287 5623 2368 5690 εἰς
2405 5621 2576 5686 ἀκοὰς
2611 5622 2832 5680 πάντων
2879 5617 3056 5678 ἐλθεῖν
3077 5659 3092 5683 ,
3130 5619 3530 5692 πραττομένων

1931 5707 2384 5781 ὑπομνημάτων,
2423 5704 2610 5760 οὐκέτι
2645 5720 2731 5758 σοι
2775 5701 2986 5766 ἔξεστιν
3009 5743 3024 5766 ,
3065 5705 3353 5776 ἐπισκόπῳ
3381 5701 3518 5764 ὄντι,

1931 5795 2120 5868 ζητεῖν
2155 5793 2536 5865 ἀϐουλητίονα.
2573 5793 2697 5846 Ἐπὶ
2728 5791 2943 5856 τούτοις
2976 5793 3140 5851 πάλιν
3171 5793 3424 5866 ἐνέμεινε
3457 5795 3524 5864 τῇ

1993 5929 2021 5971 ά
2043 5929 2332 5998 [εςοηιίυηι
2355 5946 2464 5993 μου,
2485 5935 2537 5980 el
2557 5943 2668 5980 mox
2696 5929 3004 5994 κοιμίσαντος
3029 5936 3082 5982 εἰ
3106 5930 3331 5987 εἰπόντος.
3396 5930 3402 5934 ’
