3948 6406
407 359 476 415 ιθ
1688 335 2001 394 mum:
2043 331 2394 391 DMLOGUS
3608 326 3679 384 so

402 466 669 522 ὶνστάσει.
720 460 860 532 I196;
898 452 977 520 οἷς
1009 455 1321 509 κελεύουσιν
1355 452 1766 521 ἀναγνωσθῆναι
1799 453 1857 505 τὸ
1903 452 1979 521 3-.-

403 550 546 601 ἧλίον
566 566 580 580 ·
612 541 922 612 ἀνεγνώσθη
956 540 1024 593 τὰ
1061 538 1432 611 προειρημένα
1459 536 1748 605 κεφάλαια.
1774 535 1978 603 Λέγου-

403 650 488 685 σιν
534 632 583 683 οῖ
626 628 880 697 γέροντες
913 622 1023 677 τῶν
1055 623 1370 675 ἐπισκόπων
1404 621 1481 691 τῷ
1522 620 1744 691 Ἰωάννῃ
1767 662 1778 683 ,
1817 619 1986 672 ἀκού-

406 730 596 776 σαντες
624 711 719 782 τὴν
766 710 999 778 δύναμιν
1034 707 1128 760 τοῦ
1172 706 1409 777 βιϐλίον’
1449 705 1514 760 Εἰ
1546 706 1639 757 καὶ
1679 703 1987 774 ταμάλιστα

402 800 459 849 ἓν
488 794 583 847 τοῦ
614 793 728 855 ἐνὸς
765 791 1062 859 κεφαλαίου
1096 788 1355 853 δυσσεϐὲς
1384 789 1520 849 ἐστι,
1550 788 1644 841 καὶ
1676 787 1986 855 ἀπηγορευ-

406 878 566 947 μένον
591 876 922 944 πανταχόθεν
946 876 1057 935 τοῖς
1082 874 1246 940 ἱεροῖς
1276 873 1479 941 νόμοις.
1515 871 1601 922 ἶνα
1626 870 1682 922 δὲ
1723 868 1797 939 μὴ
1821 868 1978 931 δόξω-

407 976 505 1028 μεν
536 961 593 1012 ἐν
622 961 732 1021 τοῖς
757 955 1153 1023 ὑποδεὸληκόσι
1174 966 1200 994 ι
1233 956 1332 1023 τὴν
1359 953 1577 1006 ἃπασαν
1602 952 1796 1021 σχολὴν
1821 954 1988 1003 ποιεῖ-

406 1042 549 1105 σθαι,
597 1039 706 1095 ἀπὸ
736 1039 827 1092 τοῦ
852 1037 1284 1108 φρικωδεστέρου
1315 1037 1346 1105 ἡ
1385 1034 1627 1099 ἐξέτασις
1650 1034 1893 1105 γένηται.
1927 1035 1987 1087 El

401 1124 513 1198 γὰρ
546 1126 724 1178 ἐκεῖνο
772 1122 971 1191 ἀληθὲς
1012 1120 1260 1191 εὑρεθείη
1284 1158 1298 1182 ,
1334 1120 1435 1172 οὑκ
1469 1118 1618 1172 ἐστιν
1670 1120 1990 1190 ἀντίρρησις

404 1210 536 1281 1:391
565 1207 676 1261 τῶν
713 1207 915 1260 λοιπῶν
949 1204 1282 1273 κεφαλαίων,
1308 1205 1407 1274 τῆς
1444 1204 1601 1276 ῥίζης
1648 1205 1860 1257 ἐκείνου
1893 1204 1989 1257 τοῦ

405 1292 701 1362 κεφαλαίου
732 1292 838 1344 πᾶν
859 1286 998 1353 εἶδος
1015 1288 1214 1351 κακίας
1234 1287 1714 1359 καρποφορούσης,
1738 1287 1883 1341 κατὰ
1900 1287 1990 1340 τὸν

405 1376 647 1429 είπόντα·
685 1373 839 1435 Ῥίζα
864 1372 1106 1427 πάντων
1128 1370 1333 1425 κακῶν·
1350 1373 1523 1425 ἐστιν
1546 1372 1584 1439 ή
1608 1371 1987 1441 φιλαργιφίιι.

419 1460 479 1516 ’0
501 1460 610 1531 γάρ
648 1460 735 1511 ἐπ’
762 1456 960 1520 ἀθώοις
996 1455 1146 1527 δῶρα
1184 1454 1393 1516 λαϐὼν,
1443 1456 1537 1509 καὶ
1565 1455 1662 1523 τὴν
1707 1454 1801 1508 τοῦ
1834 1455 1989 1522 ἀγίου

405 1544 723 1615 Πνεύματος
751 1541 1012 1612 διανομὴν
1038 1542 1287 1612 ἀργυρίῳ
1312 1539 1705 1609 ἀπεμπολῆσαι
1737 1540 1988 1609 νομίσας.

408 1628 525 1692 πῶς
543 1628 785 1697 φείσεται
803 1623 1188 1693 ἔτικειμηλίων
1210 1624 1242 1693 ἢ
1265 1623 1472 1693 λίθωνῆ
1501 1624 1717 1695 χωρίων
1738 1623 1836 1693 τῆς
1872 1624 1993 1675 Ἐκ-

407 1712 667 1781 κλησίαςς
712 1710 846 1763 Τότε
880 1710 909 1761 6
955 1708 1208 1776 Ἰωάννης
1245 1707 1469 1777 ἄρχεται
1501 1708 1602 1777 τῆς
1649 1707 1949 1771 ἐξετάσεως
1973 1749 1987 1769 ,

409 1797 587 1867 φήσας
616 1794 692 1864 τῷ
740 1790 1036 1858 Ἀντωνίνῳ
1056 1809 1068 1821 ·
1094 1790 1158 1843 Τί
1188 1789 1369 1858 λέγεις
1408 1791 1545 1862 πρὸς
1570 1789 1764 1855 ταῦτα,
1794 1789 1991 1859 ἀδελφέ

420 1878 736 1940 ’Λντωνῖνες
781 1875 1084 1945 Ἦρνήσατο
1114 1872 1171 1939 ἐξ
1205 1873 1470 1942 ἀνάγκης.
1499 1873 1624 1936 Πῶς
1652 1873 1762 1943 γὰρ
1794 1868 1903 1925 οἶόν
1933 1890 1992 1925 τε

409 1964 474 2017 ἐκ
499 1961 800 2032 προοιμίων
825 1957 1004 2012 αὑτῶν
1033 1957 1133 2026 τὴν
1160 1957 1295 2010 ἰδίαν
1324 1956 1589 2027 αἰσχύνην
1619 1957 1952 2027 ὁμολογῆσαι
1974 1973 1989 2021 ς

423 2047 484 2100 Ἦ
495 2046 814 2117 ρωτήθησαν
837 2046 882 2096 οἱ
906 2042 1219 2104 δεδωκότες,
1242 2042 1550 2111 ἠρνήσαντο
1568 2043 1830 2095 κάκεῖνοι.
1869 2041 1994 2095 Ἐπὶ

410 2129 619 2193 τούτοις
662 2126 937 2199 ἐπιμελῶς
980 2126 1078 2194 τῆς
1127 2125 1426 2188 ἐξετάσεως
1470 2124 1760 2196 γινομένης
1801 2125 1994 2197 μέχρις

411 2213 561 2283 ὥρας
587 2211 798 2281 όγδόης,
831 2212 894 2264 ἐκ
922 2208 1238 2280 τεκμηρίων
1262 2207 1421 2260 τινῶν
1453 2207 1760 2278 ἐμορφοῦτο
1785 2210 1818 2278 ἡ
1846 2208 1990 2276 δίκη.

413 2293 724 2365 Καταλήγει
746 2292 813 2346 τὰ
834 2294 1136 2353 τελευταῖα,
1166 2290 1241 2353 ὡς
1269 2290 1436 2353 εἰκὸς,
1467 2292 1547 2354 είς
1580 2291 1883 2362 μάρτυρας,
1909 2294 1995 2361 ἐφ’

412 2372 487 2432 ὧν
515 2377 611 2432 καὶ
637 2376 902 2431 δεδώκασι
928 2375 1021 2430 καὶ
1050 2375 1289 2444 εἴληφεν.
1320 2374 1396 2427 Οὑ
1426 2375 1682 2446 παρῆσαν
1715 2377 1764 2428 οί
1795 2376 1995 2446 μάρτυ-

418 2475 539 2530 ρεςο
575 2459 731 2531 χρεία
762 2458 970 2528 γίνεται
1010 2459 1109 2529 τῆς
1143 2456 1348 2511 τούτων
1376 2458 1792 2527 παραστάσεως.
1831 2459 1994 2511 Ἀπο-

413 2543 616 2612 6λέψας
644 2544 724 2605 είς
746 2540 807 2595 :6
835 2540 1072 2613 ἐργῶδες
1097 2542 1194 2609 τῆς
1224 2539 1622 2611 παραστάσεως
1650 2541 1679 2593 6
1719 2540 1992 2610 Ἰωάννης,

415 2627 771 2699 προθυμεῖται
828 2624 921 2678 ἐπὶ
976 2622 1309 2693 καθαρισμῷ
1359 2622 1459 2693 τῆς
1524 2621 1853 2692 Ἑκκλησίας
1901 2626 1995 2677 καὶ

414 2708 585 2778 φειδοῖ
602 2707 709 2761 τῶν
739 2706 1032 2778 μαρτύρων
1051 2745 1065 2769 ,
1106 2706 1173 2759 δι’
1200 2704 1396 2760 ἐαυτοῦ
1429 2705 1877 2774 παραγενόμενος
1914 2707 1996 2769 είς

413 2792 512 2863 τὴν
549 2793 753 2855 Ἀσίαν,
780 2791 877 2861 τὴν
907 2791 1149 2857 ἐξέτασιν
1177 2788 1618 2859 συμπεραιῶσαι.
1648 2788 1993 2859 Θεασάμενος

413 2876 443 2928 ὁ
486 2877 797 2937 Ἀντωνῖνος
830 2874 889 2927 :6
927 2873 1117 2927 ἄοκνον
1162 2872 1409 2925 Ἰωάννου
1450 2871 1545 2924 καὶ
1578 2871 1639 2925 :6
1671 2872 1992 2939 ἀδέκαστον,

413 2957 491 3019 ὡς
521 2959 615 3013 άτε
643 2955 893 3019 συνειδὼς
920 2954 1117 3026 ἐαυτῷ,
1151 2952 1483 3008 ὑπεισελθὼν
1507 2955 1586 3017 εἰς
1607 2954 1704 3008 ἕνα
1729 2955 1839 3008 τῶν
1866 2973 1996 3026 κρα-

414 3042 670 3105 τούντων,
706 3034 765 3095 οὗ
800 3041 893 3095 καὶ
933 3039 1042 3093 τῶν
1086 3039 1286 3109 γηδίων
1340 3037 1621 3108 ἐφρόντιζε
1663 3038 1771 3092 τῶν
1813 3042 1871 3093 ἐν
1923 3043 1991 3112 τῇ

427 3127 615 3197 Ἀσίᾳ,
652 3125 957 3197 παρακαλεῖ
1002 3124 1162 3185 αὑτὸν
1215 3124 1436 3193 ποιῆσαι
1492 3122 1845 3194 ἐπισχεθῆναι
1900 3124 1992 3178 τὸν

428 3210 701 3277 Ἰωάννην,
729 3210 815 3263 ἵνα
843 3208 917 3279 μὴ
944 3207 1150 3279 ἀπέλθῃ
1184 3208 1264 3270 είς
1288 3206 1388 3277 τὴν
1438 3206 1655 3269 Ἀσίαν,
1688 3208 1992 3280 ὑποσχόμε-

414 3308 502 3356 νος
529 3292 627 3364 τὴν
649 3292 757 3346 τῶν
784 3290 1073 3361 μαρτύρων
1105 3289 1467 3361 παράστασιν.
1506 3291 1602 3353 Ὃς
1632 3287 1861 3360 ἐξαυτῆς
1894 3308 1992 3345 πα-

416 3377 739 3446 ρασκευάζει
771 3374 1075 3446 δηλωθῆναι
1114 3376 1178 3426 ἐκ
1215 3373 1308 3426 τοῦ
1354 3373 1615 3427 παλατίου
1650 3374 1729 3444 τῷ
1767 3376 1991 3431 ἐπισκό-

416 3477 502 3529 πῳ
540 3460 762 3530 Ἰωάννῃ
788 3458 944 3510 τάδε·
989 3456 1221 3508 ’Ἀτοπόν
1247 3458 1363 3509 ἐστι
1406 3457 1660 3527 πρᾶγμα,
1693 3457 1991 3512 ἐπίσκοπόν

415 3558 473 3595 σε
498 3540 625 3594 ὄντα
654 3542 746 3593 καὶ
777 3538 885 3591 τῶν
914 3537 1100 3608 ψυχῶν
1128 3539 1160 3607 ή
1169 3537 1282 3606 μῶν
1318 3539 1649 3609 προστάτην,
1675 3541 1732 3592 ἐν
1754 3541 1989 3615 τοσαύτῃ

415 3624 707 3695 προσδοκίᾳ
734 3621 961 3695 θορύϐου
989 3622 1387 3690 καταλείζιαντα
1427 3622 1524 3693 τήν
1559 3623 1711 3677 πόλιν
1737 3664 1750 3688 ,
1781 3625 1992 3680 στείλα-

415 3706 539 3760 σθαι
561 3706 655 3777 τὴν
684 3704 990 3777 ἀποδημίαν
1015 3704 1113 3775 τὴν
1138 3706 1216 3767 είς
1241 3705 1339 3774 τὴν
1381 3705 1583 3769 Ἀσίαν,
1614 3706 1855 3778 εὐχερῶς
1884 3708 1992 3763 τῶν

417 3790 708 3862 μαρτύρων
737 3789 1091 3859 διαγομένων.
1132 3784 1241 3841 Ἤν
1278 3788 1333 3841 δὲ
1361 3789 1559 3853 Γαῖνᾶς
1589 3790 1617 3842 6
1657 3789 1930 3864 βάρῦαρος
1964 3793 1994 3844 6

414 3872 860 3945 προσδοκώμενος
891 3872 1137 3946 θόρυϐος.
1187 3872 1329 3936 Καὶ,
1366 3870 1418 3925 τί
1465 3872 1608 3943 γάρς
1640 3872 1728 3925 ἵνα
1769 3872 1844 3945 μὴ
1890 3891 1995 3945 μα-

411 3959 760 4028 κρηγορήσω,
806 3954 1050 4009 πείθεται
1111 3956 1437 4025 ἀπομεῖναι,
1496 3956 1798 4027 φροντίζων
1857 3958 1991 4028 ὁμοῦ

410 4039 507 4095 καὶ
530 4043 627 4110 τῆς
651 4039 802 4110 δίκης
828 4038 920 4091 καὶ
945 4038 1043 4108 τῆς
1071 4038 1361 4109 συντριϐἧς
1387 4036 1495 4091 τῶν
1521 4038 1834 4111 μαρτύρων.
1878 4040 1993 4112 Ἐρο

413 4128 573 4194 μαῖον
601 4124 659 4178 δὲ
689 4123 766 4194 τῷ
796 4122 1225 4193 κατηγορηθέντι
1250 4123 1494 4194 ὑπῆρχεν
1522 4125 1554 4195 ή
1582 4124 1661 4187 είς
1691 4125 1818 4188 τοὺς
1853 4125 1994 4195 μάρ-

407 4224 580 4278 τυρας
598 4206 852 4277 ἀναϐολὴ,
878 4205 971 4270 οὓς
1002 4205 1221 4260 ἐδύνατο
1249 4204 1581 4275 φυγαδεῦσαι
1611 4206 1642 4278 ἢ
1679 4208 1930 4280 ἀργυρίῳ
1955 4208 1988 4279 ἢ

407 4289 718 4361 δυναστείᾳ.
740 4289 923 4343 Ταῦτα
948 4286 1314 4361 προεωρακὼς
1339 4290 1367 4340 6
1402 4289 1672 4360 Ἰωάννης,
1695 4291 1991 4346 σκέπτεται

413 4372 553 4439 μετά
576 4372 673 4443 τὴς
706 4371 983 4443 παρούσης
1006 4372 1225 4425 συνόδου
1257 4371 1409 4433 τινάς
1433 4370 1540 4423 τῶν
1568 4371 1849 4443 παρόντων
1874 4376 1993 4428 ἐπι-

412 4455 629 4508 σκόπων
663 4455 1028 4522 ἀποσταλῆναι
1072 4457 1153 4515 εἰς
1190 4453 1290 4522 τὴν
1346 4451 1533 4505 Ἀσίαν
1586 4454 1679 4506 ἐπὶ
1725 4458 1993 4527 ἐρωτήσει

408 4538 518 4590 τῶν
560 4534 871 4608 μαρτύρων.
912 4535 1177 4606 Ἐξαυτῆς
1219 4532 1312 4588 οὖν
1343 4532 1659 4605 ὡρίσθησαν
1693 4541 1838 4609 τρεῖς
1880 4539 1993 4592 ἐπί-

412 4637 605 4675 σκοποι
631 4618 938 4676 κατελθεῖν.
970 4617 1302 4689 Συγκλήτιος
1343 4618 1743 4690 μητροπολίτης
1785 4621 1991 4692 Τραῖα-

408 4702 741 4765 νουπόλεως,
790 4701 1043 4773 Ἦσύχιος
1095 4703 1124 4755 ὁ
1156 4699 1400 4773 Παρίου,
1456 4701 1552 4754 καὶ
1617 4702 1912 4770 Παλλάδιος
1966 4708 1994 4761 6

419 4785 885 4849 Ἐλενοὺπόλεως,
934 4784 1336 4856 διαλαλησάσης
1373 4787 1473 4856 τῆς
1518 4786 1733 4840 συνόδου
1779 4788 1836 4840 ἐν
1879 4790 1991 4852 τοῖς

408 4871 814 4943 ὑπομνήμασιν.
847 4869 923 4933 ὼς
963 4869 1055 4923 τὸν
1087 4870 1239 4934 ἐντὸς
1274 4868 1367 4923 δύο
1408 4870 1594 4941 μηνῶν
1630 4870 1705 4943 μή
1750 4872 1994 4945 ἀπαντή-

408 4972 577 5012 σαντα
618 4955 714 5010 καὶ
740 4953 1012 5009 συστάντα
1051 4955 1163 5017 τοῖς
1197 4953 1391 5008 ἐαυτοῦ
1427 4953 1659 5019 δικαίοις
1691 4958 1749 5009 ἐν
1794 4955 1991 5011 Ὑπαί-

405 5054 530 5105 ποις
551 5041 617 5109 τῇ
658 5038 921 5092 Ἀσιανῶν
948 5036 1119 5101 πόλει,
1141 5038 1229 5091 διά
1252 5036 1315 5091 :6
1347 5040 1412 5092 ἐκ
1447 5040 1703 5107 γειτόνων
1732 5035 1873 5095 εἶναι
1899 5042 1992 5094 καὶ

404 5112 532 5189 τοὺς
577 5120 964 5193 ἐλεγχομένους
999 5121 1095 5174 καὶ
1131 5121 1257 5184 τοὺς
1284 5119 1507 5185 λοιποὺς
1538 5122 1647 5176 τῶν
1675 5124 1994 5179 ἐπισκόπων

403 5209 528 5273 τοὺς
569 5206 885 5277 ὀφείλοντας
927 5203 1241 5258 συνδικάσαι
1292 5207 1407 5266 τοῖς
1451 5205 1579 5277 περὶ
1622 5207 1989 5276 Συγκλήτιον,

404 5288 592 5344 τοῦτον
617 5290 983 5359 ἀκοινώνητον
1008 5287 1273 5356 γίνεσθαι.
1303 5287 1444 5359 [196;
1482 5288 1693 5354 τούτοις
1721 5290 1991 5363 κατῆλθον

405 5372 454 5424 οξ
480 5374 819 5439 τυπωθέντες
852 5372 1182 5444 Συγκλήτιος
1210 5371 1302 5425 καὶ
1332 5371 1628 5436 Παλλάδιος
1656 5374 1713 5426 ἐν
1742 5375 1987 5449 Σμύρνῃ·

403 5454 432 5504 6
451 5453 562 5524 γάρ
606 5455 855 5527 Ἦσύχιος
884 5456 1036 5527 φίλος
1062 5453 1138 5509 ῶν
1166 5454 1261 5508 τοῦ
1297 5454 1639 5520 Ἀντωνίνου,
1662 5462 1991 5531 προσεποιή-

408 5550 538 5589 σατο
576 5539 955 5593 κεκακῶσθαι·
992 5539 1224 5610 ἐξαυτῆς
1263 5536 1320 5591 δὲ
1355 5537 1667 5609 γράψαντες
1707 5541 1988 5610 ἐσήμαναν

404 5616 733 5688 ἀμφοτέροις
770 5623 879 5683 τοῖς
920 5622 1110 5691 μέρεσι
1159 5621 1259 5692 τὴν
1296 5618 1507 5673 ἐαυτῶν
1543 5619 1871 5690 ἐπιδημίαν,
1902 5626 1989 5680 ῖνα

405 5699 805 5770 συνδραμόντες
833 5701 913 5764 είς
933 5704 1031 5770 τήν
1052 5703 1363 5773 ὡρισμένην
1391 5700 1564 5766 πόλιν,
1589 5701 1986 5774 ἐκπληρώσωσι

465 5837 489 5868 ³
510 5836 587 5889 ΔΩ
611 5835 878 5901 legendum
900 5834 1253 5892 ὑποϐεϐηκόσιτ

2089 450 2188 513 τὰς
2232 446 2574 517 ὑποσχέσεις.
2628 445 2690 498 Οί
2739 443 2794 496 δέ
2849 443 3134 505 πείσαντες
3178 440 3471 512 ἀλλήλους,
3512 443 3541 494 6
3582 442 3681 513 μὲν

2093 532 2323 602 χρυσίῳ,
2353 531 2382 583 6
2421 528 2485 581 δὲ
2522 529 2698 598 ὅρκῳ,
2731 526 2872 595 φίλοι
2902 525 3158 593 γεγόνασι
3192 522 3298 596 πρὸ
3322 524 3425 595 τῆς
3463 524 3575 577 τῶν
3605 527 3684 581 διο

2090 612 2309 666 καστῶν
2347 611 2671 683 παρουσίας.
2708 608 3115 679 Συνδραμόντες
3149 607 3206 660 δὲ
3246 608 3489 678 σχήματι
3518 609 3576 661 ἐν
3616 613 3680 679 τῇ

2101 696 2470 756 ἰ’παιπικιῶν,
2521 695 2769 763 ἐνόμιζον
2815 693 2943 755 τοὺς
2993 690 3187 761 κριτάς
3242 689 3552 753 διαπαίζειν
3588 692 3684 744 ἐπὶ

2093 780 2382 851 ὑπερθέσει
2408 778 2571 831 πάλιν
2598 778 2706 831 τῶν
2742 775 3054 847 μαρτύρων,
3085 773 3159 836 ὡς
3189 774 3577 843 ἑκδημούντων
3605 776 3683 838 είς

2089 864 2378 933 διαφόρους
2409 862 2620 932 χρείας.
2656 860 2798 929 [196;
2825 858 3036 919 τούτοις
3068 858 3420 926 ἐπερωτῶσιν
3449 858 3500 910 οἱ
3528 856 3684 911 δικα-

2093 947 2214 999 σταὶ
2240 946 2330 999 τὸν
2349 946 2676 1016 κατήγορονο
2709 943 2888 1004 Ἐντὸς
2906 938 2999 994 οὖν
3026 941 3209 993 ποσῶν
3232 944 3263 1011 ἡ
3273 958 3338 1010 με
3348 941 3455 1009 ρῶν
3474 941 3686 1010 διάγεις

2091 1030 2319 1093 αὑτούςς
2354 1029 2448 1082 καὶ
2479 1026 2834 1097 ἐκδεχόμεθα.
2864 1025 3111 1095 Νομίσας
3136 1025 3333 1087 αὑτοὺς
3360 1024 3687 1096 δυσφοροῦν-

2090 1131 2189 1177 τας
2222 1112 2354 1183 πρὸς
2385 1113 2484 1182 τὴν
2516 1111 2627 1164 τῶν
2668 1108 3175 1183 ἀέρωνοὲπάγθειαν
3216 1107 3527 1177 ἀποχωρεῖν
3570 1108 3588 1177 (
3616 1102 3683 1178 ξ’

2092 1195 2202 1266 γὰρ
2226 1196 2288 1248 :6
2316 1194 2619 1267 ἀκραιφνὲς
2639 1194 2738 1263 τῆς
2763 1192 2981 1264 θερινῆς
3011 1189 3194 1262 ὧρας)
3214 1191 3505 1259 ὑπέσχετο,
3531 1190 3683 1253 ἐντὶς

2092 1280 2502 1351 τεσσαράκοντα
2520 1278 2741 1349 ἡμερῶν
2770 1278 3063 1346 ἐγγράφως
3086 1276 3118 1344 ἢ
3146 1277 3299 1343 ἄγειν
3321 1276 3447 1339 τοὺς
3474 1276 3683 1346 μάρτυ-

2100 1380 2198 1435 ρας
2231 1364 2263 1433 ἢ
2301 1363 2629 1431 ὑφίστασθαι
2659 1362 2727 1415 τὰ
2754 1362 2863 1414 τῶν
2888 1360 3149 1413 κανόνων.
3204 1358 3453 1427 Ἀφεθεὶς
3481 1354 3578 1413 οὖν
3605 1361 3683 1422 εἰς

2095 1446 2419 1515 ἐπιζήτησιν
2453 1444 2561 1498 τῶν
2602 1444 2926 1516 μαρτύρων,
2966 1440 3282 1495 καταλιπὼν
3320 1441 3383 1495 τὸ
3415 1443 3682 1512 πρᾶγμα.

2096 1530 2509 1600 καταλαμϐάνει
2529 1529 2628 1599 τὴν
2655 1525 3248 1590 Κωνσταντινούπολιν,
3275 1527 3455 1580 ἐκεῖσε
3476 1526 3686 1580 διαλαν-

2095 1612 2293 1667 θάνων.
2337 1611 2675 1676 Ἐξεδέξαντο
2699 1613 2748 1663 οἱ
2771 1609 2955 1680 κριταὶ
2983 1608 3083 1673 τάς
3107 1608 3521 1680 τεσσαράκοντα
3544 1608 3683 1679 ἡμέ-

2097 1714 2215 1768 ρας,
2247 1696 2323 1760 ὡς
2358 1696 2524 1758 εἰκός·
2568 1695 2662 1747 καὶ
2701 1697 2776 1759 ὼς
2796 1693 3031 1765 οὑδαμοῦ
3069 1694 3266 1764 ἐφάνη,
3306 1693 3684 1747 ἐπιστέλλουσι

2093 1783 2205 1843 τοῖς
2242 1778 2517 1848 πανταχοῦ
2558 1778 2661 1848 τῆς
2718 1778 2901 1840 Ἀσίας
2954 1776 3271 1840 ἐπισκόποις
3297 1818 3313 1841 ,
3356 1778 3683 1847 ποιήσαντες

2095 1863 2257 1916 αὑτὸν
2291 1859 2727 1932 ἀκοινιὺνητον,ἢ
2755 1860 2829 1923 ὡς
2860 1859 3190 1930 λιποτάκτην
3228 1860 3261 1930 ἦ
3294 1859 3371 1924 ὡς
3412 1860 3685 1927 συκοφάν-
3780 1864 3785 1867 ’

2093 1963 2194 2016 την
2211 1964 2223 1976 ο
2258 1946 2395 2015 μετὰ
2413 1945 2468 1998 δὲ
2488 1946 2645 1998 τοῦτο
2666 1945 3184 2017 προσεκαρτέρησαν
3205 1944 3369 2009 ἄλλας
3387 1945 3682 2018 τριάκοντα

2095 2030 2328 2100 ἡμέρας,
2353 2032 2446 2083 καὶ
2462 2030 2537 2093 ὼς
2559 2028 2799 2099 οὐδαμοῦ
2823 2032 3017 2101 ἐφάνη.
3039 2031 3497 2101 ἀναχωρήσαντες
3518 2025 3684 2100 ἦλθον

2095 2115 2175 2175 είς
2193 2114 2292 2184 τὴν
2306 2113 2716 2167 Κωνσταντινού
2727 2113 2896 2167 πολιν·
2915 2114 3076 2166 κάκεῖ
3098 2113 3481 2182 περιτυχόντες
3505 2110 3681 2182 αὑτῷ,

2096 2197 2386 2250 ἐνεκάλουν
2420 2198 2513 2250 ἐπὶ
2544 2196 2623 2268 τῷ
2654 2198 3062 2269 τετολμημένῳ.
3107 2199 3166 2252 '0
3201 2198 3257 2251 δὲ
3293 2197 3457 2250 πάλιν
3497 2199 3682 2269 6.99:0-

2098 2282 2252 2335 στίαν
2274 2281 2523 2351 σώματος
2542 2283 3043 2354 προφασισάμενος,
3069 2283 3382 2352 ὑπισχνεῖτο
3400 2284 3528 2348 τοὺς
3549 2283 3683 2355 μάρ·

2092 2383 2285 2436 τυρας.
2332 2366 2547 2420 Τούτων
2588 2366 2731 2420 οὑτω
2777 2366 3302 2439 χρονοτριόούντων,
3345 2367 3681 2438 ἀποθνήσκει

2093 2451 2122 2503 6
2163 2452 2506 2515 Ἀντωνῖνος,
2559 2450 2679 2522 μεθ’
2724 2446 2784 2505 οὗ
2822 2446 2963 2521 εἶχεν
2997 2453 3024 2504 ὁ
3066 2451 3323 2514 Εὐσέϐιος
3356 2452 3457 2523 τήν
3498 2450 3678 2523 δίκην.

2094 2529 2258 2597 Αὖθις
2293 2533 2554 2605 ψήφισμα
2586 2534 2804 2605 ἔρχεται
2843 2535 2950 2587 ἀπὸ
2992 2535 3176 2599 Ἀσίας
3201 2575 3217 2598 ,
3261 2535 3421 2587 τοῦτο
3459 2534 3559 2605 μὲν
3584 2535 3680 2588 τοῦ

2095 2616 2299 2688 κλήρου
2330 2618 2428 2688 τῆς
2471 2618 2794 2689 Ἐκκλησίας
2820 2617 2928 2671 τῶν
2966 2618 3249 2687 Ἐφεσίων,
3291 2616 3449 2670 τοῦτο
3478 2616 3535 2671 δέ
3571 2617 3683 2671 τῶν

2094 2700 2444 2763 ἐπισκόπων,
2480 2702 2616 2773 πρὸς
2652 2702 2741 2756 :6v
2786 2702 3071 2772 Ἰωάννην,
3101 2701 3323 2768 ἀξίωσιν
3357 2700 3474 2767 μεθ’
3514 2702 3683 2772 ὅρκου

2096 2784 2327 2855 φρικτοῦ
2355 2785 2609 2855 περιέχον
2626 2802 2639 2817 ο
2678 2786 2896 2856 Ἐπειδὴ
2917 2787 2975 2839 ἐν
3000 2789 3109 2849 τοῖς
3138 2784 3444 2855 ἔμπροσθεν
3466 2786 3682 2858 χρόνοις

2096 2867 2304 2938 φύρδην
2336 2870 2469 2921 οἵτε
2498 2869 2690 2940 θεσμοὶ
2720 2871 2814 2924 καὶ
2840 2871 2995 2941 ἡμεῖς
3033 2867 3463 2940 ἐποιμάνθημεν,
3494 2870 3681 2934 ἀξιοῦ-

2098 2949 2196 3021 μέν
2228 2967 2320 3004 σου
2357 2949 2455 3021 τὴν
2484 2952 2773 3024 τιμιότητα
2802 2951 3168 3007 κατελθοῦσαν
3200 2952 3370 3006 τύπον
3412 2953 3681 3007 ἐπιθεῖναι

2096 3031 2439 3103 θεόπεμπτον
2473 3037 2538 3105 τῇ
2577 3036 2839 3103 Ἐφεσίων
2881 3036 3181 3107 Ἐκκλησία
3209 3039 3273 3089 ἐκ
3302 3038 3530 3107 μακρῶν
3570 3038 3682 3090 τῶν

2095 3118 2305 3189 χρόνων
2324 3120 2785 3193 καταπονηθείσῃ,
2808 3122 2966 3175 τοῦτο
2994 3121 3091 3191 μὲν
3113 3121 3217 3175 ὑπὸ
3236 3122 3345 3174 τῶν
3369 3123 3437 3177 τά
3467 3122 3681 3194 Ἀρείου

2095 3201 2456 3272 φρονούντων,
2514 3202 2670 3256 τοῦτο
2714 3203 2772 3256 δὲ
2822 3204 2927 3257 ὑπὸ
2975 3205 3082 3258 τῶν
3128 3206 3195 3258 τά
3251 3204 3495 3277 ἡμέτερα
3539 3205 3682 3276 μετὰ

2094 3283 2408 3350 πλεονεξίας
2434 3287 2527 3339 καὶ
2553 3286 2838 3354 φιλαυτίας
2863 3287 3171 3356 αὐχούντων
3189 3303 3202 3317 ·
3226 3287 3415 3358 ἐπειδὴ
3444 3287 3681 3359 μάλιστα

2096 3365 2280 3419 πολλοὶ
2311 3369 2359 3420 οί
2380 3368 2781 3440 ἐφεδρεύοντες,
2812 3370 2887 3431 ὡς
2916 3370 3067 3424 λύκοι
3107 3371 3313 3442 βαρεῖς,
3344 3370 3432 3425 διά
3457 3371 3681 3442 χρημά-

2093 3466 2199 3502 των
2230 3450 2471 3521 ἁρπάσαι
2502 3452 2590 3505 τὸν
2620 3451 2807 3523 θρόνον
2837 3453 3181 3524 ἐπειγόμενοι
3218 3453 3265 3509 δ.
3306 3453 3365 3508 Ὀ
3395 3453 3452 3507 δί
3498 3454 3681 3508 Ἰωάν-

2093 3550 2191 3604 νης
2213 3535 2270 3587 ὲν
2292 3535 2531 3609 τοσαύτῃ
2559 3534 2809 3607 σώματος
2840 3537 3125 3610 ἀνωμαλίᾳ
3151 3539 3244 3592 καὶ
3265 3536 3551 3611 χειμερίας
3576 3538 3680 3608 τῆς

2092 3616 2262 3685 ῶρας,
2287 3618 2439 3672 οὐδὲν
2476 3619 2579 3691 πρὸ
2599 3620 2893 3691 ὀφθαλμῶν
2920 3622 3145 3692 θέμενος
3168 3622 3430 3694 λυπηρὸν,
3457 3622 3549 3676 ἐπὶ
3572 3639 3678 3675 κα-

2092 3703 2351 3757 ταστάσει
2389 3704 2624 3773 μάλιστα
2648 3705 3015 3776 νενοσηκότων
3057 3707 3397 3779 πραγμάτων
3427 3705 3556 3774 ὅλης
3577 3704 3680 3775 τῆς

2107 3785 2360 3857 Ἀσιανῆς
2391 3786 2710 3857 διοικήσεως
2738 3788 2807 3842 δι’
2849 3789 3107 3861 ἀπειρίαν
3143 3790 3177 3862 ἢ
3211 3788 3447 3861 ἐρημίαν
3478 3789 3677 3858 ποιμέο

2094 3885 2220 3933 νων,
2248 3868 2501 3934 τονωθεὶς
2533 3873 2599 3942 τῇ
2635 3871 2933 3944 προθυμίᾳ.
2964 3871 3138 3942 ἐμϐάς
3168 3873 3247 3935 είς
3276 3871 3487 3934 πλοῖον,
3518 3871 3681 3925 ἀπαί-

2096 3967 2179 4021 ρει
2218 3951 2316 4020 τῆς
2353 3951 2579 4018 πόλεως.
2632 3954 3052 4025 Ἐπιγενομένου
3094 3955 3150 4008 δέ
3203 3953 3434 4025 σφοδροῦ
3475 3954 3697 4024 ἀνέμου-

2096 4033 2343 4106 βορρέου,
2372 4036 2699 4109 φοϐηθέντες
2727 4041 2775 4092 οἱ
2798 4040 3062 4102 ναυτικοὶ,
3095 4040 3182 4094 ἵνα
3205 4040 3280 4110 μή
3305 4040 3386 4102 είς
3416 4035 3512 4109 τὴν
3533 4038 3681 4110 Προ-

2094 4118 2352 4189 κόννησον
2379 4120 2671 4191 ἐκριφῶσι,
2695 4119 2755 4174 :6
2785 4121 3010 4194 ἔπαρμα
3042 4121 3224 4185 θέντες
3249 4123 3315 4192 τῇ
3348 4120 3679 4192 βαλλομένη.

2095 4201 2456 4274 ὑποτρέχουσι
2480 4203 2538 4258 :6
2561 4204 2684 4276 ὅρος
2706 4205 2800 4259 τοῦ
2836 4206 3111 4277 Τρίτωνος
3131 4224 3145 4237 ⁸
3176 4207 3398 4261 κάκεῖσε
3424 4205 3680 4279 ῥίψαντες

2092 4285 2217 4349 τοὺς
2261 4286 2546 4358 κατόχους,
2601 4287 2793 4359 ἔμενον
2834 4291 3180 4361 ἐκδεχόμενοι
3229 4290 3416 4355 νότον,
3455 4290 3542 4344 ῖνα
3578 4307 3682 4343 πα-

2096 4367 2374 4439 ραϐάλωσι
2417 4372 2480 4441 τῇ
2522 4370 2814 4442 Ἀπαμείᾳ.
2862 4372 3267 4443 Ἐπιμείναντες
3298 4367 3391 4428 οὖν
3422 4372 3516 4428 δύο
3540 4374 3682 4443 ἡμέ-

2099 4468 2197 4524 ρας
2223 4452 2437 4523 νήστεις
2468 4452 2794 4524 ῥεμϐόμενοι
2825 4455 2882 4508 ἐν
2911 4455 2987 4526 τῷ
3018 4455 3206 4524 πλοίῳ,
3238 4458 3305 4527 τῇ
3330 4456 3489 4527 τρίτῃ
3518 4455 3684 4526 ἐξῆλ-

2095 4533 2185 4587 θον
2210 4536 2289 4597 είς
2314 4534 2412 4607 τήν
2452 4534 2778 4606 Ἀπάμειαν,
2821 4539 2880 4592 ἐν
2994 4538 3303 4611 ἐξεδέχοντο
3334 4537 3547 4603 Παῦλος
3587 4541 3683 4593 καὶ

2095 4619 2330 4688 Κυρῖνος
2379 4619 2475 4673 καὶ
2524 4620 2823 4686 Παλλάδιος
2871 4626 2921 4677 οί
2953 4623 3273 4677 ἐπίσκοπον
3309 4622 3533 4686 τούτους
3569 4622 3682 4694 γάρ
3738 4694 3741 4697 _

2094 4700 2254 4755 ἔλαϐε
2299 4703 2670 4776 συνεκδήμους
2717 4707 2747 4760 6
2789 4707 3062 4780 Ἰωάννης.
3104 4707 3464 4770 Διανύσαντες
3506 4706 3563 4761 δὲ
3613 4710 3680 4778 τῇ

2097 4784 2294 4859 πεζικῇ
2348 4788 2540 4861 πορείᾳ
2563 4791 2661 4859 τὴν
2694 4791 2832 4857 ὁδὸν,
2870 4792 3242 4846 είσῦἀλλουσιν
3273 4794 3352 4856 είς
3385 4791 3482 4863 τὴν
3513 4792 3681 4861 Ἰιίφε-

2097 4885 2189 4922 σον
2207 4884 2221 4898 ’
2252 4869 2347 4923 καὶ
2381 4873 2777 4941 συναγαγόντες
2812 4875 2937 4939 τοὺς
2962 4875 3059 4946 τῆς
3088 4874 3287 4938 Λυδίας
3312 4874 3640 4941 ἐπισκόπους
3659 4917 3674 4936 .

2096 4952 2190 5006 καί⁵
2229 4952 2414 5019 Ἀσίας
2443 4956 2536 5009 καὶ
2565 4956 2778 5029 Καρίας
2808 4957 3178 5022 συντείνοντας
3203 4959 3282 5022 είς
3312 4957 3683 5028 ἐϐδομήκοντα

2094 5034 2323 5109 ἄνδρας,
2369 5036 2648 5092 ποιοῦνται
2691 5039 2791 5110 τὴν
2831 5039 3198 5112 χειροτονίαν,
3227 5040 3335 5094 τῶν
3375 5039 3585 5093 πολλῶν
3615 5039 3681 5091 tu:

2100 5118 2407 5191 προθυμίας
2427 5121 2676 5176 ἑκουσίου
2695 5123 3145 5195 ἀπαντησάντων,
3173 5124 3411 5195 μάλιστα
3428 5123 3679 5197 Φρυγῶν.

2097 5204 2188 5257 ἐπὶ
2214 5203 2512 5257 ἀπολαύσει
2544 5205 2809 5277 στόματος
2840 5208 3030 5275 σοφίας
3052 5246 3067 5271 ,
3094 5206 3235 5262 κατά
3274 5206 3336 5263 :6
3368 5206 3679 5279 εἰρημένον

2097 5286 2285 5355 Σοφία
2311 5285 2382 5338 ἐν
2404 5286 2640 5355 ἐξόδοις
2670 5288 2968 5359 ὑμνεῖται,
3016 5290 3293 5344 τουτέστιν
3311 5330 3327 5355 ,
3362 5293 3423 5344 ἐν
3447 5292 3557 5355 τοῖς
3589 5289 3678 5343 λα-

2094 5366 2282 5423 λοῦσιν
2299 5385 2315 5400 ’
2341 5370 2415 5424 ἐν
2435 5371 2505 5426 δὲ
2523 5373 2835 5440 πλατείαις
2857 5374 3204 5443 πσρῤησιάι·
3222 5373 3351 5443 ἄγει
3368 5414 3384 5437 ,
3410 5374 3679 5438 τουτέστι,

2095 5452 2349 5525 καρδίαις
2394 5458 2517 5519 ταῖς
2558 5455 2647 5510 διά
2687 5457 3045 5527 πολυτρόπων
3078 5457 3314 5527 θλίψεων
3344 5457 3684 5513 πλατυνθεί-

2095 5551 2236 5599 σαις,
2263 5537 2405 5592 κατά
2433 5538 2515 5604 :6,
2557 5538 2661 5594 Ἔν
2681 5541 2886 5609 θλίψει
2916 5538 3263 5607 ἐπλάτυνὰς
3284 5556 3379 5609 με.
3411 5540 3680 5608 Στενοχω-

2096 5623 2267 5690 ρεῖται
2290 5621 2402 5695 γάρ
2427 5624 2461 5693 ἡ
2484 5622 2644 5691 σοφία
2675 5624 2734 5675 ἐν
2759 5627 2871 5686 τοῖς
2903 5623 2971 5676 τὰ
2997 5622 3210 5686 ζιζάνια
3237 5622 3561 5694 γεωργοῦσι,
3588 5623 3683 5679 καὶ

2092 5704 2184 5756 τὸν
2212 5704 2373 5773 λόγον
2408 5706 2825 5776 συμπνίγουσιν.

2158 5848 2185 5888 δ
2214 5852 2390 5918 Georg,
2415 5859 2497 5911 τῆς
2521 5853 2780 5912 ἐπισκοπῆς
2802 5855 3110 5918 ἐπειγόμενοι.
