3948 6458
231 412 291 473 ι’]
1213 412 1300 468 DE
1346 411 1497 469 \‘I'I‘A
1539 412 1577 467 S
1637 407 1919 466 JOANNIS
1958 409 2452 467 ειιιιϊδυδτοιιι.

229 538 281 588 in
312 533 595 605 proposito
641 531 898 602 persistit.
929 530 1063 585 Tant
1086 529 1271 598 jubent
1317 528 1420 597 legi
1447 526 1714 581 libellum:
1745 527 1822 578 Ie-

230 636 418 694 ctaque
433 632 561 677 sunt
580 622 884 690 supradicta
908 621 1098 690 capita.
1121 619 1309 675 Dicunt
1327 619 1566 673 seniores
1587 618 1821 689 episcopi

237 716 423 771 Joauni
458 755 474 781 ,
513 713 703 768 audito
750 722 935 767 tenore
981 711 1139 765 libelli
1188 729 1202 765 :
1244 711 1354 765 Etsi
1409 709 1825 779 unumquodque

230 807 657 877 uniuscujusque
689 805 883 874 capitis
928 804 1157 858 maxime
1188 803 1406 872 impium
1437 810 1519 856 est
1563 812 1617 855 et
1654 802 1822 855 unde-

234 914 443 970 quaque
487 900 657 953 sacris
699 898 904 967 legibus
945 896 1283 951 iutcrdictmn
1313 937 1327 960 ,
1371 910 1440 950 ne
1466 895 1742 949 videamur
1770 894 1820 945 in

234 990 318 1045 his
357 1006 482 1060 qua:
524 990 729 1045 leviora
791 995 916 1042 sunt
986 996 1194 1055 tempus
1261 1002 1424 1041 omne
1499 987 1816 1048 insmnere,

231 1081 297 1135 ab
365 1096 430 1134 eo
487 1080 627 1149 quod
700 1088 782 1133 est
864 1077 1171 1133 horribilius
1246 1076 1336 1131 iiat
1404 1076 1695 1148 inquisitio.
1762 1076 1818 1129 Si

231 1172 375 1225 enim
455 1170 582 1223 illud
648 1170 917 1223 inventum
993 1168 1153 1223 fuerit
1219 1183 1402 1221 verum
1446 1206 1461 1230 .
1529 1167 1703 1221 nullus
1751 1166 1819 1219 de

231 1259 499 1328 capitibus
556 1259 771 1328 reliquis
822 1259 928 1313 erit
993 1256 1393 1313 contradicendi
1445 1257 1630 1311 locus:
1694 1270 1814 1309 cum

233 1350 373 1405 illius
400 1350 592 1420 capitis
620 1349 789 1405 tradix
834 1363 1048 1404 omnem
1097 1348 1391 1417 iniquitatis
1429 1347 1661 1415 speciem
1689 1360 1815 1417 pro-

231 1442 517 1508 germinet,
548 1440 697 1510 juxta
727 1440 896 1502 illum,
924 1439 1010 1508 qui
1045 1438 1117 1492 sit
1147 1456 1160 1490 :
1204 1437 1378 1492 Radix
1398 1438 1621 1492 omnium
1650 1435 1815 1490 ntale-

230 1551 343 1587 nznt
384 1547 459 1588 est
513 1533 727 1587 avaritia
765 1532 835 1606 (I
899 1530 1067 1585 Tim.6
1095 1572 1109 1596 ,
1140 1532 1273 1601 I0).
1315 1531 1415 1598 Qui
1464 1529 1606 1584 enim
1657 1542 1817 1598 super

229 1626 549 1680 innocentes
577 1639 791 1678 munera
819 1623 1062 1692 accepit,
1096 1632 1152 1677 et
1187 1622 1416 1691 Spiritus
1439 1621 1607 1677 sancti
1633 1620 1815 1674 distri-

229 1716 505 1771 butionem
534 1725 757 1786 argento
784 1718 1017 1770 vendere
1064 1729 1170 1769 non
1215 1714 1477 1768 dubitavit
1497 1731 1511 1767 :
1530 1728 1636 1782 quo
1661 1722 1815 1782 pacto

226 1809 335 1877 jam
365 1818 550 1877 parcet
575 1807 742 1861 sacris
769 1807 909 1861 vasis
937 1814 1028 1859 aut
1057 1806 1320 1874 lapidibus
1348 1815 1440 1858 aut
1482 1804 1694 1873 pra-diis
1720 1819 1813 1857 ec-

235 1900 460 1955 cli-sire?
496 1900 649 1955 Tunc
686 1899 922 1955 Joannes
950 1900 1303 1969 quaestionem
1329 1898 1539 1951 inchoat
1564 1939 1578 1961 ,
1629 1897 1815 1950 dicens

230 1995 499 2047 Antonino
522 2010 536 2045 :
568 1992 701 2061 Quid
733 1993 798 2046 ad
823 1992 935 2046 lure
951 1993 1104 2058 dicis,
1123 1991 1286 2047 frater
1316 1990 1619 2046 Antoniae?
1641 1990 1809 2059 Nega-

230 2083 307 2135 vit
334 2083 420 2136 ille
449 2084 771 2138 necessario.
804 2083 1082 2149 Quomodo
1129 2082 1273 2137 enim
1306 2092 1483 2151 posset
1513 2082 1617 2136 sub
1646 2096 1812 2137 exor-

231 2173 376 2226 dium
408 2173 581 2242 ipsum
609 2172 977 2229 cenfusionem
1006 2188 1155 2229 Suam
1179 2174 1462 2229 Confiteri?
1498 2174 1812 2243 Interrogati

230 2272 354 2318 sum
382 2264 470 2333 qni
498 2265 791 2331 dederunt;
843 2275 1101 2334 negarunt
1142 2276 1195 2321 et
1243 2265 1362 2335 ipsi.
1399 2266 1524 2320 Post
1553 2265 1665 2320 lucc
1690 2281 1811 2319 cum

231 2353 504 2424 inquisitio
528 2354 591 2410 ad
621 2356 804 2409 horam
825 2371 991 2426 usque
1034 2367 1276 2410 octavam
1307 2356 1591 2426 diiigeuter
1627 2371 1815 2426 agere-

230 2452 357 2509 tur,
396 2459 463 2499 ex
505 2444 715 2500 indiciis
758 2446 1073 2516 quibusdam
1100 2445 1359 2515 judicium
1399 2445 1680 2500 formatum
1707 2454 1809 2501 est.

230 2535 539 2602 Postremo,
564 2547 619 2590 ιιι
645 2552 739 2606 par
769 2546 913 2605 erat,
944 2546 1160 2591 ventum
1191 2544 1276 2591 est
1301 2535 1364 2588 ad
1395 2542 1560 2590 testes
1587 2577 1603 2601 ,
1630 2550 1810 2590 coram

226 2627 420 2695 quibus
451 2636 503 2680 et
533 2626 586 2682 hi
610 2626 888 2692 dederant,
906 2635 959 2681 et
987 2628 1101 2697 ipse
1120 2636 1418 2696 acceperat.
1450 2624 1565 2680 Non
1591 2625 1813 2681 aderant

227 2728 395 2772 testes
427 2732 596 2787 :Opus
624 2728 740 2773 erat
767 2732 951 2773 eorum
984 2718 1285 2789 prmseulia.
1318 2716 1691 2772 Difficultatem
1735 2716 1810 2772 si-

226 2807 538 2863 stendorum
584 2809 798 2863 testium
846 2808 1138 2879 respiciens
1183 2807 1439 2874 Joannes,
1475 2821 1531 2861 ut
1560 2814 1815 2878 purgaret

228 2901 521 2955 Eeclesiam
541 2942 557 2968 ,
586 2909 639 2955 et
670 2900 891 2956 testibus
922 2910 1163 2971 parceret
1190 2944 1205 2968 ,
1234 2917 1330 2970 per
1363 2916 1422 2955 se
1447 2901 1501 2955 in
1530 2901 1709 2955 Asiam
1736 2900 1812 2956 ire

223 3007 349 3048 sese
379 2992 519 3046 ultro
561 2993 723 3048 offert
755 3034 770 3058 ,
802 3003 857 3048 et
899 3009 1124 3048 examen
1180 3008 1455 3063 peragere.
1511 2993 1811 3048 Antoninus

223 3087 337 3140 visa
369 3085 592 3143 Joannis
620 3088 936 3143 strenuitatc
963 3098 1123 3158 atque
1148 3089 1455 3158 incorrupta
1483 3088 1808 3157 integritate,

224 3185 412 3245 utpote
442 3175 544 3230 sibi
567 3175 812 3229 conscius
844 3214 860 3239 ,
913 3175 1042 3229 adiit
1086 3174 1369 3243 quemdam
1394 3189 1426 3229 e
1454 3173 1766 3242 proceribus
1793 3215 1807 3237 ,

221 3268 379 3335 cujus
410 3265 627 3335 prazdia,
651 3280 773 3334 qua:
800 3264 854 3319 in
885 3265 1008 3319 Asia
1049 3273 1203 3319 erant
1230 3305 1244 3329 ,
1269 3265 1381 3335 ipse
1407 3265 1662 3319 curabat:
1693 3272 1812 3319 orat

224 3368 279 3412 ut
306 3358 656 3413 inhibendum
674 3356 932 3412 Joannem
953 3369 1222 3426 procuret,
1255 3373 1320 3412 ne
1338 3358 1389 3412 in
1419 3358 1597 3412 Asiam
1616 3358 1808 3423 abiret,

222 3449 546 3517 promittens
568 3456 733 3503 testes
760 3463 817 3502 se
834 3447 1218 3503 exhibiturum.
1239 3448 1338 3516 Qui
1365 3449 1544 3502 statim
1571 3449 1807 3511 molitur,

221 3548 280 3595 ut
308 3539 489 3594 lnecce
520 3539 584 3593 ad
615 3539 875 3594 Joannem
907 3541 1213 3610 episc0pnm
1242 3556 1272 3595 e
1307 3541 1501 3610 palatio
1523 3541 1811 3596 denuntia-

220 3640 440 3685 reutur:
472 3630 775 3685 Absurdum
800 3642 879 3686 est
908 3640 958 3684 te
985 3672 1000 3697 ,
1042 3632 1128 3701 qui
1157 3632 1231 3685 sis
1256 3633 1568 3703 episcopus,
1618 3642 1672 3687 et
1697 3636 1810 3688 ani-

220 3737 433 3775 marum
463 3733 763 3776 nostrarum
793 3723 1062 3792 inspector
1095 3765 1109 3791 ,
1160 3724 1213 3778 in
1259 3733 1402 3778 tanta
1435 3726 1689 3781 tumultus
1718 3742 1812 3782 cx-

217 3812 571 3881 spectatione,
601 3814 904 3885 relinquere
919 3815 1188 3869 civitatem
1214 3858 1229 3882 ,
1260 3826 1311 3870 et
1330 3818 1808 3887 peregrinationem

219 3903 273 3956 in
324 3903 503 3958 Asiam
545 3904 697 3958 obire
727 3945 741 3968 ,
790 3919 910 3958 eum
957 3905 1110 3961 facile
1155 3915 1321 3961 testes
1357 3907 1547 3962 deduci
1578 3909 1803 3979 possint.

219 3994 354 4048 Erat
370 4006 549 4050 autem
574 3996 867 4065 exspectati
893 3995 1147 4051 tumultus
1168 4012 1324 4051 causa
1338 3996 1506 4055 Gaina
1526 3999 1806 4060 barbarus.

218 4085 533 4154 Enimvero,
558 4104 624 4142 ne
647 4089 856 4159 longior
875 4090 996 4156 sim,
1019 4091 1367 4159 persuadetur
1388 4092 1463 4146 illi
1495 4102 1551 4146 ut
1572 4104 1805 4162 maneat,

213 4191 402 4232 atram
441 4178 599 4233 simul
636 4180 837 4235 habens
864 4190 920 4237 et
951 4182 1134 4252 judicii
1173 4190 1228 4236 et
1262 4184 1519 4238 molestiae
1569 4186 1806 4241 testium.

215 4269 437 4324 Interim
452 4269 653 4325 lucrum
667 4272 989 4342 insperatum
1004 4286 1095 4328 reo
1108 4271 1201 4327 fuit
1214 4274 1278 4326 ad
1293 4275 1575 4329 adventum
1593 4277 1807 4330 testium

212 4353 425 4417 dilatio,
450 4370 585 4423 quos
609 4366 699 4411 aut
717 4357 961 4426 pecunia,
980 4368 1071 4414 aut
1097 4360 1335 4428 potentia
1361 4359 1541 4431 fugare
1573 4371 1802 4431 pote;at.

212 4444 527 4502 Praevidens
545 4449 642 4503 ista
668 4448 923 4517 Joannes,
945 4466 1065 4505 eum
1086 4462 1350 4520 praesente
1369 4452 1587 4523 Synodo
1606 4453 1809 4508 delibe-

215 4545 304 4590 rat
331 4538 589 4607 quosdam
613 4555 644 4594 e
674 4542 1025 4609 prmseutibns
1057 4542 1323 4613 episcopis
1367 4546 1419 4598 in
1464 4544 1645 4598 Asiam
1680 4544 1804 4597 mit-

215 4640 337 4685 tere
375 4630 441 4683 ad
489 4631 894 4704 interrogandus
924 4644 1108 4691 testes.
1163 4637 1460 4707 Derepente
1502 4637 1663 4708 igitur
1694 4648 1805 4694 tres

212 4721 455 4790 episcopi
486 4722 641 4778 electi
672 4727 918 4795 sunt,qni
949 4727 1323 4783 mitterentur:
1354 4728 1655 4802 Syncletius
1686 4745 1802 4786 me-

212 4812 577 4880 tropolitanus
601 4814 991 4884 TrajanOpolis,
1011 4817 1313 4889 Ilesychius
1330 4822 1616 4891 episcopus
1636 4822 1798 4889 Parii,

209 4910 267 4955 et
286 4901 554 4960 Palladius
576 4903 917 4975 llelenopolis
934 4948 948 4972 ,
972 4923 1093 4963 cum
1111 4909 1162 4963 in
1179 4913 1314 4966 actis
1331 4910 1642 4967 interlocuta
1661 4922 1805 4970 esset

210 4991 485 5064 Synodus,
510 5004 567 5050 ut
591 4997 680 5066 qni
707 4997 843 5053 intra
870 4999 1005 5053 duas
1030 5014 1246 5057 menses
1270 5017 1377 5056 non
1399 5004 1721 5059 occurrisset
1747 5014 1801 5060 et

214 5082 337 5152 jura
366 5098 462 5139 sua
493 5100 845 5158 persequutus
868 5105 976 5145 non
1000 5088 1209 5158 fuisset,
1240 5092 1488 5163 Hypaepis
1507 5134 1523 5161 ,
1555 5093 1695 5148 Asia:
1725 5094 1800 5148 cio

209 5174 399 5242 vitate,
419 5175 542 5245 quia
569 5179 727 5234 vicini
755 5189 936 5238 essent
954 5188 1012 5238 et
1035 5182 1125 5253 qui
1147 5185 1507 5253 arguebantur
1531 5193 1587 5241 et
1611 5185 1799 5256 reliqui

212 5264 472 5335 episcopi,
497 5268 734 5338 quicum
756 5268 1033 5343 Syncletio
1049 5271 1291 5343 judicare
1316 5272 1601 5340 debebant,
1634 5275 1682 5330 is
1708 5293 1800 5332 ex-

209 5359 635 5415 eommunicatus
647 5371 786 5418 esset
798 5402 812 5416 .
836 5362 961 5419 Post
982 5362 1096 5421 haec
1111 5364 1503 5422 descenderunt
1515 5365 1798 5437 Smyrnam

209 5446 336 5502 dicti
360 5448 668 5521 Syncletins
689 5462 746 5509 et
770 5453 1068 5511 Palladius:
1117 5456 1413 5528 Hesychius
1438 5465 1616 5513 autem
1646 5500 1663 5525 ,
1709 5459 1797 5529 qui

212 5539 417 5594 amicus
441 5552 554 5596 erat
581 5543 838 5599 Antonini
864 5585 878 5609 ,
929 5548 1198 5604 simulavit
1226 5549 1508 5605 morbum:
1536 5558 1590 5605 et
1613 5565 1708 5621 per
1736 5550 1798 5604 li-

212 5636 350 5685 teras
394 5632 533 5688 illico
559 5634 929 5705 siguificarunt
971 5640 1209 5708 utrisque
1250 5641 1487 5710 partibus
1511 5641 1795 5696 adventum

211 5738 385 5789 suum,
414 5734 469 5778 ut
505 5737 891 5785 concurrentes
921 5730 972 5784 in
1000 5730 1195 5787 dictam
1219 5733 1488 5788 civitatem
1514 5732 1800 5802 implerent

211 5817 487 5882 promissa.
537 5817 615 5873 Illi
657 5827 837 5873 autem
881 5834 999 5876 cum
1044 5837 1102 5879 se
1148 5834 1331 5881 mutuo
1380 5827 1751 5897 corrupissent
1778 5868 1793 5895 ,

3457 417 3545 470 εἶθ’

1935 524 2128 593 partim
2158 538 2289 576 auro
2317 565 2331 585 ,
2362 524 2550 592 partim
2577 523 2919 592 jurejurando
2946 569 2959 591 ,
3015 527 3173 581 amici
3210 526 3330 581 facti
3364 538 3518 583 erant

1930 620 2054 666 ante
2079 612 2365 667 adventum
2403 611 2661 683 judicum.
2706 613 2838 668 Cum
2889 623 3063 669 autem
3106 616 3238 670 dicis
3267 631 3425 673 causa
3452 621 3517 671 ad

1940 704 2210 758 civitatem
2235 703 2648 775 Hypmpinorum
2678 703 2966 772 venissent,
3000 707 3283 776 sperabant
3306 722 3516 763 rursum

1930 794 2146 849 cludere
2168 796 2379 858 iudices
2404 795 2659 850 dilatione
2688 796 2900 850 testium
2923 837 2938 860 ,
2965 800 3112 867 quasi
3142 814 3362 870 peregre
3388 815 3514 868 pro-

1929 886 2054 942 fecti
2080 899 2262 941 essent
2298 888 2367 943 ob
2395 889 2567 942 varias
2591 902 2799 943 causas.
2829 888 2956 944 Post
2983 890 3095 944 hrec
3115 892 3323 960 judices
3360 908 3516 949 accuo

1928 989 2160 1032 sutorem
2193 988 2406 1049 rogant:
2440 979 2580 1034 Intra
2606 990 2732 1049 quot
2763 981 2922 1051 igitur
2962 981 3078 1035 dies
3102 982 3427 1039 adducturus
3456 994 3541 1039 es'

1930 1076 2093 1123 teSIes
2117 1070 2140 1123 ?
2166 1078 2220 1123 ct
2248 1071 2699 1139 exspectabimus.
2748 1071 2914 1126 Batus
2941 1072 3029 1126 ille
3059 1088 3153 1126 eos
3182 1074 3321 1129 aeris
3352 1074 3517 1130 incle-

1925 1161 2178 1216 meutiam
2207 1178 2350 1233 tegre
2374 1163 2624 1228 ferentes,
2655 1164 2985 1219 discessuros
3015 1166 3157 1235 (erat
3182 1166 3322 1221 enim
3354 1178 3511 1222 aesta-

1927 1252 1994 1307 tis
2026 1253 2139 1324 ipse
2185 1254 2347 1310 ardor
2373 1252 2392 1327 )
2424 1296 2442 1322 ,
2486 1257 2687 1326 scripto
2713 1258 2972 1327 promittit
3003 1258 3136 1311 intra
3167 1258 3512 1329 quadraginta

1924 1344 2043 1401 dies
2085 1347 2466 1417 producturum
2501 1355 2664 1405 testes
2687 1391 2702 1415 ,
2744 1359 2836 1403 aut
2874 1365 3062 1421 pinnas
3084 1367 3348 1405 canonum
3381 1352 3513 1408 sub—

1925 1439 2148 1492 iturum.
2171 1440 2429 1495 Dimissus
2452 1440 2612 1511 2gitur
2626 1441 2691 1496 ad
2720 1441 3065 1511 inquirendos
3094 1452 3280 1507 testes,
3309 1443 3509 1498 omissa

1924 1527 2289 1597 inquisitione,
2321 1529 2842 1601 Constantinopolim
2872 1533 3038 1593 venit.
3071 1533 3139 1586 ibi
3162 1532 3508 1589 delitescens.

1924 1621 2315 1690 Exspectabam
2332 1622 2564 1693 judices,
2590 1633 2648 1677 ut
2673 1640 2767 1692 par
2801 1634 2936 1691 erat,
2959 1624 3025 1676 ad
3053 1623 3511 1694 quadragesimam

1920 1710 2062 1767 diem
2086 1728 2101 1766 :
2131 1721 2186 1766 et
2214 1729 2335 1766 cum
2364 1714 2551 1769 nullibi
2579 1715 2669 1768 ille
2692 1724 3029 1782 compareret
3061 1755 3076 1780 ,
3124 1714 3363 1768 scribunt
3391 1729 3510 1768 om-

1923 1803 2078 1858 nibus
2100 1805 2239 1860 Asiae
2267 1805 2552 1875 episcopis,
2581 1822 2702 1859 eum
2731 1806 3111 1861 denuntiantes
3138 1806 3509 1861 excommuni-

1921 1907 2098 1949 catum
2131 1937 2146 1961 ,
2199 1897 2312 1951 sive
2335 1906 2392 1952 ut
2412 1897 2742 1952 desertorem
2772 1939 2786 1963 ,
2829 1899 2942 1953 sive
2969 1908 3025 1951 ut
3049 1899 3509 1954 calumniatorem.

1921 1983 2185 2039 Cmtcrum
2213 1994 2334 2055 post
2370 1985 2472 2040 hoc
2500 1986 2636 2040 alios
2665 1987 2826 2040 etiam
2870 1987 3082 2054 triginta
3108 1987 3224 2041 dies
3258 1988 3508 2055 perstite-

1922 2086 2049 2131 runt
2076 2094 2090 2130 :
2119 2085 2173 2132 et
2198 2092 2318 2132 cum
2346 2092 2450 2132 non
2476 2086 2831 2146 compareret,
2853 2078 3250 2144 discesserunt,
3292 2087 3347 2132 et
3370 2076 3510 2133 Con-

1920 2169 2322 2238 stantinopolim
2347 2168 2638 2226 redierunt.
2665 2170 2774 2224 Illic
2802 2184 2920 2225 cmn
2941 2171 3113 2240 ipsum
3137 2169 3507 2235 oﬂ'eudisscn',

1922 2259 2125 2315 facinus
2171 2260 2245 2314 illi
2292 2262 2701 2330 esprubraruut.
2756 2261 2959 2316 Rursus
3013 2263 3103 2318 ille
3142 2262 3505 2318 infirmitatem

1919 2351 2164 2420 corporis
2194 2360 2493 2420 prmtexens
2516 2394 2532 2420 ,
2580 2353 2929 2421 pollicebatur
2951 2362 3115 2408 testes
3139 2369 3200 2410 se
3244 2355 3501 2410 adductu-

1921 2455 2057 2494 rum.
2087 2440 2217 2506 Quae
2233 2457 2352 2495 cum
2378 2442 2431 2496 in
2453 2443 2666 2513 longum
2699 2451 2907 2512 tempus
2924 2448 3000 2498 sic
3023 2445 3253 2511 abirent,
3282 2447 3510 2500 moritur

1918 2530 2223 2586 Antoninus
2241 2571 2255 2595 ,
2284 2545 2403 2586 cum
2426 2547 2533 2602 quo
2555 2533 2701 2588 litem
2734 2533 2964 2588 habebat
2990 2533 3273 2590 Eusebius.
3302 2534 3507 2590 Rursus

1918 2618 1986 2673 ab
2028 2621 2152 2675 Asia
2188 2621 2331 2674 venit
2351 2621 2627 2676 decretum
2653 2623 2719 2676 ad
2747 2623 3005 2678 Joannem
3032 2665 3049 2691 ,
3082 2626 3272 2695 partim
3302 2643 3330 2679 a
3353 2626 3505 2681 clero

1917 2709 2149 2764 civitatis
2182 2710 2535 2780 Ephesiorum
2562 2752 2578 2778 ,
2613 2714 2805 2782 partim
2833 2714 2900 2767 ab
2920 2715 3189 2784 episcopis
3218 2755 3235 2782 ,
3266 2717 3503 2785 postula-

1921 2803 2116 2858 tionem
2145 2818 2264 2859 cnm
2287 2803 2525 2859 horribili
2549 2804 3209 2876 jurejurandocontincns.
3241 2808 3503 2877 Quoniam

1918 2896 2289 2966 superioribus
2330 2898 2658 2967 temporibus
2704 2899 3008 2954 inordinate
3060 2909 3115 2955 et
3158 2900 3302 2969 leges
3330 2911 3382 2955 et
3410 2915 3509 2956 nos

1915 2990 2199 3060 gubernati
2227 3005 2410 3046 sumus
2438 3033 2454 3057 ,
2506 3006 2723 3047 oramus
2752 2991 3162 3048 Venerationem
3209 2995 3352 3047 tuam
3378 3035 3394 3059 ,
3451 3005 3508 3048 ut

1917 3079 2233 3146 descendas,
2263 3090 2319 3137 et
2347 3081 2572 3136 formam
2599 3083 2707 3137 Deo
2738 3083 2950 3153 dignam
2981 3083 3224 3152 imponas
3254 3083 3508 3139 Eceiesire

1917 3171 2290 3241 Ephesiorum,
2313 3186 2343 3226 a
2372 3173 2530 3243 longo
2553 3182 2795 3241 tempore
2820 3173 3052 3238 afﬂictae,
3080 3176 3269 3244 partim
3289 3173 3505 3244 quidem

1917 3265 1985 3320 ab
2008 3264 2117 3318 Arii
2147 3266 2517 3326 sectatoribus,
2543 3266 2734 3335 partim
2762 3266 2830 3319 ab
2857 3267 2921 3321 iis
2942 3267 3031 3336 qui
3064 3282 3185 3321 cum
3207 3267 3425 3321 avaritia
3453 3277 3508 3322 et

1917 3353 2224 3408 dominandi
2274 3354 2494 3409 libidine
2522 3354 2820 3410 catholicos
2870 3370 2931 3410 se
2986 3371 3106 3410 esse
3154 3357 3500 3427 gloriantur:

1917 3446 2039 3517 quia
2070 3446 2318 3517 permulti
2360 3446 2683 3501 insidiantur
2707 3488 2723 3512 ,
2754 3456 2815 3503 ut
2841 3447 2947 3517 lupi
2977 3462 3164 3518 graves
3186 3490 3201 3512 ,
3233 3450 3507 3520 episcopa-

1917 3538 2021 3593 Icm
2065 3537 2249 3593 sedem
2289 3539 2530 3606 pecuniis
2572 3552 2763 3609 rapere
2815 3539 3146 3595 festinantes.
3193 3531 3426 3596 Joannes
3453 3540 3504 3595 lu

1917 3639 2063 3685 tanta
2109 3630 2353 3700 corporis
2392 3630 2699 3685 infirmitate
2726 3670 2743 3698 ,
2774 3632 2933 3686 etiam
2970 3641 3207 3702 tempore
3237 3631 3458 3687 ltibrt‘uo
3484 3673 3501 3697 _.

1919 3721 2046 3776 nihil
2075 3722 2286 3776 molesti
2316 3723 2415 3777 sibi
2444 3722 2513 3777 ob
2538 3724 2724 3778 oculos
2759 3738 3068 3795 proponens
3101 3766 3115 3791 ,
3149 3734 3208 3780 ut
3234 3725 3395 3779 rebus
3418 3736 3501 3781 to-

1920 3814 2023 3868 tius
2051 3815 2264 3870 Asiaote
2284 3814 2584 3870 diceceseos
2607 3815 2765 3884 :egris
2791 3815 3096 3869 mederetur
3122 3855 3136 3879 ,
3173 3816 3251 3870 vel
3282 3823 3505 3887 propter

1917 3904 2237 3974 imperitiam
2260 3947 2276 3971 ,
2308 3906 2393 3960 vel
2423 3915 2643 3976 propter
2662 3905 3003 3960 solitudinem
3033 3915 3305 3975 pastormn
3341 3947 3354 3969 ,
3387 3906 3505 3960 ala-

1915 3997 2109 4052 critate
2137 3997 2301 4052 animi
2329 3998 2611 4052 roboratus
2639 4037 2655 4063 ,
2688 3996 2963 4067 ingressus
2986 3996 3158 4050 navim
3181 4036 3195 4061 ,
3227 3996 3358 4052 urbe
3384 3995 3501 4051 dis-

1914 4089 2098 4145 cessit.
2150 4089 2389 4145 lrruente
2429 4090 2641 4145 interim
2671 4103 2816 4143 εωνο
2856 4089 3110 4158 aquilone
3136 4129 3152 4153 ,
3194 4097 3502 4145 mutueutes

1916 4191 2095 4235 nauta:
2123 4221 2140 4249 ,
2170 4196 2239 4236 ne
2269 4181 2322 4235 in
2354 4181 2757 4236 Proconnesum
2788 4180 3110 4249 ejicerentur
3130 4220 3147 4247 ,
3172 4182 3346 4249 posito
3375 4180 3507 4235 velo.

1915 4269 1970 4324 in
1997 4279 2200 4340 partem
2243 4270 2394 4325 navis
2433 4285 2553 4340 qua:
2578 4280 2739 4325 vento
2789 4270 3173 4326 verberabatur
3201 4309 3215 4333 ,
3264 4271 3503 4326 Tritonis

1920 4360 2347 4431 promontorium
2372 4360 2871 4431 prtetervehuntur:
2922 4367 2977 4415 et
3007 4359 3076 4415 ibi
3105 4361 3262 4428 jactis
3289 4363 3503 4416 ancoris

1913 4460 2225 4508 manserunt
2260 4495 2275 4515 .
2304 4461 2544 4508 austrum
2573 4460 2946 4522 exspectantes
2977 4494 2994 4519 ,
3041 4461 3096 4507 ut
3129 4454 3378 4523 Apameae
3407 4469 3500 4523 ap.

1913 4545 2192 4616 plicareut.
2236 4543 2368 4599 Cum
2402 4544 2564 4615 igitur
2592 4543 2810 4599 biduum
2833 4543 3001 4614 jejuni
3030 4545 3410 4613 perstitissent,
3444 4547 3497 4602 in

1913 4636 2155 4693 navicula
2187 4638 2368 4708 agitati
2400 4679 2415 4703 ,
2447 4636 2602 4694 tertia
2622 4636 2711 4692 die
2740 4639 3031 4707 Apameam
3057 4635 3325 4693 devenere
3345 4678 3361 4704 ,
3411 4638 3500 4693 ubi

1910 4742 2033 4783 cum
2061 4727 2446 4797 exspectabant
2473 4727 2692 4794 Paulus,
2720 4727 2951 4798 Cyrinus
2977 4734 3028 4781 et
3058 4726 3326 4782 Palladius
3355 4743 3369 4779 :
3399 4725 3501 4781 hos

1911 4824 2052 4879 enim
2085 4823 2185 4878 via:
2212 4823 2436 4877 comites
2464 4830 2824 4891 assumpserat
2854 4819 3092 4876 Joannes
3117 4836 3132 4876 :
3170 4820 3503 4891 pedibusque

1910 4914 2154 4972 confecto
2182 4916 2371 4971 itinere
2389 4913 2660 4984 Ephesum
2689 4913 3028 4982 perveniunt.
3060 4912 3128 4968 Et
3165 4912 3501 4982 congregatis

1911 5006 2092 5079 Lydiae
2121 5004 2410 5076 episcOpis,
2442 5003 2583 5060 Asia:
2613 5012 2773 5074 atque
2793 5000 2966 5058 Caria:
2989 5043 3004 5068 ,
3032 5015 3261 5058 numero
3283 5015 3501 5072 septua-

1910 5100 2053 5168 ginta
2078 5137 2096 5165 ,
2126 5095 2519 5151 ordinationem
2564 5093 2787 5160 faciunt,
2830 5108 2953 5151 cum
2984 5093 3167 5164 plures
3200 5102 3496 5163 spontaneo
3547 5119 3551 5123 ~

1908 5186 2184 5243 alacritate
2209 5185 2586 5251 occurrissent,
2616 5186 2848 5241 maxime
2880 5200 2912 5241 e
2937 5184 3238 5257 Phrygibus
3256 5224 3274 5252 ,
3304 5192 3362 5238 ut
3388 5182 3501 5237 oris

1906 5278 2167 5349 sapientia
2199 5278 2520 5341 fruerentur,
2540 5278 2689 5347 juxta
2721 5277 2862 5346 quod
2890 5277 3093 5333 dictum
3123 5285 3206 5333 est
3229 5274 3497 5344 Sapientia

1906 5368 1958 5424 in
1973 5367 2186 5425 exitibus
2206 5367 2447 5424 laudatur
2463 5366 2640 5441 (Prov.
2654 5370 2675 5424 I
2691 5368 2825 5441 .20);
2847 5367 2947 5425 hoc
2967 5376 3049 5424 est
3069 5369 3123 5422 in
3137 5363 3496 5436 loquentibus:

1906 5463 1958 5517 in
1986 5460 2167 5533 plateis
2195 5473 2373 5517 autem
2399 5478 2513 5517 cum
2533 5462 2720 5530 ﬁducia
2742 5461 3003 5532 loquitur:
3047 5459 3152 5512 hoc
3197 5465 3277 5512 est
3319 5458 3498 5512 cordi-

1909 5553 2045 5618 hus,
2102 5569 2222 5625 qua:
2252 5553 2416 5610 variis
2465 5552 2845 5608 afflictionibus
2874 5552 3088 5607 dilatata
3133 5557 3298 5615 sunt,
3338 5550 3492 5620 juxta

1910 5644 2036 5701 iilud
2062 5663 2075 5699 :
2111 5644 2173 5698 In
2201 5645 2523 5699 tribulatione
2538 5644 2761 5698 difatasti
2788 5642 2906 5713 me(
2938 5641 3083 5697 Psal.
3109 5642 3165 5708 4,
3191 5640 3227 5698 2
3249 5640 3288 5712 ).
3319 5644 3496 5696 (Ioan-

1904 5747 2150 5808 gustatnr
2178 5738 2320 5791 enim
2349 5736 2608 5804 sapientia
2656 5735 2707 5790 in
2741 5735 2804 5790 iis
2832 5733 2923 5804 qui
2953 5734 3152 5791 zizauia
3184 5736 3454 5790 seminam.
3480 5774 3497 5800 ,

1910 5840 1962 5885 et
1990 5827 2254 5886 suﬂ'ocaut
2285 5825 2526 5885 verbum.

3404 5927 3439 5953 ,Β
