3948 6436
446 383 508 437 !ii
1702 368 1789 427 PA
1798 369 2023 427 LLAD‘H

2152 366 2406 428 oecus
3661 349 3740 426 δὲ

519 492 647 548 Car.
676 505 771 546 xv.
808 519 877 529 -—
907 488 1037 543 Dum
1069 486 1193 543 luet.
1224 493 1510 559 geruntur,
1553 485 1779 543 accessit
1820 480 1889 538 ad
1933 497 2041 541 nos

446 582 745 652 episcopos,
775 579 963 649 prolixi
985 579 1251 634 sermonis
1271 592 1453 644 causa,
1481 575 1742 632 Eusebius
1754 582 2042 632 accusator

448 689 543 728 sex
575 672 901 741 reliquorum
942 670 1319 740 episcOporum
1340 710 1356 736 ,
1388 682 1582 739 rogans
1618 674 1675 723 ut
1701 665 1767 720 ad
1790 680 2041 720 commu-

447 763 662 818 nionem
693 762 1087 821 admitteretur.
1119 761 1506 817 Contradicun‘t
1537 759 1751 831 quidam
1777 757 2034 830 episcopi,

446 853 785 924 adduntque,
827 853 1183 907 calumniator
1234 869 1354 908 cum
1407 860 1580 917 esset,
1633 866 1738 906 non
1788 859 2040 922 oportere

448 943 620 1016 ipsum
645 943 875 997 admitti.
904 942 1033 998 Post
1051 943 1168 999 hmc
1185 943 1505 1014 supplicavit
1526 942 1710 998 dicens
1741 960 1753 995 :
1776 942 2038 1009 Quoniam

445 1048 605 1089 causa
638 1034 739 1088 ista
771 1033 986 1090 biennio
1017 1036 1244 1090 maxima
1274 1051 1335 1090 ex
1371 1045 1521 1105 parte
1543 1036 1841 1091 examinata
1862 1044 1962 1099 est,
1988 1044 2042 1090 et

444 1124 511 1179 ad
545 1126 758 1180 testium
779 1126 1066 1189 adventum
1100 1127 1236 1182 facta
1265 1140 1347 1183 est
1370 1128 1590 1194 dilatio,
1622 1143 1753 1198 rogo
1784 1129 2044 1184 Pictateut

446 1225 705 1282 vestram,
737 1227 793 1271 ut
817 1217 1211 1290 hodiejamiam
1236 1229 1398 1284 testes
1426 1218 1736 1289 producam.
1764 1220 1872 1273 Etsi
1899 1220 2042 1275 enim

450 1308 751 1362 Antoninus
775 1318 1018 1364 mortuus
1038 1324 1143 1377 est,
1174 1311 1265 1381 qui
1304 1326 1555 1366 nummos
1589 1311 1793 1381 accepit
1820 1321 1874 1366 et
1901 1311 2046 1365 ordi-

449 1398 617 1463 navit,
642 1407 875 1454 attamen
898 1413 1186 1470 supersunt
1205 1409 1259 1456 ct
1286 1403 1374 1472 qui
1402 1401 1683 1465 dederunt,
1708 1409 1763 1456 et
1785 1401 1877 1471 qui
1901 1402 2047 1457 ordi-

450 1487 558 1540 nati
605 1499 751 1543 sunt.
783 1488 992 1545 iustum
1038 1492 1213 1546 visum
1259 1500 1342 1547 est
1385 1492 1637 1561 praesenti
1675 1490 1891 1563 Synodo
1932 1507 2044 1546 rem

452 1579 711 1647 perquiri.
742 1578 931 1650 Incipit
956 1596 1116 1636 causa
1148 1598 1177 1635 a
1207 1581 1435 1637 lectione
1464 1591 1723 1645 actorum.
1756 1598 1875 1653 qua:
1900 1584 2047 1651 prius

452 1667 589 1724 facta
625 1670 854 1726 fuerant.
886 1671 1115 1742 Ingressi
1142 1682 1267 1735 sunt
1293 1681 1477 1736 testes,
1510 1672 1733 1742 ingressi
1762 1683 1816 1728 et
1844 1688 1937 1729 sex
1973 1674 2047 1728 illi

452 1763 542 1832 qui
575 1764 852 1832 pecuniam
880 1765 1158 1829 dederant,
1189 1775 1241 1821 et
1270 1764 1499 1820 ordinati
1532 1764 1758 1821 fuerant.
1788 1765 1858 1821 Et
1896 1766 2047 1821 initio

451 1853 667 1922 quidem
697 1856 980 1924 negabant.
1028 1856 1352 1913 [astantibus
1397 1865 1575 1913 autem
1603 1858 1828 1913 testibus
1854 1859 2046 1927 partim

454 1945 625 2013 laicis,
663 1950 856 2018 partim
894 1951 1238 2021 presbyteris,
1271 1953 1463 2022 quibus
1487 1952 1759 2008 conﬁdere
1787 1951 2048 2007 videban-

454 2046 562 2104 tur,
585 2054 793 2093 necnon
837 2041 1146 2096 mulieribus
1177 2043 1514 2112 quibusdam,
1546 2046 1637 2115 qui
1671 2045 1831 2099 etiam
1864 2044 2050 2115 pigno—

455 2145 573 2184 rum
600 2146 694 2185 seu
726 2147 1005 2187 munerum
1032 2134 1241 2204 species
1270 2135 1534 2200 dicebant,
1565 2144 1618 2190 et
1652 2137 1798 2203 loca,
1833 2145 1889 2190 et
1911 2144 2048 2191 tem-

456 2234 607 2288 pora,
645 2231 700 2277 et
728 2224 1097 2291 quantitatem.
1136 2223 1269 2279 Cum
1318 2240 1452 2281 vero
1491 2242 1676 2281 eorum
1720 2228 2048 2282 conscientia

453 2319 598 2364 recta
627 2327 732 2366 non
763 2322 928 2379 esset,
953 2313 1097 2368 ultro
1113 2315 1454 2380 confitentur,
1479 2316 1581 2371 levi
1602 2316 1840 2371 adhibita
1867 2331 2051 2372 neces~

456 2401 614 2456 sitate
649 2419 661 2457 :
689 2402 962 2469 Dedimus,
994 2404 1297 2463 confessum
1334 2416 1436 2470 est,
1479 2414 1534 2462 et
1562 2407 1793 2462 ordinati
1819 2422 2004 2464 sumus
2032 2425 2048 2462 :

454 2491 614 2546 talem
660 2503 910 2562 putantes
952 2510 1075 2550 esse
1116 2497 1591 2562 consuetudinem,
1646 2508 1702 2553 ut
1745 2497 2059 2554 videremur.

454 2599 487 2634 a
512 2581 668 2637 Curia
694 2583 927 2639 liberari.
962 2586 1026 2640 Et
1054 2600 1195 2642 nunc
1217 2602 1456 2655 oramus,
1487 2588 1531 2643 si
1559 2587 1639 2643 fas
1662 2598 1768 2657 est,
1796 2590 1964 2645 simus
1995 2589 2048 2645 in

457 2677 759 2733 ministerio
784 2678 1041 2740 Ecclesia
1074 2698 1088 2735 :
1126 2682 1209 2735 sin
1245 2682 1442 2748 minus,
1473 2696 1682 2741 aurum,
1717 2682 1859 2752 quod
1895 2682 2049 2737 dedi-

460 2781 599 2833 mus,
624 2768 948 2839 recipiamus
977 2789 992 2825 :
1023 2771 1239 2841 quidam
1265 2775 1409 2829 enim
1448 2789 1482 2828 e
1521 2773 1675 2827 nobis
1702 2789 1927 2829 uxorum
1953 2789 2049 2830 su-

457 2858 778 2927 pellectilem
807 2861 1071 2917 dedimus.
1110 2863 1190 2917 Ad
1235 2865 1349 2919 bare
1386 2864 1624 2923 Joannes
1647 2864 1863 2937 Synodc
1889 2866 2049 2936 polli-

456 2949 601 3007 citus
634 2959 718 3005 est
747 2968 762 3005 :
793 2951 944 3019 Quod
976 2954 1043 3008 ad
1086 2956 1289 3009 curiam
1316 2956 1530 3026 quidem
1559 2958 1768 3023 attinet,
1797 2973 1897 3029 ego
1933 2973 2048 3027 eos,

458 3040 573 3096 Deo
607 3040 847 3111 iuvante,
881 3044 1139 3114 liberabo,
1175 3055 1398 3103 exorato
1425 3047 1755 3118 lmperatore
1784 3068 1798 3106 :
1828 3065 1920 3106 vos
1955 3066 2053 3106 au-

457 3140 568 3186 tem
592 3134 860 3201 mandate,
881 3147 937 3197 ut
960 3137 1030 3192 ab
1044 3137 1334 3194 heredibus
1355 3141 1608 3196 Antonini
1637 3141 1738 3212 ipsi
1763 3142 2046 3214 accipiant,

456 3238 579 3295 quae
603 3224 884 3282 dederunt.
924 3228 1185 3300 Prmcepit
1225 3230 1500 3303 Synodus,
1532 3242 1591 3288 ut
1616 3249 1806 3289 aurum
1836 3237 2049 3307 accipe-

458 3326 580 3371 rcnt
606 3317 673 3373 ab
702 3317 989 3381 heredibus
1017 3323 1303 3389 Antonini,
1333 3334 1386 3380 et
1424 3327 1882 3385 communicarent
1911 3329 2051 3384 intra

457 3404 625 3461 altare
655 3426 669 3460 :
698 3420 878 3465 essent
903 3421 1084 3468 autem
1109 3413 1220 3481 iam
1250 3429 1357 3469 non
1385 3417 1709 3485 sacerdotes,
1736 3435 1832 3476 sex
1861 3436 1926 3477 ex
1957 3436 2049 3476 sa-p

453 3496 782 3565 cerdotibus,
820 3516 908 3563 ne.
937 3502 980 3556 si
1011 3502 1109 3557 ista
1139 3504 1587 3573 concederentur,
1626 3523 1744 3563 mos
1771 3508 1921 3564 ﬂeret
1954 3509 2050 3567 Ju-

457 3587 645 3645 daicus
670 3601 763 3646 aut
789 3592 1093 3666 Egyptius,
1126 3596 1388 3652 vendendi
1416 3608 1575 3668 atque
1614 3601 1826 3659 emendi
1865 3617 2049 3658 sacer-

455 3678 686 3736 dotium.
708 3682 901 3741 Dicunt
919 3687 1062 3741 enim
1084 3689 1441 3758 pestilentem,
1461 3701 1513 3747 et
1535 3691 1722 3748 falsum
1742 3693 2053 3750 Judteorum

459 3773 837 3842 patriarcham,
863 3777 1086 3849 singulis
1113 3781 1270 3835 annis
1289 3824 1303 3847 ,
1333 3792 1425 3837 aut
1455 3798 1598 3838 anno
1632 3785 1930 3856 interiecto,
1961 3802 2051 3859 sy-

462 3878 683 3935 nagoga)
710 3868 981 3939 principes
1005 3881 1211 3928 mutare
1236 3872 1303 3927 ad
1332 3874 1716 3930 comedendum
1743 3878 2046 3946 pecuniam,

463 3955 711 4014 similitrr
729 3969 784 4014 et
802 3959 960 4032 hujus
980 3964 1251 4031 aemulum,
1275 3964 1648 4037 Egyptiorum
1667 3967 2046 4038 patriarcham,

459 4057 519 4105 ut
560 4049 844 4122 impleatur
887 4052 1018 4109 illud
1063 4055 1343 4127 propheta:
1379 4076 1393 4112 :
1440 4057 1745 4114 Sacerdotes
1783 4060 1893 4130 ejus
1934 4073 2057 4116 cauo

460 4142 749 4198 itineribus
776 4144 1175 4214 respondebant,
1202 4156 1250 4201 et
1276 4148 1539 4218 propheta
1557 4149 1666 4216 eius
1690 4165 1805 4203 cum
1836 4151 2054 4220 pecunia

458 4234 859 4290 vaticinabantur
882 4236 1070 4309 (moli.
1102 4239 1159 4294 ὃ.
1186 4240 1298 4312 Η).
1332 4240 1537 4299 Horum
1572 4243 1815 4298 omnium
1837 4249 2051 4301 exstant

454 4335 574 4383 aeta
623 4338 679 4383 et
716 4328 960 4399 iudicum
1004 4331 1241 4388 nomina.
1291 4332 1475 4405 Neque
1517 4348 1624 4391 uno
1666 4334 1757 4391 die
1792 4335 1929 4390 facta
1964 4343 2050 4393 est

457 4418 780 4488 disquisitio,
813 4430 870 4475 ut
889 4423 1142 4478 mentitus
1167 4431 1252 4478 est
1273 4423 1627 4494 'l’heopbilus,
1648 4426 1742 4481 sed
1774 4441 1868 4495 per
1894 4426 2049 4483 bien-

460 4510 630 4563 nium.
669 4511 845 4580 Atque
873 4512 1255 4583 acquieverunt
1281 4515 1377 4585 qui
1401 4514 1613 4573 merant
1647 4516 1897 4583 depositi,
1931 4528 1987 4574 ut
2015 4534 2051 4580 at

460 4598 640 4657 future
660 4600 865 4670 iudicio
901 4601 1277 4669 liberarentur,
1310 4604 1384 4660 ita
1414 4614 1473 4660 ut
1507 4620 1645 4661 unus
1671 4620 1739 4666 es
1768 4606 1833 4663 iis
1876 4606 2053 4665 hctus

458 4691 529 4744 sit
572 4689 909 4759 publicorum
947 4692 1289 4764 negotiorum
1334 4693 1589 4750 defensor
1628 4705 1726 4752 :et
1767 4696 1821 4754 in
1859 4712 2049 4755 eorum

457 4781 636 4839 Meum
672 4779 880 4839 sutilecti
926 4789 1053 4837 sunt
1093 4783 1203 4848 alii,
1237 4800 1344 4848 non
1387 4784 1676 4858 coniugati,
1708 4787 1814 4842 vita
1854 4797 1911 4845 et
1950 4789 2050 4844 do-

454 4873 625 4935 ctrina
669 4873 865 4929 ornati.
896 4873 1095 4930 Verum
1119 4877 1365 4948 generosi
1411 4877 1487 4932 illi
1530 4886 1586 4933 et
1630 4878 1882 4951 litigiosi,
1926 4888 2047 4951 post

457 4965 681 5024 Joannis
701 4968 973 5034 exsilium,
1005 4979 1227 5042 accepto
1251 4986 1319 5029 eo
1335 4970 1480 5044 quod
1498 4982 1820 5045 acceperant
1843 4975 2051 5046 (neque

457 5058 605 5114 enim
632 5059 793 5117 habet
820 5060 1133 5133 improbitas
1162 5078 1388 5133 nomen,
1415 5064 1554 5121 sicut
1586 5082 1761 5138 neque
1797 5067 2048 5125 substan-

461 5150 635 5224 tiam),
667 5166 762 5209 eos
785 5155 875 5225 qui
895 5163 1025 5210 ante
1045 5155 1452 5226 quadriennium
1482 5157 1643 5230 eiecti
1669 5157 1899 5227 fuerant,
1927 5173 2046 5217 rur-

456 5259 548 5301 sus
585 5247 639 5301 in
685 5246 953 5302 Ecclesiae
992 5247 1325 5313 invexerunt,
1368 5259 1424 5305 et
1464 5249 1701 5322 legitime
1732 5251 1785 5307 in
1829 5251 2046 5308 sedibus

456 5338 753 5395 collocatos
786 5339 1109 5410 expulerunt
1149 5341 1217 5395 ad
1243 5341 1631 5413 dispergendas
1666 5341 1865 5399 Christi
1890 5359 2038 5400 oves.

462 5426 594 5481 Illud
636 5439 811 5486 autem
849 5431 1089 5487 omnium
1136 5432 1367 5488 nissime
1397 5434 1708 5501 ridiculum,
1752 5434 1837 5488 vel
1864 5435 2042 5504 potius

460 5517 692 5573 lamenta
712 5522 948 5592 dignum,
979 5524 1023 5579 si
1044 5524 1299 5591 audieris,
1327 5524 1717 5580 studiosissime
1737 5524 2038 5592 Theodore,

456 5608 714 5678 Tinnient,
745 5621 804 5667 ut
841 5614 915 5668 ait
956 5615 1235 5686 propheta,
1267 5614 1429 5669 ambat
1469 5631 1615 5670 aures
1645 5626 1746 5669 tua
1774 5615 1918 5685 (Jer.
1952 5616 2039 5672 l9.

456 5702 551 5773 5);
582 5702 786 5773 lugebis
814 5720 958 5772 vero,
985 5708 1077 5763 Dei
1103 5722 1291 5763 amans
1329 5707 1418 5778 qui
1443 5708 1539 5775 sis,
1573 5707 1809 5764 furentes
1837 5708 2043 5783 episce-

458 5808 552 5863 pos
580 5794 905 5850 clandestina
936 5810 1095 5852 manu
1125 5800 1217 5854 Dei
1255 5797 1394 5855 dona
1438 5809 1864 5868 corrumpentcs.
1897 5800 2040 5869 Quas

2146 486 2291 540 enim
2312 483 2676 545 ordinationes
2703 498 2824 541 eum
2858 481 3061 554 ieiunio
3100 490 3153 539 et
3182 484 3424 543 oratione
3460 491 3515 542 et
3540 486 3743 556 proba-

2148 575 2291 634 tione
2316 574 2450 635 eleri
2477 589 2540 633 ac
2565 575 2759 632 timore
2785 574 2975 635 Petrus
3001 582 3056 633 et
3078 573 3313 633 Joannes
3340 575 3631 645 faciebant,
3662 578 3741 633 illi

2146 679 2330 724 contra
2362 684 2457 738 per
2479 667 2750 737 crapulam
2794 675 2847 721 et
2883 666 3197 728 ebrietatem
3228 676 3390 737 atque
3433 669 3742 725 miseranda

2147 761 2308 826 dona,
2336 761 2557 819 abortus
2591 759 2887 823 hominum,
2920 758 3012 829 qui
3042 773 3217 828 neque
3241 759 3421 828 porcis
3458 760 3743 819 irrationa-

2150 850 2365 915 bilibus,
2392 866 2566 921 neque
2596 850 2816 906 canibus
2842 848 2985 919 digni
3012 858 3187 912 erant,
3215 849 3367 920 iuxta
3393 849 3496 905 Job
3516 891 3531 916 ,
3554 851 3647 921 qui
3674 851 3744 906 de

2146 940 2215 1001 iis
2238 942 2575 1013 prophetarit
2600 958 2667 998 ex
2702 956 2932 1011 persona
2960 939 3261 995 Servatoris
3294 957 3307 993 :
3346 939 3485 1008 Quos
3518 956 3622 995 non
3659 942 3742 1003 di-

2144 1034 2344 1107 gnabar
2379 1050 2564 1105 ponere
2602 1051 2715 1089 cum
2754 1033 2967 1091 canibus
3007 1031 3173 1101 gregis
3212 1032 3308 1090 mei
3326 1073 3341 1097 ,
3382 1034 3469 1103 qui
3503 1032 3598 1087 sub
3632 1049 3744 1087 sar-

2148 1127 2329 1182 mentis
2374 1125 2599 1187 uircbqut
2632 1124 2778 1196 (Iob
2829 1124 2920 1183 30.
2957 1125 2978 1185 t
3009 1125 3049 1195 ).
3095 1124 3189 1181 llis
3234 1133 3413 1181 autem
3462 1125 3554 1194 qui
3601 1126 3743 1185 inter

2149 1217 2343 1272 mimos
2366 1226 2420 1273 et
2443 1217 2657 1275 Judmos
2685 1218 2890 1279 vivunt,
2925 1224 2987 1275 ut
3016 1215 3202 1277 amicis
3238 1215 3557 1283 Servatoris,
3590 1230 3622 1272 a
3656 1230 3742 1283 sa-

2148 1309 2419 1379 pientibus
2464 1308 2746 1365 sacerdotii
2787 1322 2977 1365 arcana
3015 1306 3415 1367 concreduntur
3456 1325 3469 1360 :
3522 1318 3745 1379 prepteq

2148 1416 2289 1472 quos
2328 1402 2490 1457 etiam
2532 1401 2712 1470 pepuli
2738 1400 3025 1457 orthodoxi
3074 1401 3304 1459 oratoria
3335 1400 3563 1471 fugiunt.
3614 1402 3744 1458 Per-

2152 1493 2299 1551 venit
2335 1494 2477 1548 enim
2518 1492 2585 1548 ad
2617 1506 2715 1546 nos
2743 1507 2937 1546 novum
2966 1491 3097 1551 illud
3127 1499 3185 1547 et
3222 1490 3452 1547 levitatis
3490 1492 3741 1563 plenissi-

2151 1598 2297 1639 mum
2331 1583 2537 1640 facinus
2562 1584 2816 1642 Ecclesia:
2847 1583 3133 1653 Ephesium
3161 1600 3174 1636 :
3203 1583 3390 1653 quidni
3419 1585 3587 1651 enim,
3616 1600 3741 1642 cum

2152 1672 2399 1739 Ephesus
2440 1675 2704 1731 maritima
2739 1675 2829 1739 sit,
2873 1683 2929 1731 et
2964 1673 3119 1733 facile
3158 1675 3349 1733 famam
3389 1674 3742 1737 transveham

2151 1761 2282 1817 Nam
2334 1764 2389 1818 in
2425 1764 2600 1821 locum
2642 1765 2812 1829 illum,
2854 1764 2937 1822 vel
2977 1764 3154 1834 potius
3196 1764 3254 1823 in
3293 1766 3468 1822 locum
3515 1765 3740 1827 Joannis

2152 1853 2240 1922 qui
2274 1853 2619 1924 Evangelium
2653 1856 2896 1925 scripsit,
2937 1865 2994 1915 et
3036 1870 3200 1927 super
3238 1856 3524 1927 Sapientiae
3551 1865 3743 1928 peetus

2156 1944 2392 2005 ﬁdeliter
2414 1948 2676 2014 recubuit,
2706 1949 2774 2007 de
2800 1964 2911 2018 quo
2939 1949 3194 2018 scriptum
3220 1957 3304 2007 est
3329 1967 3344 2006 :
3374 1948 3537 2015 Quem
3560 1944 3743 2021 dilige.

2151 2036 2236 2091 but
2278 2036 2436 2097 locus
2476 2038 2655 2111 (locu.
2698 2040 2789 2103 3|.
2832 2040 2949 2112 20).
2993 2042 3080 2101 cui
3122 2042 3380 2101 successit
3405 2040 3745 2110 Timotheus,

2155 2128 2304 2187 Pauli
2329 2130 2640 2200 discipulus.
2671 2131 2739 2191 ad
2763 2147 2923 2203 quem
2946 2131 3069 2193 duae
3101 2130 3346 2188 feruntur
3366 2133 3595 2202 apostoli
3619 2134 3740 2203 Epi-

2153 2220 2345 2286 stoire;
2406 2222 2645 2279 succedit
2694 2222 3021 2285 abominatio
3070 2223 3435 2284 desolatiouis.
3483 2223 3741 2285 Ordinate

2152 2312 2297 2372 enim
2318 2313 2385 2368 ab
2410 2314 2475 2371 iis
2506 2314 2737 2373 Victoris
2765 2315 2962 2375 tribuni
2994 2316 3259 2382 eunucho,
3282 2316 3334 2371 in
3355 2315 3482 2372 sede
3502 2317 3741 2387 episcopi

2153 2418 2276 2465 eum
2302 2404 2635 2463 collocarunt
2665 2423 2680 2459 :
2709 2414 2766 2462 et
2792 2406 2879 2476 qui
2906 2421 2937 2463 a
2966 2406 3298 2476 septuaginta
3320 2406 3590 2476 episcopis
3613 2422 3739 2467 eon-

2154 2497 2369 2553 stitutus
2397 2496 2594 2563 fuerat,
2620 2498 2672 2553 in
2692 2512 2909 2555 carcere
2932 2512 3098 2569 usque
3129 2497 3194 2554 ad
3223 2497 3364 2553 hunc
3387 2497 3531 2553 diem
3560 2513 3738 2559 mace-

2152 2599 2275 2645 rant
2302 2590 2492 2657 virum,
2517 2590 2772 2662 encycliis
2792 2590 3088 2659 disciplinis
3114 2590 3316 2659 optime
3341 2589 3665 2657 institutum,
3686 2599 3739 2646 et

2151 2679 2455 2734 divinarum
2477 2680 2874 2751 Scripturarum
2907 2681 3132 2750 peritum
3159 2698 3174 2734 :
3206 2680 3297 2750 qui
3324 2680 3377 2736 in
3407 2695 3593 2739 eremo
3624 2695 3737 2736 mo-

2154 2776 2411 2830 nasticam
2431 2776 2596 2831 vitam
2618 2784 2819 2845 egerat,
2845 2784 2897 2830 et
2919 2775 3008 2845 qui
3038 2790 3132 2847 per
3152 2783 3262 2831 tres
3286 2788 3457 2830 annos
3480 2774 3737 2832 diaconus

2154 2866 2344 2921 luerat.
2374 2866 2547 2937 Atque
2568 2867 2770 2921 utinam
2802 2866 3079 2922 eunuchus
3105 2866 3194 2921 ille
3222 2867 3312 2937 qui
3333 2866 3612 2924 ordinatus
3633 2875 3731 2931 est,

2155 2955 2434 3011 honestam
2455 2958 2617 3013 vitam
2643 2957 2862 3028 egisset,
2892 2967 2945 3013 et
2971 2957 3076 3013 hoe
3098 2957 3297 3023 malum
3325 2957 3474 3027 quasi
3498 2955 3738 3015 dimidia-

2154 3056 2266 3103 tum
2293 3048 2463 3104 esset!
2492 3050 2561 3105 At
2581 3063 2743 3116 nunc,
2768 3057 2924 3107 terra:
2946 3048 3160 3113 vermis,
3190 3048 3391 3109 ventris
3413 3047 3739 3118 mancipium

2152 3138 2471 3194 feminarum
2517 3153 2701 3194 amore
2741 3139 3018 3203 insanum,
3069 3137 3386 3207 impudens,
3443 3137 3731 3203 ebriosum.

2153 3230 2535 3293 meretricium,
2568 3229 2778 3294 venale,
2813 3228 3091 3295 illiberale,
3119 3242 3361 3294 ararum,
3391 3226 3459 3285 ab
3486 3227 3600 3297 ipsa
3627 3236 3735 3285 sta-

2155 3320 2250 3379 tim
2290 3321 2566 3376 nativitate
2604 3319 2748 3376 ferro
2777 3319 3100 3383 obnoxium;
3134 3333 3234 3377 nec
3266 3318 3347 3377 tir
3373 3332 3474 3379 nec
3501 3317 3731 3382 festina;

2153 3412 2436 3481 furiosum,
2464 3423 2521 3468 et
2546 3411 2656 3483 qui,
2687 3421 2743 3475 ut
2773 3426 2917 3482 saepe
2946 3409 3146 3476 audivi,
3177 3410 3319 3467 inter
3342 3410 3573 3479 satyrico
3601 3422 3733 3469 oon-

2151 3509 2290 3562 vivia
2328 3505 2617 3562 theatrales
2644 3504 2847 3576 puellas
2878 3502 3116 3560 humeris
3145 3502 3396 3573 portavit.
3423 3500 3598 3569 capite
3636 3498 3731 3561 he,-

2152 3598 2283 3656 dera
2331 3608 2625 3665 coronato,
2676 3606 2939 3652 craterem
2988 3596 3165 3653 ferens
3208 3610 3409 3660 manu,
3456 3601 3511 3653 et
3556 3594 3736 3655 viuum

2153 3689 2384 3745 fundens
2405 3690 2459 3743 iu
2477 3687 2716 3760 speciem
2742 3687 2964 3745 fabulosi
2984 3684 3196 3746 Bacchi.
3219 3683 3345 3743 Haec
3363 3692 3539 3743 autem
3559 3683 3741 3744 omnia

2153 3781 2297 3849 fecit,
2325 3797 2431 3835 non
2454 3790 2738 3850 antequam
2761 3778 2975 3835 Christo
3005 3778 3321 3841 initiaretur,
3347 3775 3440 3835 sed
3485 3782 3608 3845 post
3644 3775 3737 3831 ba-

2153 3873 2404 3943 ptismum
2432 3888 2446 3925 :
2472 3872 2561 3942 qui
2585 3886 2679 3941 per
2698 3870 2817 3925 hare
2832 3867 3066 3926 ostendit
3086 3867 3531 3924 resurrectionem
3547 3881 3609 3926 se
3630 3880 3743 3927 non.

2152 3963 2393 4021 credere.
2425 3963 2527 4031 Qui
2554 3965 2700 4019 enim
2731 3959 3140 4017 resurrectionis
3171 3957 3577 4027 hmdamentum
3602 3956 3735 4020 suh-

2153 4054 2347 4120 venit,
2377 4052 2651 4125 quomodo
2680 4067 2800 4113 eam
2828 4050 3043 4115 credit?-
3076 4050 3170 4121 qui
3212 4059 3395 4112 autem
3429 4062 3537 4109 non
3566 4045 3739 4107 credit

2150 4147 2624 4208 nesurrectionetn.
2654 4159 2763 4214 quo
2788 4152 2945 4215 pacto
2975 4140 3389 4205 resurrectionis
3415 4152 3590 4209 tich
3607 4139 3732 4204 erit.

2146 4238 2299 4311 iuxta
2336 4254 2461 4295 eum
2501 4236 2593 4307 qui
2621 4236 2756 4293 dixit
2797 4252 2811 4292 :
2847 4233 3117 4300 ﬂuctuatio
3159 4242 3330 4299 autem
3368 4230 3731 4303 eradicabam,

2151 4330 2251 4385 nisi
2287 4328 2594 4393 crediderint
2618 4326 2794 4398 (Bent.
2816 4324 2906 4383 10.
2930 4324 3044 4394 Η).
3068 4322 3166 4380 ilic
3184 4321 3401 4392 quidem
3426 4320 3578 4383 nulla
3591 4333 3733 4377 Iner-

2150 4422 2284 4479 cede
2310 4428 2491 4476 castus
2530 4426 2635 4485 est,
2664 4416 2810 4475 ferro
2847 4426 3060 4481 sectus;
3095 4422 3352 4473 caeterum
3382 4411 3581 4472 insanit
3618 4409 3743 4472 sim

2152 4514 2327 4570 fructu
2356 4528 2453 4584 per
2472 4526 2625 4568 suam
2655 4508 2986 4580 spurcitiam.
3016 4506 3144 4563 Haec
3166 4513 3347 4564 autem
3373 4511 3500 4562 sunt
3526 4516 3650 4575 qua
3679 4502 3733 4558 in

2151 4605 2278 4663 Asia
2329 4615 2479 4676 gesta
2528 4612 2674 4671 sunt,
2719 4601 2789 4659 de
2825 4600 3019 4672 quibus
3064 4596 3437 4667 interrogasti,
3485 4609 3553 4651 eo
3590 4592 3735 4664 quod

2152 4695 2483 4767 Theophilus
2520 4693 2814 4764 scripserit,
2849 4689 3121 4751 sexdecim
3154 4688 3435 4759 episcopos
3467 4700 3498 4745 ι
3527 4684 3736 4747 Joanne

2152 4787 2426 4858 depositas
2451 4787 2632 4847 fuisse.
2655 4787 2818 4842 Certo
2842 4783 2980 4840 scias
3000 4780 3144 4853 quod
3165 4796 3260 4843 sex
3283 4778 3503 4839 fuerint.
3535 4777 3735 4840 lienus:

2151 4879 2313 4935 etiam
2354 4885 2475 4933 acta
2515 4884 2750 4944 exstant,
2795 4889 2913 4947 qua!
2956 4882 3242 4931 servantur
3283 4867 3427 4941 apud
3467 4883 3569 4927 nos
3611 4882 3735 4927 cum

2151 4969 2631 5040 subseriptionilms
2649 4967 2837 5039 viginti
2865 4965 3093 5021 duorum
3112 4962 3511 5034 episcoporum,
3540 4957 3637 5030 qui
3667 4958 3736 5017 ab

2151 5062 2307 5119 initio
2326 5075 2542 5121 causan
2566 5059 2870 5126 audierunt,
2895 5065 2950 5112 et
2968 5055 3302 5128 septuaginta
3324 5065 3511 5119 eorum
3529 5049 3621 5123 qui
3642 5048 3739 5107 due

2153 5162 2465 5228 posuerunt,
2498 5162 2555 5209 et
2575 5167 2795 5218 eam
2824 5151 3199 5208 toroneam».

2218 5247 2348 5304 CAP.
2398 5262 2511 5303 xst.
2554 5273 2627 5291 -η
2672 5245 2822 5302 Duc.
2870 5243 3097 5314 ignosce
3134 5238 3306 5309 mihi,
3340 5238 3501 5307 Pater
3548 5253 3565 5297 :
3610 5234 3741 5302 talia

2148 5353 2369 5399 omnem
2385 5337 2719 5400 ebrietatem,
2745 5336 2983 5390 furorem
2997 5346 3065 5387 ae
3080 5329 3371 5389 ludibrium
3385 5333 3728 5397 exsuperant.

2150 5431 2413 5491 [iurantes
2439 5428 2581 5484 enim
2608 5428 2701 5498 qui
2728 5434 2852 5481 sunt
2876 5432 2932 5479 et
2955 5422 3091 5479 ebrii
3121 5430 3280 5491 atque
3307 5416 3478 5490 pueri,
3505 5415 3585 5472 illi
3614 5415 3731 5487 qui-

2148 5522 2269 5579 dem
2297 5521 2391 5585 ubi
2411 5521 2749 5591 resipuerunt
2767 5558 2783 5583 ,
2810 5515 2868 5571 hi
2891 5514 2983 5572 ubi
3008 5518 3407 5574 concoxentut,
3438 5507 3527 5565 alii
3556 5515 3735 5565 autem

2148 5614 2239 5671 ubi
2281 5613 2350 5670 ad
2385 5613 2587 5684 iustam
2611 5618 2821 5671 atatem
2848 5612 3210 5682 penetrarunt
3231 5646 3247 5670 ,
3276 5609 3474 5674 negant
3494 5640 3511 5667 ,
3538 5598 3731 5658 erube-

2148 5717 2362 5764 scentes
2378 5721 2544 5779 prave
2562 5714 2618 5761 et
2636 5702 2940 5760 inordinate
2959 5700 3101 5758 facta
3120 5706 3282 5770 atque
3303 5697 3443 5754 dicta
3470 5711 3482 5749 :
3507 5691 3591 5750 illi
3609 5705 3735 5747 vero

2151 5800 2206 5859 in
2231 5810 2387 5857 aetate
2418 5797 2670 5865 periuria,
2698 5797 2827 5853 etin
2857 5803 3150 5867 apparente
3179 5788 3468 5846 sobrietate
3494 5801 3619 5843 cum
3648 5802 3736 5860 pa-
