1974 3208
107 180 134 207 ε’ιὸ
595 183 640 211 DF.
660 184 739 212 VlTA
754 184 783 213 S.
803 184 942 214 JOANNIS
959 186 1207 217 CHRYSOSTOMI.

108 241 216 274 ttarint,
236 249 294 270 'non
316 242 402 271 solum
424 250 475 270 non
493 242 651 278 paenitentia
673 249 826 277 moventur,
850 244 896 272 sed

108 287 188 314 adhuc
198 287 367 320 desiderant,
381 293 409 316 ut
422 288 497 315 ﬁrma
512 293 539 315 et
554 289 697 317 immobilis
710 289 834 325 perduret
849 297 896 317 sua

108 333 272 367 improbitas.
298 333 349 367 Qui
371 334 441 361 enim
465 342 517 361 non
542 334 702 362 horruerunt
725 335 896 371 Evangelium

106 378 217 404 scelesto
230 378 311 412 capiti
327 378 463 412 itnpouere
474 399 482 412 ,
496 379 539 406 cui
553 379 668 407 immites
682 380 842 408 mulierculae
856 382 896 407 in-

106 425 256 456 sultavere;
272 432 334 452 nunt
350 425 409 451 aliis
422 425 678 458 annumerabuntur,
693 433 771 460 quam
786 427 829 461 qui
844 426 896 461 spi-

105 477 181 496 ueatn
202 477 331 496 coronam
354 470 399 498 Dei
423 470 490 497 Filio
513 470 715 506 imposuerant?
728 472 859 499 Cacus-um
874 472 897 498 si

105 515 173 542 ιιυειί
197 515 307 542 modum
333 516 506 544 ordinationis
528 517 686 552 Porphyrii,
710 517 897 544 Annochensis

104 561 234 595 episcopi,
248 565 295 587 aut
306 560 378 595 ipsos
390 561 435 596 qui
449 569 508 588 eum
529 562 684 589 ordinarunt.
694 582 702 595 ,
719 566 765 589 aut
778 562 896 589 anticam

104 605 224 632 hominis
234 606 330 639 vitam,
346 606 484 634 obscuram
499 614 531 636 an
547 607 686 642 insignem,
697 612 724 635 et
736 607 896 641 doctrinam,

104 659 195 678 verant
211 659 246 678 an
260 651 353 678 falsam
366 672 373 684 ,
389 652 446 686 ipse
461 652 536 679 nobis
551 652 668 680 edissere
683 662 689 679 :
705 653 820 681 maxime
835 653 897 686 quia

104 697 137 724 ad
152 697 299 725 Ecclesiam
321 698 466 726 Romanam
479 698 603 732 scripsit,
619 703 645 727 et
660 704 788 733 responso
801 698 896 733 dignus

105 744 215 774 habitus
228 751 282 771 non
296 743 354 773 fuit.
369 744 456 773 Ertsc.
473 743 571 772 Eadem
585 745 648 772 milti
662 752 693 772 ac
708 745 781 779 prius
792 744 841 771 erit
855 751 898 771 ra-

101 790 142 816 tio
158 789 282 819 veritatis
298 797 371 816 :~non
387 789 463 817 enim
477 789 619 818 obliviscar
632 797 725 817 vocem
739 789 842 817 Domini
854 789 896 817 «ιι-

98 834 192 862 tentis
208 843 215 861 :
230 834 268 862 De
282 834 433 862 onmioerfto
445 835 522 862 otiosa
535 835 639 863 reddent
651 836 773 862 rationem
784 836 897 862 homines

100 882 130 908 in
154 881 197 908 die
211 881 305 916 judicit'
321 879 434 916 (Matth.
449 881 492 908 1‘2.
517 881 551 909 56
563 882 583 916 ).
600 882 656 916 Ego
671 887 758 909 autem
773 882 898 911 audacter

102 927 246 959 addidero,
256 926 292 953 -Ει
301 925 335 954 de
347 926 418 954 omni
431 927 516 955 otioso
529 927 629 953 auditu.
642 928 731 961 Itaque
745 932 772 955 et
785 928 897 962 teipsum

102 978 184 999 tuere
196 972 317 1004 cautius,
331 979 367 998 ne
382 972 404 998 si
418 972 480 1007 quid
496 980 537 999 me.
554 980 604 999 non
619 981 681 1000 vere
694 973 764 1007 loqui
779 973 898 1001 animad-

103 1022 207 1049 vertas,
219 1024 274 1043 nou
288 1016 362 1044 canis
375 1017 441 1044 meis
455 1017 543 1049 cedas,
559 1017 604 1044 sed
619 1018 667 1052 ipsi
681 1025 768 1044 rerum
783 1018 897 1044 veritati.

105 1062 175 1094 Quid
190 1061 262 1088 enitn
273 1061 342 1088 mihi
355 1069 387 1088 ex
403 1061 443 1093 iis,
457 1069 514 1097 qua:
527 1062 604 1090 hodie
617 1068 663 1091 aut
676 1063 731 1090 heri
744 1063 813 1090 dicta
826 1067 896 1095 sunt,

102 1105 229 1133 utilitatis
244 1106 370 1138 accedat,
388 1106 409 1135 si
424 1107 552 1140 ntentiar,
567 1115 625 1142 qua:
642 1107 667 1134 itt
683 1112 838 1142 perpetuum
852 1115 899 1135 co-

108 1158 165 1177 ram
184 1156 279 1182 exacto
291 1150 390 1185 judicio
404 1151 552 1180 confusioni
568 1152 631 1179 tnihi
645 1152 752 1179 forent?
767 1153 900 1187 quomodo

105 1201 200 1223 autem
214 1196 298 1223 feram
314 1196 441 1224 molarem
452 1197 624 1225 detractionis
640 1198 755 1232 lapidem
765 1198 792 1224 in
801 1199 900 1225 vertice

103 1240 217 1273 mentis,
232 1241 256 1267 in
269 1240 426 1275 profundunt
435 1241 564 1276 gehennae
579 1242 722 1274 detractus,
734 1248 841 1278 propter
854 1251 899 1273 eos

102 1286 151 1320 qui
167 1294 181 1311 a
193 1286 337 1313 mendaciis
353 1287 504 1314 scandalum
515 1287 584 1321 passi
593 1292 663 1315 sunt.
676 1288 838 1323 Porphyrius
847 1288 901 1323 qni-

106 1330 169 1357 dem
180 1331 232 1357 iste
241 1331 265 1357 in
276 1330 391 1359 Ecclesia
401 1331 444 1358 diu
451 1336 568 1359 versatus
577 1338 627 1366 est,
635 1337 661 1358 et
670 1333 773 1359 diaconi
780 1337 807 1359 et.
814 1340 901 1360 sacer-

101 1376 180 1403 dotis
193 1376 298 1403 functus
308 1377 395 1404 officio
408 1377 434 1404 in
450 1378 622 1413 presbyterio,
641 1379 698 1406 istis
710 1379 816 1413 quidem
832 1384 898 1406 tem-

104 1422 220 1458 poribus
238 1422 339 1449 alienos
351 1430 442 1450 mores
462 1431 557 1458 gerens
570 1445 577 1455 ,
594 1424 620 1450 in
640 1425 711 1451 nulla
730 1432 853 1459 umquam
869 1433 899 1452 re

107 1467 224 1501 spiritali
238 1467 361 1494 Ecclesia:
373 1467 621 1502 profuit.C;eterum
634 1469 726 1496 vicinis
736 1474 762 1496 et
773 1470 902 1504 religiosis

107 1512 245 1549 episcopis
260 1521 365 1549 semper
378 1513 532 1547 adversans,
547 1519 638 1549 utpote
652 1516 696 1550 qui
711 1521 781 1543 esset
792 1524 806 1542 e
820 1516 902 1542 niaxi-

108 1567 150 1586 tua
165 1559 289 1592 civitate,
306 1564 333 1586 et
346 1560 515 1594 magistratus
529 1560 639 1587 haberet
652 1560 677 1586 in
692 1565 831 1595 potestate,
845 1569 901 1587 rem

107 1609 276 1639 cauponatns
286 1609 327 1631 est
338 1614 344 1630 :
355 1605 453 1632 sanctis
463 1605 532 1632 enim
544 1605 755 1633 ordinationibus
764 1607 901 1639 insidians,

109 1658 218 1677 morum
233 1651 347 1677 versutia
360 1658 419 1678 sese
430 1656 577 1686 opportune
591 1651 740 1679 insinuabat
753 1652 778 1678 in
792 1653 902 1687 gratiam

107 1697 314 1731 episcoporum,
331 1696 479 1731 iuvitosque
492 1697 501 1732 (
515 1701 543 1724 ut
555 1697 650 1724 dixerit
664 1697 722 1732 quis
734 1697 743 1733 )
757 1697 905 1725 attrahebat

106 1741 144 1768 ad
168 1741 242 1768 leves
262 1746 289 1768 et
308 1741 400 1769 noxias
420 1742 608 1769 ordinationes.
629 1742 695 1769 Mala
714 1743 784 1770 enim
805 1750 848 1770 res
865 1747 905 1769 est

108 1787 231 1815 adulatio
239 1795 302 1814 'cum
316 1787 449 1821 perversis
462 1788 580 1815 moribus
588 1795 721 1820 connexa,
734 1788 807 1823 juxta
819 1788 904 1815 comi-

105 1842 174 1861 ‘cum
188 1834 370 1868 Menandrum,
380 1835 423 1869 qui
437 1834 473 1861 ait
488 1843 493 1861 :
504 1833 598 1867 Grave,
610 1843 623 1861 ο
635 1834 782 1869 Pamphila,
792 1835 907 1870 ingemit-2

108 1882 215 1910 mulieri
220 1890 282 1908 cum
290 1882 417 1909 meretrice
427 1887 522 1908 certare
530 1890 539 1908 :
547 1883 619 1916 plura
631 1882 713 1915 novit,
723 1883 797 1916 plura
807 1888 903 1917 patrat,

107 1928 252 1955 erubescit
266 1928 410 1958 nemiuem.
426 1927 599 1963 adulaturque
613 1928 698 1962 potius
713 1936 719 1954 :
735 1933 762 1955 et
774 1932 802 1954 ut
814 1928 851 1955 ait
864 1935 905 1955 sa-

110 1974 194 2008 piens
207 1972 344 2006 Salomon,
363 1972 445 2000 Verba
459 1974 619 2001 adulatorum
633 1974 719 2001 mollia
731 1982 739 2005 ;
755 1974 847 2008 feriunt
861 1983 908 2000 au—

111 2024 167 2045 tem
181 2018 216 2044 ad
230 2018 320 2045 ventris
331 2026 408 2052 usque
420 2019 556 2054 penetralia
567 2019 576 2055 (
588 2019 663 2046 Prov.
684 2020 729 2046 26.
745 2020 780 2046 22
790 2019 809 2055 ).
827 2021 845 2046 A
863 2028 907 2047 ca-

113 2064 243 2096 stimonia
258 2064 328 2092 enim
342 2068 367 2091 ct
378 2064 541 2092 continentia
555 2065 681 2092 adversus
697 2065 817 2092 carnales
832 2066 908 2093 volu-

114 2115 208 2144 ptates
222 2117 276 2136 non
290 2109 373 2137 solum
386 2109 470 2141 abest,
484 2109 530 2137 sed
541 2114 567 2137 ct
577 2109 664 2136 hostis
677 2114 727 2142 est,
737 2111 809 2137 velut
824 2111 911 2137 vultur

117 2154 249 2189 tinguenti
262 2162 271 2180 :
284 2154 350 2182 adeo
361 2159 390 2185 ut
401 2154 561 2182 Sodomitico
572 2155 675 2181 crimini
686 2155 828 2181 obnoxium
843 2154 909 2181 fama

115 2199 246 2236 volgarit.
260 2198 327 2227 Cum
341 2199 413 2226 enim
427 2203 456 2226 et
468 2199 540 2235 leges
553 2203 580 2226 et
594 2207 725 2226 mensnrm
740 2203 767 2226 et
782 2199 849 2226 muri
864 2207 911 2226 vo-

118 2244 267 2279 luptatibus
281 2245 335 2271 sint
351 2251 365 2270 a
381 2250 472 2272 natura
486 2244 621 2272 constituti
634 2265 641 2277 ,
657 2248 685 2272 ιιι
702 2244 780 2280 vulgo
793 2244 888 2271 dicitur
904 2252 910 2270 :

116 2290 278 2325 proculcato
288 2290 394 2325 quidem
406 2298 481 2317 tnuro
496 2295 523 2318 et
534 2291 666 2318 confracta
681 2299 804 2321 mensura
817 2296 843 2318 ct
856 2291 913 2326 lege

118 2336 232 2369 violata,
248 2336 317 2363 hanc
332 2336 365 2363 de
379 2344 408 2363 se
420 2337 597 2371 suspicionem
614 2338 721 2372 genuit,
737 2338 912 2372 prmstigiato-

119 2381 200 2414 ribus
214 2385 240 2408 et
249 2381 346 2416 aurigis
358 2385 437 2416 atque
451 2381 482 2408 iis
490 2382 533 2415 qui
548 2382 688 2409 inhonesto
704 2388 774 2409 motu
786 2390 845 2409 cum
858 2383 913 2409 dis-

121 2431 198 2457 torto
225 2433 302 2453 crure
326 2431 431 2453 veteres
453 2425 556 2453 fabulas
578 2427 722 2459 exhibent,
753 2435 867 2462 praeesse
890 2432 915 2454 et

121 2467 273 2503 convivari.
287 2471 524 2506 Prtestigiatoribus
536 2472 605 2498 enim
619 2472 705 2499 favere
716 2477 742 2499 ct
757 2473 841 2499 amice
853 2480 917 2500 con-

124 2516 203 2554 gredi
214 2524 266 2543 non
275 2517 389 2550 erubuit,
400 2517 434 2544 ita
443 2523 471 2544 ιιι
482 2517 508 2544 in
519 2518 584 2544 actis
596 2517 708 2551 plurium
718 2517 916 2552 magistratuum

125 2564 180 2590 boc
200 2562 300 2589 crimen
318 2563 484 2590 contineatur
501 2572 508 2589 :
522 2563 566 2597 qui
582 2570 633 2589 non
656 2563 757 2597 legerat
771 2563 838 2590 hanc
853 2570 915 2589 sen-

125 2608 238 2643 tentiam
251 2616 259 2634 :
273 2607 336 2641 Quae
358 2607 445 2635 facere
466 2615 518 2634 non
536 2612 653 2642 oportet,
671 2615 700 2635 ea
726 2608 812 2635 facere
835 2616 867 2634 uc
893 2607 917 2634 in

127 2655 308 2690 suspicionem
330 2655 430 2682 venias.
446 2657 454 2666 ‘
475 2654 588 2689 Propter
602 2662 679 2689 quem
698 2654 776 2681 etiam
790 2654 919 2681 Mediator

128 2700 287 2729 verberibus
307 2705 416 2727 necatus
436 2704 486 2727 est.
503 2699 535 2726 Et
557 2700 601 2734 qui
622 2700 738 2732 invenit,
753 2700 778 2726 in
797 2700 919 2727 exsilium

130 2746 225 2781 pulsus
235 2749 285 2777 est,
296 2745 470 2780 prtesligiator
480 2753 542 2772 vero
554 2745 579 2772 in
590 2744 678 2779 fugam
689 2749 762 2772 actus
774 2744 831 2772 fuit.
843 2745 922 2772 Aiunt

129 2792 205 2818 illtun
217 2795 314 2826 pra-ter
326 2790 463 2824 superiora
476 2790 586 2822 scelera,
598 2795 658 2825 post
670 2790 862 2817 ordinationem
877 2797 919 2816 sa-

129 2844 177 2863 cra
197 2844 261 2870 vasa,
278 2835 412 2864 conflasse
425 2839 452 2862 et
470 2835 496 2862 in
519 2835 686 2869 magistratus
702 2834 880 2870 impendisse,
895 2840 923 2861 ut

131 2882 266 2911 videretur
280 2890 333 2911 non
350 2881 462 2914 ratione,
476 2881 521 2909 sed
537 2881 673 2917 tyrannide
688 2881 719 2908 iis
735 2888 860 2916 prxcssc,
877 2880 920 2915 qui

1700 195 1733 222 54

950 245 1087 273 infeliciter
1101 246 1126 273 in
1145 246 1228 281 ipsius
1244 253 1399 282 potestatem
1413 249 1583 277 devenerant.
1598 249 1662 277 Nam
1674 258 1734 278 eum

949 291 1043 318 exsilio
1055 291 1163 319 Joannis
1174 292 1200 320 in
1211 293 1335 320 Armenia
1343 299 1513 321 concurrerat
1522 301 1593 321 mors
1605 294 1732 325 Flaviani,

949 336 1136 364 Antiochensis
1149 337 1278 372 episcopi.
1293 338 1358 365 Cum
1372 338 1472 366 videret
1487 339 1648 374 Porphyrius
1664 340 1734 367 vima

945 385 975 408 ct
988 380 1100 409 feminas
1113 382 1200 409 studio
1211 383 1326 417 pendere
1343 390 1357 409 a
1369 383 1440 410 collo
1458 387 1485 410 et
1502 384 1648 412 cervicibus
1662 385 1732 412 Con-

949 426 1037 452 stantii
1050 426 1207 462 presbyteri,
1221 427 1264 462 qui
1278 435 1293 454 a
1309 427 1406 454 teneris
1416 448 1423 459 ,
1438 431 1467 453 ut
1480 428 1551 454 aiunt
1564 449 1571 459 ,
1585 428 1734 463 unguiculis

949 471 1075 499 Ecclesiae
1094 472 1241 506 servierat,
1257 472 1326 506 viri,
1342 477 1370 500 ut
1385 473 1409 499 in
1426 472 1494 500 libro
1514 472 1633 500 Iudicum
1653 475 1733 500 utubi-

948 516 1029 543 dextri
1051 516 1161 551 (ludio.
1183 517 1210 544 5.
1242 517 1296 552 15)
1323 526 1329 543 :
1353 517 1451 545 etenim
1473 525 1532 552 qua:
1554 518 1610 553 ejus
1629 518 1735 549 sinistra

950 562 1108 596 putabatur,
1133 562 1228 590 dextra
1250 563 1360 591 aliorum
1383 563 1470 598 potior
1489 568 1555 590 erat.
1577 563 1626 596 Qui
1651 564 1735 597 primo

949 609 1065 646 quidem,
1081 616 1140 636 cum
1155 609 1188 637 ab
1201 609 1320 644 epistolis
1334 613 1422 642 esset,
1439 609 1540 644 integer
1553 617 1566 635 a
1583 609 1650 643 turpi
1664 610 1736 635 lucro

949 660 974 682 et
988 655 1065 685 donis
1085 655 1208 687 inventus
1222 659 1262 683 est.
1277 665 1283 683 :
1299 660 1389 690 postea
1403 660 1491 683 autem
1512 654 1595 682 facttts
1610 655 1693 682 lector
1710 658 1737 681 et

942 700 1075 744 'diaconus
1088 721 1095 734 ,
1110 705 1262 735 regnantem
1285 701 1353 729 inter
1373 700 1492 727 bcntines
1509 700 1647 727 mulierum
1663 699 1737 726 volu-

945 750 1050 780 ‘ptatem
1069 746 1127 773 sine
1150 746 1238 773 labore
1258 746 1409 781 superavit,
1433 750 1459 772 ut
1479 746 1514 772 ait
1531 745 1738 772 Proverbioruct

950 795 1042 818 auctor
1060 800 1065 817 :
1083 791 1227 818 lilectorttm
1247 799 1336 819 manui
1358 791 1432 826 facile
1454 790 1623 817 dominabitur
1637 790 1645 823 (
1660 789 1737 816 Prov.

950 835 993 862 {2.
1016 835 1050 862 ει
1063 836 1080 870 ).
1098 836 1163 862 Nam
1184 836 1333 870 voluptates
1353 843 1480 869 superare
1493 856 1500 867 ,
1520 840 1544 862 cl
1565 835 1601 862 illi
1626 834 1738 862 fortasse

950 885 1076 914 possunt,
1099 880 1143 915 qui
1165 880 1306 907 admodum
1327 880 1387 906 ntali
1408 885 1482 912 sunt,
1505 885 1550 906 aut
1570 880 1674 912 timore,
1693 884 1738 907 aut

951 927 1106 954 verecundia
1124 927 1244 961 corporis
1262 927 1391 954 actionem
1412 927 1567 954 cohibentes
1582 926 1662 952 multa
1676 933 1737 952 eum

951 972 1075 999 violentia
1101 981 1108 998 ί
1133 977 1158 999 at
1181 980 1244 999 vero
1268 972 1411 999 etelestitun
1435 980 1525 998 amore
1550 971 1660 998 terrenis
1686 978 1738 997 non

950 1017 1062 1050 cedere,
1088 1018 1134 1044 Dei
1157 1018 1300 1044 amantium
1319 1017 1405 1045 solum
1429 1021 1483 1049 est,
1507 1024 1572 1050 quos
1595 1020 1621 1043 et
1641 1016 1739 1043 electos

952 1064 1054 1090 vocavit
1067 1063 1216 1098 Scriptura,
1233 1064 1324 1090 dicens
1339 1072 1345 1090 :
1361 1063 1451 1089 Manus
1465 1063 1596 1088 electorum
1610 1062 1684 1096 facile
1694 1061 1740 1086 (fu-

952 1107 1096 1135 minobitttr.
1108 1108 1238 1135 Gott-rum
1250 1108 1321 1134 mitis
1332 1107 1436 1141 quidem
1449 1107 1492 1133 ille
1503 1111 1552 1137 est,
1563 1107 1583 1132 si
1595 1106 1653 1140 quis
1662 1106 1739 1136 alius,

952 1158 1055 1184 asceta,
1072 1153 1209 1187 perspicax
1222 1173 1229 1185 ,
1245 1160 1307 1180 acer
1321 1152 1352 1179 ad
1369 1151 1565 1187 intelligendum
1577 1171 1584 1183 ,
1602 1150 1690 1177 tardtts
1706 1150 1739 1176 ad

952 1199 1157 1233 corrcptioncm,
1165 1198 1371 1233 cogitabundus,
1385 1205 1491 1231 Semper
1501 1195 1739 1223 considerationem

953 1243 1074 1274 inuttcns,
1091 1243 1243 1269 misericors
1253 1263 1260 1274 ,
1274 1243 1391 1277 pecunia:
1404 1241 1511 1268 minimc
1524 1240 1644 1274 cupidus.
1659 1240 1683 1266 in
1696 1239 1741 1273 ju-

952 1290 1027 1316 tliciis
1036 1288 1298 1323 justus,longanituis
1310 1288 1340 1314 ad
1354 1287 1473 1321 injurias,
1486 1286 1517 1312 ad
1527 1285 1739 1320 persuadendum

953 1335 1111 1366 vehemens,
1129 1333 1232 1367 jejunus
1247 1340 1317 1367 s;cpe
1337 1332 1480 1367 persistens
1499 1338 1582 1365 usque
1602 1330 1633 1355 ad
1650 1336 1742 1363 vespe-

955 1387 1021 1411 ram,
1035 1384 1063 1405 ttl
1077 1379 1188 1405 afflictos
1201 1378 1335 1409 liberaret,
1349 1376 1473 1410 ad5peetu
1485 1375 1652 1406 venerabilis,
1664 1374 1742 1399 oculo

954 1431 1071 1454 severus.
1083 1423 1158 1449 Velox
1170 1424 1273 1449 incessu
1281 1443 1288 1455 ,
1302 1421 1407 1452 cmlclis,
1418 1425 1444 1447 ut
1459 1428 1505 1454 par
1514 1424 1552 1447 est
1562 1440 1568 1451 ,
1578 1418 1740 1446 renidentem

955 1470 1047 1497 florem
1064 1469 1089 1496 in
1103 1469 1175 1495 vultu
1197 1475 1358 1495 cottservaus
1378 1468 1404 1494 in
1424 1467 1487 1501 ipsis
1507 1473 1611 1500 quoque
1633 1464 1741 1490 morbis.

957 1516 1031 1543 llnnc
1045 1516 1124 1550 igitur
1142 1515 1220 1541 talem
1237 1515 1321 1541 virttm
1344 1514 1462 1548 pecuniis
1485 1512 1535 1538 hoc
1558 1511 1636 1537 modo
1653 1511 1742 1543 fugare

957 1561 1073 1587 molitur.
1088 1560 1156 1586 Misit
1168 1559 1200 1585 ad
1212 1559 1372 1585 Comitatum
1384 1562 1410 1584 et
1423 1557 1453 1583 ad
1470 1556 1631 1590 potentiores
1642 1556 1742 1588 cpisco-

956 1614 1012 1641 pos,
1022 1605 1174 1640 atquehuuc
1183 1604 1265 1631 literis
1273 1603 1450 1637 Imperatoriis
1460 1601 1570 1628 inasiu
1582 1599 1745 1634 relegaricu~

956 1650 1088 1684 rat,veluti
1098 1649 1252 1685 populorum
1260 1648 1480 1683 pet-turbatorem.
1490 1646 1538 1679 Qui
1548 1646 1634 1672 statim
1643 1645 1684 1671 ubi
1696 1645 1745 1670 hoc

958 1695 1073 1727 rescivit,
1085 1694 1230 1720 amicomm
1245 1692 1343 1719 auxilio
1357 1692 1383 1719 in
1396 1691 1510 1727 Cyprum
1525 1690 1599 1725 fugit.
1611 1688 1669 1723 Ipse
1680 1695 1743 1715 vero

957 1741 1121 1776 Porphyrius
1140 1739 1278 1774 Cyriacum
1294 1743 1320 1766 et
1345 1737 1539 1773 Diephantum,
1564 1737 1744 1770 presbyteros.

957 1787 1121 1820 clericosque
1132 1790 1246 1812 czctcros
1256 1804 1263 1817 ,
1277 1784 1303 1811 in
1321 1784 1467 1810 custodiam
1482 1783 1589 1809 mittens
1601 1801 1608 1813 ,
1620 1780 1746 1807 observat.

959 1837 1063 1867 tempus
1074 1839 1126 1866 quo
1137 1831 1222 1857 omnis
1234 1830 1327 1857 civitas
1342 1829 1374 1856 ad
1388 1829 1538 1856 suburbana
1551 1826 1688 1857 transiret;
1700 1824 1746 1851 ha-

959 1878 1026 1904 bens
1045 1876 1113 1911 apud
1132 1883 1161 1903 se
1182 1876 1326 1907 Acacium,
1346 1874 1518 1901 Severianum
1539 1877 1565 1899 et
1588 1869 1745 1897 Antiochqu

960 1923 1127 1951 absconditos
1137 1943 1145 1955 ,
1162 1922 1245 1957 prima
1259 1921 1301 1949 die
1315 1920 1464 1948 festivitatis
1476 1940 1483 1950 ,
1498 1918 1564 1952 apud
1580 1916 1690 1951 gentiles
1703 1922 1747 1941 ec-

961 1970 1126 2001 lcbcrrimtc,
1143 1968 1324 2003 Olympiorum
1346 1967 1447 1993 scilicet
1461 1964 1515 1997 (sic
1534 1964 1603 1991 enim
1622 1966 1749 1988 vocantur

962 2015 1106 2044 certamina
1121 2021 1180 2049 (pne
1195 2015 1229 2041 ab
1252 2013 1364 2041 Hercule
1384 2012 1516 2043 instituta,
1532 2014 1626 2044 quarto
1645 2015 1749 2042 quoque

962 2068 1032 2089 anno
1045 2059 1230 2093 celebrantur)
1249 2067 1254 2084 :
1273 2059 1298 2085 in
1312 2065 1362 2092 qua
1376 2078 1383 2089 ,
1400 2062 1427 2084 nt
1441 2057 1477 2083 ita
1492 2056 1577 2082 dicam
1590 2075 1596 2085 ,
1611 2053 1749 2080 mulierum

962 2114 1066 2141 greges,
1083 2112 1134 2131 una
1147 2112 1207 2130 cttm
1226 2104 1327 2137 populis
1339 2123 1345 2134 ,
1362 2102 1539 2130 effervescunt
1558 2099 1590 2126 ad
1606 2097 1750 2132 Daphnen,

962 2151 996 2177 ad
1010 2149 1168 2184 spectandos
1186 2147 1299 2174 athletas
1316 2155 1322 2172 :
1338 2154 1398 2173 cum
1410 2146 1435 2172 in
1448 2144 1587 2172 ecclesiam
1605 2142 1750 2175 irrupisset,

965 2196 1043 2224 simul
1056 2203 1115 2222 cum
1128 2194 1281 2221 memoratis
1292 2192 1423 2227 episcopis
1431 2196 1458 2218 et
1467 2190 1569 2217 clericis
1580 2188 1678 2222 paucis,
1686 2186 1752 2213 clam

964 2241 1113 2274 ordinatur,
1129 2239 1225 2266 clausis
1236 2239 1334 2273 ianuis,
1350 2237 1430 2264 multa
1442 2243 1501 2262 ettm
1518 2233 1702 2262 festinatione;
1719 2231 1752 2256 ita

967 2292 1038 2314 utne
1052 2286 1230 2321 precationem
1244 2284 1352 2319 quidem
1366 2281 1397 2309 ad
1414 2282 1492 2308 finem
1509 2279 1689 2315 perduxerint,
1701 2284 1754 2303 me,

967 2338 1072 2361 tuentes
1086 2340 1119 2358 ne
1138 2330 1409 2366 deprehenderentur.
1430 2327 1493 2354 Tale
1507 2327 1577 2354 enim
1598 2323 1754 2351 adulterium

968 2383 1018 2410 est,
1035 2377 1122 2411 spuria
1137 2377 1220 2411 gignit
1233 2380 1260 2402 ct
1279 2375 1349 2402 facit.
1365 2373 1449 2401 Porro
1461 2372 1621 2399 Severianus
1632 2374 1659 2396 ct
1674 2369 1736 2395 socii
1747 2387 1754 2398 ι

968 2429 1078 2458 accepto
1093 2423 1176 2458 pretio
1187 2443 1193 2453 ,
1209 2430 1255 2456 per
1269 2426 1373 2448 montes
1389 2424 1415 2446 ct
1428 2419 1497 2445 intia
1511 2418 1567 2445 loca
1585 2416 1676 2450 fugere
1686 2435 1692 2447 ,
1708 2414 1755 2440 Im-

971 2478 1077 2497 mattum
1093 2468 1198 2503 quidem
1219 2466 1350 2493 evitantes
1375 2464 1519 2498 periculum
1531 2483 1537 2494 ,
1555 2461 1600 2488 sed
1622 2459 1738 2486 divinam
1751 2478 1757 2490 ,

971 2523 1049 2551 quam
1065 2513 1239 2549 ignorabant,
1257 2511 1463 2546 indignationem
1480 2510 1652 2535 incurrentes.
1668 2505 1760 2532 Soluto

972 2566 1059 2589 autem
1070 2559 1159 2594 populi
1170 2557 1330 2592 spectaculo,
1344 2556 1501 2591 populisque
1517 2555 1540 2580 in
1550 2552 1642 2580 urbem
1656 2557 1760 2584 regres-

972 2607 1017 2637 sis,
1032 2605 1179 2632 nuntiatum
1196 2603 1259 2636 ipsis
1273 2606 1313 2629 est
1332 2601 1393 2635 quid
1414 2599 1560 2634 Porphyrio
1574 2596 1720 2625 evenisset,
1735 2599 1761 2620 et

972 2650 1034 2685 quid
1049 2648 1161 2676 Aeacius
1180 2648 1286 2682 egisset.
1311 2646 1478 2673 Sustineutes
1494 2651 1556 2678 ergo
1572 2640 1699 2685 tantisper
1714 2646 1761 2685 ve-

974 2683 1051 2730 spere
1066 2695 1113 2722 illo
1128 2702 1210 2728 usque
1231 2694 1256 2719 in
1272 2693 1415 2719 crastinum
1428 2711 1434 2721 ,
1450 2690 1521 2716 velut
1541 2690 1647 2721 propter
1661 2683 1761 2711 adulte-

975 2743 1042 2769 rium
1065 2740 1195 2775 perculsi,
1217 2745 1409 2766 consurrexere
1421 2757 1428 2769 ,
1445 2743 1476 2762 ac
1494 2732 1650 2760 cortllttsere
1661 2751 1668 2763 ,
1684 2731 1763 2757 sintut

976 2795 1069 2814 onmes
1081 2794 1140 2814 cum
1152 2786 1212 2820 igne
1224 2789 1251 2812 et
1261 2783 1411 2813 sarmentis,
1421 2778 1595 2814 Porphyrium
1605 2782 1684 2811 atque
1693 2775 1763 2802 aedes

977 2835 1034 2869 ejus
1046 2834 1136 2861 delere
1153 2832 1282 2859 volentes.
1300 2828 1463 2863 Porphyrius
1484 2830 1575 2852 autem
1593 2832 1644 2851 non
1659 2823 1764 2858 ignarus

978 2889 1029 2916 quo
1044 2879 1105 2907 odio
1119 2878 1269 2910 haberetur,
1284 2874 1375 2902 relicto
1389 2873 1452 2905 Deo,
1470 2871 1501 2899 ad
1521 2871 1671 2906 prml‘cctum
1688 2875 1759 2894 exer-
