3948 6406
450 354 457 360 ’
486 385 554 439 ss
1752 384 2067 445 PALLADll

2177 387 2448 446 ancora
2782 354 2791 365 ’
3681 378 3743 434 86

484 501 622 554 citus
646 500 909 569 confugit,
940 498 1273 572 Impletisque
1302 498 1352 556 ei
1394 501 1635 558 manibus
1657 542 1671 569 ,
1703 500 1900 558 bellum
1924 502 2062 567 gerit

485 590 737 646 adversus
764 590 1060 647 Servatoris
1087 592 1356 647 auditores
1380 633 1395 658 ,
1435 608 1555 648 eum
1590 601 1835 649 avertens
1861 609 1891 648 a
1920 593 2062 649 bello

484 683 734 738 Isaurico.
766 683 832 737 Et
860 682 1023 737 Isauri
1055 683 1269 753 quidem
1309 684 1526 739 maximi
1556 683 1834 754 praedones
1860 683 2060 738 Rosum

482 786 535 831 et
558 776 853 833 Seleuciam
884 777 1164 834 vastabant
1210 795 1223 832 :
1265 776 1592 847 Porphyrius
1630 792 1756 832 vero
1781 787 1835 831 et
1861 775 2053 830 Valen-

484 870 626 923 tinus
661 868 853 924 Comes
876 911 891 934 ,
922 883 1042 924 cum
1070 870 1289 923 armatis
1328 869 1606 925 ecclesiam
1644 867 2060 922 orthodoxorum

480 958 949 1029 ileprmdabantur;
975 960 1308 1015 tremendum
1323 959 1497 1015 crucis
1513 959 1744 1029 signum,
1764 958 1903 1029 quod
1921 958 2064 1013 velut

482 1049 791 1117 magistrum
806 1047 858 1103 in
873 1051 1110 1105 numeris
1120 1060 1411 1122 portantes,
1426 1051 1478 1105 in
1494 1059 1632 1105 terra
1646 1049 1841 1103 inculta
1856 1048 2065 1103 litanias

482 1139 731 1207 agebant,
773 1141 997 1210 pedibus
1028 1142 1263 1211 ipsorum
1292 1142 1689 1198 conculcantes.
1714 1141 1840 1195 Post
1865 1140 2066 1210 aliquot

483 1236 661 1284 autem
688 1229 801 1285 dies
828 1230 1075 1286 festinato
1100 1231 1166 1286 ad
1190 1230 1510 1287 Comitatum
1533 1232 1714 1298 mittit,
1741 1241 1897 1303 atque
1924 1230 2065 1302 apud

488 1320 792 1390 huiusmodi
833 1322 1173 1391 magistratus
1211 1331 1516 1393 comparat,
1548 1330 1608 1376 ut
1640 1321 1853 1392 quidam
1879 1320 2066 1376 viridis

485 1424 550 1465 ac
574 1409 770 1466 crudus
793 1426 955 1467 senex
975 1454 990 1480 ,
1023 1412 1261 1468 moribus
1288 1412 1550 1482 perversis
1568 1453 1584 1479 ,
1610 1412 1853 1483 obliquus
1876 1452 1891 1477 ,
1917 1410 2065 1466 Prm-

489 1498 658 1555 fectus
682 1500 908 1572 Vigilum
934 1511 1230 1571 crearetur,
1259 1513 1317 1558 ut
1346 1502 1612 1558 licentiam
1644 1503 1848 1567 habens
1874 1503 2068 1572 probos

485 1606 722 1660 quosque
741 1592 1116 1659 calumniandi,
1146 1595 1411 1649 civitatem
1436 1595 1489 1649 in
1515 1608 1674 1648 manu
1696 1594 1929 1654 haberet.
1962 1593 2068 1648 Ne-

484 1680 650 1745 ronis,
677 1681 764 1736 Dei
784 1681 973 1749 hostis,
996 1698 1175 1738 mores
1203 1684 1435 1738 imitans.
1458 1683 1572 1739 Non
1600 1684 1741 1738 enim
1764 1684 1863 1754 ipsi
1883 1684 2065 1738 datum

483 1782 568 1826 est
583 1773 821 1827 oratione
835 1773 1271 1842 pcrsuadere,sed
1289 1774 1743 1830 irrationabilitate
1754 1786 1807 1829 et
1824 1775 2070 1829 immani-

484 1870 592 1917 tate
611 1877 824 1919 vexare.
851 1863 1054 1933 Quippe
1077 1864 1164 1934 qui
1186 1879 1283 1935 pro
1303 1880 1467 1934 scopo
1488 1880 1591 1919 non
1623 1865 1841 1921 haberet
1862 1866 2069 1935 placere

487 1958 617 2020 Deo,
640 1966 882 2010 errantes
920 1957 1125 2010 animas
1148 1956 1441 2021 reducenti,
1464 1956 1557 2010 sed
1587 1957 1808 2025 implere
1827 1969 2068 2011 ventrem

484 2046 769 2115 serpentis,
793 2046 880 2116 qui
898 2061 1057 2116 super
1075 2054 1257 2115 pectus
1278 2046 1535 2117 graditur.
1558 2047 1743 2117 Populi
1761 2047 1917 2117 igitur
1931 2048 2071 2102 relu-

484 2146 711 2203 etantes,
727 2136 778 2191 in
795 2136 1017 2192 ecclesia
1030 2137 1205 2204 specie
1220 2136 1433 2208 quidem
1448 2137 1787 2204 conveniunt,
1806 2147 1949 2192 metu
1963 2153 2073 2192 ver-

488 2231 695 2295 berum,
710 2244 893 2284 revera
909 2237 1084 2283 autem
1097 2229 1257 2283 vitam
1278 2243 1425 2284 suam
1442 2239 1964 2300 exsecrantes,atque
1979 2231 2072 2285 Dei

488 2310 751 2363 ultionem
765 2309 1253 2380 exspectantes.Ad
1270 2311 1385 2366 haec
1402 2313 1739 2383 stupefactus
1753 2314 2074 2376 Theodorus

481 2402 645 2455 dixit:
665 2399 869 2457 Praeter
880 2409 1132 2456 naturam
1150 2409 1204 2457 et
1222 2403 1514 2469 rationem,
1533 2404 1713 2473 Pater,
1731 2423 1817 2463 res
1832 2409 1967 2467 istas
1981 2427 2074 2467 au-

483 2496 595 2546 (lio.
619 2491 685 2548 Ut
704 2493 998 2564 plurimum
1018 2496 1163 2550 enim
1185 2496 1725 2566 vanzegloriaecupidi
1753 2499 2075 2560 hominibus

490 2589 699 2658 placere
712 2589 968 2657 ambiunt,
990 2591 1353 2648 ctadulatores
1369 2590 1888 2664 inveniuntur,atque
1904 2593 2073 2649 lautas

488 2693 701 2734 mensas
729 2680 1023 2745 instruunt,
1052 2689 1108 2736 ut
1132 2693 1376 2737 amentur
1395 2693 1448 2737 et
1478 2683 1613 2738 bene
1639 2684 1885 2751 audiant,
1913 2685 2071 2739 etiam

488 2781 640 2841 sputa
659 2787 800 2841 stepe
815 2773 1121 2828 tolerantes.
1136 2773 1414 2841 Quomodo
1434 2774 1593 2844 igitur
1610 2775 2074 2847 Porphyrius,sive

490 2861 625 2915 alius
653 2862 937 2932 quispiam,
968 2863 1140 2917 minas
1165 2874 1219 2918 et
1244 2864 1501 2935 supplicia
1524 2877 1681 2935 atque
1703 2867 1884 2921 exsilia
1915 2884 2072 2922 excr-

492 2951 718 3015 rnerint,
750 2952 953 3022 ignoro.
985 2953 1156 3009 Ense.
1189 2954 1301 3010 lloc
1327 2972 1453 3011 vero
1476 2956 1825 3012 admiratione
1854 2959 2072 3029 dignum

490 3054 594 3109 est,
616 3042 914 3112 Theodore,
939 3046 1079 3116 quod
1102 3047 1165 3101 ad
1191 3055 1392 3102 tantum
1422 3048 1774 3119 improbitatis
1794 3067 2072 3106 excessum

490 3134 845 3205 proruperint,
871 3147 923 3190 ut
956 3152 1060 3191 non
1090 3138 1251 3194 modo
1276 3138 1580 3196 hominibus
1601 3141 1811 3213 placere
1832 3160 1936 3198 non
1956 3156 2072 3199 Slu-

488 3226 666 3291 deaut,
695 3243 875 3283 verum
908 3228 1202 3286 facinorum
1229 3247 1441 3303 quoque
1462 3220 1680 3289 suorum
1703 3234 2070 3293 confusionem

491 3318 707 3377 minime
727 3335 916 3377 curare
940 3340 953 3374 :
976 3324 1177 3379 malitia
1201 3326 1343 3380 enim
1372 3328 1625 3383 malitiam
1654 3328 1706 3383 in
1730 3330 1927 3386 mah‘tia
1952 3348 2075 3401 pro-

490 3420 687 3465 movet.
724 3411 872 3466 Tunc
892 3414 1033 3469 enim
1063 3416 1264 3470 malitia
1291 3417 1503 3473 inanem
1542 3419 1761 3489 gloriam
1792 3424 2068 3492 producit,

488 3516 612 3555 cum
640 3502 911 3558 blanditiis
937 3506 1047 3560 suis
1070 3504 1333 3577 imperare
1358 3508 1564 3564 stolidis
1584 3521 1762 3580 sperat
1789 3530 1802 3567 :
1834 3527 1955 3567 cum
1981 3529 2075 3569 au-

490 3602 595 3648 tem
621 3595 708 3665 qui
740 3605 1049 3666 captantur,
1084 3597 1355 3654 blanditiis
1387 3609 1547 3671 atque
1572 3602 1743 3672 epulis
1772 3605 2074 3674 superiores

492 3683 690 3738 inventi
735 3683 963 3751 fuerint,
997 3687 1170 3744 minas
1210 3699 1264 3744 et
1292 3690 1548 3760 supplicia
1590 3692 1824 3763 profert,
1855 3704 1908 3750 ut
1941 3711 2076 3767 quos

493 3774 759 3830 blanditiis
783 3789 940 3846 atque
979 3780 1149 3850 epulis
1178 3795 1283 3835 non
1324 3782 1496 3852 potuit
1526 3782 1799 3850 inescare,
1832 3785 2077 3841 immani-

492 3876 598 3921 tate
624 3882 687 3922 ac
710 3878 913 3924 terrore
938 3872 1223 3939 percellat;
1256 3872 1392 3927 sicut
1420 3873 1618 3928 sanctis
1641 3875 1965 3948 martyribus
1988 3893 2077 3933 ac-

490 3957 642 4012 cidit.
685 3957 760 4014 lbi
808 3961 949 4015 enim
997 3970 1279 4032 utrumque
1328 3962 1771 4034 impendebatur,
1812 3965 2075 4023 donorum

489 4058 648 4120 atque
679 4050 937 4107 bonorum
978 4054 1272 4123 excogitata
1302 4053 1489 4125 pedica
1515 4097 1531 4123 ,
1562 4066 1783 4129 captans
1810 4057 2077 4115 inhiantes

489 4140 745 4210 gloriolae,
769 4153 821 4198 et
846 4145 1226 4216 suppleiorum
1255 4149 1435 4216 minat,
1461 4151 1757 4221 sartagines
1776 4160 1933 4222 atque
1953 4166 2080 4207 ecu-

490 4235 555 4289 lei
586 4245 641 4291 et
667 4235 850 4293 bestia:
870 4280 886 4306 ,
917 4249 971 4296 et
996 4234 1344 4314 quatcitmque
1370 4242 1437 4298 ad
1464 4259 1685 4315 magnos
1713 4244 1931 4302 dolores
1956 4261 2077 4302 mo-

496 4328 699 4384 vendos
724 4329 913 4387 idonea
947 4342 1103 4398 sunt,
1129 4349 1468 4405 praeparans,
1496 4333 1662 4392 fortes
1688 4346 1742 4392 et
1770 4336 1862 4392 Dei
1892 4353 2077 4393 aman-

399 4437 413 4450 ο
493 4431 575 4475 tes
600 4420 878 4477 exhibens.
916 4423 1105 4480 Clerus
1143 4426 1357 4495 quidem
1402 4427 1780 4484 Antiochensis
1819 4429 2076 4501 insignior

493 4512 632 4567 clam
663 4513 875 4583 plebem
903 4514 1124 4585 colligit,
1154 4531 1222 4570 ne
1248 4517 1375 4587 ipsis
1400 4516 1615 4587 quidem
1639 4519 1879 4576 ecclesia:
1906 4522 2079 4590 parie-

494 4602 635 4658 tibus
648 4605 1100 4675 appmpinquaus,
1118 4621 1325 4661 necnon
1346 4615 1401 4663 et
1421 4616 1529 4662 tota
1550 4608 1771 4679 insignis
1792 4610 2074 4667 mulierum

490 4695 739 4761 societas,
768 4708 985 4767 propter
1008 4713 1141 4768 quas
1173 4699 1405 4755 maxime
1432 4699 1701 4756 insaniunt
1732 4702 2073 4771 pecuniarum

490 4786 630 4843 avidi
668 4796 929 4857 pastores.
974 4789 1048 4844 De
1074 4790 1234 4846 rebus
1267 4801 1447 4849 autem
1475 4788 2076 4863 Constantinopolitanis

491 4877 616 4947 quid
632 4880 825 4934 attinet
846 4879 1023 4936 dicere
1039 4892 1232 4953 quanta
1262 4882 1543 4939 multitudo
1562 4883 1630 4939 ab
1654 4886 1880 4941 ecclesia
1899 4901 2071 4942 reces-

491 4970 656 5024 serit?
682 4974 1006 5027 conveniens
1031 4975 1129 5030 sub
1152 4974 1263 5043 dio,
1285 4983 1347 5030 ut
1370 4976 1618 5045 superius
1643 4976 1893 5044 diximus,
1926 4981 1995 5034 ita
2019 4990 2076 5035 ut

489 5063 581 5131 qui
621 5078 805 5127 rerum
832 5064 1313 5123 ecclesiasticarum
1365 5071 1668 5139 potiuntur,
1704 5086 1809 5125 non
1847 5072 2075 5128 habeant

489 5154 710 5215 totidem
780 5157 1047 5215 auditores
1115 5159 1311 5215 silentii
1378 5162 1461 5217 sui
1513 5177 1528 5215 :
1603 5179 1860 5233 nusquam
1929 5165 2073 5219 enim

490 5247 627 5315 τιιιιιά
665 5264 762 5306 eos
801 5266 997 5307 sermo.
1033 5252 1182 5308 Duc.
1235 5252 1456 5310 Dubiam
1495 5262 1551 5310 et
1578 5270 1891 5325 suspensam
1925 5272 2076 5310 men-

490 5348 594 5394 lem
646 5355 860 5408 meam,
890 5339 1078 5409 Pater,
1122 5342 1391 5410 liberaui,
1435 5346 1523 5416 qui
1573 5347 1739 5402 oculis
1790 5347 1924 5401 meis
1987 5362 2073 5401 res

491 5426 645 5492 ipsas,
658 5430 971 5500 subiectans.
1013 5432 1145 5488 Nam
1172 5433 1458 5489 verborum
1485 5436 1853 5500 consonantia,
1886 5444 1940 5491 et
1967 5450 2070 5491 non

494 5520 614 5570 ticta
643 5523 876 5577 narratio
900 5526 1185 5584 certiorem
1232 5540 1320 5581 me
1362 5524 1489 5581 fecit
1532 5525 1599 5581 de
1630 5527 1852 5582 veritate
1890 5544 2069 5584 rerum

490 5615 781 5674 gestarum.
812 5610 951 5670 Fieri
980 5616 1122 5672 enim
1154 5630 1261 5670 non
1292 5624 1499 5686 potest,
1532 5625 1591 5671 ut
1617 5616 1744 5671 falsa
1773 5617 1945 5672 oratio
1971 5618 2072 5673 sibi

495 5696 691 5766 ubique
718 5710 993 5757 consonet.
1024 5704 1102 5760 Ne
1126 5705 1285 5777 igitur
1308 5706 1567 5775 graveris,
1594 5707 1638 5762 si
1664 5706 1788 5776 quid
1823 5707 1982 5770 nosti,
2010 5721 2069 5761 ea

487 5788 643 5845 nobis
659 5804 897 5861 narrare,
920 5810 1037 5864 qum
1059 5796 1422 5868 Olympiadem
1447 5809 1711 5871 aperiant.
1736 5800 1908 5855 Ense.
1933 5798 2072 5867 Qua-

2169 502 2235 557 lis
2257 518 2318 558 ea
2340 503 2459 558 est?
2487 517 2607 557 nam
2635 503 2817 572 plures
2841 515 2905 556 eo
2933 501 3165 555 omnino.
3193 499 3347 554 Duc.
3375 497 3745 554 Constantino-

2166 596 2416 665 politanre
2448 594 2699 650 Ecclesize
2737 595 3053 657 diaconissa,
3086 608 3203 663 qua:
3232 607 3426 662 sponsa
3462 589 3746 659 aliquando

2169 685 2263 738 fuit
2291 684 2526 739 Nebridii
2559 684 2897 754 Expra-fecti.
2932 685 3105 739 Ense.
3134 682 3281 737 Illam
3306 682 3520 751 quidem
3549 679 3746 750 optimo

2169 776 2313 828 nmi.
2346 776 2493 829 DIAC.
2525 775 2708 842 Qualis
2738 775 2823 828 illa
2856 773 3047 828 mulier
3074 774 3190 829 est?
3218 774 3389 828 Ense.
3421 772 3515 835 Ne,
3542 786 3744 840 qua-sn,

2168 864 2314 918 dicas
2339 907 2352 929 ,
2386 866 2559 934 qualis
2583 865 2773 919 mulier
2793 906 2808 926 .
2838 864 2930 918 sed
2962 864 3133 934 qualis
3174 864 3332 917 homo
3357 881 3369 916 :
3394 863 3476 916 vir
3502 863 3643 916 enim
3669 870 3749 917 est

2171 965 2364 1023 pra-ter
2382 960 2620 1025 corporis
2644 955 2901 1008 habitum.
2926 954 3075 1009 Due.
3102 954 3155 1008 In
3179 955 3317 1023 quo?
3344 953 3515 1007 Ense.
3542 952 3597 1005 In
3620 953 3746 1017 vita,

2172 1048 2223 1101 in
2255 1047 2558 1112 laboribus,
2593 1048 2643 1101 in
2675 1047 2896 1102 scientia
2940 1055 2994 1101 et
3034 1047 3432 1101 tribulationum
3474 1045 3748 1114 patientia.

2172 1135 2325 1191 Duc.
2348 1135 2459 1191 Cur
2478 1151 2605 1206 ergo
2631 1137 2706 1191 illi
2733 1137 3057 1191 conviciatus
3080 1146 3162 1191 est
3185 1133 3547 1205 Theophilus?
3572 1134 3747 1189 Ertsc.

2169 1226 2422 1293 Quisnam
2442 1227 2529 1282 ille
2545 1227 2660 1282 est?
2685 1228 2831 1282 Due.
2854 1226 3242 1282 Alexandrinus
3256 1228 3555 1297 episcopus.
3576 1225 3750 1281 Ense.

2175 1316 2382 1372 Videris
2406 1318 2556 1382 mihi,
2586 1317 2892 1385 Theodore,
2923 1326 3001 1372 tot
3023 1317 3281 1372 orationis
3305 1316 3471 1386 spatia
3497 1315 3754 1370 oblivioni

2171 1409 2471 1465 tradidisse.
2502 1411 2651 1465 Duc.
2695 1410 2810 1479 Qua
2847 1411 2900 1465 in
2945 1411 3043 1465 re?
3087 1410 3261 1465 Ense.
3291 1408 3391 1477 Qui
3417 1409 3623 1463 veritati
3651 1425 3755 1464 non

2172 1502 2440 1572 pepercit,
2470 1502 2563 1557 sed
2610 1502 2756 1557 illam
2799 1501 3129 1557 conculcavit
3152 1543 3167 1568 ,
3197 1509 3258 1555 ut
3295 1501 3538 1570 superior
3579 1515 3758 1555 sermo

2170 1591 2572 1663 comprobavit;
2602 1600 2657 1647 et
2698 1592 2788 1662 qui
2837 1591 3131 1647 Ecclesiam
3173 1604 3293 1660 qua:
3342 1590 3444 1645 sub
3472 1592 3607 1645 caelo
3644 1599 3757 1653 est,

2172 1696 2390 1755 propter
2412 1699 2570 1753 quam
2602 1683 2913 1753 Uuigenitus
2934 1723 2951 1748 ,
2980 1691 3039 1737 ut
3064 1680 3168 1736 dici
3196 1682 3330 1736 solet
3349 1722 3362 1746 ,
3394 1680 3674 1746 laboravit,
3707 1687 3762 1735 ut

2171 1789 2204 1831 ο
2221 1791 2289 1829 tm
2311 1776 2505 1840 uniret,
2532 1790 2636 1829 non
2668 1773 2970 1838 honoravit,
3001 1772 3093 1827 sed
3119 1772 3437 1827 contumelia
3458 1771 3639 1826 affecit
3666 1772 3758 1826 ha-

2173 1867 2284 1921 bitu
2312 1881 2429 1930 suo,
2464 1866 2673 1920 mulieri
2701 1875 2882 1935 posset
2911 1879 3131 1935 parcere
3160 1864 3354 1930 viduae,
3382 1879 3502 1933 qua:
3524 1865 3684 1917 vitam
3709 1866 3758 1919 in

2174 1959 2415 2012 oratione
2444 1958 2752 2011 consumit?
2782 1958 2994 2013 Discute
3023 1966 3075 2012 et
3101 1958 3220 2013 vide
3249 1957 3292 2011 si
3322 1972 3480 2027 quem
3511 1973 3757 2028 umquam

2176 2047 2476 2116 improbum
2516 2047 2922 2118 reprehenderit
2943 2089 2958 2112 ,
2992 2048 3079 2118 qui
3113 2048 3387 2118 probitatis
3417 2062 3631 2117 semper
3670 2048 3761 2102 ho-

2175 2139 2273 2193 stis
2297 2147 2401 2193 est.
2444 2138 2553 2193 Cur
2577 2147 2756 2193 autem
2782 2149 2837 2195 et
2879 2153 2947 2194 ex
2973 2139 3089 2208 ejus
3118 2138 3354 2208 epistolis
3386 2154 3490 2192 non
3521 2140 3759 2207 conjicis,

2176 2227 2444 2299 quomodo
2471 2228 2577 2284 illa:
2617 2231 2756 2284 inter
2783 2244 2842 2284 se
2884 2229 3224 2299 repugnent?
3251 2228 3350 2297 Qui
3378 2229 3519 2284 enim
3552 2229 3760 2284 beatum

2177 2319 2528 2390 Epiphanium
2554 2320 2879 2374 Constantia:
2907 2320 2959 2374 in
2986 2320 3160 2392 Cypro
3191 2320 3519 2389 episcopum,
3549 2321 3641 2390 qui
3671 2322 3762 2374 tri.

2175 2414 2318 2484 ginta
2343 2421 2399 2467 et
2425 2428 2519 2467 sex
2544 2427 2715 2468 annos
2740 2411 2995 2467 Ecclesia:
3025 2410 3254 2482 praefuit,
3283 2413 3495 2482 probris
3518 2411 3762 2468 atl'ecerat

2177 2514 2235 2559 ut
2279 2504 2624 2570 luereticum,
2653 2513 2744 2558 aut
2789 2503 3184 2559 schismaticum
3209 2546 3226 2571 ,
3268 2504 3366 2559 sub
3409 2505 3635 2559 Damaso
3677 2514 3763 2561 aut

2177 2595 2335 2651 beato
2362 2594 2589 2662 Siricio;
2630 2604 2813 2666 postea
2846 2596 2896 2650 in
2940 2609 3035 2650 sua
3064 2594 3131 2649 ad
3173 2594 3536 2650 Innocentium
3570 2596 3758 2665 Papam

2175 2688 2399 2757 epistola
2425 2688 2731 2759 vituperans
2756 2688 2965 2743 beatmn
2995 2687 3273 2752 Joannem,
3300 2687 3652 2759 Epiphanium
3675 2704 3763 2745 no-

2177 2779 2345 2834 minat
2370 2780 2787 2837 sanctissimum.
2816 2779 3034 2848 Quoties
3062 2791 3237 2834 autem
3261 2821 3276 2845 ,
3306 2788 3481 2850 putas,
3513 2788 3567 2835 ct
3595 2794 3759 2851 genua

2176 2868 2505 2942 Olympiadis
2532 2872 2799 2928 osculatus
2839 2880 2942 2935 est,
2974 2885 3069 2941 spe
3099 2887 3459 2938 nummorum,
3500 2871 3586 2925 cui
3630 2885 3763 2926 nunc

2178 2960 2541 3016 conviciatur?
2569 2961 2659 3015 llla
2691 2961 2837 3016 humi
2880 2962 3188 3031 procidente
3227 2962 3297 3017 ob
3326 2977 3442 3016 eam
3470 2978 3584 3016 rem
3614 2974 3666 3016 et
3693 2962 3762 3017 la-

2178 3070 2389 3125 crymas
2410 3053 2685 3118 fundente.
2712 3054 3056 3111 nihilominus
3083 3055 3183 3109 ista
3210 3055 3492 3125 episcopus
3520 3053 3760 3109 faciebat.

2180 3145 2374 3200 Verum
2392 3161 2493 3218 qua
2521 3147 2572 3200 in
2602 3161 2661 3200 re
2687 3145 2759 3200 illi
2787 3146 3113 3200 conviciatus
3138 3144 3259 3200 est?
3290 3145 3437 3200 Dnte.
3466 3144 3620 3212 Quod
3647 3159 3762 3200 sus-

2177 3235 2382 3306 ceperit
2421 3236 2715 3291 monachos
2768 3235 2864 3290 abs
2903 3251 2962 3290 se
3000 3235 3214 3305 ejcetos.
3263 3234 3440 3291 Ense.
3480 3235 3618 3291 Num
3649 3235 3764 3291 licet

2177 3327 2429 3397 episeopo
2452 3333 2545 3381 aut
2563 3325 2737 3390 decet,
2765 3325 3007 3395 quemvis
3032 3341 3063 3380 e
3082 3324 3377 3396 discipulis,
3401 3341 3495 3379 seu
3516 3324 3765 3380 Chrisliao

2178 3434 2305 3473 num
2349 3414 2707 3488 quemquam,
2749 3417 2972 3471 omnino
3016 3415 3314 3486 projicere,
3344 3415 3536 3470 nedum
3578 3430 3764 3472 mona-

2178 3509 2377 3564 chum?
2402 3509 2551 3564 Dnte.
2595 3507 2652 3564 Si
2683 3524 2803 3565 eum
2845 3508 3126 3575 hescrunt,
3163 3518 3255 3563 aut
3279 3509 3328 3564 ei
3359 3508 3762 3565 maledixerunt.

2178 3599 2354 3655 Ense.
2388 3598 2522 3654 Num
2552 3599 2683 3653 iram
2711 3615 2859 3654 suam
2900 3600 3117 3669 explere
3145 3599 3360 3661 debuit,
3393 3600 3459 3654 de
3486 3599 3765 3656 maledicto

2178 3690 2478 3745 sollicitus?
2505 3689 2784 3759 Quomodo
2832 3689 3004 3745 adhuc
3053 3689 3249 3745 Christi
3288 3689 3640 3744 contumelias
3669 3690 3762 3745 sibi

2179 3792 2383 3853 quaeret
2427 3782 2550 3849 ille,
2578 3782 2664 3852 qui
2712 3781 2893 3852 gloriae
2940 3796 3051 3837 sua:
3096 3781 3563 3837 velificatur?Cur
3587 3792 3761 3838 autem

2181 3877 2400 3930 omnino
2443 3876 2677 3930 imitatus
2716 3891 2821 3930 non
2851 3884 2932 3930 est
2972 3875 3284 3944 magistrum
3313 3874 3554 3943 Paulum,
3580 3874 3762 3932 dicen-

2181 3975 2287 4022 tem
2320 3982 2334 4019 :
2372 3964 2727 4020 Maledicimur
2750 4007 2764 4033 ,
2796 3975 2842 4020 et
2883 3965 3216 4021 benedicimus
3249 3967 3309 4039 (l
3372 3964 3487 4020 Cor.
3518 3966 3571 4020 4.
3625 3966 3764 4037 49))

2181 4058 2332 4113 Duc.
2364 4057 2500 4127 Quid
2536 4058 2694 4126 igitur
2715 4099 2729 4123 ,
2761 4056 2805 4112 si
2837 4056 3072 4113 ba:retici
3120 4057 3343 4113 fuissent
3371 4057 3615 4113 monachi
3656 4057 3766 4113 illi?

2182 4149 2359 4206 Ense.
2393 4150 2550 4222 Atqui
2594 4153 2814 4206 omnino
2854 4151 3091 4221 oportuit
3126 4166 3219 4205 eos
3255 4150 3541 4207 emendare
3563 4162 3620 4206 et
3651 4167 3765 4222 prr-

2179 4240 2428 4306 suadere,
2456 4254 2507 4297 at
2534 4258 2640 4297 non
2668 4241 2948 4312 projicere.
2978 4241 3126 4297 Dnte.
3158 4242 3223 4297 Et
3248 4242 3291 4295 si
3319 4241 3419 4297 hoc
3440 4240 3671 4306 fecisset,
3696 4242 3761 4296 illi

2180 4347 2285 4386 non
2304 4332 2622 4403 paruissent,
2640 4332 2728 4403 qui
2750 4334 3047 4402 pertinaces
3066 4341 3264 4388 essent.
3288 4333 3458 4389 Ense.
3476 4333 3767 4403 Oportebat

2181 4422 2309 4478 illud
2339 4423 2689 4494 apostolicum
2717 4422 2935 4495 exsequi
2969 4440 2983 4478 :
3025 4422 3332 4478 Ilwreticum
3374 4423 3630 4478 hominem
3659 4435 3766 4495 post

2178 4531 2331 4570 unam
2362 4524 2411 4569 et
2442 4515 2654 4569 alteram
2691 4517 3052 4587 correptiouem
3096 4517 3259 4569 devita
3281 4556 3297 4583 ,
3324 4516 3483 4571 sciens
3511 4515 3632 4589 quia
3659 4534 3767 4587 pcr-

2179 4624 2350 4662 versus
2373 4616 2445 4661 est
2476 4607 2768 4677 Imjusmodi
2796 4606 2932 4681 (Tit.
2963 4609 3018 4663 5.
3064 4605 3151 4661 10.
3200 4608 3258 4661 ll
3286 4607 3341 4678 );
3366 4616 3418 4661 at
3447 4623 3551 4661 non
3578 4606 3766 4677 expel-

2179 4696 2324 4761 lere.
2361 4708 2416 4753 et
2445 4696 2582 4752 bona
2612 4697 2878 4768 diripere,
2923 4707 3082 4768 atque
3116 4713 3181 4752 ex
3212 4698 3377 4768 patria
3418 4697 3617 4766 ejicere
3647 4712 3765 4753 cum

2180 4788 2581 4859 magistratuum
2604 4789 2783 4843 minis.
2816 4789 2964 4844 Duc.
2995 4788 3104 4843 Viri
3134 4786 3349 4857 perfecti
3377 4786 3611 4842 officium
3635 4786 3763 4841 mihi

2179 4896 2401 4947 narras,
2434 4892 2489 4935 et
2530 4880 2695 4935 Deum
2724 4880 2989 4946 amantis,
3031 4890 3084 4935 et
3128 4879 3440 4951 iujuriarum
3486 4878 3758 4950 patientis.

2180 4970 2359 5029 Ense.
2392 4972 2462 5028 Et
2484 4984 2630 5028 certe
2662 4974 2777 5028 laus
2805 4988 2994 5043 magna
3034 4989 3139 5027 non
3171 4982 3251 5027 est
3279 4971 3600 5027 deteriorem
3629 4972 3764 5027 tole-

2177 5079 2317 5119 rare.
2342 5063 2604 5119 (Steterunt
2635 5063 2733 5119 nisi
2774 5062 3037 5134 perfectus
3076 5072 3187 5129 est,
3217 5072 3469 5132 quantum
3494 5060 3763 5127 convenit.

2176 5154 2445 5223 quomodo
2476 5155 2759 5226 epise0pus
2796 5164 2878 5210 est
2905 5154 3208 5226 ejusmodi?
3254 5152 3593 5223 imperfectus
3622 5153 3764 5209 enim

2177 5243 2503 5319 imperfectis
2520 5264 2624 5303 non
2646 5248 2905 5304 consulet.
2930 5246 3207 5312 Quomodo
3229 5254 3403 5300 autem
3425 5256 3478 5300 et
3497 5243 3767 5313 TheOpbi-

2176 5346 2259 5400 lus
2283 5344 2493 5407 dicitur,
2526 5344 2617 5413 qui
2642 5358 2747 5396 non
2776 5349 2919 5396 amat
2948 5341 3133 5407 Deum,
3164 5349 3380 5409 propter
3402 5353 3561 5408 quem
3591 5348 3648 5390 et
3671 5337 3765 5392 lto-

2177 5438 2380 5491 ntinum
2408 5435 2631 5506 injurias
2660 5434 2921 5503 patienter
2947 5431 3086 5487 ferre
3111 5430 3331 5485 debuit?
3359 5429 3412 5485 Si
3446 5444 3575 5484 vero
3599 5428 3762 5484 Deum

2177 5542 2284 5581 non
2315 5536 2456 5579 amat
2479 5567 2495 5592 ,
2528 5540 2595 5580 ne
2620 5540 2678 5579 se
2722 5523 2935 5594 quidem
2980 5523 3153 5592 ipsum
3188 5538 3201 5576 :
3243 5522 3330 5592 qui
3362 5530 3540 5573 autem
3570 5520 3764 5574 suimet

2177 5616 2422 5670 inimicus
2451 5625 2566 5682 est,
2598 5612 2867 5685 quomodo
2899 5612 3109 5667 tandem
3152 5612 3285 5667 alios
3311 5608 3544 5663 amabit?
3574 5608 3759 5663 Mirum

2177 5706 2335 5775 igitur
2364 5719 2469 5759 non
2501 5714 2610 5769 est,
2640 5705 2682 5758 si
2722 5703 2792 5757 ob
2831 5702 2882 5758 id
2921 5702 3288 5774 Olympiadem
3329 5700 3551 5764 oderat,
3583 5712 3761 5769 utpote

2180 5814 2297 5868 qua:
2326 5797 2612 5852 monachos
2638 5794 2981 5866 suscepisset.
3019 5795 3162 5849 Duc.
3197 5793 3251 5849 lu
3277 5792 3523 5849 confesso
3553 5788 3757 5864 quidem
