3948 6412
221 369 291 428 55
1238 375 1326 432 DE
1360 376 1520 433 VITA
1561 377 1620 434 S.
1659 373 1828 432 JOAS

1936 402 1944 428 ι
1979 373 2484 432 ΟΗΙίΥΒΟΞΤΟΜΙ.
3433 367 3502 420 56

231 493 317 549 ἐπὶ
345 492 438 548 τὸν
479 495 1004 568 στρατοπεδάρχην,
1046 496 1142 550 καὶ
1185 497 1479 570 πληρώσας
1519 497 1684 552 αὑτοῦ
1716 497 1815 562 τὰς

237 581 441 650 χεῖρας,
483 577 902 651 ἀντιστρατεύει
933 582 1044 644 τοῖς
1073 580 1374 652 ἀκροαταῖς
1405 581 1501 634 τοῦ
1539 580 1815 653 Σωτῆρος,

238 660 586 731 ἀποστρέψας
639 661 752 716 τῶν
798 662 1118 734 Ἰσαυρικῶν
1163 663 1437 735 πολέμων.
1473 665 1584 718 Καὶ
1622 665 1673 717 οἱ
1722 663 1821 734 μὲν

238 743 668 818 λῃστρικώτατοι
697 747 942 816 Ἰσαυροι
979 747 1163 801 Ῥόσον
1193 751 1288 802 καὶ
1314 747 1637 802 Σελεύκειαν
1659 747 1822 818 ἐπόρ-

239 830 360 882 θουν
386 847 398 859 ·
445 828 758 902 Πορφύριος
799 831 856 884 δὲ
893 833 988 885 καὶ
1014 833 1368 898 Οὐαλεντῖνος
1407 835 1436 886 6
1465 833 1641 904 κόμης
1683 831 1822 902 μετά

238 909 342 964 τῶν
373 911 614 966 ὁπλιτῶν
651 912 749 982 τὴν
777 913 1076 985 ἐκκλησίαν
1115 915 1223 970 τῶν
1265 915 1560 988 ὀρθοδόξων
1601 913 1824 985 ἐλεηλά-

238 1009 388 1046 τουν·
423 994 484 1048 τὸ
511 996 950 1066 φρικωδέστατον
972 997 1065 1051 τοῦ
1091 1001 1326 1069 σταυροῦ
1360 1000 1612 1070 σημεῖον,
1647 996 1676 1049 ὃ
1703 997 1823 1050 ἀντὶ

236 1075 560 1131 διδασκάλου
599 1080 690 1132 ἐπ’
718 1077 886 1149 ῶμων
907 1080 1162 1153 φέροντες
1185 1083 1280 1134 ἐπὶ
1307 1083 1412 1152 γῆς
1449 1081 1694 1154 ἀσπόρου
1715 1080 1823 1133 ἐλι-

239 1159 498 1224 τάνευον,
543 1162 656 1223 τοῖς
694 1160 903 1215 ἑαυτῶν
943 1164 1072 1216 ποσὶ
1107 1165 1580 1235 συμπατήσαντες.
1621 1167 1818 1232 Διαγε-

241 1241 480 1312 νομένων
526 1243 586 1297 δέ
629 1243 875 1315 ἡμερῶν,
907 1245 1228 1300 ἀποστέλλει
1267 1249 1324 1300 ἐν
1355 1245 1434 1317 τῷ
1477 1246 1825 1318 στρατοπέδῳ

244 1326 574 1390 σπουδαίως,
624 1327 720 1380 καὶ
753 1329 1162 1398 παρασκευάζει
1213 1329 1350 1402 πρὸς
1396 1333 1510 1392 τοῖς
1555 1329 1822 1394 τοιούτοις

242 1407 505 1480 ἄρχουσιν
537 1409 670 1463 ῖδιόν
693 1427 812 1464 τινα
838 1411 1210 1482 ὠμογέροντα,
1234 1413 1555 1484 δύστροπον,
1591 1411 1822 1477 σκολιὸν,

241 1493 687 1565 χειροτονηθῆναι
719 1495 1112 1566 νυκτέπαρχον,
1138 1496 1227 1551 ῖνα
1251 1497 1338 1548 ἐπ’
1367 1498 1549 1560 ἀδείας
1574 1497 1712 1568 ἔχων
1729 1496 1824 1550 τοῦ

244 1579 603 1646 συκοφαντεῖν
627 1576 752 1639 τοὺς
784 1578 1126 1642 σπουδαίους,
1158 1580 1492 1652 χειρώσηται
1521 1581 1620 1652 τὴν
1647 1580 1823 1644 πόλιν,

244 1657 496 1729 Νέρωνος
524 1658 618 1710 τοῦ
653 1658 918 1730 θεομάχου
940 1661 1387 1734 ἀπομιμούμενος
1413 1664 1540 1725 τοὺς
1567 1663 1823 1734 τρόπους.

244 1743 318 1794 Ού
342 1741 456 1813 γάρ
481 1743 549 1795 αύ
559 1741 631 1812 τῷ
653 1743 916 1812 πάρεστιν
939 1744 1016 1815 τῷ
1040 1744 1183 1816 λόγῳ
1217 1747 1443 1812 πείθειν,
1466 1745 1601 1799 ἀλλὰ
1635 1745 1828 1818 ἀλογίᾳ

247 1827 338 1880 καὶ
385 1825 681 1897 δυσμενείᾳ
729 1825 953 1889 θλίϐειν,
989 1829 1092 1882 ούκ
1138 1828 1315 1900 ἔχοντι
1372 1829 1576 1882 σκοπὸν
1630 1829 1826 1901 ἀρέσαι

243 1907 394 1977 Θεῷ,
437 1909 799 1979 πλανωμένας
830 1911 1158 1979 προσάγοντι
1191 1912 1390 1982 ψυχάς,
1408 1913 1520 1966 ἀλλ’
1551 1913 1827 1983 ἐμπλῆσαι

244 1987 450 2061 όφιώδη
473 1992 716 2059 γαστέρα
747 1992 840 2044 ἐπὶ
865 1991 941 2062 τῷ
972 1993 1155 2065 στήθει
1186 1994 1528 2064 βαδίζουσαν.
1564 1995 1718 2047 Εἰσὶν
1735 1991 1828 2048 οὖν

247 2073 341 2126 καὶ
386 2073 616 2138 ἄκοντες
659 2086 684 2114 ι
722 2077 772 2127 οί
815 2073 936 2128 λαοὶ
981 2075 1059 2146 τῷ
1105 2077 1205 2147 μὲν
1251 2077 1429 2131 δοκεῖν
1470 2077 1828 2147 συναγόμενοι

248 2156 398 2227 φόϐῳ
439 2157 547 2210 τῶν
584 2158 861 2227 αίκισμῶν
906 2161 964 2212 ἐν
991 2163 1056 2230 τῇ
1090 2159 1376 2232 ἐκκλησία,
1412 2164 1476 2232 τῇ
1513 2161 1568 2214 δέ
1602 2160 1830 2234 ἀληθείᾳ

248 2240 660 2311 δυσφημοῦντες
689 2241 871 2295 αὐτῶν
897 2243 994 2311 τὴν
1029 2242 1196 2314 ζωὴν,
1228 2243 1371 2309 ἕξειν
1415 2246 1514 2314 τὴν
1556 2245 1707 2314 παρά
1733 2244 1828 2298 τοῦ

246 2322 382 2376 Θεοῦ
415 2323 697 2395 ἀντίληψιν
737 2323 762 2360 δ
797 2325 1183 2395 ἀναμένοντες.
1229 2328 1370 2398 Πρὸς
1417 2327 1592 2382 ταῦτα
1641 2331 1670 2381 ό
1702 2327 1832 2381 Θεό-

249 2405 422 2477 δωρος
468 2406 905 2476 ἐκπληττόμενος
954 2407 1104 2478 Ελεγε
1127 2423 1140 2437 ·
1173 2409 1331 2481 Παρά
1367 2409 1528 2479 φύσιν
1578 2409 1692 2480 όρῶ
1723 2409 1830 2462 τῶν

245 2490 423 2558 λόγων
445 2491 511 2544 τὰ
535 2493 857 2564 πράγματα,
886 2492 1088 2565 Πάτερ.
1128 2493 1214 2558 Ὠς
1240 2494 1349 2566 γὰρ
1379 2495 1474 2548 ἐπὶ
1501 2495 1562 2548 τὸ
1583 2493 1830 2547 πλεῖστον

248 2577 298 2628 οί
330 2575 621 2642 κενόδοξοι,
652 2575 1106 2648 ἀνθρωπάρεσκοι
1136 2577 1290 2642 ὄντες
1309 2619 1324 2642 ,
1362 2579 1456 2633 καὶ¹
1483 2579 1714 2641 κόλακες
1740 2579 1830 2630 εὑ-

252 2657 563 2730 ρίσκονται,
613 2659 710 2712 καὶ
739 2659 1019 2730 τραπέζας
1049 2660 1361 2725 πολυτελεῖς
1401 2664 1828 2732 ἐπιτεχνῶνται,

250 2740 346 2793 ’ιοῦ
373 2741 728 2812 ἀγαπηθῆναι
756 2741 916 2812 χάριν
950 2744 1046 2796 καὶ
1079 2744 1239 2797 καλοὶ
1276 2743 1506 2798 ἀκοῦσαι
1529 2787 1544 2810 ,
1595 2747 1691 2800 καὶ
1734 2749 1832 2818 ἐμ-

254 2826 582 2896 πτυσμάτων
606 2825 919 2897 ἀνεχόμενοι
954 2826 1231 2890 πολλάκις.
1267 2828 1392 2891 Πῶς
1418 2829 1596 2883 τοίνυν
1628 2833 1656 2884 6
1687 2831 1830 2903 Πορ-

251 2908 465 2978 φύριος.
493 2907 526 2980 ἢ
556 2918 580 2947 ε
610 2909 767 2973 ἄλλος
796 2926 900 2972 τις,
931 2911 1031 2974 τὰς
1058 2911 1287 2975 ἀπειλὰς
1319 2912 1533 2975 καὶτὰς
1563 2915 1833 2986 τιμωρίας

251 2995 344 3046 καὶ¹
392 2993 494 3055 τὰς
546 2992 762 3063 ἐξορίας
810 2993 1153 3065 ἐξήσκησαν,
1215 2995 1431 3067 ἀπορῶ.
1477 2996 1535 3049 Ὀ
1581 2998 1830 3052 ἘΠΙΣΚ.

249 3073 422 3128 Τοῦτο
439 3075 553 3146 γάρ
570 3077 684 3128 ἐστι
715 3075 772 3128 τὸ
795 3075 1124 3147 θαυμαστὸν,
1147 3077 1408 3148 Θεόδωρε,
1430 3079 1512 3132 δτι
1535 3081 1616 3142 είς
1645 3079 1836 3132 τοσού-

249 3172 341 3210 τον
390 3157 589 3222 κακίας
619 3157 857 3226 ἡλάκασι
901 3158 1122 3230 μέτρον,
1156 3159 1230 3224 ῶς
1263 3161 1325 3214 ού
1356 3161 1516 3232 μόνον
1549 3162 1624 3233 μὴ
1657 3161 1833 3216 σπεύ-

250 3241 360 3294 δειν
411 3241 666 3312 ἀρέσκειν
708 3239 1038 3312 ἀνθρώποις,
1072 3241 1207 3296 ἀλλά
1255 3245 1348 3298 καὶ
1392 3245 1493 3315 τῆς
1533 3246 1674 3317 ὑπὲρ
1722 3245 1832 3299 τῶν

257 3323 652 3395 πραττομένων
698 3323 962 3394 αίσχύνης
993 3328 1114 3396 μηδ’
1135 3325 1272 3389 ὅλως
1293 3327 1601 3398 φροντίζειν
1621 3343 1634 3356 ·
1663 3330 1832 3382 κακία

253 3405 362 3476 γάρ
405 3406 603 3469 κακίας
647 3410 704 3460 ἐν
750 3405 921 3478 κακίᾳ
954 3408 1207 3480 προάγει.
1247 3410 1381 3463 Τότε
1423 3411 1530 3482 γάρ
1573 3414 1606 3481 ὴ
1667 3413 1834 3467 κακία

255 3488 620 3561 προϐάλλεται
653 3490 752 3562 τὴν
785 3491 1110 3558 κενοδοξίαν,
1139 3495 1228 3548 ὅτε
1258 3495 1466 3561 ἐλπίζει
1491 3499 1714 3568 κρατεῖν
1746 3498 1838 3552 διά

253 3574 351 3644 τῆς
375 3573 664 3638 κολακείας
697 3575 804 3628 τῶν
836 3577 1080 3648 ἀνοήτων
1099 3594 1114 3610 ο
1147 3578 1276 3632 ὅταν
1300 3579 1357 3632 δὲ
1387 3580 1652 3653 ἀνώτεροι
1684 3584 1834 3651 εὑρε-

255 3657 390 3710 θῶσι
445 3659 539 3711 καὶ
590 3659 880 3723 κολακείας
909 3662 1003 3714 καὶ
1035 3663 1317 3734 τραπέζης
1363 3665 1415 3717 οἱ
1454 3667 1830 3736 θηρευόμενοι,

249 3740 349 3805 τάς
376 3743 610 3808 ἀπειλάς
633 3747 728 3797 καὶ
753 3745 854 3809 τὰς
885 3748 1156 3818 τιμωρίας
1183 3749 1470 3820 προφέρει.
1503 3749 1591 3812 ἵν’,
1621 3749 1714 3808 οὓς
1741 3751 1842 3804 οὐκ

248 3823 503 3879 ἐδελέασε
529 3827 780 3900 τραπέζῃ
806 3828 838 3899 ἢ
876 3829 1158 3902 κολακεία,
1185 3832 1512 3906 καταπτήξῃ
1547 3832 1840 3905 ἀπανθρω-

253 3907 355 3979 πίᾳ
397 3909 493 3962 καὶ
545 3909 682 3972 δέει,
713 3911 794 3974 ὡς
845 3913 940 3966 ἐπὶ
990 3913 1102 3966 τῶν
1159 3914 1476 3986 μαρτύρων.
1537 3917 1685 3969 Ἐκεῖ
1732 3916 1842 3988 γάρ

248 3991 540 4064 ἀμφότερα
569 3993 930 4060 ἐτεκταίνετο,
963 3997 1056 4049 καὶ
1089 3997 1122 4066 ή
1164 3997 1254 4051 διὰ
1283 3998 1473 4070 δώρων
1515 3998 1610 4052 καὶ
1662 3999 1843 4068 τιμῶν

251 4078 668 4148 μηχανευομένη
700 4079 886 4146 παγίς,
915 4081 1040 4141 τοὺς
1064 4081 1192 4149 περὶ
1215 4081 1283 4134 τά
1304 4081 1528 4154 δοξάρια
1547 4083 1843 4154 κεχηνότας

249 4159 501 4229 θηρῶσι,
555 4163 650 4213 καὶ
687 4163 721 4232 ὴ
766 4161 853 4214 δικ
898 4163 1178 4216 κολάσεων
1221 4165 1450 4236 ἀπειλὴ,
1495 4167 1708 4234 τήγανα
1750 4164 1845 4218 καὶ

249 4242 605 4314 ἀρθρέμϐολα
633 4245 724 4296 καὶ
761 4244 949 4314 θηρία,
977 4245 1069 4298 καὶ
1099 4247 1199 4299 ὅσα
1228 4247 1358 4318 περὶ
1391 4248 1628 4318 σφοδράν
1651 4247 1846 4318 ὀδύνην

246 4325 537 4395 ἐπιτήδεια
563 4327 982 4400 εύτρεπίζουσα,
1004 4330 1130 4392 τοὺς
1155 4331 1437 4401 ἀνδρείους
1453 4333 1545 4385 καὶ
1563 4331 1844 4401 φιλοθέους

246 4407 604 4463 άναδεικνύου
616 4427 679 4464 σα
728 4412 786 4465 ὐ
819 4411 1004 4483 μέντοι
1029 4413 1230 4484 κλῆρος
1259 4417 1287 4468 6
1329 4415 1646 4486 Ἀντιοχέων
1675 4416 1705 4467 6
1727 4415 1846 4467 ἐπί-

249 4507 432 4562 σημος
460 4495 862 4566 κεκρυμμένως
898 4498 1144 4566 συνάγει,
1199 4499 1334 4570 μηδέ
1370 4498 1687 4567 πλησιάζων
1732 4501 1845 4560 τοῖς

245 4577 456 4647 τοίχοις
485 4578 585 4648 τῆς
615 4579 930 4651 ἐκκλησίας,
959 4581 1054 4634 καὶ
1081 4583 1230 4636 πᾶσα
1270 4585 1304 4656 ἡ
1349 4583 1624 4655 ἐπίσημος
1655 4598 1844 4652 γυναι-

247 4664 495 4726 κωνῖτις,
527 4662 593 4714 δι’
626 4663 692 4727 ἃς
727 4664 962 4735 μάλιστα
981 4665 1245 4738 ἔκφρονες
1273 4669 1561 4737 γεγόνασιν
1599 4669 1648 4721 οἱ
1671 4669 1844 4738 ἀργυ-

247 4745 472 4816 ρολόγοι
507 4747 615 4800 τῶν
640 4749 980 4820 ἡγουμένων.
1008 4751 1148 4822 Περὶ
1177 4751 1236 4805 δέ
1268 4753 1377 4805 τῶν
1409 4755 1846 4807 Κωνσταντινου-

243 4825 468 4893 πόλεως
499 4831 553 4884 τί
579 4832 660 4885 δεῖ
689 4835 785 4887 καὶ
829 4833 1032 4902 λέγειν,
1079 4835 1204 4888 ὅσον
1253 4835 1458 4908 πλῆθος
1495 4837 1708 4908 ἀπέστη
1746 4837 1846 4907 τῆς

239 4917 568 4988 ἐκκλησίας,
601 4922 834 4990 συνάγον
869 4924 928 4976 ἐν
957 4923 1036 4993 τῷ
1069 4924 1323 4996 ὑπαίθρῳ
1346 4965 1360 4988 ,
1402 4926 1479 4988 ὡς
1509 4929 1845 4998 προειρήκα-

243 5021 378 5073 μεν,
413 5005 490 5069 ὡς
521 5007 657 5078 μηδέ
681 5011 806 5074 τοὺς
845 5010 1188 5082 κρατοῦντας
1217 5012 1327 5066 τῶν
1370 5012 1846 5084 ἐκκλησιαστικιῖω

239 5094 596 5166 πραγμάτων
622 5095 766 5168 ἔχειν
799 5098 1088 5163 τοσούτους
1113 5100 1390 5172 ἀκροατάς
1407 5101 1507 5173 τῆς
1545 5101 1733 5170 σιγῆςς
1760 5101 1845 5154 λό-

236 5197 349 5246 γος
378 5181 488 5253 γάρ
513 5183 750 5254 οὐδαμοῦ
776 5186 906 5258 παρ’
937 5187 1143 5250 αὐτοῖς.
1179 5188 1240 5240 '0
1273 5185 1451 5240 ΔῙΑΚ.
1513 5187 1846 5260 Ἦλευθέρω-

239 5267 354 5331 σάς
384 5285 486 5339 μου
512 5269 612 5342 τὴν
635 5271 896 5338 διάνοιαν,
928 5273 1133 5344 Πάτερ,
1169 5276 1234 5344 τῇ
1260 5273 1561 5345 ἀμφιϐολία
1585 5274 1837 5328 δεδουλω-

241 5355 448 5425 μένην,
481 5359 596 5422 τοῖς
625 5359 928 5431 ὀφθαλμοῖς
954 5377 1055 5432 μου
1097 5362 1460 5431 παραστήσας
1487 5359 1556 5413 τά
1586 5361 1846 5433 πράγμα-

235 5459 340 5500 τα.
388 5445 452 5500 Ἦ
477 5447 586 5521 γὰρ
614 5451 904 5521 συμφωνία
946 5451 1056 5504 τῶν
1103 5449 1298 5518 λόγων,
1354 5451 1448 5504 καὶ
1475 5452 1509 5522 ἡ
1562 5450 1844 5521 ἄσκηπτος

234 5533 502 5604 διήγησις
526 5535 946 5610 ἐπληροφόρησέ
969 5556 1039 5610 με
1073 5538 1250 5610 ἀληθῆ
1281 5533 1421 5592 εἶναι
1450 5538 1520 5592 τά
1542 5539 1844 5609 γεγενημέ-

235 5639 314 5677 να
341 5639 356 5653 ·
401 5624 668 5680 ἀδύνατον
701 5627 812 5699 γάρ
841 5627 1012 5702 ψευδῆ
1059 5627 1218 5695 λόγον
1242 5626 1421 5698 ἐαυτῷ
1456 5627 1839 5698 συμφωνῆσαι.

308 5791 340 5864 _‘
475 5797 956 5864 Blg.:&_1rayte_;._Cod.
973 5799 1837 5864 Μοάἱρριιιιᾷκοντες,εἰςιιιῡιϐροπς.

305 5855 339 5896 ³⁵
367 5859 448 5909 sic
466 5855 576 5910 τοτ’ί.
606 5859 734 5923 MM.
766 5860 959 5909 Edimm
986 5863 1140 5912 [uorat
1164 5860 1410 5923 Ξε-ηζηφιν,

305 5923 334 5953 ⁸
355 5923 451 5973 Καί
468 5923 602 5975 cod..
637 5922 840 5986 Βὶδοίιιι
864 5930 1028 5972 autem
1052 5926 1102 5983 ἧ.

1933 494 2280 568 ’Δνεπαχθῶς
2311 495 2491 548 τοίνυν
2525 492 2784 564 διήγησαι
2823 491 2956 562 ἡμῖν
2983 487 3076 544 καὶ
3120 501 3188 542 τα
3221 486 3363 540 κατά
3406 483 3508 555 τὴν

1935 577 2290 649 Ὀλυμπιάδα,
2339 576 2456 646 είγε
2481 576 2564 640 τίς
2595 591 2677 628 σοι
2701 573 2922 643 γνῶσις.
2959 573 3016 626 '0
3062 570 3310 624 'EIIIEK.
3341 569 3508 622 Ποίαν

1925 663 2161 735 ταύτην;
2193 663 2383 734 ἐπειδή
2421 663 2526 714 είσι
2568 659 2664 714 καὶ
2693 659 2900 731 ἕτεραι.
2941 657 3001 711 '0
3027 658 3213 710 AIAK.
3241 655 3353 727 Τὴν
3392 654 3510 707 διά-

1919 763 2074 800 κονον
2098 744 2741 806 Κωνσταντινουπόλεως,
2781 742 2998 812 νύμφην
3035 739 3168 793 ποτέ
3207 737 3509 808 γενομένην

1923 828 2207 900 Νεεριδίου
2249 827 2344 882 τοῦ
2385 827 2493 881 ἀπὸ
2529 827 2805 894 ἐπάρχων.
2843 825 2903 876 Ὀ
2945 823 3194 876 ἙΠΙΣΚ.
3234 823 3342 874 Καὶ
3367 820 3509 874 πάνυ

1921 930 1985 982 γε
2010 909 2146 966 οἶδα.
2189 913 2246 966 '0
2275 913 2458 967 AIAK.
2489 911 2715 982 Ποταπὴ
2767 909 2906 980 γυνὴ
2931 909 3192 977 τυγχάνει
3215 903 3386 969 οὗσας
3441 905 3501 957 '0

1934 997 2182 1051 'EIIIEK.
2227 997 2320 1069 Μὴ
2365 996 2491 1065 λέγε
2529 993 2698 1066 γυνὴ,
2729 993 2842 1047 ἀλλ’
2873 989 2986 1056 οίος
3019 991 3331 1062 ἄνθρωπος·
3372 987 3512 1059 ἀνὴρ

1921 1079 2031 1150 γάρ
2056 1081 2172 1134 ἐστι
2206 1079 2358 1150 παρά
2389 1079 2564 1133 τὸτοῦ
2597 1079 2850 1150 σώματος
2875 1077 3080 1146 σχῆμα.
3113 1075 3170 1129 Ὀ
3198 1075 3382 1126 ΔΙΑΚ.
3423 1073 3512 1125 Ἐν

1923 1163 2066 1228 τίνις
2110 1165 2168 1217 Ὀ
2203 1164 2453 1217 ἘΠΙΣΚ.
2481 1163 2579 1215 Ἔν
2615 1179 2674 1215 τε
2711 1161 2812 1233 βίῳ
2845 1161 2942 1214 καὶ
2976 1159 3162 1221 πόνοις
3193 1158 3286 1210 καὶ
3312 1155 3512 1226 γνώσει

1925 1246 2018 1300 καὶ
2040 1250 2104 1318 τῇ
2141 1244 2248 1300 τῶν
2281 1245 2656 1315 περιστάσεων
2678 1245 2946 1316 ὑπομονῇ.
2972 1243 3033 1295 '0
3059 1241 3245 1294 ΔΙΑΚ.
3272 1238 3396 1302 Πῶς
3417 1235 3514 1292 οὖν

1925 1329 1955 1380 ὀ
2001 1329 2260 1398 Θεόφιλος
2313 1327 2484 1400 αὐτὴν
2523 1327 2898 1400 ἐλοιδόρησενς
2946 1325 3003 1379 Ὀ
3055 1322 3298 1378 ἘΠΙΣΚ.
3356 1323 3514 1386 Ποῖος

1925 1405 2108 1476 οὗτοςς
2173 1412 2230 1466 '0
2277 1412 2463 1466 AIAK.
2507 1412 2568 1465 '0
2620 1411 3019 1482 Ἀλεξανδρέων
3070 1407 3396 1480 ἡγούμενος.
3453 1406 3515 1459 ὐ

1913 1495 2188 1548 ·ἘΠΙΣΚ.
2217 1496 2442 1558 Ἔοικάς
2476 1495 2872 1567 μοι,Θεόδωρε,
2899 1493 3027 1556 τοὺς
3059 1489 3346 1553 τοσούτους
3367 1487 3518 1543 διαύο

1927 1577 2054 1642 λους
2099 1579 2210 1633 τῶν
2256 1579 2432 1648 λόγων
2475 1578 2616 1652 λήθη
2663 1577 3050 1648 κεκαλυφέναι.
3098 1577 3158 1630 '0
3208 1575 3392 1629 ΔΙΑΚ.
3427 1571 3518 1627 Ἐν

1926 1662 2068 1730 τίνις
2109 1663 2168 1716 ’0
2211 1664 2458 1718 ἘΠΙΣΚ.
2501 1663 2559 1716 ’0
2589 1663 2689 1735 τῆς
2719 1663 2980 1734 ἀληθείας
3016 1662 3090 1732 μὴ
3153 1660 3515 1732 φεισάμενος,

1927 1745 2064 1800 ἀλλά
2100 1746 2305 1818 ταύτην
2341 1749 2770 1818 καταπατήσας,
2811 1747 2887 1810 ὡς
2917 1747 2965 1799 οἱ
3001 1745 3336 1816 προάγοντες
3362 1743 3513 1812 λόγοι

1929 1831 2298 1902 παρέστησαν,
2328 1833 2422 1884 καὶ
2452 1833 2480 1884 6
2502 1831 2600 1902 τὴν
2635 1831 2964 1903 Ἐκκλησίαν
3000 1829 3093 1883 ὑπ’
3119 1827 3350 1900 οὐρανὸν
3375 1867 3391 1890 ,
3439 1823 3509 1878 δι’

1927 1913 1995 1984 ῆν
2011 1915 2040 1967 6
2056 1915 2388 1984 Μονογενὴς,
2421 1915 2482 1967 τδ
2505 1913 2572 1985 δὴ
2594 1913 2906 1984 λεγόμενον,
2931 1911 3156 1982 ἐσκύλη,
3187 1912 3277 1965 ἵνα
3307 1909 3516 1980 ταύτην

1929 1996 2127 2070 ἐνὼσῃ,
2179 1997 2253 2069 μὴ
2293 2000 2562 2069 τιμήσας,
2605 1997 2720 2051 ἀλλ’
2769 1995 3061 2069 ἐνυϐρίσας
3107 1993 3186 2066 τῷ
3239 1995 3514 2068 σχήματι.

1929 2081 2190 2150 γυναικὸς
2234 2081 2348 2151 ἔχει
2390 2080 2680 2149 φείσασθαι
2727 2079 2922 2152 χήρας,
2976 2082 3034 2133 ἐν
3075 2079 3411 2150 προσευχαῖς
3457 2078 3519 2130 τὸ

1931 2165 2030 2236 ζῇν
2056 2163 2490 2234 ἀναλισκούσης;
2535 2163 3055 2236 Ἐμπερινόστησον,
3078 2162 3171 2215 καὶ
3199 2161 3276 2215 ίδε
3298 2159 3352 2214 εί
3391 2161 3518 2214 τινά

1932 2264 2063 2302 ποτε
2096 2247 2204 2300 τῶν
2245 2247 2432 2301 κακῶν
2477 2245 2825 2318 ἐλοιδόρησε,
2877 2243 3212 2317 μισευλαϐὴς
3254 2243 3517 2314 ὑπάρχων

1930 2331 2039 2386 ἀεί.
2079 2330 2181 2385 Διά
2207 2330 2259 2384 τί
2289 2329 2348 2383 δέ
2378 2331 2475 2384 καὶ
2505 2331 2571 2384 ἐκ
2603 2329 2712 2383 τῶν
2753 2328 3054 2384 ἐπιστολῶν
3086 2326 3252 2382 αὐτοῦ
3286 2326 3348 2381 ού
3393 2343 3517 2380 στο-

1931 2414 2094 2489 χάζῃ,
2125 2413 2244 2477 πῶς
2269 2415 2411 2468 εἰσιν
2441 2415 2683 2468 ἐναντίαι
2723 2413 3014 2484 άλλήλαις;
3056 2411 3372 2483 Ἐπιφάνιον
3409 2409 3519 2483 γάρ

1931 2500 2020 2552 τον
2044 2499 2317 2570 μακάριον
2353 2497 2446 2552 τὸν
2475 2498 2864 2562 Κωνσταντίας
2890 2497 2989 2569 τῆς
3032 2494 3262 2569 Κύπρου
3293 2494 3517 2549 ἐπίσκο-

1935 2598 2054 2647 πον,
2084 2579 2438 2654 τριακονταέξ
2476 2579 2568 2650 ἐτη
2590 2577 2833 2650 ἄρξαντα
2865 2579 2966 2650 τῆς
3007 2578 3356 2652 Ἐκκλησίας,
3389 2576 3519 2630 δυσ·

1933 2667 2195 2734 φημήσας
2215 2703 2230 2726 ,
2285 2662 2362 2726 ὡς
2409 2661 2688 2733 αἱρετικὸν
2717 2661 2749 2733 ἥ
2779 2660 3171 2733 σχισματάριον
3204 2660 3297 2713 ἐπὶ
3336 2661 3521 2731 Δαμά-

1935 2763 2029 2800 σου
2062 2745 2096 2818 ἢ
2133 2745 2392 2818 Σηρικίου
2437 2744 2532 2798 τοῦ
2581 2745 2886 2816 μακαρίου,
2925 2742 3150 2816 ὕστερον
3185 2745 3243 2796 ἐν
3281 2745 3349 2814 τῇ
3383 2742 3521 2814 πρὸς

1933 2829 2024 2883 τὸν
2057 2829 2246 2884 πάπαν
2289 2828 2634 2882 Ίννοκέντιον
2678 2827 2958 2899 ἐπιστολῇ,
2988 2825 3243 2899 λοιδορῶν
3278 2825 3370 2878 τὸν
3418 2841 3524 2896 μσ-

1935 2913 2128 2985 κάριον
2155 2912 2431 2984 Ἰωάννην,
2461 2912 2778 2984 εὑρίσκεται
2806 2911 3104 2982 ἁγιώτατον
3130 2909 3410 2981 ὀνομάζων
3429 2907 3521 2963 τὸν

1947 2996 2285 3066 Ἐπιφάνιον.
2317 2997 2559 3061 Ποσάκις
2581 2997 2638 3050 δὲ
2671 2996 2847 3060 θέλεις
2868 2996 2962 3049 καὶ
2987 2993 3056 3048 τά
3075 2994 3280 3063 γόνατα
3317 2991 3520 3062 ταύτης

1935 3080 2214 3152 ἐφίλησεν,
2241 3079 2416 3132 ἐλπίδι
2443 3081 2540 3132 τοῦ
2566 3080 2854 3152 ἀργυρίου,
2875 3079 2943 3150 ἢν
2977 3077 3072 3132 νῦν
3095 3077 3342 3150 λοιδορεῖ,
3379 3075 3522 3130 ἐκείο

1935 3181 2034 3234 νης
2065 3162 2240 3234 χαμαὶ
2264 3161 2572 3234 πιπτούσης
2605 3163 2697 3216 ἐπὶ¹
2723 3161 2801 3232 τῷ
2835 3161 3146 3233 πράγματι,
3178 3161 3272 3214 καὶ
3306 3159 3519 3231 δάκρυα

1938 3245 2247 3318 ραινυύσης,
2281 3244 2584 3300 ἐπισκόπου
2617 3244 2790 3298 ταῦτα
2815 3243 3119 3306 ποιοῦντος.
3152 3240 3301 3314 Πλὴν
3329 3243 3388 3296 ἐν
3415 3242 3522 3296 τίνι

1937 3329 2272 3400 ἐλοιδόρησεν
2303 3329 2502 3400 αύτήνς
2532 3328 2592 3382 '0
2622 3325 2799 3381 AIAK.
2845 3328 2933 3391 Ὠς
2964 3326 3368 3398 ὑποδεξαμένην
3395 3327 3524 3390 τοὺς

1939 3414 2029 3466 ὑπ’
2053 3411 2218 3465 αὐτοῦ
2281 3411 2536 3482 ριφέντας
2568 3408 2855 3482 μοναχούς.
2899 3411 2958 3464 ὐ
2999 3411 3246 3464 ἘΠΙΣΚ.
3283 3411 3393 3463 Καὶ
3435 3409 3522 3477 ἔξ-

1939 3512 2090 3550 εστιν
2109 3495 2392 3566 ἐπισκόπιρ
2424 3493 2457 3564 ἢ
2502 3495 2712 3565 πρέπον
2741 3493 2879 3557 ὅλως
2915 3494 3126 3566 ῥίπτειν
3167 3493 3260 3546 τὸν
3292 3492 3524 3564 τυχόντα

1943 3579 2212 3652 μαθητὴν,
2241 3580 2370 3650 μήτι
2391 3594 2455 3647 γε
2480 3579 2573 3632 καὶ
2606 3577 2938 3649 μονάζοντας
2974 3579 3035 3632 '0
3064 3579 3250 3632 AIAK.
3297 3577 3387 3641 Ὠς
3429 3578 3523 3630 ἐὰν

1941 3661 2266 3736 παρώξυναν
2305 3663 2489 3727 αὑτὸν,
2525 3661 2558 3734 ἢ
2588 3661 2777 3726 κακῶς
2815 3657 2991 3715 εἷπον.
3028 3655 3088 3716 ἰ)
3129 3661 3380 3714 ἘΠΙΣΚ.
3414 3662 3524 3715 Καὶ

1939 3749 2038 3819 τὴν
2073 3747 2208 3801 ίδίαν
2237 3746 2405 3818 ὀργὴν
2429 3743 2658 3814 ὤφειλεν
2692 3744 3068 3816 ἐκπληρῶσαι.
3097 3743 3396 3817 φροντίζων
3427 3745 3525 3815 τῆς

1943 3829 2315 3902 κακηγορίας;
2364 3828 2489 3892 Πῶς
2537 3826 2618 3881 ἔτι
2679 3823 2833 3892 οὗτος
2889 3828 2987 3891 τὰς
3046 3827 3283 3902 Χριστοῦ
3333 3826 3524 3899 ὓόρεις

1943 3913 2193 3986 ζητήσει,
2223 3916 2252 3967 6
2295 3906 2424 3980 περὶ
2453 3911 2553 3977 τὰς
2597 3912 2733 3974 ἰδίας
2765 3910 3160 3983 ἀσχολούμενος
3191 3911 3384 3978 δόξαςς
3425 3913 3523 3966 Διά

1941 3998 1996 4050 τί
2037 3997 2094 4050 δέ
2139 3997 2276 4060 ὅλως
2316 3997 2410 4050 τὸν
2442 3995 2664 4049 εἰπόντα
2693 3995 3013 4048 διδάσκαλον
3045 3995 3146 4048 ούκ
3181 3995 3488 4068 ἐμιμήσατο
3508 4035 3522 4054 .

1943 4081 2399 4150 Λοιδορούμενοι
2422 4080 2832 4148 εὐλογοῦμεν;
2859 4079 2918 4134 '0
2944 4081 3126 4134 ΔΙΛΚ.
3153 4077 3219 4133 Τί
3236 4076 3348 4138 οὖν,
3377 4079 3451 4142 ὡς
3475 4083 3523 4130 εί

1944 4164 2241 4236 ἑτερόδοξοι
2268 4163 2516 4234 ὑπῆρχον
2549 4165 2600 4215 οἱ
2636 4160 2994 4233 μονάζοντες
3027 4162 3085 4216 '0
3129 4160 3376 4218 'EIIIEK.
3415 4163 3526 4215 Καὶ

1944 4248 2161 4311 πάντως
2188 4246 2298 4300 ἔδει
2330 4243 2726 4316 διορθώσασθαι
2747 4245 2842 4298 καὶ
2879 4247 3081 4307 πεῖσαι,
3111 4243 3184 4317 μὴ
3203 4243 3310 4318 γάρ
3346 4243 3522 4314 ῥῖψαι.

1956 4330 2016 4384 '0
2050 4327 2230 4384 AIAK.
2275 4329 2362 4393 Ὠς
2398 4331 2447 4382 εί
2487 4327 2582 4380 καὶ¹
2611 4327 2770 4380 τοῦτο
2805 4326 3063 4398 ἐποίησεν
3085 4369 3096 4387 ,
3137 4327 3294 4380 αὐτοὶ
3332 4326 3388 4380 δέ
3425 4328 3526 4380 οὐκ

1945 4412 2297 4483 ἐπείσθησαν,
2333 4412 2627 4482 φιλόνεικοι
2677 4411 2862 4476 ὑντεςς
2907 4411 2966 4466 ’0
3011 4409 3254 4468 ἘΠΙΣΚ.
3285 4411 3360 4465 Τὸ
3387 4413 3525 4465 ἀπο‹

1947 4497 2192 4552 στολικδν
2243 4497 2350 4550 ἔδει
2387 4496 2646 4566 ποιῆσαι⁸
2706 4497 2818 4550 Τὸν
2863 4495 3164 4563 αἱρετικὸν
3213 4492 3528 4566 ἄνθρωπον

1941 4586 2092 4651 μετὰ
2122 4581 2270 4652 μίαν·
2297 4581 2393 4634 καί
2419 4577 2709 4648 δευτέραν
2749 4579 3076 4634 νουθεσίαν
3105 4578 3413 4646 παραιτοῦ,
3450 4580 3530 4632 εί-

1945 4665 2063 4730 δὼς
2087 4665 2173 4720 ὅτι
2195 4663 2591 4732 ἐξέστραπται
2629 4667 2662 4718 ὀ
2692 4662 2992 4729 τοιοῦτος·
3030 4662 3104 4734 μὴ
3126 4662 3234 4736 γάρ
3265 4661 3414 4736 ῥῖψαι
3435 4663 3529 4716 καὶ

1944 4748 2276 4820 λεηλατῆσαι
2311 4750 2406 4802 καὶ⁵
2432 4747 2538 4814 ἔξω
2565 4749 2664 4818 τῆς
2695 4745 3044 4819 θρεψαμένης
3083 4745 3356 4800 ἀπελάσαι
3389 4747 3528 4816 μετά

1943 4833 2042 4902 τῆς
2068 4833 2176 4886 τῶν
2202 4832 2475 4904 ἀρχόντων
2498 4830 2746 4900 ἀπειλῆς.
2794 4830 2851 4882 '0
2884 4827 3062 4882 ΔΙΛΚ.
3090 4829 3308 4885 Τελείου
3334 4827 3526 4898 ἀνδρός

1948 4934 2038 4986 μοι
2058 4916 2237 4983 λέγεις
2281 4917 2456 4986 μέτρα
2485 4913 2578 4968 καὶ
2613 4912 2896 4982 θεοφιλοῦς
2940 4913 3035 4966 καὶ
3067 4911 3411 4978 ἀνεξικάκου.
3465 4913 3526 4964 ’0

1957 5001 2206 5054 ἘΠΙΣΚ.
2234 4999 2345 5052 Καὶ
2370 4997 2476 5070 μὴν
2498 4998 2599 5052 ούκ
2615 4996 2730 5050 ἔστι
2753 4997 2898 5068 μέγα
2921 4996 3195 5069 ἐγκώμιον
3215 4997 3304 5050 τὸν
3325 4996 3458 5067 ῆττο
3492 5014 3526 5048 α

1947 5083 2233 5154 βαστάσαι.
2267 5083 2414 5155 Πλὴν
2439 5084 2486 5136 εί
2524 5081 2600 5154 μὴ
2633 5082 2748 5136 ἐστι
2777 5083 3002 5147 τέλειος,
3031 5083 3156 5136 ὅσον
3172 5076 3371 5155 ἦκενδ,
3408 5081 3525 5144 πῶς

1945 5171 2039 5224 καὶ
2067 5170 2364 5231 ἐπίσκοπος
2403 5169 2433 5222 6
2465 5163 2737 5232 τοιοῦτος;
2771 5167 2970 5237 ἀτελὴς
3002 5167 3108 5239 γάρ
3146 5165 3355 5222 ἀτελῶν
3383 5165 3529 5218 οὐδέ-

1944 5269 2072 5306 ποτε
2120 5253 2432 5323 προνοήσει.
2482 5249 2606 5316 Πῶς
2641 5250 2698 5303 δέ
2739 5251 2834 5304 καὶ
2868 5251 3126 5320 Θεόφιλος
3174 5251 3408 5318 λέγεται,
3449 5247 3522 5318 μὴ

1945 5335 2116 5403 φιλῶν
2168 5335 2261 5389 τὸν
2297 5333 2452 5397 Θεὸν,
2497 5333 2567 5388 δι’
2605 5333 2664 5388 ὃν
2698 5333 2899 5404 ὤφειλε
2929 5333 3030 5398 τὰς
3078 5333 3188 5387 τῶν
3220 5329 3524 5402 ἀνθρώπων

1945 5419 2132 5492 ὕϐρεις
2167 5418 2365 5492 ῥαδίως
2391 5417 2610 5490 φέρεινς
2633 5419 2700 5472 Ei
2723 5417 2779 5472 δέ
2812 5418 2944 5472 Θεὸν
2971 5418 3032 5471 ού
3063 5416 3223 5486 φιλεῖ.
3257 5415 3419 5484 δῆλον
3441 5416 3528 5470 ού-

1943 5503 1999 5556 δέ
2035 5502 2227 5556 ἐαυτόν
2248 5519 2261 5532 ·
2303 5503 2331 5555 ό
2357 5501 2414 5556 δὲ
2443 5501 2638 5555 ἐαυτοῦ
2678 5500 2870 5574 ἐχθρὸς
2899 5539 2913 5562 ,
2965 5498 3080 5562 πῶς
3109 5498 3294 5552 λοιπὸν
3334 5497 3527 5564 ἄλλους

1943 5589 2192 5657 (gniﬁcat;
2233 5586 2441 5640 Οὐκοῦν
2465 5585 2618 5639 ούδέν
2647 5584 2818 5651 ξένον,
2847 5586 2896 5636 εί
2930 5579 3120 5634 τούτου
3155 5583 3314 5655 χάριν
3338 5580 3527 5653 ἔψεξεν

1957 5671 2318 5740 Ὀλυμπιάδα,
2335 5669 2412 5733 ὡς
2431 5669 2554 5730 τοὺς
2569 5666 2899 5738 μονάζοντας
2912 5663 3233 5738 δεξαμένην.
3265 5666 3324 5718 '0
3341 5669 3376 5718 Δ
3387 5668 3445 5719 IA
3457 5668 3496 5720 ii
3511 5707 3522 5722 .

1957 5751 2313 5824 Ὠμολόγηται
2347 5753 2464 5823 μὲν,
2504 5752 2586 5804 ὅτι
2615 5748 2870 5818 Θεόφιλος
2891 5748 3363 5822 όργίλονέποίητε
3395 5747 3530 5820 πρά-

2008 5921 2034 5962 δ
2060 5921 2162 5973 Imo
2183 5923 2348 5986 potius
2371 5923 2494 5979 ἣκει.
