3948 6430
224 355 290 412 ιι
1229 354 1314 411 us
1358 355 1512 410 vm
1552 354 1607 412 s.
1649 348 1926 414 JUANNtS
1963 346 2458 414 CilltYSOSTOMl.
3454 358 3525 417 δε

231 477 332 535 est,
358 467 727 538 Theophilum
751 467 1015 523 iractmdia
1050 467 1308 537 percitum
1339 465 1388 522 id
1408 468 1605 536 egisse,
1628 468 1715 538 qui
1737 481 1830 523 eos

242 560 460 630 eiecerit
482 587 503 625 ι
529 561 857 630 quicumque
887 559 959 613 illi
992 557 1188 612 fuerint
1213 600 1226 622 ,
1257 558 1370 614 sive
1409 558 1690 615 orthodoxi
1722 560 1834 615 sive

243 651 481 708 haeretici
519 668 534 704 :
585 666 764 707 nonne
813 652 1110 705 diacnuissa
1153 651 1332 705 debuit
1376 651 1497 706 illos
1529 652 1835 721 suscipere!

243 744 418 800 Eme.
448 743 592 810 Quid
625 744 786 815 igitur
813 744 906 798 tibi
936 743 1165 807 videtur,
1198 742 1332 798 bene
1362 758 1427 798 an
1456 742 1595 798 male
1622 744 1835 815 egisse?

246 837 390 891 Diae.
418 834 560 898 Dixi,
585 834 745 888 male.
773 834 944 888 Ense.
970 835 1050 887 An
1070 849 1318 902 umquam
1344 833 1689 888 beneﬁcentia
1709 848 1828 888 cono

243 925 561 982 demnatur?
590 926 743 980 Duc.
777 925 845 980 Et
868 924 1088 979 omnino
1108 924 1343 994 quidem,
1366 940 1487 979 cum
1508 926 1567 979 tit
1594 925 1644 978 in
1669 924 1837 978 malos

241 1028 297 1073 et
329 1017 593 1074 beneﬁcio
623 1017 887 1087 indignos.
921 1015 1097 1071 Ense.
1136 1015 1362 1084 Quinam
1400 1016 1556 1085 igitur
1580 1029 1730 1071 erant
1762 1015 1834 1069 illi

244 1110 526 1182 quinquies
551 1107 697 1163 mille
720 1120 854 1178 quos
874 1107 1127 1163 Servatur
1147 1106 1383 1177 quinque
1404 1105 1720 1161 hordeaceis
1746 1120 1838 1177 pa-

244 1203 404 1261 tribus
428 1201 710 1267 saturavit,
733 1200 858 1254 boni
885 1214 951 1253 an
979 1199 1141 1254 mali?
1168 1201 1319 1254 Duc.
1348 1199 1479 1253 Boni
1502 1198 1724 1263 scilicet,
1751 1207 1836 1252 ut-

245 1301 370 1364 pote
398 1309 429 1347 a
454 1293 738 1348 Servatum
766 1291 968 1346 nutriti.
1002 1291 1094 1346 Er.
1128 1290 1302 1358 Quare
1341 1291 1498 1361 igitur
1527 1289 1839 1345 lmrdeaccis

245 1385 381 1454 pasti
410 1393 556 1446 sunt,
593 1384 680 1452 qui
714 1383 836 1437 boni
864 1382 1083 1436 essent?
1111 1382 1258 1436 Duc.
1288 1381 1367 1436 Ob
1396 1381 1668 1450 penuriam
1702 1381 1838 1433 torte

246 1475 616 1538 triticcurnm,
645 1482 737 1526 ant
779 1472 847 1527 ob
877 1470 1092 1525 famem.
1127 1471 1219 1524 Er.
1264 1468 1542 1538 Quomodo
1574 1469 1733 1538 igitur
1768 1467 1839 1521 ob

247 1565 679 1621 incredulitatem
710 1566 1072 1632 increpantur,
1096 1572 1155 1619 ut
1178 1562 1299 1616 boni
1326 1577 1394 1615 an
1421 1570 1476 1616 ut
1500 1560 1658 1614 mali?
1686 1560 1835 1614 Duc.

246 1653 446 1726 Utique
471 1655 629 1721 ntali,
657 1654 744 1724 qui
775 1655 1140 1723 increpantur.
1190 1652 1284 1706 Ep.
1320 1655 1398 1706 An
1442 1650 1565 1705 boni
1595 1650 1751 1706 iidem
1785 1657 1839 1704 ct

246 1746 375 1801 mali
396 1754 522 1800 esse
548 1744 806 1814 possunt?
834 1743 987 1799 Duc.
1014 1743 1194 1800 Certe.
1226 1744 1318 1797 Er.
1346 1740 1662 1809 Quumudo?
1686 1742 1834 1796 Ιὶιιιο.

248 1839 588 1894 Deteriorum
632 1836 847 1906 quidem
902 1836 1302 1904 comparatione
1347 1833 1508 1898 boni,
1555 1833 1836 1888 meliorum

247 1944 378 1984 vero
436 1927 585 1983 mali.
649 1927 744 1982 Ep.
794 1927 924 1981 Mire
975 1926 1174 1981 dixisti.
1221 1926 1332 1980 lluc
1376 1925 1533 1994 igitur
1572 1923 1730 1979 modo
1785 1932 1838 1978 et

244 2019 497 2075 monachi
530 2018 602 2071 illi
644 2026 699 2071 et
745 2016 868 2071 ιςοηὶ
914 2022 1066 2070 erant
1108 2025 1160 2069 et
1205 2014 1350 2068 mali.
1393 2013 1458 2068 Et
1503 2013 1591 2067 illa
1623 2013 1836 2082 quidem

248 2109 560 2163 ﬁdelissima
609 2122 702 2161 eos
749 2115 805 2160 nt
856 2107 1024 2161 bonos
1072 2105 1303 2176 hOSpitio
1354 2105 1591 2173 accepit,
1648 2103 1835 2157 miriﬁo

248 2213 343 2253 cus
395 2213 524 2253 vero
565 2197 652 2252 ille
702 2207 755 2250 ut
798 2196 966 2251 malus
1013 2196 1171 2266 ejecit
1217 2212 1231 2248 :
1283 2196 1422 2266 quod
1473 2211 1578 2249 non
1633 2194 1833 2249 debuit.

249 2290 402 2344 Duc.
433 2287 539 2343 Sed
582 2286 722 2342 ilicet
766 2287 858 2342 tibi
888 2286 1050 2357 quis:
1086 2285 1151 2342 Ut
1196 2286 1472 2341 molestias
1512 2285 1640 2339 mihi
1681 2299 1834 2340 crea-

248 2396 358 2441 res,
391 2381 634 2434 inimicos
662 2394 810 2435 meos
838 2378 1139 2448 suscepisti.
1174 2378 1266 2433 Er.
1301 2378 1527 2432 ProrSus
1559 2377 1716 2445 igitur
1744 2375 1837 2430 de-

249 2474 430 2528 lictum
459 2475 512 2528 in
542 2489 608 2528 eo
639 2481 754 2537 est,
787 2471 927 2541 quod
956 2481 1010 2527 et
1037 2470 1282 2526 inimicos
1321 2469 1588 2539 appellat,
1621 2469 1706 2538 qni
1732 2509 1746 2528 ,
1782 2476 1835 2522 ut

246 2563 449 2618 Christi
476 2564 730 2628 imitator,
756 2562 976 2633 injurias
1002 2562 1275 2617 remittere
1296 2560 1498 2615 debuit.
1531 2561 1676 2614 Due.
1711 2559 1836 2614 Ubi-

250 2669 375 2708 nam
427 2670 554 2708 vero
577 2654 942 2723 vituperantur
970 2653 1205 2724 quinque
1241 2651 1402 2706 millia
1444 2667 1473 2705 a
1518 2651 1835 2716 Servatore,

250 2754 310 2799 nt
332 2744 558 2799 dixisti?
585 2759 688 2798 non
719 2744 862 2799 enim
886 2745 1144 2814 scriptum
1171 2752 1273 2799 est.
1305 2743 1397 2797 Ep.
1421 2742 1553 2797 Cum
1602 2741 1838 2797 secundo

249 2837 562 2906 congregati
616 2835 683 2891 ad
709 2835 982 2891 Christum
1013 2842 1357 2890 accesserunt
1376 2874 1391 2900 ,
1422 2842 1476 2889 et
1520 2833 1833 2889 audierunt:

250 2930 495 2997 anterius
523 2944 619 2995 me,
649 2945 753 2981 non
772 2930 889 2996 quia
916 2927 1112 2983 vidistis
1154 2927 1301 2997 signa
1349 2934 1396 2980 et
1450 2925 1682 2997 prodigia
1708 2966 1723 2988 ,
1749 2925 1838 2980 sed

247 3022 373 3091 quia
399 3021 739 3075 naauducastis
763 3037 826 3075 ea:
864 3021 1109 3090 panibus,
1139 3029 1186 3074 et
1238 3020 1449 3075 salutati
1493 3022 1609 3074 estis
1657 3018 1833 3093 (Joan.

250 3116 303 3167 6.
329 3112 447 3183 26).
501 3111 814 3167 Theodorus
851 3112 958 3166 ait:
1012 3097 1439 3167 Manifestissima
1474 3125 1562 3165 res
1590 3121 1690 3165 est.
1743 3112 1835 3165 Er.

248 3205 351 3271 Qui
376 3214 556 3257 autem
580 3203 944 3272 vituperabilis
966 3243 983 3267 ,
1013 3202 1114 3256 huc
1143 3203 1256 3271 ipso
1275 3211 1328 3257 et
1352 3202 1522 3255 malus
1551 3216 1603 3256 es
1618 3210 1654 3255 ι.
1682 3202 1833 3257 Duc.

252 3294 326 3348 Ita
354 3310 506 3348 sane.
540 3294 631 3347 Er.
659 3293 821 3348 Malus
849 3294 1027 3364 igitur,
1056 3309 1123 3348 an
1151 3294 1318 3349 bonus
1364 3293 1505 3362 pavit
1540 3293 1837 3347 Servatur?

252 3387 409 3440 Duc.
435 3386 488 3439 In
517 3385 764 3441 confesso
792 3399 906 3452 est,
938 3387 1078 3456 quod
1107 3389 1309 3441 malos:
1346 3385 1468 3441 Non
1510 3388 1652 3441 enim
1696 3395 1838 3457 egent

249 3480 340 3547 qui
359 3481 473 3533 sani
501 3491 615 3533 sunt
640 3481 852 3544 medico,
874 3483 961 3536 sed
987 3482 1073 3549 qui
1100 3482 1231 3536 male
1258 3481 1437 3536 habent
1468 3481 1616 3550 (Luc.
1638 3483 1691 3539 5.
1721 3483 1835 3553 5|).

251 3571 432 3624 Ense.
464 3570 597 3635 Quid
642 3570 834 3640 igitur?
864 3572 1002 3627 male
1047 3570 1172 3627 fecit
1212 3573 1485 3644 Olympias
1506 3615 1521 3640 ,
1556 3573 1837 3628 Dominum

251 3678 411 3718 suum
452 3664 674 3717 imitata.
729 3663 830 3730 Qui
878 3665 1008 3735 pluit
1055 3675 1101 3718 et
1154 3666 1313 3719 solem
1354 3666 1478 3719 oriri
1525 3666 1646 3737 facit
1688 3682 1840 3736 super

247 3755 419 3824 justus
447 3762 497 3807 et
525 3754 742 3825 injustas
783 3754 998 3825 (Matth.
1028 3756 1082 3811 5.
1113 3756 1237 3824 45):
1272 3756 1397 3811 licet
1439 3756 1689 3810 Phariszci
1741 3772 1837 3810 ex-

253 3844 512 3913 probrent
553 3845 860 3916 discipulis,
915 3844 1153 3902 dicentes
1190 3863 1203 3900 :
1251 3846 1492 3917 Magister
1525 3856 1682 3901 vester
1722 3862 1838 3900 cum

253 3933 537 4003 publicanis
585 3943 631 3988 ct
682 3935 1026 4006 peccatoribus
1070 3937 1341 3991 manducet
1401 3946 1448 3992 et
1498 3937 1618 3992 bibit
1672 3936 1834 4007 (Ibid.

254 4025 310 4081 9.
366 4026 475 4096 ll).
522 4026 671 4082 Duc.
719 4028 920 4083 Prreler
971 4028 1403 4099 intelligentiam,
1461 4040 1519 4085 ut
1571 4030 1758 4097 video,
1807 4045 1837 4085 a

254 4116 437 4171 multis
484 4118 846 4188 vituperantur
887 4120 1100 4189 quidem
1147 4119 1403 4187 honesta,
1452 4131 1504 4176 et
1549 4123 1716 4192 turpia
1757 4121 1838 4176 di-

252 4208 508 4279 liguntur.
543 4209 633 4264 Er.
663 4211 771 4265 Cur
825 4211 921 4264 ista
976 4210 1131 4278 dicis,
1183 4211 1420 4265 veritatis
1478 4212 1838 4267 amantissime

252 4298 578 4355 Theodore?
627 4301 774 4357 Duc.
827 4301 959 4368 Quia
1001 4302 1101 4356 nisi
1155 4316 1459 4356 sermonem
1522 4311 1667 4355 tttum
1714 4317 1836 4357 cum

251 4390 657 4447 ratiocinatime
705 4392 1007 4462 aperuisscs
1048 4399 1140 4446 aut
1185 4392 1566 4461 explieuisses,
1617 4392 1669 4446 in
1722 4403 1836 4447 sto-

253 4479 421 4535 iidam
473 4481 773 4552 abripit-bar
813 4482 1169 4548 sententiam,
1213 4497 1376 4551 scopo
1428 4482 1687 4537 libertatis
1730 4499 1836 4536 non

247 4572 573 4636 attendens.
621 4574 715 4630 sed
746 4574 1024 4645 Theophili
1051 4574 1244 4629 ahulis.
1299 4574 1396 4629 Er.
1425 4574 1561 4643 Quid
1607 4574 1763 4644 igitur
1805 4591 1837 4630 e

247 4662 523 4717 contrario
546 4703 560 4726 ,
607 4664 651 4718 si
692 4664 789 4719 viri
825 4663 898 4719 illi
936 4666 1103 4719 sancti
1141 4664 1605 4730 demonstrentur,
1643 4665 1834 4720 nedmn

249 4754 416 4819 mali,
468 4754 561 4809 sed
598 4762 654 4810 et
693 4755 781 4826 qui
835 4756 1032 4810 multos
1071 4756 1138 4811 ab
1177 4757 1517 4826 improbitate
1562 4755 1630 4811 ad
1675 4758 1838 4811 virtu-

250 4855 362 4901 tem
410 4845 758 4902 rednxerint?
809 4846 1091 4902 manifeste
1137 4848 1413 4918 apparebit
1455 4848 1663 4903 illorum
1716 4865 1836 4917 pcr-

248 4947 472 4990 secutor
509 4951 615 4992 nun
653 4936 842 5008 dignus
882 4937 1286 5007 persecutione,
1330 4937 1425 4992 sed
1471 4938 1832 5005 miseratione,

247 5036 310 5079 ut
355 5027 442 5096 qui
472 5026 640 5082 bonus
666 5042 878 5097 semper
903 5027 1144 5093 vexavit,
1175 5027 1342 5083 malos
1375 5027 1648 5096 suscipiat.
1687 5027 1834 5083 Duc.

249 5117 325 5172 ita
371 5128 485 5183 est,
526 5131 583 5174 ut
622 5119 774 5175 dicis.
812 5120 945 5176 Nam
990 5121 1116 5176 licet
1162 5121 1234 5176 illi
1270 5123 1536 5192 sapientes
1576 5131 1631 5178 et
1667 5123 1836 5179 sancti

252 5225 363 5263 non
394 5207 620 5276 fuerint,
651 5222 704 5266 ut
729 5212 967 5283 plerique
1015 5212 1233 5277 dicunt,
1279 5223 1427 5268 extra
1468 5215 1838 5283 reprehensio-

253 5316 378 5355 nem
402 5301 506 5355 erit
534 5301 839 5374 Olympias,
872 5313 930 5358 ut
954 5312 1098 5374 patet
1120 5320 1188 5359 ex
1222 5303 1485 5373 superiori
1533 5305 1833 5371 ratiocinio,

246 5408 369 5461 qua:
398 5392 698 5449 Servaturis
727 5394 1075 5451 imitationem
1097 5396 1418 5452 exhibuerit.
1438 5396 1530 5451 Er.
1560 5398 1834 5464 Quodnam

249 5500 380 5540 vero
392 5496 660 5556 gesturum
681 5488 887 5544 ﬁdelius
905 5490 1262 5545 testimonium
1286 5489 1468 5544 vides?
1487 5490 1753 5560 Evangelii
1766 5506 1834 5545 an

247 5576 564 5649 Theophili?
588 5578 737 5635 Duc.
759 5579 940 5650 Apage
957 5579 1050 5639 sis.
1075 5595 1283 5649 ιιιιιυεοε
1308 5591 1513 5634 constat
1537 5580 1675 5634 enim
1695 5580 1834 5649 apud

247 5683 470 5736 omnes,
495 5670 638 5727 illum
669 5671 744 5725 ira
771 5672 996 5742 quadam
1029 5680 1082 5727 et
1117 5671 1404 5726 ambitione
1431 5672 1715 5741 inqmlsnm
1744 5687 1838 5729 eos

254 5762 637 5832 prnjccisse,ct
662 5763 799 5818 hanc
825 5764 895 5819 ab
921 5763 1295 5834 superstitione
1322 5774 1372 5819 ct
1393 5763 1513 5819 odio
1540 5762 1833 5834 profectam

1940 482 2083 535 esse,
2111 472 2365 523 causante
2386 468 2684 540 Tbeopltilo
2706 511 2722 535 ,
2751 478 3039 526 monachos
3074 470 3243 539 ipsum
3273 473 3524 527 conviciis

1940 563 2246 632 appetiisse.
2264 563 2394 618 Cum
2409 562 2550 618 enim
2564 563 2842 619 servilibus
2858 564 2968 618 suis
2985 562 3253 618 blanditiis
3267 563 3394 617 nihii
3408 578 3527 637 pru-

1942 650 2183 714 fecisset,
2207 660 2266 708 et
2289 652 2416 707 nihil
2445 651 2512 707 ab
2535 667 2597 706 ea
2621 660 2813 721 praeter
2831 653 3003 707 edulia
3028 661 3081 707 et
3102 654 3255 707 xenia
3283 653 3521 722 aucupis.

1940 754 2042 811 set,
2062 744 2126 798 ad
2143 744 2379 800 convicia
2397 743 2558 800 vertit
2573 758 2631 800 se
2650 761 2663 798 :
2682 744 2797 814 ejus
2816 746 2956 800 enim
2978 746 3022 799 is
3038 761 3152 800 mus
3179 746 3231 800 in
3254 747 3522 800 onmibus.

2011 835 2139 889 Car.
2173 850 2298 890 xvn.
2323 865 2392 875 —
2423 834 2603 891 Ense.
2646 835 2782 890 Audi
2819 836 2995 906 igitur,
3039 837 3379 891 diaconurum
3429 852 3523 905 0p-

1942 926 2089 981 time.
2116 926 2246 981 Nam
2276 927 2431 983 video
2481 927 2692 997 publico
2715 926 2965 997 prodesse
3008 938 3092 981 te:
3151 927 3240 981 illa
3276 927 3417 981 enim
3471 928 3523 981 in

1937 1016 2214 1085 juventnte
2235 1017 2468 1087 gravitas
2495 1017 2682 1087 pignus
2710 1015 2976 1087 quoddam
3019 1027 3136 1077 est.
3180 1026 3230 1071 te
3279 1017 3330 1070 in
3371 1030 3523 1069 sene-

1940 1117 2086 1164 etnte
2108 1107 2473 1163 hunorabilem
2497 1108 2631 1163 fore.
2650 1107 2762 1164 Viri
2785 1108 2870 1163 isti
2893 1122 2923 1162 a
2946 1108 3248 1177 parentibus
3264 1106 3522 1162 Christia—

1942 1199 2025 1253 nis
2065 1198 2203 1263 urti,
2245 1208 2295 1253 et
2320 1214 2349 1252 a
2381 1198 2578 1254 teneris
2608 1198 2902 1270 unguiculis
2926 1199 3034 1253 Deo
3082 1198 3278 1254 subditi
3303 1240 3315 1260 ,
3368 1213 3521 1250 num-

1942 1304 2101 1359 quam
2131 1290 2272 1360 passi
2297 1298 2452 1357 sunt,
2481 1305 2548 1344 ne
2568 1288 2856 1345 admodum
2879 1288 3095 1360 quidem
3140 1288 3522 1343 adulescentuli

1942 1395 2063 1435 cum
2091 1389 2270 1435 essent
2295 1421 2311 1447 ,
2337 1382 2541 1438 servire
2565 1380 2816 1445 vanitati,
2848 1396 3020 1451 neque
3045 1395 3165 1434 cum
3196 1379 3347 1434 turba
3403 1395 3525 1432 ver-

1942 1472 2049 1526 sari
2069 1508 2085 1539 ,
2115 1471 2208 1527 sed
2239 1482 2563 1543 occupantes
2599 1472 2937 1528 solitudinem
2956 1512 2973 1539 ,
2997 1487 3117 1541 qua:
3142 1470 3208 1525 ad
3251 1469 3526 1525 meridiem

1941 1575 2020 1618 εει
2044 1604 2059 1630 ,
2088 1563 2273 1633 procul
2300 1563 2368 1618 ab
2399 1562 2676 1618 hominum
2700 1561 2975 1619 domicilio
3005 1561 3185 1626 sitam,
3210 1559 3308 1615 sibi
3329 1562 3526 1613 consti—

1945 1666 2150 1709 tuerunt
2180 1655 2417 1725 tuguria,
2442 1655 2634 1726 quibus
2665 1663 2867 1709 tantum
2897 1653 3024 1708 solis
3065 1651 3331 1706 radiorum
3357 1649 3525 1705 mole-

1941 1747 2072 1803 stias
2089 1748 2349 1803 evitarent
2373 1749 2578 1803 etaeris
2604 1761 2803 1803 rorem.
2829 1748 2884 1801 ln
2902 1747 3095 1817 quibus
3121 1745 3376 1810 viventes,
3407 1758 3525 1797 ora-

1944 1837 2073 1892 tioni
2102 1846 2261 1908 atque
2292 1837 2507 1893 lectioni
2552 1844 2760 1908 tempus
2779 1852 2932 1892 suum
2970 1833 3370 1904 impenderunt,
3392 1833 3527 1887 adeo

1942 1930 2184 1985 contritis
2209 1928 2344 1983 volis
2369 1943 2622 1984 manuum
2645 1929 2697 1983 in
2713 1927 2966 1996 operibus
2991 1925 3251 1995 corporis,
3268 1933 3524 1994 quantum

1943 2019 2073 2074 satis
2101 2028 2246 2075 esset
2275 2020 2338 2073 ad
2372 2031 2584 2075 tenuem
2608 2020 2801 2073 vietum
2825 2035 2837 2069 :
2868 2017 3057 2071 melius
3082 2003 3377 2069 rati'vivere
3400 2027 3522 2067 cum

1942 2110 2148 2179 capreis
2170 2119 2225 2166 et
2243 2108 2691 2164 struthiocamelis
2738 2115 2792 2163 et
2816 2106 3053 2170 bnbalis,
3110 2117 3269 2175 quam
3318 2101 3522 2172 cpulari

1942 2214 2062 2256 cum
2094 2201 2396 2256 hominibus
2418 2201 2507 2271 qui
2536 2200 2782 2271 ignorant
2803 2200 2986 2253 Deum.
3022 2196 3217 2252 llurum
3244 2203 3369 2250 natu
3407 2207 3525 2248 ma-

1944 2293 2117 2347 ximus
2136 2333 2151 2359 ,
2180 2292 2462 2362 nonaginta
2492 2290 2657 2346 ferme
2685 2303 2932 2361 egressus
2950 2302 3118 2342 annos
3138 2328 3152 2352 ,
3183 2292 3528 2340 conversatus

1944 2394 2028 2438 est
2051 2399 2170 2437 cum
2202 2382 2355 2437 beato
2384 2382 2636 2449 Antonio,
2676 2381 2869 2436 llierax
2895 2380 3008 2449 ipse
3027 2377 3324 2447 appellatus
3342 2415 3358 2442 ,
3384 2375 3524 2444 quod

1943 2476 2213 2547 proprium
2243 2490 2437 2529 nomen
2467 2486 2636 2544 usque
2660 2470 2727 2527 ad
2754 2472 2897 2526 hunc
2921 2470 3062 2525 diem
3111 2468 3324 2523 retinet.
3376 2465 3526 2520 Alius

1944 2582 2069 2624 vero
2106 2567 2421 2622 Ammonius
2440 2565 2818 2636 sexagenarius
2857 2579 2977 2618 cum
3024 2561 3230 2616 duobus
3278 2557 3528 2614 fratribus

1943 2658 2219 2714 monachis
2243 2665 2298 2713 et
2326 2670 2433 2711 uno
2452 2655 2703 2725 episeopo
2724 2693 2739 2720 ,
2762 2653 2850 2724 qui
2875 2652 2974 2708 sub
2998 2650 3215 2705 Valente
3237 2664 3356 2703 cum
3378 2646 3528 2703 boias

1944 2750 2222 2814 tulissent,
2270 2747 2618 2812 cxsularunt,
2672 2753 2731 2800 ut
2782 2743 2925 2799 novit
2963 2741 3136 2796 omnis
3178 2737 3524 2794 Alexandria:

1944 2844 2089 2897 tanta
2123 2840 2328 2911 prmditi
2355 2840 2613 2904 scientia,
2638 2837 2845 2893 utnihil
2870 2836 3260 2906 Seripturarum
3309 2845 3404 2886 eos
3446 2829 3525 2884 fu-

1942 2942 2124 3005 geret,
2156 2949 2273 3003 qua:
2300 2931 2564 3002 plerisque
2587 2927 2861 2999 impervia:
2880 2935 3024 2982 sunt.
3056 2924 3131 2978 Ex
3160 2922 3244 2976 bis
3271 2922 3377 2975 duo
3403 2920 3525 2990 qui-

1942 3026 2063 3081 dem
2094 3026 2371 3095 quieseunt
2393 3063 2410 3081 .
2439 3021 2631 3077 mortui
2684 3015 3178 3086 Constantinopoli:
3210 3012 3525 3068 Ammonius

1944 3124 2156 3180 autem,
2214 3124 2272 3168 ut
2324 3121 2604 3166 narrarunt
2642 3110 2889 3165 Aurelius
2939 3116 2992 3162 et
3041 3104 3338 3168 Sisinnius,
3385 3102 3526 3157 circa

1945 3208 2065 3261 vita:
2090 3205 2287 3260 exitum
2319 3201 2691 3273 pro‘pbetavit,
2730 3208 2851 3269 post
2902 3211 3146 3268 magnam
3198 3192 3524 3264 persecutio-

1944 3313 2064 3352 nem
2096 3305 2147 3350 et
2186 3293 2415 3349 schisma
2449 3293 2500 3346 in
2525 3290 2759 3345 Ecclesia
2789 3288 3074 3358 pessimum
3102 3286 3299 3340 exitum
3339 3296 3523 3350 repor-

1946 3395 2147 3441 taturus
2175 3385 2289 3454 ejus
2315 3392 2594 3447 auctores,
2647 3390 2702 3435 et
2735 3380 2813 3434 sic
2866 3377 3130 3433 Ecclesias
3185 3374 3385 3428 unitum
3438 3372 3517 3426 iri.

1944 3477 2094 3546 Quod
2122 3477 2334 3548 quidem
2364 3488 2429 3530 ex
2462 3483 2607 3545 parte
2636 3472 2829 3528 factum
2856 3479 2968 3534 est,
2999 3478 3054 3524 et
3080 3470 3189 3523 lict.
3219 3465 3345 3521 Inde
3381 3466 3521 3520 enim

1942 3569 2292 3642 quorumdam
2319 3568 2693 3637 episcuporum
2716 3572 2773 3619 et
2793 3563 3043 3617 Iaicorum
3066 3573 3288 3629 corpora
3310 3556 3524 3612 morbus

1944 3676 2211 3733 occupans
2232 3702 2249 3729 ,
2269 3660 2431 3714 variis
2451 3656 2728 3714 doloribus
2754 3653 3082 3710 distrahebat
3098 3694 3113 3715 ,
3147 3653 3285 3706 lenta
3310 3648 3523 3720 quidem

1944 3755 2093 3811 febre
2113 3753 2313 3808 viscera
2346 3765 2632 3820 perurens,
2662 3756 2821 3817 atque
2847 3743 3169 3800 intolerabili
3199 3741 3403 3811 pruritu
3447 3748 3520 3793 tu-

1946 3856 2051 3902 tam
2067 3843 2307 3915 corporis
2323 3841 2661 3911 superﬁciem
2689 3838 2952 3908 unguibus
2983 3834 3240 3900 iudicans,
3257 3830 3526 3900 crassique

1945 3935 2180 3991 intestini
2221 3932 2456 3989 continui
2487 3930 2722 3985 dolores.
2757 3928 2877 3982 Alio
2919 3940 3054 3996 aqua
3091 3924 3352 3978 intercute
3380 3920 3530 3976 labu-

1944 4036 2115 4093 rantc,
2129 4026 2271 4082 lividi
2287 4025 2477 4095 pedum
2493 4033 2726 4077 tumores
2745 4038 2758 4073 :
2773 4019 2925 4074 alteri
2937 4025 3115 4073 autem
3128 4015 3377 4070 humores
3389 4026 3528 4067 nunc

1943 4121 2129 4184 calidi,
2155 4134 2296 4174 nunc
2324 4115 2520 4186 frigidi,
2543 4129 2639 4184 per
2667 4123 2895 4182 quatuor
2922 4109 3172 4165 articulos
3201 4105 3526 4168 deﬁuentes,

1942 4196 2137 4285 digitus
2154 4251 2170 4277 ,
2201 4208 2289 4280 qui
2311 4208 2448 4262 male
2468 4204 2892 4272 subscripserant
2911 4243 2927 4267 ,
2947 4211 3177 4256 tremore
3194 4196 3523 4253 afﬁciebant:

1944 4314 2000 4359 ct
2023 4299 2321 4357 abdominis
2344 4295 2688 4352 inﬂammatio
2708 4309 2803 4349 seu
2828 4303 3019 4356 tumor,
3043 4299 3097 4345 et
3117 4305 3211 4359 per
3230 4288 3526 4345 membrum

1943 4389 2209 4464 quoddam
2239 4387 2465 4459 putredo
2500 4385 2788 4456 pessimum
2816 4382 3034 4437 odorem
3089 4380 3270 4450 procul
3319 4377 3525 4447 disper-

1942 4498 2109 4554 gens,
2138 4491 2193 4537 et
2235 4494 2445 4534 vermes
2480 4492 2763 4549 generans.
2817 4474 3082 4529 Praeterea
3118 4470 3431 4539 urthopntua
3475 4476 3529 4521 et

1944 4572 2238 4643 respirandi
2265 4569 2568 4636 difﬁcultas,
2600 4577 2757 4638 atque
2784 4565 3018 4621 omnium
3041 4562 3398 4619 membrorum
3419 4560 3530 4615 dis—

1945 4667 2111 4723 tentio
2146 4683 2160 4721 :
2190 4667 2316 4720 item
2343 4673 2619 4719 nocturna:
2651 4660 2909 4732 imagines
2934 4659 2986 4713 in
3016 4657 3254 4711 rabioSos
3277 4668 3457 4716 canes.
3476 4662 3530 4707 ct

1943 4759 2140 4814 strictis
2152 4758 2368 4813 ensibus
2378 4756 2653 4820 barbaros,
2672 4753 3001 4823 peregrinam
3012 4759 3067 4805 et
3080 4749 3372 4804 turbulenta
3382 4762 3431 4799 In
3445 4760 3530 4798 vi»

1944 4864 2061 4906 cem
2114 4859 2367 4904 sonantes
2402 4845 2912 4901 transformabantur
2947 4842 3243 4897 insomnem
3281 4852 3525 4894 suummn

1947 4941 2339 5013 peragentibus.
2360 4940 2510 4994 Alius
2530 4949 2731 5004 autem,
2748 4938 2837 5008 qui
2866 4951 2931 4990 ex
2954 4949 3092 5005 equo
3112 4932 3384 4996 decidens,
3406 4945 3526 5013 cum

1944 5034 2111 5091 caulis
2141 5035 2193 5088 in
2219 5047 2425 5088 morem
2456 5031 2701 5086 dextrum
2729 5044 2854 5085 crus
2877 5027 2976 5083 sibi
3028 5025 3270 5095 frmisset
3290 5064 3305 5089 ,
3348 5008 3527 5076 statim

1946 5127 2106 5181 vitam
2132 5124 2373 5195 abrupit:
2405 5122 2541 5177 alius
2562 5162 2578 5187 ,
2625 5121 2911 5177 interclusa
2942 5132 3103 5183 voce,
3146 5125 3268 5171 octo
3319 5124 3530 5167 menses

1947 5217 1999 5273 in
2029 5219 2170 5273 lectu
2199 5225 2496 5271 maceratus
2523 5223 2636 5281 est,
2660 5214 2748 5282 qui
2770 5229 2836 5268 ne
2856 5213 2935 5266 uri
2966 5208 3183 5280 quidem
3213 5221 3310 5261 suo
3341 5216 3529 5257 manus

1944 5309 2231 5364 admovere
2253 5308 2481 5363 valebat.
2506 5307 2670 5362 Alteri
2699 5306 2819 5361 vivo
2839 5319 2990 5360 crura
3031 5301 3098 5357 ad
3151 5312 3321 5371 genua
3353 5294 3521 5362 usque

1946 5400 2199 5471 paulatim
2246 5414 2343 5470 per
2387 5397 2673 5452 triennium
2722 5397 2948 5451 dissecta
3001 5401 3159 5453 sunt,
3208 5384 3528 5457 erysipelate

1945 5490 2194 5546 videlicet
2242 5474 2519 5545 materiam
2569 5487 2984 5558 suppeditante:
3030 5480 3165 5534 alius
3208 5477 3426 5542 inﬂata,
3469 5484 3527 5527 ut

1945 5583 2125 5647 aiunt,
2157 5581 2331 5651 lingua
2350 5622 2365 5648 ,
2389 5597 2509 5636 cum
2539 5580 2689 5635 febre
2733 5573 3069 5640 vehementi,
3093 5580 3151 5626 ut
3201 5567 3529 5641 gurgulionis

1946 5675 2293 5745 interseptum
2317 5674 2368 5729 in
2401 5689 2495 5727 ore
2519 5681 2659 5727 esset
2679 5666 2928 5723 dentibus
2979 5664 3243 5727 adﬁxum,
3274 5675 3394 5716 cum
3420 5658 3526 5713 lin-

1948 5783 2049 5837 gua
2076 5768 2128 5823 in
2152 5766 2269 5823 loco
2295 5764 2395 5822 sibi
2419 5782 2446 5818 a
2469 5772 2654 5818 natura
2681 5756 2898 5815 deﬁnito
2925 5771 3030 5813 non
3054 5759 3280 5812 haereret
3303 5793 3319 5811 .
3349 5751 3401 5804 in
3430 5764 3521 5810 Du-
