3948 6458
438 336 508 394 ιθ
1690 321 2010 384 ΡΑιιωοιι

2124 325 2385 386 Αιοῦυε
3646 341 3711 397 α

439 449 611 517 getlari
641 447 1026 503 confessionem
1053 444 1285 515 scripsit.
1308 443 1375 500 Et
1394 459 1617 500 eernere
1636 450 1751 499 erat
1772 440 2025 497 divinitus

442 539 731 593 itnmissam
761 540 925 601 iram,
958 538 1117 591 variis
1139 535 1310 605 panis
1331 535 1526 591 bellum
1551 533 1883 589 inferentem.
1922 531 2022 596 Qui

440 629 653 698 quidem
677 630 974 682 animarqu
1006 630 1269 683 medicum
1296 635 1347 682 et
1370 627 1705 681 delinitorcm
1733 625 2022 679 exacerba-

442 728 594 780 rant,
622 729 781 789 atque
806 721 894 773 Dei
920 720 1264 787 interpretem
1300 733 1329 771 a
1359 718 1544 772 salutis
1587 716 1795 771 officina
1848 714 2022 769 dimov

442 821 653 877 verant,
678 827 957 880 corporqu
986 812 1205 866 medicis
1219 812 1285 864 ad
1301 811 1634 865 vexationem
1658 808 2020 863 tradebantur:

441 902 527 969 qui
558 902 796 958 dolorem
821 902 1033 971 quidem
1062 903 1237 957 solitis
1261 902 1508 956 remediis
1547 901 1810 970 augebant
1832 940 1847 964 ,
1879 900 2022 954 salu-

441 1000 545 1046 tem
577 1002 752 1048 autem
784 1010 886 1047 non
914 994 1292 1064 procurabant.
1311 993 1443 1060 Quis
1471 993 1611 1047 enim
1626 992 1922 1047 medebitur
1948 992 2020 1058 ei,

440 1086 529 1150 qui
557 1100 586 1138 a
630 1084 739 1139 Deo
768 1086 1020 1154 punitur?
1046 1094 1103 1139 ut
1126 1086 1201 1139 ait
1228 1084 1518 1155 propheta:
1554 1082 1817 1152 Numquid
1846 1082 2021 1134 medici

439 1173 788 1240 suscitabtmt,
836 1186 880 1228 et
923 1175 1290 1243 conﬁtebuntur
1330 1176 1416 1228 tibi
1458 1173 1628 1245 (Psal.
1659 1173 1747 1227 87.
1784 1172 1906 1239 ll)?
1934 1170 2023 1225 Sic

441 1281 631 1320 ninnes
659 1266 910 1319 Ecilesiae
939 1276 1040 1318 tuze
1067 1266 1211 1335 pacis
1254 1264 1544 1318 adversarii
1585 1265 1883 1333 perierunt,
1922 1262 2025 1316 Do-

444 1358 606 1409 mine.
633 1356 901 1410 Cmterum
937 1357 1104 1409 fertur
1128 1357 1429 1425 sepulcrum
1460 1354 1724 1411 Ammonii
1777 1351 2021 1408 monachi

444 1448 723 1501 horrorem
769 1448 930 1503 febris
955 1449 1241 1512 expellere.
1278 1448 1528 1516 Sepultus
1570 1461 1697 1501 vero
1742 1454 1825 1500 est
1878 1453 2023 1498 trans

444 1555 593 1594 mare
644 1540 693 1593 in
751 1542 1007 1610 martyrio
1056 1539 1456 1608 Apostolorum.
1512 1538 1680 1593 Porro
1741 1538 2023 1607 episc0pus

446 1630 730 1683 Dioscorus
751 1669 764 1691 ,
793 1629 879 1698 qui
900 1669 914 1693 ,
948 1637 1007 1683 ut
1030 1629 1209 1684 dieunt
1229 1670 1244 1692 ,
1277 1630 1557 1697 plurimum
1582 1628 1745 1682 Deum
1778 1634 2023 1695 precatus

445 1719 632 1782 fuerat,
653 1731 708 1774 ut
737 1731 826 1773 aut
858 1735 1038 1788 pacem
1065 1719 2025 1783 Ecclesiarumvideret,autmorcrc-

444 1819 545 1872 tur,
563 1822 732 1865 morte
746 1810 936 1879 dignus
950 1810 1158 1863 habitus
1174 1818 1273 1872 est,
1289 1809 1536 1877 quoniam
1552 1807 1781 1862 mundus
1799 1821 1925 1875 pace
1942 1806 2024 1859 di-

441 1919 578 1972 guns
600 1920 700 1956 non
727 1913 841 1956 erat
866 1921 880 1957 :
907 1915 959 1956 et
976 1902 1218 1970 sepultus
1240 1904 1289 1954 in
1319 1902 1602 1972 martyrio,
1627 1898 1767 1967 quod
1793 1907 1875 1952 est
1899 1907 2023 1951 ante

444 1995 774 2062 permunita
801 2005 857 2047 ut
880 1994 1119 2062 plurima:
1137 1994 1407 2057 mulieres,
1439 1992 1653 2045 omissis
1672 2006 1766 2059 per
1784 1997 2021 2044 sanctam

445 2095 732 2156 martyrem
759 2086 1078 2153 juramentis
1106 2126 1121 2150 ,
1156 2100 1246 2153 per
1274 2100 1458 2153 preces
1497 2083 1732 2136 Dioscori
1758 2082 2021 2150 jurarent.

447 2177 522 2231 De
546 2176 763 2245 reliquis
795 2185 969 2229 autem
998 2174 1272 2231 monachis
1298 2176 1490 2229 multus
1516 2173 1642 2227 mihi
1685 2188 1862 2228 sermo
1899 2186 2024 2226 cons

442 2277 749 2322 sumeretur
768 2268 818 2322 in
847 2268 1153 2322 narrando:
1178 2277 1230 2322 et
1257 2276 1309 2321 tu
1332 2267 1558 2322 fortasse
1577 2267 1640 2320 ad
1659 2266 1760 2319 alia
1784 2265 2020 2329 festinas,

442 2374 478 2409 ο
510 2359 586 2411 vir
612 2358 685 2412 tui
714 2360 942 2412 nominis
962 2399 977 2423 ,
1012 2358 1311 2414 Theodore.
1341 2359 1490 2413 DIAC.
1519 2357 1586 2412 Et
1613 2360 1734 2428 quis
1762 2356 1897 2411 adeo
1943 2357 2025 2410 in-

445 2450 568 2504 felix
590 2491 604 2512 ,
630 2460 684 2503 ut
701 2450 1095 2505 narrationibus
1117 2451 1182 2505 de
1211 2452 1401 2505 virtute
1418 2451 1589 2505 locum
1619 2466 1722 2503 non
1753 2447 2023 2517 pra-beat?

448 2543 542 2597 Dic
571 2543 746 2613 igitur,
770 2559 982 2613 quaeso,
1017 2553 1069 2597 et
1097 2558 1430 2614 quocumque
1452 2543 1747 2597 rationabili
1775 2556 2022 2595 sermone

443 2634 677 2688 animum
707 2650 881 2687 meum
903 2650 929 2686 a
955 2634 1297 2690 szecularibus
1325 2633 1732 2704 cogitationibus
1751 2632 2019 2687 abducito.

447 2724 617 2778 Hense.
640 2724 729 2778 Est
748 2725 903 2792 igitur
917 2726 1049 2780 alter
1062 2726 1250 2779 llierax
1268 2724 1707 2794 profanoquidem
1722 2725 2023 2778 nominatus

443 2815 694 2876 nomine,
727 2815 1056 2883 spiritalibus
1099 2826 1276 2869 autem
1298 2816 1536 2869 moribus
1578 2826 1899 2871 exornatus:
1931 2820 2022 2886 qui

445 2904 673 2972 primum
698 2903 909 2972 quidem
934 2914 1079 2957 extra
1115 2914 1279 2957 totam
1305 2903 1589 2975 rEgyptum
1613 2914 1668 2959 et
1693 2905 2020 2963 Thebaidem

443 3001 495 3054 iu
525 3012 757 3056 montem
812 3002 1158 3074 Porphyriten
1195 3003 1341 3057 solus
1384 3010 1785 3069 secesserat,et
1809 3003 2019 3073 quidem

441 3092 558 3146 sine
585 3093 693 3147 ullo
715 3093 943 3148 hominis
967 3095 1176 3161 afflatu,
1202 3104 1427 3165 quatuor
1454 3108 1620 3147 annos
1640 3096 2018 3163 perseveravit,

442 3186 569 3238 solis
611 3197 891 3241 contentus
944 3188 1223 3242 virtutibus
1283 3188 1349 3242 ad
1398 3187 1688 3243 solatium:
1737 3198 1918 3258 postea
1968 3190 2019 3243 in

442 3278 728 3343 solitudine
796 3278 979 3334 Nitria}
1025 3281 1205 3350 viginti
1244 3280 1504 3350 quinque,
1531 3295 1700 3334 annos
1748 3280 1857 3351 egit
1898 3296 2018 3356 cum

441 3358 758 3434 supradictis
774 3368 1195 3427 Patribus.lluic
1221 3371 1490 3426 d:emones
1511 3375 1766 3425 instantes
1783 3411 1800 3438 ,
1829 3382 1886 3425 ut
1908 3372 2022 3441 ipse

443 3448 598 3515 nobis
627 3462 888 3526 narravit,
919 3462 1210 3531 longaevam
1236 3463 1394 3514 vitam
1424 3463 1816 3530 promittentes,
1836 3477 1864 3515 a
1893 3478 2016 3531 pro-

444 3540 615 3617 posita
644 3566 739 3619 spe
759 3551 928 3618 ipsum
958 3550 1231 3604 dimovere
1257 3551 1571 3615 studebant,
1632 3552 2019 3606 transformam-

443 3652 526 3692 tes
547 3655 604 3693 se
625 3641 675 3693 iu
707 3642 920 3710 angelos
945 3641 1078 3695 lucis
1099 3682 1112 3706 ,
1144 3641 1416 3696 dicentes:
1440 3641 1824 3712 Quinquaginta
1853 3658 2020 3698 annos

443 3733 619 3786 adhuc
638 3733 875 3787 victurus
895 3748 988 3787 es:
1033 3734 1298 3803 quomodo
1345 3732 1397 3786 in
1447 3748 1629 3788 eremo
1679 3733 2020 3802 perdurabis?

441 3826 536 3879 tl'e
561 3836 736 3879 autem
781 3826 1048 3895 sapienter
1083 3842 1177 3894 per
1222 3826 1376 3880 fidem
1439 3824 1751 3894 respondit,
1797 3825 2016 3880 dicens:

440 3917 805 3969 (lontristastis
851 3933 968 3981 me,
1013 3916 1220 3970 brevius
1269 3917 1521 3985 prepositi
1557 3916 1657 3969 mei
1678 3924 1886 3986 tempus
1937 3917 2018 3970 di-

442 4015 654 4060 centes:
685 4006 1032 4060 dnccutorum
1060 4007 1200 4060 enim
1225 4020 1483 4061 annorum
1529 4013 1838 4075 apparatum
1891 4004 2019 4059 mihi

442 4097 495 4150 in
517 4111 699 4151 eremo
729 4096 1104 4154 instruxerant.
1138 4096 1288 4164 Quod
1333 4105 1389 4150 ut
1417 4096 1719 4159 audierunt,
1762 4096 2020 4151 ululantes

440 4191 821 4245 discesserunt.
856 4190 920 4243 Et
958 4189 1097 4245 hunc
1146 4191 1351 4259 ipsum,
1383 4204 1539 4260 quem
1593 4187 1864 4243 daemones
1914 4204 2019 4243 non

441 4290 866 4345 commoverant,
899 4282 1205 4336 diuturnum
1231 4282 1278 4337 ei
1306 4282 1426 4335 vita:
1453 4292 1661 4350 tempus
1709 4281 2023 4350 promitten-

441 4384 550 4437 tes,
580 4383 637 4427 ut
664 4376 832 4428 virum
865 4376 916 4429 in
961 4376 1218 4431 desidiam
1265 4376 1665 4444 pertraherent,
1692 4375 2019 4445 Theophilus

441 4478 575 4532 papa
626 4464 885 4531 Pl'illClPlS
932 4467 1105 4518 edicto
1153 4466 1381 4534 migrare
1422 4466 1606 4533 jussit,
1649 4474 1704 4519 et
1744 4467 1809 4519 ad
1861 4468 2016 4521 talem

441 4556 645 4624 redegit
694 4556 1094 4623 necessitatem,
1145 4568 1203 4611 ut
1254 4558 1318 4610 ad
1347 4557 1665 4611 Comitatum
1715 4558 1817 4613 iret
1859 4576 1875 4613 :
1929 4560 2017 4628 qui

441 4663 582 4702 mmc
638 4657 754 4717 post
809 4659 1032 4703 mortem
1094 4650 1395 4713 Ammonii,
1455 4664 1659 4702 rursum
1720 4648 2021 4704 desertissi-

439 4755 579 4793 mam
619 4740 955 4794 solitudinem
1000 4743 1234 4812 repetiit,
1279 4740 1441 4795 aratri
1492 4741 1780 4811 evangelici
1824 4743 2020 4797 veritus

442 4831 742 4900 parabolam
800 4830 948 4900 (Luc.
1001 4830 1055 4886 9.
1120 4831 1235 4902 69.).
1297 4833 1442 4885 Alius
1499 4847 1682 4886 rursus
1746 4834 2021 4904 presbyter

443 4924 587 4979 Isaac
635 4923 887 4989 nomine,
946 4924 1239 4994 discipulus
1283 4925 1529 4992 Macarii,
1575 4927 1663 4995 qui
1716 4925 1813 4981 fuit
1861 4927 2022 4982 disci-

440 5016 594 5083 pulus
623 5016 872 5082 Antonii,
926 5016 1227 5071 solitudinis
1276 5018 1701 5084 amantissimus,
1757 5019 2017 5088 quinqua-

437 5108 579 5177 ginta
628 5121 795 5160 annos
840 5123 1041 5177 agens,
1080 5108 1402 5177 Scripturam
1453 5124 1665 5162 omnem
1710 5111 2020 5164 memoriter

437 5209 658 5263 tenens,
709 5210 944 5251 cerastas
989 5209 1275 5266 serpentes.
1316 5197 1368 5255 in
1422 5200 1666 5253 manibus
1709 5201 1825 5254 sine
1877 5202 2016 5269 peri-

436 5290 556 5343 culo
584 5299 836 5358 portans,
868 5305 930 5344 ex
966 5293 1146 5343 matris
1176 5299 1326 5343 utero
1364 5290 1541 5360 virgo,
1589 5306 1708 5345 cum
1749 5293 2018 5358 septenuis

438 5383 774 5437 solitudinem
851 5383 1082 5438 incolere
1140 5382 1422 5452 empisset,
1496 5392 1610 5450 post
1672 5382 2017 5453 quadraginta

438 5486 636 5535 aerios,
684 5488 803 5527 cum
850 5475 1115 5544 pra-dictis
1142 5513 1158 5538 ,
1212 5489 1242 5526 a
1287 5473 1582 5540 Theophilo
1633 5472 1810 5539 Papa,
1857 5474 2016 5527 veluti

440 5560 652 5621 cribro,
716 5576 971 5620 excussus
1022 5576 1125 5621 est.
1187 5567 1335 5620 Alter
1386 5567 1534 5620 Isaac
1594 5567 1905 5637 presbyter,
1965 5579 2021 5623 et

441 5649 557 5713 ipse
600 5650 882 5717 discipulus
912 5672 975 5712 ae
1017 5673 1293 5712 successor
1325 5657 1504 5710 Cranii
1555 5657 1884 5728 Presbyieﬁ’
1933 5658 2019 5713 di"

442 5740 629 5814 seipnli
672 5740 904 5809 ejusdem
953 5747 1200 5813 Antonii,
1236 5746 1625 5817 Scripturarum
1670 5757 1723 5802 et
1776 5750 1886 5818 ipse
1933 5766 2017 5821 pe-

2132 441 2268 496 ritus
2291 457 2448 513 quam
2504 444 2590 513 qui
2636 442 2897 510 maxime,
2955 442 3233 516 hospitalis
3286 451 3329 502 si
3373 451 3491 521 quis
3545 454 3712 522 alim,

2131 533 2268 588 adeo
2296 543 2353 588 ut
2378 551 2485 603 pne
2511 551 2715 589 summa
2747 537 3073 592 humanitate
3098 538 3383 609 hospitium
3434 543 3487 598 in
3537 560 3715 600 eremo

2132 626 2495 679 construxerit
2523 625 2587 679 ad
2634 627 2965 696 refrigerium
3016 644 3278 698 :egrorum
3325 637 3708 691 monachomiu

2131 725 2185 770 et
2211 717 2610 785 peregrinorum
2632 759 2647 781 ,
2677 718 2743 772 ad
2773 719 3078 774 invisendos
3119 721 3305 779 beatos
3346 723 3537 782 Patres
3590 728 3712 786 illuc

2130 808 2779 881 advenientinm(dicitur
2827 819 3003 865 autem
3054 811 3125 866 ab
3152 814 3294 867 omni
3344 816 3423 869 ira
3447 817 3707 890 alienus),

2131 900 2458 969 trigesimum
2484 916 2680 955 annum
2710 916 2831 956 cum
2860 903 3056 972 egisset
3087 903 3138 958 in
3168 919 3383 961 secessu
3409 950 3422 966 .
3453 924 3561 964 una
3584 926 3708 966 eam

2130 990 2212 1045 bis
2234 1003 2451 1045 vexatus
2469 1004 2569 1046 εει.
2603 992 2681 1046 Ex
2714 992 2794 1046 his
2818 1003 2993 1048 autem
3021 994 3167 1049 lsaac
3209 997 3352 1064 prior
3400 1008 3615 1055 centum
3658 1013 3713 1059 et

2129 1081 2503 1151 quinquaginta
2520 1084 2620 1136 sub
2647 1098 2704 1137 se
2726 1084 3014 1139 monachos
3045 1085 3306 1142 habebat:
3357 1092 3509 1159 cujus
3549 1092 3712 1149 disci-

2130 1174 2284 1241 pulos
2305 1182 2507 1241 septem
2538 1183 2628 1225 aut
2644 1182 2764 1228 octo
2785 1175 3064 1245 episcopus
3075 1180 3347 1233 constituit
3362 1181 3709 1253 Theophilus,

2129 1269 2255 1322 dum
2286 1267 2645 1336 Theophilus,
2678 1266 2781 1322 hac
2798 1279 2876 1323 εει
2903 1309 2920 1333 ,
2955 1270 3046 1324 Dei
3081 1286 3295 1337 amans,
3329 1283 3471 1328 esset
3514 1294 3527 1330 :
3578 1278 3711 1335 alter

2129 1369 2303 1410 autem
2326 1360 2581 1412 ducentos
2608 1367 2664 1412 et
2688 1358 2904 1413 decem:
2935 1360 3086 1429 cujus
3106 1363 3263 1416 etiam
3295 1365 3539 1435 discipuli
3596 1370 3706 1438 pln-

2129 1448 2250 1502 rinii
2277 1449 2540 1517 episcopis
2566 1451 2897 1504 annumerati
2945 1461 3086 1505 sunt.
3119 1452 3180 1506 lli
3234 1464 3393 1518 sunt,
3435 1474 3570 1526 quos
3617 1477 3688 1514 nu

2128 1539 2249 1593 dius
2278 1540 2462 1592 tertius
2488 1541 2898 1596 memoravimus
2930 1542 3114 1597 lsidori
3141 1546 3435 1616 presbyteri
3474 1565 3635 1605 causa
3677 1569 3707 1606 a

2128 1629 2423 1697 TlieOphilo
2451 1630 2591 1701 Papa
2640 1631 2840 1699 ejectos
2888 1648 2954 1687 cx
3009 1650 3210 1689 eremo.
3262 1636 3325 1690 lli
3368 1649 3523 1703 sunt,
3580 1658 3709 1710 quos

2129 1720 2433 1774 sacerdotes
2461 1729 2517 1775 et
2542 1722 2748 1776 diaconi
2773 1722 3175 1791 despexerunt;
3207 1735 3262 1780 et
3279 1742 3416 1795 quos
3461 1730 3514 1783 in
3568 1731 3710 1786 viro.

2074 1846 2080 1855 .
2122 1799 2245 1864 'rum
2268 1812 2631 1866 confusionem
2678 1814 2849 1868 virilis
2897 1816 3088 1870 mulier
3130 1819 3397 1886 suscepit,
3453 1831 3615 1891 atque
3658 1824 3710 1879 il

2121 1901 2497 1971 episeoporum
2563 1904 3061 1961 condemnationem
3155 1910 3346 1966 mulier
3416 1911 3709 1971 diacouissa

2130 1993 2362 2063 hospitio
2411 1997 2654 2064 excepit;
2690 1997 2843 2065 cujus
2893 1996 3009 2051 laus
3046 1999 3098 2052 in
3147 1997 3403 2056 Ecclesiis
3425 2005 3709 2061 multarum

2129 2102 2305 2140 rerum
2348 2103 2505 2140 causa
2549 2088 2884 2142 celebratur:
2934 2091 3324 2147 Samaritauum
3375 2095 3556 2160 illum,
3599 2101 3707 2169 qui.

2128 2194 2355 2248 cumque
2400 2180 2609 2234 tandem
2642 2181 2731 2235 ille
2769 2182 2870 2249 sit,
2923 2182 3160 2249 imitata,
3205 2187 3293 2254 qui
3344 2202 3374 2241 a
3421 2188 3710 2248 latronibus

2129 2272 2495 2335 vulneratum,
2542 2271 2859 2326 semivivum
2908 2273 2958 2326 in
2999 2273 3263 2330 descensu
3303 2276 3518 2334 Jericho
3561 2282 3710 2336 inve-

2128 2363 2281 2417 niens
2300 2404 2315 2428 ,
2345 2364 2557 2432 proprio
2579 2363 2724 2417 illum
2752 2364 3294 2435 imposuitjumento,
3323 2379 3378 2425 et
3419 2370 3484 2425 ad
3533 2374 3710 2427 Stabu-

2129 2453 2235 2507 lum
2267 2468 2430 2522 usque
2479 2454 2626 2521 tulit,
2653 2462 2814 2523 atque
2864 2454 3209 2511 humanitatis
3237 2459 3415 2513 oleum
3442 2475 3562 2514 cum
3616 2464 3711 2517 ad-

2127 2544 2418 2613 stringente
2456 2545 2580 2598 vino
2640 2545 3001 2614 permiscens,
3032 2547 3339 2604 vulneribus
3395 2551 3711 2608 medicinam

2127 2633 2270 2689 fecit.
2296 2635 2362 2689 Et
2390 2634 2504 2690 hmc
2531 2635 2741 2706 quidem
2772 2636 2840 2691 de
2869 2637 2984 2691 istis
3010 2637 3148 2692 dicta
3177 2638 3301 2692 sint.
3328 2639 3592 2707 Quantam
3619 2659 3712 2696 an.

2127 2734 2232 2781 tem
2259 2737 2313 2781 et
2340 2727 2683 2796 pecuniarum
2704 2735 2760 2782 et
2783 2726 3101 2797 praediorum
3131 2728 3337 2799 copiam
3394 2733 3711 2801 pauperibus

2126 2817 2476 2878 distribuerit,
2495 2834 2600 2872 non
2617 2834 2790 2874 meum
2819 2820 3113 2884 estdicere,
3136 2821 3229 2875 sed
3246 2837 3429 2877 eorum
3446 2825 3534 2895 qui
3550 2824 3711 2880 bene-

2129 2910 2303 2965 ficium
2330 2921 2681 2979 acceperunt:
2714 2911 2862 2966 exsul
2881 2913 3076 2981 quippe
3092 2926 3211 2967 cum
3236 2928 3412 2970 essem
3434 2957 3448 2978 ,
3478 2916 3528 2969 ei
3561 2918 3710 2971 oneri

2127 2999 2349 3054 non'fui.
2372 2999 2446 3055 De
2470 3016 2532 3055 ea
2568 3016 2696 3055 vero
2719 3001 2842 3056 audi
2874 3003 3000 3071 quid
3042 3003 3367 3072 praeclarius.
3400 3005 3712 3063 Parentibus

2110 3090 2331 3167 orbata,
2364 3090 2480 3144 viro
2508 3091 2786 3160 conjuncta
2814 3107 2931 3147 cmn
2950 3104 3109 3157 esset,
3142 3094 3210 3147 ita
3233 3095 3339 3148 Deo
3367 3096 3600 3161 volente,
3624 3113 3711 3151 re-

2104 3174 2241 3235 'rum
2262 3183 2497 3236 omnium
2518 3183 2739 3252 przescio
2759 3193 2814 3238 et
2840 3184 3100 3239 luunanos
3118 3197 3342 3242 eventus
3363 3188 3709 3257 prtevidente,

2125 3274 2212 3327 vix
2257 3273 2439 3343 viginti
2492 3289 2707 3328 menses
2747 3275 2926 3328 carnis
2972 3276 3252 3345 voluptati,
3298 3294 3418 3346 qua:
3460 3281 3712 3334 omnibus

2125 3368 2374 3436 imperat,
2420 3366 2660 3428 servivit,
2688 3382 2810 3420 cum
2837 3369 3058 3422 maritus
3085 3369 3200 3439 ejus
3227 3380 3432 3424 natura:
3468 3370 3708 3427 debitum

2124 3458 2229 3512 cito
2258 3456 2627 3527 persolvisset.
2673 3457 2872 3512 Dicitur
2894 3471 3072 3512 autem
3102 3476 3242 3514 nunc
3267 3464 3430 3515 etiam
3461 3472 3515 3516 et
3557 3464 3710 3531 virgo

2124 3563 2264 3603 esse.
2293 3548 2422 3615 Qua:
2447 3548 2588 3602 enim
2618 3549 2786 3617 potuit
2810 3550 3115 3617 apostolica:
3146 3550 3245 3620 legi
3275 3553 3476 3607 servire
3513 3570 3527 3609 :
3585 3552 3709 3608 Volo

2124 3639 2538 3692 adolescentiores
2550 3638 2723 3692 viduas
2738 3639 3125 3702 nubere,matres
3141 3644 3361 3713 [ciiiilius
3375 3644 3506 3713 οδω(
3518 3646 3538 3698 l
3552 3685 3564 3698 .
3574 3643 3708 3699 Tim.

2124 3730 2177 3785 5.
2213 3730 2334 3801 l4);
2363 3745 2426 3786 ea
2453 3731 2669 3799 quidem
2710 3746 2814 3786 non
2848 3732 3130 3798 sustinuit;
3156 3745 3331 3790 tamen
3361 3750 3482 3789 cum
3512 3753 3710 3806 genere

2123 3829 2180 3874 et
2207 3820 2411 3889 opibus,
2439 3830 2596 3890 atque
2617 3822 2920 3890 cognitione
2942 3823 3169 3892 plurium
3195 3825 3556 3891 scientiarum,
3584 3843 3709 3883 neco

2124 3926 2230 3964 non
2256 3911 2467 3980 ingenio
2493 3912 2696 3966 liberali
2725 3923 2779 3967 et
2803 3911 2973 3967 forma
3003 3925 3164 3985 atque
3184 3917 3357 3969 aetatis
3386 3916 3517 3971 [lore
3548 3934 3707 3972 exor-

2125 4013 2247 4057 nata
2273 4014 2435 4069 esset,
2472 4005 2692 4058 secundi
2721 4006 2952 4076 conjugii
2991 4007 3230 4076 laqueos,
3279 4023 3486 4077 capreae
3517 4010 3705 4076 instar,

2124 4095 2392 4159 audacter,
2443 4095 2765 4149 transiliens.
2794 4093 2945 4150 Iusto
2986 4098 3118 4149 enim
3145 4098 3226 4150 let:
3254 4099 3418 4165 posita
3446 4115 3545 4150 nou
3589 4110 3663 4153 est
3688 4141 3704 4163 ,

2124 4187 2213 4241 sed
2238 4187 2418 4256 iugum
2442 4187 2846 4253 detrectantibus,
2897 4191 3143 4259 profanis,
3175 4200 3222 4243 et
3260 4191 3321 4244 iis
3363 4191 3448 4261 qui
3493 4191 3704 4245 libirt‘ue

2125 4279 2313 4345 expleri
2343 4296 2441 4333 non
2475 4281 2783 4371 possunt“.
2809 4279 2942 4337 Tim.
2973 4282 3024 4334 l.
3044 4278 3130 4348 9).
3151 4280 3380 4351 Contigit
3410 4291 3586 4335 autem
3617 4299 3708 4351 per

2125 4370 2405 4432 quamdam
2439 4370 2649 4423 Satanae
2697 4370 2967 4434 invidiam,
3016 4379 3073 4423 ut
3117 4372 3233 4439 ejus
3279 4380 3597 4441 prmmatura
3626 4388 3705 4425 vt-

2124 4461 2299 4514 duitns
2325 4460 2592 4515 delatione
2617 4460 2681 4512 aii
2711 4459 2998 4515 Theodosii
3031 4461 3369 4530 Imperatoris
3404 4476 3561 4515 aures
3590 4477 3708 4530 pcr-

2124 4554 2361 4618 veniret,
2393 4553 2479 4620 qui
2529 4567 2645 4606 eam
2682 4551 2890 4622 Elpidio
2924 4553 3151 4615 cuidam,
3189 4562 3412 4621 cognato
3453 4569 3571 4614 suo,
3616 4553 3707 4606 lli-

2126 4660 2313 4714 Spntlt),
2354 4645 2406 4698 in
2433 4645 2829 4698 matrimonium
2868 4644 2998 4699 dare
3017 4646 3282 4714 cupiebat.
3313 4644 3410 4698 llic
3441 4660 3562 4698 cum
3590 4662 3708 4702 eam

2125 4739 2347 4793 multum
2392 4748 2618 4799 orasset,
2650 4752 2752 4791 nec
2795 4736 3081 4806 quidquam
3124 4736 3193 4788 ab
3235 4751 3295 4790 ea
3340 4736 3704 4804 impetrasset,

2123 4829 2308 4883 dolore
2335 4829 2557 4885 allectus
2593 4839 2697 4893 est,
2728 4829 3062 4898 significante
3091 4828 3216 4883 illa:
3247 4828 3302 4883 Si
3333 4843 3421 4882 me
3449 4829 3707 4882 voluisset

2126 4923 2238 4977 Rex
2260 4937 2409 4975 meus
2437 4935 2556 4974 cum
2583 4921 2700 4974 viro
2720 4921 2918 4985 vivere,
2950 4919 3121 4973 virum
3153 4919 3280 4972 mihi
3312 4934 3415 4971 non
3442 4919 3698 4972 abstulis-

2124 5023 2242 5067 8th!
2271 5014 2520 5083 quoniam
2542 5025 2716 5066 autem
2747 5026 2832 5065 me
2870 5010 3162 5080 coniugalis
3190 5011 3310 5063 vita:
3340 5008 3562 5064 minime
3592 5009 3707 5062 ido-

2126 5123 2278 5161 neam
2326 5106 2591 5174 cegnovit,
2624 5120 2723 5158 nec
2771 5119 2928 5174 posse
2974 5104 3090 5157 viro
3132 5103 3363 5173 placere,
3412 5112 3467 5155 et
3498 5101 3647 5155 illum
3675 5115 3707 5155 ε

2122 5197 2363 5266 corporis
2403 5196 2626 5250 vinculis
2665 5196 2925 5258 liberavit,
2957 5203 3011 5248 et
3039 5209 3126 5248 me
3167 5209 3195 5246 a
3225 5191 3541 5262 gravissimo
3576 5191 3706 5259 jugo

2124 5301 2281 5358 atque
2300 5304 2329 5340 a
2354 5288 2447 5341 viri
2471 5288 2724 5341 servitute
2750 5286 2966 5354 eripuit,
2998 5298 3162 5338 suave
3191 5298 3343 5336 suum
3364 5283 3698 5335 castimonia:

2119 5382 2303 5449 jugum
2346 5380 2510 5433 menti
2550 5394 2682 5432 mea:
2726 5378 3021 5446 imponens.
3073 5375 3200 5428 Post
3248 5372 3349 5426 hoc
3389 5385 3707 5439 responsum

2119 5475 2271 5544 jubet
2294 5471 2625 5527 Theodosius
2644 5469 2901 5524 Przefccto
2928 5469 3093 5531 urbis,
3131 5475 3191 5520 ut
3216 5465 3333 5533 ejus
3361 5465 3498 5517 bona
3527 5477 3705 5515 servat

2126 5576 2329 5628 rentur,
2358 5564 2649 5632 usquedum
2677 5562 2886 5630 triginta
2919 5559 3093 5613 mtatis
3114 5574 3284 5612 annos
3311 5551 3701 5625 explesset.ani

2125 5657 2300 5711 statim
2353 5666 2471 5726 post
2516 5654 2859 5723 Imperatoris
2905 5650 3253 5716 mandatum,
3305 5661 3541 5713 eousque
3584 5658 3703 5700 eam

2127 5748 2353 5818 vexavit,
2396 5746 2643 5809 incitatus
2685 5744 2752 5799 ab
2797 5743 3028 5814 Elpidio,
3069 5752 3221 5801 utne
3251 5741 3553 5803 facultatem
3585 5734 3701 5810 quin
